2498 4075
354 281 421 310 tem
447 283 573 309 tantum
589 272 698 306 'fuerat
720 292 731 309 ‚
754 281 791 306 ut
815 272 914 306 vesica
935 294 948 312 ‚
970 281 1042 314 quae
1065 278 1237 313 antequam
1261 270 1345 304 inci-

353 319 506 358 deretur,
529 315 614 351 lotio
638 315 807 356 semiplena
830 316 896 349 visa
919 325 1010 354 erat,
1031 313 1073 347 fic
1096 324 1113 346 a
1136 324 1234 355 pure,
1257 313 1346 358 quod

354 364 562 400 continebat,
588 360 768 401 apparuerit
790 383 798 392 .
833 360 997 393 Caeterum
1020 367 1093 391 cum
1117 366 1249 400 uterque
1273 368 1346 391 ure-

354 415 426 443 ter‚
450 410 479 439 δι
505 403 682 446 praelertim
705 401 838 442 dexter,
861 403 959 435 latior
981 400 1076 441 esset,
1100 399 1184 434 nihil
1213 401 1286 434 vitii
1308 401 1344 434 in

353 448 501 496 persectis
526 446 654 481 renibus
678 445 770 488 potui
793 444 1042 487 deprehendere.

399 509 428 537 3.
451 489 634 526 Historiam
657 487 739 522 hanc
772 488 893 529 protuli
914 511 928 529 ,
961 498 997 522 ut
1027 498 1101 521 cum
1135 487 1207 523 aliis
1236 487 1348 523 confe-

355 548 424 575 ras,
445 545 524 577 quas
547 533 625 567 alias
644 533 658 571 <
678 543 696 565 a
717 535 734 571 )
753 532 916 569 indicavi,
939 534 973 565 in
995 530 1113 574 quibus
1136 534 1169 564 δι
1192 543 1259 565 mea
1279 530 1350 574 (b)

355 581 423 621 est,
448 577 603 611 diffixnilis
627 576 663 608 in
685 574 878 617 qubusdam
896 599 905 615 ‚
928 572 977 609 sed
998 576 1031 608 in
1054 585 1095 608 eo
1118 573 1229 609 similis
1262 574 1353 618 quod

356 624 464 665 gravis
487 620 619 653 morbus
642 617 735 653 simul
760 618 933 660 genitalia,
956 621 988 651 &
1011 617 1354 653 urinariainstrumen-

356 676 390 701 ta
412 671 646 707 occupaverat.
672 661 770 696 Nunc
794 662 876 698 alia,
901 661 940 695 ad
963 660 1030 696 haec
1053 659 1186 696 secunda
1209 662 1351 705 singilla-

354 712 418 744 tim
442 707 657 752 pertinentia,
682 705 917 739 adscribemus.
1278 714 1281 716 ·

399 765 430 797 4.
457 753 502 785 Et
527 752 670 792 primum
694 759 770 782 cum
793 758 863 782 earn
885 747 1061 789 Epistolam
1084 747 1205 790 releges
1228 747 1264 782 in
1286 760 1350 790 qua

358 797 398 831 de
422 797 535 829 Urinae
560 792 761 827 Difficultate
785 803 799 823 a
822 791 954 829 calculis
976 792 1149 832 praesertim
1174 791 1267 824 verba
1301 790 1350 826 fa·-

357 843 476 874 eientes
504 859 514 875 ,
548 836 585 869 de
609 839 698 877 aquis
723 835 890 876 attigimus
910 835 1056 876 quaedam
1080 835 1118 868 ad
1141 845 1194 868 eos
1217 836 1353 878 gignen-

356 886 415 918 dos
430 908 438 920 ,
463 891 515 915 aut
539 877 762 921 praecavendos
785 881 884 920 magis
907 878 1033 912 idoneis
1055 883 1070 919 (
1091 883 1108 912 ὸ
1130 881 1140 916 )
1163 900 1176 918 ,
1198 877 1351 921 adjungas

359 928 460 960 velim
484 923 721 965 experimenta,
742 932 812 965 quae
838 922 962 961 multa,
985 924 1016 954 δε
1039 922 1212 964 diligenter
1236 923 1270 955 in
1295 934 1352 964 pa-

356 971 431 1003 triis
451 991 461 1007 ‚
497 966 670 1007 alienisque
701 966 791 1007 aquis
813 963 1034 998 examinandis
1066 963 1180 1000 habuit
1203 966 1230 997 is
1251 977 1350 1008 quem

358 1014 512 1048 moerenti
537 1010 693 1042 Bononia:
727 1008 788 1041 suae
824 1018 907 1041 mors
940 1009 1114 1043 immatura
1148 1008 1268 1050 eripuit
1291 1020 1353 1042 nu-

361 1067 417 1098 per
440 1082 448 1095 ,
473 1053 670 1088 Vincentius
697 1051 895 1094 Menghinus
926 1052 1042 1094 (d).
1077 1051 1298 1095 Deprehendit
1320 1063 1352 1084 e-

359 1101 428 1133 nim
456 1098 505 1132 vel
527 1099 611 1129 inter
635 1095 795 1138 puteales,
817 1092 971 1138 quasdam
995 1107 1066 1138 quae
1091 1106 1157 1129 non
1170 1095 1268 1128 modo
1289 1095 1354 1129 cal-

358 1143 451 1177 culos
473 1151 537 1175 non
563 1148 700 1182 augeant
723 1161 734 1177 ,
770 1138 822 1173 sed
855 1141 886 1172 &
908 1139 1102 1173 imminuant
1124 1161 1134 1176 ‚
1167 1138 1353 1181 aliquosque

360 1187 455 1229 plane
478 1183 652 1219 dissolvant
677 1206 685 1213 .
721 1181 913 1227 Eaeclemque
938 1194 953 1214 a
985 1181 1150 1216 calculosis
1175 1183 1299 1224 aliquot
1323 1194 1355 1215 e-

338 1248 341 1249 *
375 1239 469 1272 mae,
491 1232 522 1261 &
546 1226 584 1261 ad
609 1228 709 1265 vina,
732 1228 763 1258 δι
785 1236 836 1267 Jus
858 1225 1095 1259 conficiendum
1118 1227 1152 1258 in
1175 1224 1269 1259 usum
1291 1235 1355 1260 tra.

365 1280 366 1283 ’
391 1284 441 1313 ae,
463 1274 546 1305 vires
568 1268 641 1304 istas
663 1267 752 1302 felici
784 1277 902 1302 eventu
936 1269 1189 1311 comprobarunt
1214 1293 1221 1301 .

354 1315 445 1349 Cum
470 1325 529 1348 acu
552 1321 661 1347 autem
684 1312 739 1344 illa
764 1322 819 1353 per
842 1311 969 1346 virilem
994 1312 1158 1346 urethram
1181 1313 1266 1345 intra
1302 1323 1355 1346 ve-

360 1358 460 1393 sicam
482 1356 651 1396 traducta,
675 1357 706 1388 δι
732 1353 789 1388 sibi
812 1354 1003 1390 increscente
1027 1355 1151 1390 calculo
1185 1355 1322 1390 adausta
1344 1378 1354 1394 ,

362 1400 458 1437 ficuti
481 1400 587 1435 eadem
612 1399 763 1445 proposui
790 1398 932 1442 Epistola
955 1404 969 1440 (
991 1410 1006 1433 e
1030 1403 1042 1439 )
1063 1420 1073 1436 ‚
1094 1399 1239 1433 conferre
1262 1408 1355 1441 pote-

362 1447 408 1480 ris
429 1446 596 1480 triticeam
643 1453 748 1485 unque
772 1443 895 1485 spicam
916 1445 1018 1483 (nam
1039 1442 1078 1477 de
1090 1442 1264 1477 hordeacea
1288 1439 1352 1485 (f)

359 1489 483 1524 ibidem
507 1486 609 1530 legisti
669 1496 768 1529 quam
793 1489 844 1520 vir
865 1487 944 1520 alter
968 1491 979 1526 (
1000 1497 1022 1529 g
1042 1489 1057 1526 )
1077 1497 1150 1520 cum
1172 1488 1240 1525 ruri
1274 1486 1356 1519 olim

357 1533 457 1571 esset,
480 1533 594 1574 ibique
617 1538 784 1564 arenarum
807 1530 910 1563 mietu
932 1530 1021 1564 valde
1041 1530 1257 1570 cruciaretur,
1279 1540 1356 1562 can-

358 1576 440 1611 delae
463 1577 568 1616 tenuis
594 1574 667 1608 loco
690 1574 723 1606 in
757 1572 920 1607 urethram
954 1573 1130 1607 immiserat
1150 1595 1160 1611 ,
1196 1571 1355 1607 retrahere

361 1626 471 1654 autem
494 1618 539 1652 ob
562 1626 794 1659 repugnantes,
818 1626 885 1649 non
917 1615 982 1650 sine
1020 1616 1217 1651 acerbissimo
1241 1616 1354 1650 videli-

357 1672 411 1697 cet
433 1663 545 1696 dolore
564 1683 575 1699 ‚
611 1661 777 1693 aristarum
802 1659 927 1693 aculeos
949 1671 1012 1694 non
1044 1669 1192 1702 potuerat
1215 1683 1225 1698 ‚
1260 1659 1350 1693 ideo-

359 1717 423 1749 que
443 1707 528 1738 intra
553 1703 642 1737 illam
667 1701 861 1745 reliquerat,
885 1701 1080 1738 lithotomos
1101 1703 1239 1745 denique
1261 1714 1300 1736 ex
1323 1702 1350 1735 i-

359 1749 415 1793 psa
438 1748 538 1782 vesica
562 1747 703 1781 extraxit
727 1746 845 1780 racemi
870 1745 966 1779 instar
997 1757 1094 1790 quem
1127 1745 1252 1789 petrosa
1283 1757 1349 1779 ma-

365 1794 447 1827 teria
473 1789 669 1826 incrustasset
683 1815 691 1822 .
713 1790 800 1823 Cum
823 1788 892 1823 haee
914 1791 1092 1825 contuleris
1111 1800 1126 1829 ;
1155 1801 1189 1823 ea
1222 1800 1351 1833 quoque

359 1834 524 1876 conferes,
546 1845 617 1876 quae
639 1843 710 1867 tum
735 1833 967 1880 adnotavi‚·ut
991 1844 1165 1876 magnum,
1190 1833 1279 1876 quod
1302 1834 1354 1866 iu-

365 1888 414 1914 ter
437 1891 541 1913 meam
563 1878 659 1914 esset,
681 1878 712 1910 &
737 1876 876 1911 aliorum
899 1876 1056 1919 eiusmodi
1081 1876 1356 1917 Observationes,

364 1922 537 1958 discrimen
562 1928 707 1965 pateret.

405 1977 433 2010 ς.
457 1967 507 2001 De
530 1967 623 1999 obice
657 1972 764 1998 autem
796 1965 853 2007 qui
877 1964 980 1999 urinae
1011 1962 1142 2008 egressui
1177 1964 1217 1998 ab
1251 1974 1358 1998 excre-

362 2009 469 2046 scente
494 2007 638 2043 Prostata
661 2007 812 2050 glandula
833 2009 1034 2051 opponitur,
1065 2020 1131 2042 non
1153 2008 1263 2042 iisdem
1287 2017 1358 2041 tan-

363 2052 537 2089 tummodo
561 2053 696 2086 Litteris
717 2074 730 2091 ,
764 2050 815 2086 sed
839 2054 869 2085 δι
892 2052 963 2085 aliis
985 2074 997 2092 ‚
1030 2052 1158 2095 illisque
1180 2050 1356 2094 praesertim

361 2109 434 2142 quae
456 2108 505 2131 eas
530 2098 677 2137 proxime
701 2094 929 2129 antecesserant
952 2099 966 2135 (
989 2094 1010 2129 h
1032 2098 1064 2135 ),
1088 2108 1104 2129 a
1128 2107 1176 2129 me
1197 2094 1260 2128 tibi
1285 2094 1357 2128 scri-

362 2152 457 2184 ptum
488 2139 548 2175 effe
570 2164 578 2176 ,
610 2140 796 2175 memineris
817 2162 826 2170 .
863 2139 964 2173 Nunc
998 2150 1074 2173 vero
1118 2140 1179 2173 alia
1217 2137 1356 2172 addenda

362 2185 434 2219 sunt
458 2208 466 2216 .
502 2182 602 2221 Quod
624 2185 710 2216 enim
733 2193 793 2224 ego
817 2183 1023 2217 tuberculum
1047 2184 1080 2216 in
1113 2183 1182 2225 ipso
1215 2181 1355 2215 urethrae

362 2230 461 2263 initio
482 2237 715 2267 nonnunquam
735 2226 1002 2267 deprehenderam
1015 2248 1026 2264 ‚
1048 2228 1079 2260 δι
1092 2237 1151 2268 pro
1173 2225 1357 2260 excrescen-

367 2274 413 2306 tia
437 2271 606 2308 Prostatae,
633 2270 740 2303 saltem
763 2269 938 2310 inchoata,
962 2270 1134 2304 habueram
1154 2293 1168 2311 ‚
1190 2269 1225 2303 id
1248 2269 1357 2303 tuber-

364 2318 475 2351 culum
521 2313 689 2348 noviffime
722 2313 823 2356 legi,
865 2313 929 2348 sine
962 2315 1026 2347 ulla
1060 2313 1264 2347 dubitatione
1308 2324 1357 2346 ac-

362 2363 429 2404 cipi
476 2370 538 2400 pro
560 2358 700 2390 naturali
736 2357 873 2390 omnino
903 2379 916 2396 ,
948 2359 979 2390 δε
1013 2357 1164 2390 omnibus
1187 2356 1355 2390 communi

367 2402 551 2449 particula,
575 2400 785 2442 Uvulamque
809 2401 959 2442 appellari
982 2412 998 2433 a
1023 2401 1093 2434 Cel.
1118 2400 1320 2434 Anaromico
1342 2422 1355 2439 ‚

367 2449 461 2490 cujus
485 2455 601 2479 nomen
626 2441 677 2476 hic
703 2454 767 2477 non
791 2444 866 2477 ideo
888 2446 1031 2483 omitto,
1055 2443 1143 2486 quod
1167 2442 1233 2485 ejus
1265 2443 1355 2485 inge-

366 2494 458 2528 nium
473 2512 482 2527 ,
505 2488 708 2529 diligentiam
733 2509 746 2527 ‚
779 2488 810 2520 δι
832 2495 947 2521 caetera
971 2487 1087 2520 merita
1119 2497 1183 2520 non
1204 2487 1286 2519 tanti
1311 2485 1360 2518 fa-

367 2537 474 2571 ciam,
498 2532 612 2574 quanti
636 2530 759 2566 debeo,
783 2532 814 2562 &
839 2529 887 2563 hae
909 2531 984 2571 ipsae
1008 2541 1084 2564 meae
1108 2541 1172 2563 non
1196 2541 1261 2563 uno
1284 2528 1359 2562 loco

368 2577 545 2614 ostendunt
555 2574 729 2615 Epistolae3
753 2572 802 2606 sed
826 2582 860 2605 ut
885 2584 986 2606 meam
1010 2573 1274 2607 consuetudinem
1299 2572 1363 2606 ser-

368 2634 443 2657 vem
466 2645 478 2662 ,
501 2618 764 2661 quotiescumque
797 2614 836 2648 ab
861 2617 970 2650 Dodo
990 2618 1100 2660 aliquo
1120 2638 1130 2653 ,
1156 2619 1187 2649 δι
1212 2616 1362 2657 spectato

369 2667 460 2700 Viro
483 2663 538 2705 qui
564 2661 652 2694 vivat
669 2684 677 2696 ‚
702 2662 733 2692 8<
759 2660 935 2701 praesertim
959 2662 1016 2701 qui
1040 2672 1078 2693 ex
1101 2660 1202 2693 Ccetu
1224 2661 1284 2693 illo
1308 2660 1364 2691 In-

370 2710 463 2745 clvto
487 2710 525 2740 iit
549 2716 588 2737 ex
611 2716 677 2746 quo
703 2701 765 2743 ipse
791 2702 832 2734 est
847 2728 855 2741 ,
879 2714 980 2745 cogor
1005 2715 1062 2745 pro
1085 2705 1151 2736 veri
1174 2703 1277 2737 studio
1300 2700 1364 2735 dis-

373 2746 507 2787 sentire.
535 2749 641 2791 Igitur
666 2746 687 2780 fi
713 2750 746 2778 in
768 2746 918 2780 omnibus
942 2747 993 2780 sua
1017 2747 1073 2780 ista
1097 2746 1209 2780 Uvula
1233 2746 1274 2780 est
1295 2756 1307 2785 ,·
1329 2757 1368 2778 u-

373 2806 422 2830 tar
445 2796 554 2832 enim,
578 2791 746 2824 brevitatis
769 2788 876 2826 causa,
901 2789 955 2823 hic
977 2801 1018 2823 eo
1040 2791 1190 2827 nomine3
1215 2789 1282 2832 jure
1305 2791 1366 2822 rni-

375 2850 484 2875 ratur,
511 2849 526 2869 a
551 2845 600 2869 me
624 2845 688 2867 non
712 2831 770 2866 esse
794 2834 996 2874 compedum
1011 2859 1018 2867 .
1042 2834 1159 2868 Multo
1173 2842 1277 2867 autem
1300 2843 1367 2865 ma-

374 2885 424 2926 gis
447 2881 555 2914 mirari
579 2877 643 2920 ipse
669 2876 730 2910 hoc
754 2876 926 2916 deberem,
949 2878 1006 2920 qui
1042 2880 1055 2916 (
1078 2878 1123 2921 i)
1158 2887 1231 2911 cum
1255 2876 1301 2909 ibi
1326 2875 1370 2908 le-

377 2928 462 2960 viter
488 2930 649 2957 extantem
674 2921 792 2953 lineam
816 2930 887 2963 quae
923 2920 960 2953 ad
986 2922 1178 2956 Seminalern
1209 2920 1371 2953 descendit

376 2967 605 3004 carunculam,
627 2966 697 2997 imo
722 2964 754 2996 in
768 2963 939 2997 caruncula
962 2962 1020 2997 hac
1045 2964 1141 3007 longe
1164 2963 1373 2998 tenuissimam

378 3012 532 3046 lineolam
558 3009 711 3043 alteram,
738 3018 809 3048 qua:
834 3007 982 3040 videlicet
1008 3008 1134 3042 conditi
1166 3009 1208 3045 in,
1225 3019 1259 3040 ea
1282 3008 1374 3041 Sinus

378 3054 543 3088 orificium
567 3052 632 3089 est,
659 3050 854 3092 perviderim
879 3063 889 3087 3
923 3062 1039 3092 corpus
1063 3060 1156 3085 tanto
1179 3052 1341 3084 extantius
1363 3074 1373 3089 ‚

379 3101 410 3132 &
434 3108 507 3131 cum
533 3095 629 3129 uvula
653 3093 934 3134 comparandum,
959 3095 1062 3127 oculis
1085 3095 1200 3137 assequi
1226 3106 1291 3128 non
1314 3104 1373 3137 po-

380 3140 509 3176 tuiffem
531 3151 540 3172 :
573 3149 630 3172 nec
656 3149 734 3171 vero
757 3146 833 3170 tunc
858 3136 959 3170 solum
980 3149 1053 3171 cum
1086 3139 1236 3171 lineolam
1260 3147 1372 3172 cai-un-

381 3186 461 3219 culae
486 3183 627 3225 primum
653 3180 867 3213 animadverti
889 3190 899 3217 3
934 3180 985 3213 sed
1011 3192 1111 3223 neque
1137 3191 1249 3218 antea,
1273 3191 1372 3222 neque

379 3228 484 3271 postea
508 3237 581 3259 cum
606 3235 674 3258 eam
710 3222 846 3256 urethrae
885 3234 1007 3265 partem
1030 3247 1039 3262 ,
1075 3225 1247 3259 secundum
1278 3232 1372 3258 natu-

379 3282 448 3304 ram
471 3268 603 3311 quidem
629 3266 658 3300 se
682 3266 852 3301 habentem
868 3291 876 3306 ,
899 3276 1020 3301 attente
1056 3269 1269 3310 inspeflarem
1292 3290 1302 3305 ‚
1336 3265 1371 3300 id

380 3313 468 3355 quod
495 3324 509 3345 a
534 3324 583 3345 me
608 3321 734 3353 quoties
760 3309 798 3343 sit
821 3307 964 3356 ξειᾶυεη,
988 3322 1052 3344 non
1076 3313 1150 3345 dico
1175 3325 1183 3345 :
1218 3312 1280 3345 hoc
1301 3321 1371 3344 tan-

381 3367 454 3390 tum
479 3357 576 3391 dico,
601 3355 650 3387 vel
674 3364 746 3386 ante
771 3353 864 3394 hujus
900 3355 1033 3388 initium
1070 3354 1174 3389 saeculi
1197 3367 1214 3387 a
1238 3366 1287 3387 me
1318 3351 1372 3386 fie-

382 3402 410 3434 ri
435 3398 590 3441 coepisle,
614 3406 697 3441 quot
722 3406 830 3431 autem
852 3399 885 3430 in
908 3397 1117 3432 cadaveribus
1145 3423 1157 3440 ‚
1190 3397 1374 3432 Bononien-

779 195 936 250 Liber
967 194 1035 249 V.
1070 193 1150 245 De
1182 190 1432 247 addendis
1464 188 1532 242 ad
1565 188 1750 246 Libros
1782 187 2065 257 superlores

1395 269 1463 312 ses,
1485 272 1517 303 δε
1539 268 1684 303 Venetos
1706 269 1842 303 Amicos
1864 268 1964 308 scire,·
1984 279 2059 301 nam
2077 266 2205 301 Patavii
2237 272 2291 310 'per
2322 265 2390 303 hos

1395 324 1494 349 annos
1516 322 1657 356 quatuor
1691 314 1723 346 δι
1745 311 1958 355 quadraginta
1989 313 2022 345 in
2045 319 2128 353 quot
2161 308 2295 345 fecerim
2327 323 2385 345 an-

1395 359 1446 392 nis
1467 355 1599 397 singulis
1622 355 1686 390 five
1700 358 1742 389 ‘in
1764 355 1946 398 Gymnaiio
1971 380 1981 395 ‚
2014 354 2076 387 sive
2098 355 2134 388 in
2159 352 2387 395 Nosocomio,

1396 398 1538 436 Studiofi
1561 409 1671 434 omnes
1692 398 1946 442 conspexerunt.
1970 397 2065 442 Quid
2088 409 2164 440 ergo
2197 397 2240 431 est
2263 402 2274 430 .>
2308 398 2390 432 Non

1382 443 1484 489 quod
1507 443 1578 477 aliis
1599 443 1761 484 contigit,
1784 443 1818 475 in
1840 442 1975 477 dubium
2000 452 2103 475 voco.
2129 441 2187 475 Sed
2211 441 2298 483 quod
2323 444 2389 474 mi-

1397 488 1433 523 hi
1454 487 1615 529 contigit,
1639 489 1776 528 ingenue
1800 496 1925 528 expono
1948 510 1957 520 .
1993 485 2032 518 In
2050 492 2149 526 *tanto
2170 485 2258 518 enim
2282 484 2388 525 inspe-

1399 532 1545 566 fflonum
1568 541 1711 564 mearum
1734 540 1868 563 numero
1891 537 1928 563 ut
1949 539 2048 571 quam
2071 537 2145 561 raro
2169 527 2202 561 id
2226 526 2365 561 viderim
2380 551 2391 568 ,
2430 561 2433 562 γ

1402 575 1495 618 plane
1517 573 1679 615 intelligas
1695 594 1706 611 ,
1729 572 1772 607 fic
1793 571 1935 609 habeto,
1957 580 2180 615 quotcumque
2205 570 2269 605 huc
2293 573 2394 612 perti-

1400 626 1505 658 nent,
1527 616 1567 651 ad
1589 628 1638 650 eas
1661 626 1830 658 perpaucas
1852 615 1955 650 redire
1976 627 2056 657 quas
2077 615 2142 649 tibi
2165 614 2231 657 jam
2263 613 2403 657 scriptas

1403 662 1507 698 alibi,
1530 660 1588 694 hic
1610 659 1839 694 tantummodo
1862 659 2129 694 commemorabo
2153 680 2164 696 ,
2200 667 2255 692 aut
2277 656 2300 691 fi
2322 656 2405 691 nus-

1401 715 1501 749 quam
1523 702 1681 738 scribendi
1703 703 1901 736 ooeafionem
1925 700 2027 736 habui
2049 725 2059 741 ,
2094 700 2159 736 huc
2182 701 2321 735 fideliter
2345 700 2402 735 ad-

1400 748 1558 783 scribam.
1585 747 1670 780 Vide
1694 747 1817 788 igitur,
1839 755 1876 779 ut
1898 748 1932 779 in
1944 746 2060 779 Sutore
2080 749 2097 785 (
2117 744 2135 784 k
2157 748 2169 784 )
2192 744 2297 780 uvulae
2310 743 2400 778 istius

1402 791 1584 836 pyriforrne
1606 790 1873 824 inchoamentum
1897 787 2088 824 offenderim
2096 799 2110 828 ;
2132 796 2200 823 erat
2222 789 2313 822 enim
2337 788 2398 821 ali-

1402 844 1525 878 quanto
1548 832 1651 874 major
1669 855 1679 871 ,
1714 844 1812 876 quam
1838 831 1977 875 subjeeta
1998 831 2166 866 Seminalis
2188 831 2364 866 caruncula
2384 851 2397 868 ‚

1402 889 1477 912 cum
1501 879 1533 911 in
1557 876 1707 911 Ascitico
1736 881 1751 918 (
1772 876 1784 910 l
1804 881 1819 918 )
1844 898 1855 914 ,
1886 878 2030 919 itemque
2061 877 2095 909 in
2120 875 2261 910 Rustico
2293 878 2305 914 (
2328 885 2360 909 m
2380 878 2395 915 )

1401 921 1628 965 grandiorem,
1650 922 1773 964 quippe
1793 930 1975 963 aequantem
1999 919 2194 953 mediocrem
2220 929 2291 953 uvae
2327 919 2401 952 aci-

1403 977 1478 1000 num
1493 986 1504 1003 ,
1525 962 1810 1007 deprehenderim,
1834 963 1931 1006 patilo
1953 973 2060 997 autem
2083 963 2116 996 in
2138 973 2177 996 eo
2201 961 2362 1004 majorem
2384 983 2396 1000 ‚

1402 1008 1493 1051 cujus
1515 1009 1560 1042 ob
1592 1007 1626 1043 id
1658 1018 1758 1042 unum
1791 1007 1939 1051 protinus
1974 1005 2028 1041 hic
2062 1005 2262 1042 describetur
2297 1005 2403 1041 histo-

1402 1065 1450 1088 ria
1475 1078 1484 1087 .

1446 1100 1477 1131 6.
1501 1097 1536 1131 V
1561 1098 1577 1129 I
1600 1095 1634 1128 R
1658 1093 1851 1137 sexagesimo
1874 1104 1960 1128 anno
1982 1093 2169 1136 proximus,
2191 1091 2395 1134 lacertosus,

1405 1151 1556 1182 procerus
1590 1140 1623 1172 in
1657 1139 1863 1172 Nosocomio
1897 1149 1936 1171 ex
1969 1136 2141 1180 suppurata
2173 1137 2321 1172 thoracis
2344 1138 2397 1170 in-

1405 1183 1624 1218 flammatione
1648 1192 1715 1217 erat
1738 1190 1885 1216 mortuus
1909 1180 2174 1224 quinstodecimo
2198 1181 2305 1216 morbi
2327 1179 2406 1216 dies

1406 1226 1460 1260 Ad
1484 1238 1532 1260 me
1556 1228 1660 1269 igitur
1682 1226 1739 1267 qui
1774 1234 1844 1259 ante
1862 1224 2010 1267 Januarii
2040 1223 2138 1258 finem
2162 1224 2204 1259 A.
2235 1235 2328 1268 1755.
2363 1226 2398 1259 in

1406 1269 1589 1313 Gymnafio
1623 1269 1810 1303 Anatomen
1845 1267 2071 1302 inchoaveram
2092 1292 2101 1307 ‚
2134 1268 2221 1302 nulla
2244 1280 2283 1303 ex
2305 1267 2366 1302 illo
2393 1293 2404 1308 ,

1407 1314 1466 1347 nili
1491 1315 1613 1347 ventris
1638 1335 1652 1352 ,
1684 1311 1804 1346 viscera
1828 1310 1922 1345 allata
1945 1311 2019 1345 sunt
2045 1335 2053 1342 .
2079 1312 2118 1345 In
2141 1312 2260 1354 quibus
2285 1319 2402 1355 praeter

1406 1367 1554 1392 naturam
1576 1366 1649 1399 quae
1672 1354 1770 1390 essent
1790 1378 1800 1393 ‚
1835 1354 1903 1389 haec
1927 1352 2129 1389 solummodo
2150 1355 2367 1391 animadverti
2390 1379 2404 1391 .

1536 1400 1613 1435 IN
1657 1397 2172 1434 VENTRIGULO
2216 1411 2257 1433 ex
2290 1399 2399 1442 pylori

1407 1444 1528 1479 annulo
1557 1453 1712 1487 perparva
1748 1441 1887 1477 exstabat
1917 1441 2116 1475 subrotunda
2150 1442 2366 1478 excrescentia
2391 1464 2404 1481 ‚

1407 1491 1495 1522 intus
1515 1510 1528 1528 ,
1561 1496 1714 1530 extraque
1736 1486 1890 1520 concolor
1913 1485 2015 1519 eidem
2048 1484 2168 1518 annulo
2191 1511 2203 1527 ‚
2237 1487 2329 1529 cujus
2353 1498 2395 1521 ex

1408 1531 1580 1566 substantia
1605 1539 1673 1564 erat
1695 1526 1799 1564 safta.
1824 1531 1862 1562 In
1887 1528 2075 1562 mesenterio
2097 1539 2174 1562 rarae
2205 1532 2339 1573 quidem
2362 1541 2397 1564 e-

1407 1585 1480 1609 rant
1502 1573 1660 1617 glandulae
1685 1585 1696 1612 ς
1728 1573 1779 1607 sed
1803 1571 1937 1614 majores
1957 1593 1968 1610 ‚
2000 1583 2100 1648 guam
2125 1583 2185 1614 pro
2207 1585 2242 1607 ea
2265 1582 2362 1608 aetate
2384 1599 2394 1607 .

1408 1621 1490 1652 Lien
1516 1619 1624 1661 potius
1636 1627 1771 1658 parvus,
1793 1614 1941 1657 intusque
1964 1615 1996 1649 di
2027 1616 2115 1649 luens
2138 1617 2399 1658 propemodum-¹

1399 1663 1530 1698 Arteria
1555 1661 1676 1703 Magna
1699 1661 1786 1693 intus
1808 1658 1968 1694 ostendere
1991 1659 2167 1701 incipiebat
2190 1661 2330 1695 maculas
2355 1660 2404 1694 al-

1399 1707 1490 1742 bidas
1505 1729 1514 1745 ‚
1537 1705 1571 1736 in
1594 1714 1630 1736 os
1652 1703 1761 1745 postea
1784 1702 1944 1736 abituras.
1970 1701 2081 1735 Vesica
2104 1702 2234 1737 demum
2260 1704 2404 1739 urinaria

1400 1760 1476 1785 cum
1499 1747 1573 1781 esset
1596 1744 1738 1780 immisso
1760 1757 1828 1779 aere
1849 1745 1923 1779 satis
1945 1743 2100 1782 distenta,
2123 1756 2221 1787 parva
2246 1748 2400 1790 apparuit

1404 1794 1428 1827 si
1450 1802 1524 1827 cum
1546 1789 1689 1824 hominis
1713 1789 1848 1827 statura,
1873 1791 1906 1822 &
1930 1790 2050 1822 ventris
2074 1788 2234 1833 plerisque
2267 1790 2401 1825 visceri-

1404 1838 1465 1871 bus
1487 1832 1669 1870 conferres.
1690 1833 1848 1867 Attamen
1871 1841 1997 1875 aperta,
2024 1842 2089 1865 non
2115 1831 2183 1866 visa
2205 1833 2248 1869 est
2280 1833 2398 1869 habere

1407 1880 1534 1915 tunicas
1556 1876 1647 1910 valde
1669 1875 1802 1913 crassas,
1823 1887 1879 1909 nec
1913 1876 2032 1909 vitium
2056 1876 2144 1910 aliud
2169 1876 2272 1911 ullum
2298 1902 2309 1917 ,
2340 1878 2404 1912 nisi

1408 1922 1498 1967 quod
1521 1921 1561 1955 ab
1584 1919 1705 1954 orifieii
1741 1919 1916 1962 posteriore
1949 1928 2036 1961 parte
2059 1922 2144 1953 intra
2176 1919 2267 1954 illam
2299 1922 2402 1956 exsta-

1407 1968 1462 2001 bat
1485 1974 1600 2007 corpus
1624 1964 1713 2006 parvi
1737 1961 1832 1996 cerasi
1856 1962 1981 2005 figura,
2004 1963 2292 2004 &magnitudine‚
2316 1965 2405 2008 quod

1408 2021 1465 2054 per
1489 2007 1637 2050 subjeuae
1673 2005 1810 2040 urethrae
1841 2007 1977 2040 initium
1999 2016 2065 2048 quo
2098 2007 2200 2049 magis
2234 2007 2406 2043 descende-

1408 2056 1464 2088 bat
1483 2076 1497 2093 ,
1529 2063 1568 2085 eo
1592 2053 1696 2092 magis
1714 2072 1727 2089 ‚
1757 2048 1925 2092 magisque
1950 2049 1979 2082 se
2003 2049 2194 2084 extenuabat
2230 2052 2277 2084 ita
2300 2062 2336 2087 ut
2360 2051 2400 2086 ad

1407 2096 1604 2132 Seminalem
1626 2093 1834 2127 carunculam
1856 2103 1921 2125 non
1956 2094 2141 2135 perveniret
2167 2117 2175 2125 .
2208 2095 2304 2129 Laeve
2330 2104 2399 2129 erat

1407 2142 1571 2177 exterius,
1595 2137 1731 2180 ibique,
1754 2137 1933 2170 &interius
1955 2135 2084 2175 album,
2108 2138 2140 2169 δε
2163 2138 2326 2172 evidenter
2350 2139 2406 2173 ad-

1407 2194 1543 2219 eocum
1567 2179 1708 2214 Prostata
1743 2179 1894 2223 glandula
1925 2181 2154 2214 continuatum
2177 2204 2190 2220 ‚
2211 2191 2400 2225 caeteraeque

1407 2226 1474 2269 ejus
1498 2224 1679 2261 substantiae
1702 2223 1824 2265 simile,
1847 2231 1884 2257 ut
1905 2234 1946 2257 ex
1968 2234 2005 2258 ea
2027 2222 2199 2259 excrevisse
2219 2248 2233 2265 ,
2255 2236 2320 2260 non
2344 2224 2406 2260 du-

1408 2271 1525 2305 bitares
1540 2294 1548 2301 .

1450 2324 1483 2357 7.
1508 2312 1609 2346 Nunc
1631 2309 1653 2344 fi
1676 2319 1827 2354 quartam
1850 2309 1932 2345 hanc
1955 2313 1986 2345 δε
2000 2319 2070 2358 ,τῖες
2095 2322 2174 2353 quas
2197 2321 2290 2348 antea
2311 2316 2326 2353 (
2348 2324 2367 2346 n
2389 2316 2406 2354 )

1406 2358 1571 2395 indicavi,
1594 2366 1678 2389 meas
1701 2354 1925 2389 excrescentiae
1949 2353 2044 2397 huJus
2067 2354 2298 2398 descriptiones
2321 2368 2399 2391 curn

1407 2401 1474 2444 ejus
1495 2400 1600 2434 uvulae
1622 2399 1661 2432 de
1685 2409 1748 2439 qua
1772 2398 1937 2442 loquimur
1951 2399 2200 2440 ,descriptione
2233 2411 2403 2444 compara-

1408 2446 1515 2481 veris3
1540 2443 1682 2486 proclive
1705 2441 1768 2475 tibi
1790 2444 1853 2475 erit
1877 2441 2074 2485 perspicere,
2100 2442 2206 2476 eadem
2226 2456 2281 2483 ,me
2302 2444 2408 2478 vidis.

1408 2487 1439 2521 se
1454 2510 1463 2524 ‚
1488 2486 1552 2520 sive
1575 2496 1728 2530 parvum,
1757 2485 1819 2518 sive
1840 2484 1944 2526 majus
1955 2484 2019 2527 jam
2044 2485 2165 2519 fanum
2188 2497 2256 2521 erat
2279 2486 2314 2521 id
2327 2499 2402 2522 cor-

1411 2530 1597 2574 pusculum.
1621 2528 1692 2565 Cur
1715 2539 1793 2570 ergo
1817 2527 1839 2561 si
1864 2529 1898 2560 in
1923 2528 2074 2562 omnibus
2097 2528 2170 2564 esset
2190 2554 2201 2570 ,
2237 2533 2270 2564 in
2295 2531 2367 2565 aliis
2395 2543 2431 2572 ,f

1411 2574 1590 2608 innumeris
1613 2572 1870 2615 propemodum,
1893 2582 1957 2605 nen
1982 2570 2127 2605 vidissem
2149 2595 2163 2613 ‚
2193 2585 2333 2615 quorum
2355 2586 2408 2608 ea-

1411 2617 1484 2651 dem
1507 2618 1577 2650 loca
1609 2616 1711 2657 pari,
1745 2625 1781 2649 ut
1803 2614 1921 2652 soleo,
1956 2616 2135 2648 attentione
2168 2616 2206 2650 ad
2239 2616 2273 2650 id
2308 2616 2407 2661 usque

1417 2671 1542 2703 tempus
1564 2659 1837 2702 inwadiaveram,
1859 2658 1934 2691 satis
1957 2657 2074 2700 assequi
2096 2669 2164 2691 non
2187 2659 2314 2701 possum
2329 2686 2337 2694 .
2361 2662 2407 2695 At

1417 2707 1525 2741 enim,
1548 2704 1675 2745 inquies
1697 2701 1849 2740 fortasse,
1872 2701 1966 2741 vide,
1989 2712 2028 2733 ne
2052 2704 2210 2737 memoria
2233 2712 2264 2736 te
2288 2702 2378 2737 fallat
2395 2716 2409 2744 ;

1417 2759 1455 2781 ex
1476 2748 1539 2781 tuis
1561 2748 1646 2780 enirn
1670 2745 1797 2787 scriptis
1820 2746 1854 2778 in
1878 2744 2040 2778 nonnullis
2061 2756 2190 2788 quoque
2203 2748 2271 2780 aliis
2296 2749 2411 2781 memi-

1417 2791 1495 2825 nisse
1519 2790 1653 2829 videor,
1676 2798 1706 2822 te
1726 2790 1763 2822 ad
1788 2799 1823 2822 ea
1846 2788 1918 2821 loca
1942 2787 2168 2822 excrescentias
2188 2790 2406 2834 conspexisse.

1420 2836 1492 2877 Ego
1515 2844 1591 2866 vero
1614 2832 1838 2877 conspexeram
1863 2839 1934 2864 tum
1960 2831 1998 2865 ad
2021 2843 2055 2864 ea
2078 2832 2147 2865 loca
2168 2855 2178 2870 ‚
2211 2843 2280 2868 tum
2312 2835 2345 2867 in
2368 2836 2409 2869 iis

1421 2877 1496 2921 ipsis
1518 2877 1617 2915 locis,
1643 2875 1692 2909 sed
1717 2886 1781 2909 non
1806 2873 1963 2916 ejusmodi
1974 2875 2216 2910 excrescentias.
2244 2877 2352 2913 Quam
2376 2891 2409 2911 e-

1422 2924 1489 2954 nim
1514 2922 1546 2953 in
1569 2919 1728 2953 Cortinio
1750 2922 1763 2958 (
1787 2919 1837 2961 o)
1859 2916 2028 2958 descripsi,
2054 2919 2091 2951 ad
2114 2930 2149 2952 ea
2171 2921 2304 2963 quidem
2328 2922 2410 2962 loca,

1424 2964 1475 2998 sed
1501 2962 1538 2996 ad
1563 2964 1643 2998 latus
1664 2971 1749 3001 erat,
1777 2972 1879 3004 neque
1902 2973 1940 2994 ex
1963 2961 2113 2996 Prostarae
2132 2987 2140 3001 ‚
2166 2963 2215 2997 sed
2240 2976 2277 2998 ex
2300 2964 2410 2999 vesicae

1425 3006 1620 3041 substantia.
1644 3005 1756 3042 Quam
1781 3016 1856 3039 vero
1879 3003 2050 3037 duodecim
2075 3006 2144 3047 post
2167 3007 2255 3041 illam
2280 3009 2372 3041 annis
2394 3020 2411 3041 a

1424 3063 1441 3085 a
1465 3062 1514 3085 me
1538 3051 1637 3084 visam
1660 3051 1693 3082 in
1717 3050 1797 3084 Sene
1830 3046 1971 3089 quodam
1996 3049 2136 3090 Epistola
2160 3052 2188 3083 I.
2213 3051 2409 3085 Anatomica

1424 3100 1478 3136 (p
1500 3097 1511 3132 )
1535 3094 1732 3130 memoravi,
1758 3093 1795 3126 ad
1819 3090 1954 3124 urethrae
1978 3091 2107 3134 quidem
2133 3095 2265 3128 initium
2288 3095 2334 3127 ita
2356 3096 2409 3128 uti

1423 3134 1530 3171 veficae
1553 3137 1712 3171 orificium
1724 3135 1790 3170 fere
1812 3135 1998 3173 obturaret,
2023 3137 2153 3170 inventa
2177 3139 2220 3171 est
2234 3163 2243 3177 ‚
2268 3137 2319 3177 sed
2339 3149 2411 3171 car-

1423 3192 1479 3214 nea
1497 3203 1506 3218 ‚
1526 3181 1717 3223 inaequalis,
1740 3178 1902 3217 flaccida,
1926 3177 2079 3212 subrubra
2103 3204 2111 3211 .
2136 3181 2220 3218 Quae
2244 3192 2348 3216 autem
2373 3182 2407 3214 in

1421 3224 1563 3266 quodam
1587 3234 1713 3266 repente
1745 3231 1875 3255 mortuo
1911 3225 1921 3259 (
1946 3225 1998 3263 q)
2034 3233 2050 3255 a
2073 3234 2124 3257 me
2156 3224 2218 3257 tibi
2249 3224 2409 3267 descripta

1421 3268 1508 3307 fuit,
1532 3279 1566 3301 ea
1590 3268 1719 3309 quidem
1741 3268 1771 3298 &
1795 3265 1900 3298 forma
1925 3288 1933 3302 ‚
1958 3267 1989 3297 δι’
2013 3264 2082 3300 sede
2103 3289 2116 3306 ‚
2148 3269 2180 3301 &
2201 3267 2373 3302 substantia
2396 3292 2407 3307 ‚

1422 3314 1453 3345 δι
1475 3312 1600 3351 origine
1623 3322 1696 3343 cum
1719 3321 1754 3342 ea
1778 3309 1816 3341 de
1838 3320 1899 3350 qua
1923 3308 1977 3341 hic
2001 3311 2146 3352 agimuS,
2170 3314 2306 3345 omnino
2328 3321 2408 3343 con-

1422 3355 1569 3387 veniebat
1591 3364 1603 3394 ,·
1635 3353 1683 3387 sed
1708 3352 1770 3385 hoc
1791 3351 1987 3394 discrepabat
2013 3375 2022 3390 ‚
2055 3353 2142 3396 quod
2166 3353 2284 3398 duplex
2307 3361 2373 3386 erat
2396 3364 2410 3393 ,-

1423 3408 1488 3432 non
1512 3408 1573 3432 una
1596 3422 1604 3431 .
1630 3397 1738 3438 Magis
1761 3405 1866 3430 autem
1888 3394 2083 3439 discrepabat
2115 3396 2234 3439 duplex
2267 3397 2323 3431 illa
2356 3408 2409 3430 ex-

2298 3451 2368 3474 cre-

522 3668 594 3698 Epist.
609 3675 649 3697 47-
667 3676 691 3692 n.
708 3670 747 3692 26.

519 3708 541 3723 nv
560 3701 597 3723 28.

498 3671 506 3699 )
808 3666 823 3695 (
838 3667 852 3693 b
867 3668 881 3697 )
897 3668 970 3697 Epist.
989 3676 1027 3697 39.
1045 3675 1068 3693 n.
1085 3676 1122 3698 33.

493 3705 503 3728 )
561 3730 564 3732 ,
658 3699 673 3727 ζ
684 3698 700 3728 J
714 3701 725 3728 l
740 3706 764 3722 n.
781 3706 821 3726 ²⁹-

498 3733 504 3757 )
523 3730 585 3758 Epist
608 3735 647 3756 41.
665 3736 689 3752 n.
706 3736 741 3757 ¹7-
758 3730 779 3753 ἃ

492 3763 502 3785 >
521 3760 594 3787 Epist.
611 3766 649 3786 ιμ-
670 3766 692 3782 n.
712 3761 747 3783 18.

495 3789 510 3817 )
527 3789 596 3818 Epist.
613 3796 649 3816 4²·
666 3796 692 3813 n·
711 3797 749 3818 13.

924 3730 937 3758 (
960 3729 995 3757 i)
1012 3729 1107 3753 Advers.
1125 3732 1196 3753 Anat.
1215 3729 1235 3752 l.
1253 3737 1279 3752 n.
1299 3737 1321 3756 9-

810 3760 819 3788 (
837 3768 860 3783 m
877 3759 887 3788 l
903 3760 977 3788 Epist.
989 3767 1030 3789 43.
1046 3767 1071 3782 n.
1091 3767 1127 3787 ²4·

437 3671 481 3698 (a

436 3700 476 3727 (e

437 3730 480 3784 s?

438 3788 477 3815 (ο
810 3790 984 3820 (ph-43·

1184 3669 1198 3698 (
1212 3675 1224 3691 c
1238 3667 1253 3696 )
1269 3669 1342 3697 Epist⁴
1363 3672 1404 3694 ιιι.
1420 3675 1443 3691 n.
1462 3674 1498 3695 17.

884 3699 898 3727 (
911 3708 929 3729 g
945 3699 957 3727 )
974 3699 1034 3722 Hist.
1051 3699 1079 3722 de
1095 3699 1114 3722 l’
1127 3700 1200 3723 Aead.
1219 3700 1248 3722 R.
1264 3700 1292 3722 de
1311 3701 1348 3723 Sc.
1370 3701 1400 3721 A.
1421 3706 1487 3728 ¹753.
1503 3697 1563 3722 Obs.
1579 3700 1649 3721 Anat.
1668 3706 1689 3722 1.

1381 3729 1396 3756 ξ
1413 3727 1429 3751 k
1446 3729 1459 3756 )
1477 3729 1550 3759 Epist.
1567 3735 1603 3757 37.
1623 3735 1648 3753 n,
1665 3736 1702 3758 30.
1722 3728 1747 3753 in
1764 3728 1807 3754 fin.

1192 3760 1307 3789 (n)n.
1327 3767 1347 3787 ς.
1366 3758 1448 3783 infin.

1046 3791 1054 3819 (
1072 3797 1087 3819 q
1103 3792 1112 3819 l
1126 3790 1201 3819 Epist.
1216 3796 1256 3818 φ.
1274 3797 1299 3814 ιι.
1315 3797 1351 3815 11.
1368 3789 1394 3814 in
1409 3789 1452 3814 fin.

1560 3668 1573 3695 (
1591 3667 1607 3690 d
1620 3669 1632 3692 )
1651 3669 1791 3693 comment.
1807 3667 1838 3692 de
1854 3669 1947 3693 Bonan,
1962 3670 1998 3694 Sc.
2016 3669 2074 3696 lnst.
2091 3672 2163 3696 Tom.
2179 3676 2203 3697 4·
2219 3663 2354 3694 in‘'OPus⁰·
