<?xml version="1.0" encoding="UTF-8"?>
<!DOCTYPE html PUBLIC "-//W3C//DTD XHTML 1.0 Transitional//EN"
    "http://www.w3.org/TR/xhtml1/DTD/xhtml1-transitional.dtd">
<html xmlns="http://www.w3.org/1999/xhtml" xml:lang="en" lang="en">
 <head>
  <title>
</title>
<meta http-equiv="Content-Type" content="text/html;charset=utf-8" />
  <meta name='ocr-system' content='tesseract 3.04.00' />
  <meta name='ocr-capabilities' content='ocr_page ocr_carea ocr_par ocr_line ocrx_word'/>
</head>
<body>
  <div class='ocr_page' id='page_1' title='image "./desedibusetcausi00morg_0658.png"; bbox 0 0 2498 4075; ppageno 0'>
   <div class='ocr_carea' id='block_1_1' title="bbox 414 116 511 178">
    <p class='ocr_par' dir='ltr' id='par_1_1' title="bbox 414 116 511 178">
     <span class='ocr_line' id='line_1_1' title="bbox 414 116 511 178; baseline 0.01 -9"><span class='ocrx_word' id='word_1_1' title='bbox 414 116 511 178; x_wconf 77' lang='lat'>258</span> 
     </span>
    </p>
   </div>
   <div class='ocr_carea' id='block_1_2' title="bbox 333 189 1379 3539">
    <p class='ocr_par' dir='ltr' id='par_1_2' title="bbox 334 189 1358 802">
     <span class='ocr_line' id='line_1_2' title="bbox 334 189 1350 230; baseline -0.01 0"><span class='ocrx_word' id='word_1_2' title='bbox 334 194 411 230; x_wconf 82' lang='lat' dir='ltr'>laeso</span> <span class='ocrx_word' id='word_1_3' title='bbox 435 194 507 229; x_wconf 86' lang='lat' dir='ltr'>inde</span> <span class='ocrx_word' id='word_1_4' title='bbox 532 194 630 228; x_wconf 88' lang='lat' dir='ltr'>alicui</span> <span class='ocrx_word' id='word_1_5' title='bbox 660 194 780 227; x_wconf 83' lang='lat' dir='ltr'>ventris</span> <span class='ocrx_word' id='word_1_6' title='bbox 804 192 918 227; x_wconf 90' lang='lat' dir='ltr'>visceri</span> <span class='ocrx_word' id='word_1_7' title='bbox 942 190 1179 224; x_wconf 85' lang='lat' dir='ltr'>tribuisset.At</span> <span class='ocrx_word' id='word_1_8' title='bbox 1202 189 1350 224; x_wconf 61' lang='lat' dir='ltr'>diffestio</span> 
     </span>
     <span class='ocr_line' id='line_1_3' title="bbox 335 232 1349 283; baseline -0.008 -11"><span class='ocrx_word' id='word_1_9' title='bbox 335 239 498 283; x_wconf 87' lang='lat' dir='ltr'>quidquid</span> <span class='ocrx_word' id='word_1_10' title='bbox 528 240 561 272; x_wconf 90' lang='lat' dir='ltr'>in</span> <span class='ocrx_word' id='word_1_11' title='bbox 585 237 727 279; x_wconf 85' lang='lat' dir='ltr'>jecinore</span> <span class='ocrx_word' id='word_1_12' title='bbox 754 237 828 268; x_wconf 85' lang='lat' dir='ltr'>vitii</span> <span class='ocrx_word' id='word_1_13' title='bbox 854 235 940 274; x_wconf 87' lang='lat' dir='ltr'>fuit,</span> <span class='ocrx_word' id='word_1_14' title='bbox 967 232 1003 266; x_wconf 90' lang='lat' dir='ltr'>ad</span> <span class='ocrx_word' id='word_1_15' title='bbox 1026 233 1214 268; x_wconf 80' lang='lat' dir='ltr'>diuturnam</span> <span class='ocrx_word' id='word_1_16' title='bbox 1239 234 1349 276; x_wconf 88' lang='lat' dir='ltr'>potius</span> 
     </span>
     <span class='ocr_line' id='line_1_4' title="bbox 337 276 1348 319; baseline -0.007 -5"><span class='ocrx_word' id='word_1_17' title='bbox 337 283 430 316; x_wconf 78' lang='lat' dir='ltr'>illam</span> <span class='ocrx_word' id='word_1_18' title='bbox 455 281 576 316; x_wconf 87' lang='lat' dir='ltr'>febrim</span> <span class='ocrx_word' id='word_1_19' title='bbox 599 278 790 318; x_wconf 84' lang='lat' dir='ltr'>attinuisse,</span> <span class='ocrx_word' id='word_1_20' title='bbox 813 277 972 314; x_wconf 87' lang='lat' dir='ltr'>ostendit,</span> <span class='ocrx_word' id='word_1_21' title='bbox 1005 276 1159 311; x_wconf 82' lang='lat' dir='ltr'>Valsalva</span> <span class='ocrx_word' id='word_1_22' title='bbox 1204 276 1311 319; x_wconf 82' lang='lat' dir='ltr'>judice</span> <span class='ocrx_word' id='word_1_23' title='bbox 1336 298 1348 314; x_wconf 88' lang='lat'>,</span> 
     </span>
     <span class='ocr_line' id='line_1_5' title="bbox 336 319 1352 368; baseline -0.01 -8"><span class='ocrx_word' id='word_1_24' title='bbox 336 331 393 368; x_wconf 85' lang='lat' dir='ltr'>qui</span> <span class='ocrx_word' id='word_1_25' title='bbox 418 326 497 359; x_wconf 81' lang='lat' dir='ltr'>huic</span> <span class='ocrx_word' id='word_1_26' title='bbox 522 322 759 357; x_wconf 86' lang='lat' dir='ltr'>Observationi</span> <span class='ocrx_word' id='word_1_27' title='bbox 783 321 917 354; x_wconf 87' lang='lat' dir='ltr'>titulum</span> <span class='ocrx_word' id='word_1_28' title='bbox 942 319 1111 361; x_wconf 84' lang='lat' dir='ltr'>adscripsit</span> <span class='ocrx_word' id='word_1_29' title='bbox 1134 323 1179 353; x_wconf 85' lang='lat' dir='ltr'>De</span> <span class='ocrx_word' id='word_1_30' title='bbox 1202 319 1352 353; x_wconf 67' lang='lat' dir='ltr'>Tertiam</span> 
     </span>
     <span class='ocr_line' id='line_1_6' title="bbox 337 361 1350 411; baseline -0.009 -9"><span class='ocrx_word' id='word_1_31' title='bbox 337 369 480 411; x_wconf 77' lang='lat' dir='ltr'><em>duplici,</em></span> <span class='ocrx_word' id='word_1_32' title='bbox 505 367 567 401; x_wconf 85' lang='lat' dir='ltr'>five</span> <span class='ocrx_word' id='word_1_33' title='bbox 590 374 700 399; x_wconf 90' lang='lat' dir='ltr'>totum</span> <span class='ocrx_word' id='word_1_34' title='bbox 723 367 757 399; x_wconf 86' lang='lat' dir='ltr'>id</span> <span class='ocrx_word' id='word_1_35' title='bbox 782 366 857 397; x_wconf 88' lang='lat' dir='ltr'>vitii</span> <span class='ocrx_word' id='word_1_36' title='bbox 879 364 1018 397; x_wconf 77' lang='lat' dir='ltr'>credidit</span> <span class='ocrx_word' id='word_1_37' title='bbox 1043 362 1080 395; x_wconf 90' lang='lat' dir='ltr'>ad</span> <span class='ocrx_word' id='word_1_38' title='bbox 1105 362 1201 404; x_wconf 76' lang='lat' dir='ltr'>hujus</span> <span class='ocrx_word' id='word_1_39' title='bbox 1224 361 1350 398; x_wconf 78' lang='lat' dir='ltr'>causas,</span> 
     </span>
     <span class='ocr_line' id='line_1_7' title="bbox 338 405 1352 450; baseline -0.009 -5"><span class='ocrx_word' id='word_1_40' title='bbox 338 411 403 446; x_wconf 79' lang='lat' dir='ltr'>sive</span> <span class='ocrx_word' id='word_1_41' title='bbox 429 411 466 445; x_wconf 89' lang='lat' dir='ltr'>ad</span> <span class='ocrx_word' id='word_1_42' title='bbox 493 409 623 444; x_wconf 66' lang='lat' dir='ltr'>effeetus</span> <span class='ocrx_word' id='word_1_43' title='bbox 648 407 833 450; x_wconf 79' lang='lat' dir='ltr'>pertinuiffe</span> <span class='ocrx_word' id='word_1_44' title='bbox 856 432 864 440; x_wconf 94' lang='lat'><strong>.</strong></span> <span class='ocrx_word' id='word_1_45' title='bbox 898 407 989 442; x_wconf 78' lang='lat' dir='ltr'>Quid</span> <span class='ocrx_word' id='word_1_46' title='bbox 1012 408 1049 439; x_wconf 90' lang='lat' dir='ltr'>ad</span> <span class='ocrx_word' id='word_1_47' title='bbox 1072 406 1154 441; x_wconf 91' lang='lat' dir='ltr'>illud</span> <span class='ocrx_word' id='word_1_48' title='bbox 1189 405 1352 439; x_wconf 82' lang='lat' dir='ltr'>occasione</span> 
     </span>
     <span class='ocr_line' id='line_1_8' title="bbox 341 449 1353 492; baseline -0.007 -4"><span class='ocrx_word' id='word_1_49' title='bbox 341 455 425 490; x_wconf 58' lang='lat' dir='ltr'>ictus</span> <span class='ocrx_word' id='word_1_50' title='bbox 452 451 611 487; x_wconf 72' lang='lat' dir='ltr'>accesserit</span> <span class='ocrx_word' id='word_1_51' title='bbox 637 453 670 484; x_wconf 91' lang='lat' dir='ltr'>in</span> <span class='ocrx_word' id='word_1_52' title='bbox 694 450 800 484; x_wconf 77' lang='lat' dir='ltr'>biliofi</span> <span class='ocrx_word' id='word_1_53' title='bbox 826 451 1070 492; x_wconf 77' lang='lat' dir='ltr'>temperamenti</span> <span class='ocrx_word' id='word_1_54' title='bbox 1097 449 1230 483; x_wconf 86' lang='lat' dir='ltr'>muliere</span> <span class='ocrx_word' id='word_1_55' title='bbox 1257 471 1266 486; x_wconf 89' lang='lat'>,</span> <span class='ocrx_word' id='word_1_56' title='bbox 1301 450 1353 480; x_wconf 89' lang='lat' dir='ltr'>in-</span> 
     </span>
     <span class='ocr_line' id='line_1_9' title="bbox 344 492 1356 539; baseline -0.008 -8"><span class='ocrx_word' id='word_1_57' title='bbox 344 498 492 539; x_wconf 73' lang='lat' dir='ltr'>spectum</span> <span class='ocrx_word' id='word_1_58' title='bbox 518 496 684 530; x_wconf 86' lang='lat' dir='ltr'>cerebrum</span> <span class='ocrx_word' id='word_1_59' title='bbox 708 493 864 533; x_wconf 83' lang='lat' dir='ltr'>fortasse,</span> <span class='ocrx_word' id='word_1_60' title='bbox 887 503 922 526; x_wconf 93' lang='lat' dir='ltr'>ut</span> <span class='ocrx_word' id='word_1_61' title='bbox 946 494 1099 527; x_wconf 86' lang='lat' dir='ltr'>delirium</span> <span class='ocrx_word' id='word_1_62' title='bbox 1124 493 1247 526; x_wconf 87' lang='lat' dir='ltr'>indicat</span> <span class='ocrx_word' id='word_1_63' title='bbox 1271 514 1280 530; x_wconf 91' lang='lat'>‚</span> <span class='ocrx_word' id='word_1_64' title='bbox 1318 492 1356 524; x_wconf 84' lang='lat' dir='ltr'>si.</span> 
     </span>
     <span class='ocr_line' id='line_1_10' title="bbox 339 533 1358 583; baseline -0.008 -10"><span class='ocrx_word' id='word_1_65' title='bbox 339 540 438 583; x_wconf 84' lang='lat' dir='ltr'>gnific</span> <span class='ocrx_word' id='word_1_66' title='bbox 453 552 501 573; x_wconf 88' lang='lat' dir='ltr'>are</span> <span class='ocrx_word' id='word_1_67' title='bbox 526 538 700 581; x_wconf 74' lang='lat' dir='ltr'>potuisset.</span> <span class='ocrx_word' id='word_1_68' title='bbox 835 536 922 570; x_wconf 85' lang='lat' dir='ltr'>Nam</span> <span class='ocrx_word' id='word_1_69' title='bbox 947 541 1035 580; x_wconf 85' lang='lat' dir='ltr'>quod</span> <span class='ocrx_word' id='word_1_70' title='bbox 1061 537 1097 569; x_wconf 84' lang='lat' dir='ltr'>ad</span> <span class='ocrx_word' id='word_1_71' title='bbox 1122 547 1269 579; x_wconf 84' lang='lat' dir='ltr'>magnam</span> <span class='ocrx_word' id='word_1_72' title='bbox 1287 533 1358 576; x_wconf 85' lang='lat' dir='ltr'>pul-</span> 
     </span>
     <span class='ocr_line' id='line_1_11' title="bbox 338 579 1356 624; baseline -0.008 -7"><span class='ocrx_word' id='word_1_73' title='bbox 338 594 474 617; x_wconf 86' lang='lat' dir='ltr'>monum</span> <span class='ocrx_word' id='word_1_74' title='bbox 500 582 683 624; x_wconf 83' lang='lat' dir='ltr'>phlogosim</span> <span class='ocrx_word' id='word_1_75' title='bbox 715 580 863 624; x_wconf 67' lang='lat' dir='ltr'>spectat3</span> <span class='ocrx_word' id='word_1_76' title='bbox 887 582 962 623; x_wconf 89' lang='lat' dir='ltr'>quis</span> <span class='ocrx_word' id='word_1_77' title='bbox 987 593 1046 624; x_wconf 84' lang='lat' dir='ltr'>pro</span> <span class='ocrx_word' id='word_1_78' title='bbox 1069 591 1161 613; x_wconf 84' lang='lat' dir='ltr'>certo</span> <span class='ocrx_word' id='word_1_79' title='bbox 1185 579 1321 615; x_wconf 71' lang='lat' dir='ltr'>affirmet</span> <span class='ocrx_word' id='word_1_80' title='bbox 1345 600 1356 617; x_wconf 87' lang='lat'>‚</span> 
     </span>
     <span class='ocr_line' id='line_1_12' title="bbox 337 623 1355 670; baseline -0.006 -10"><span class='ocrx_word' id='word_1_81' title='bbox 337 638 411 660; x_wconf 87' lang='lat' dir='ltr'>cum</span> <span class='ocrx_word' id='word_1_82' title='bbox 437 626 616 670; x_wconf 88' lang='lat' dir='ltr'>posteriora</span> <span class='ocrx_word' id='word_1_83' title='bbox 641 634 788 662; x_wconf 86' lang='lat' dir='ltr'>teneret,</span> <span class='ocrx_word' id='word_1_84' title='bbox 815 634 881 656; x_wconf 90' lang='lat' dir='ltr'>non</span> <span class='ocrx_word' id='word_1_85' title='bbox 906 635 974 658; x_wconf 88' lang='lat' dir='ltr'>eam</span> <span class='ocrx_word' id='word_1_86' title='bbox 999 625 1133 665; x_wconf 77' lang='lat' dir='ltr'>potius,</span> <span class='ocrx_word' id='word_1_87' title='bbox 1155 633 1191 656; x_wconf 88' lang='lat' dir='ltr'>ut</span> <span class='ocrx_word' id='word_1_88' title='bbox 1213 623 1287 655; x_wconf 85' lang='lat' dir='ltr'>alias</span> <span class='ocrx_word' id='word_1_89' title='bbox 1312 623 1355 661; x_wconf 81' lang='lat' dir='ltr'>(d)</span> 
     </span>
     <span class='ocr_line' id='line_1_13' title="bbox 339 666 1355 713; baseline -0.006 -10"><span class='ocrx_word' id='word_1_90' title='bbox 339 671 592 706; x_wconf 78' lang='lat' dir='ltr'>admonuimus,</span> <span class='ocrx_word' id='word_1_91' title='bbox 617 672 648 702; x_wconf 67' lang='grc' dir='ltr'>ὅ(</span> <span class='ocrx_word' id='word_1_92' title='bbox 673 667 780 713; x_wconf 86' lang='lat' dir='ltr'>paffim</span> <span class='ocrx_word' id='word_1_93' title='bbox 808 667 972 705; x_wconf 82' lang='lat' dir='ltr'>videmus,</span> <span class='ocrx_word' id='word_1_94' title='bbox 997 667 1090 701; x_wconf 73' lang='lat' dir='ltr'>fuis-se</span> <span class='ocrx_word' id='word_1_95' title='bbox 1114 679 1130 699; x_wconf 86' lang='lat' dir='ltr'>a</span> <span class='ocrx_word' id='word_1_96' title='bbox 1152 666 1267 709; x_wconf 79' lang='lat' dir='ltr'>supino</span> <span class='ocrx_word' id='word_1_97' title='bbox 1303 677 1355 698; x_wconf 89' lang='lat' dir='ltr'>ca-</span> 
     </span>
     <span class='ocr_line' id='line_1_14' title="bbox 338 709 1355 757; baseline -0.008 -9"><span class='ocrx_word' id='word_1_98' title='bbox 338 714 465 748; x_wconf 85' lang='lat' dir='ltr'>daveris</span> <span class='ocrx_word' id='word_1_99' title='bbox 488 711 620 756; x_wconf 79' lang='lat' dir='ltr'>positu?</span> <span class='ocrx_word' id='word_1_100' title='bbox 645 711 733 757; x_wconf 85' lang='lat' dir='ltr'>quod</span> <span class='ocrx_word' id='word_1_101' title='bbox 758 711 797 745; x_wconf 90' lang='lat' dir='ltr'>ad</span> <span class='ocrx_word' id='word_1_102' title='bbox 820 711 1045 755; x_wconf 82' lang='lat' dir='ltr'>insequentem</span> <span class='ocrx_word' id='word_1_103' title='bbox 1072 709 1246 745; x_wconf 84' lang='lat' dir='ltr'>historiam</span> <span class='ocrx_word' id='word_1_104' title='bbox 1271 721 1355 752; x_wconf 84' lang='lat' dir='ltr'>quo-</span> 
     </span>
     <span class='ocr_line' id='line_1_15' title="bbox 344 757 723 802; baseline 0 -11"><span class='ocrx_word' id='word_1_105' title='bbox 344 769 407 802; x_wconf 86' lang='lat' dir='ltr'>que</span> <span class='ocrx_word' id='word_1_106' title='bbox 432 757 557 791; x_wconf 55' lang='lat' dir='ltr'>dietum</span> <span class='ocrx_word' id='word_1_107' title='bbox 582 766 723 797; x_wconf 73' lang='lat' dir='ltr'>putato,</span> 
     </span>
    </p>

    <p class='ocr_par' dir='ltr' id='par_1_3' title="bbox 333 795 1379 1363">
     <span class='ocr_line' id='line_1_16' title="bbox 388 795 1379 840; baseline -0.002 -8"><span class='ocrx_word' id='word_1_108' title='bbox 388 801 417 833; x_wconf 79' lang='lat'>8.</span> <span class='ocrx_word' id='word_1_109' title='bbox 466 800 499 831; x_wconf 88' lang='lat' dir='ltr'>V</span> <span class='ocrx_word' id='word_1_110' title='bbox 516 801 530 830; x_wconf 91' lang='lat' dir='ltr'>I</span> <span class='ocrx_word' id='word_1_111' title='bbox 545 800 577 832; x_wconf 83' lang='lat' dir='ltr'>R</span> <span class='ocrx_word' id='word_1_112' title='bbox 593 800 625 832; x_wconf 85' lang='lat' dir='ltr'>G</span> <span class='ocrx_word' id='word_1_113' title='bbox 641 803 675 832; x_wconf 91' lang='lat' dir='ltr'>O</span> <span class='ocrx_word' id='word_1_114' title='bbox 710 809 867 832; x_wconf 89' lang='lat' dir='ltr'>annorum</span> <span class='ocrx_word' id='word_1_115' title='bbox 891 797 1118 840; x_wconf 82' lang='lat' dir='ltr'>duodeviginti</span> <span class='ocrx_word' id='word_1_116' title='bbox 1145 797 1266 836; x_wconf 78' lang='lat' dir='ltr'>multos</span> <span class='ocrx_word' id='word_1_117' title='bbox 1288 795 1353 837; x_wconf 77' lang='lat' dir='ltr'>jam</span> <span class='ocrx_word' id='word_1_118' title='bbox 1374 816 1379 822; x_wconf 69' lang='grc'><em>·</em></span> 
     </span>
     <span class='ocr_line' id='line_1_17' title="bbox 336 839 1355 882; baseline -0.003 -5"><span class='ocrx_word' id='word_1_119' title='bbox 336 844 408 878; x_wconf 86' lang='lat' dir='ltr'>dies</span> <span class='ocrx_word' id='word_1_120' title='bbox 435 843 583 876; x_wconf 83' lang='lat' dir='ltr'>laborans</span> <span class='ocrx_word' id='word_1_121' title='bbox 608 845 746 876; x_wconf 82' lang='lat' dir='ltr'>tertiana</span> <span class='ocrx_word' id='word_1_122' title='bbox 771 841 919 882; x_wconf 77' lang='lat' dir='ltr'>duplici,</span> <span class='ocrx_word' id='word_1_123' title='bbox 941 841 1054 875; x_wconf 88' lang='lat' dir='ltr'>deinde</span> <span class='ocrx_word' id='word_1_124' title='bbox 1099 841 1223 875; x_wconf 78' lang='lat' dir='ltr'>ardenti</span> <span class='ocrx_word' id='word_1_125' title='bbox 1268 839 1355 874; x_wconf 78' lang='lat' dir='ltr'>febre</span> 
     </span>
     <span class='ocr_line' id='line_1_18' title="bbox 339 884 1357 929; baseline -0.003 -9"><span class='ocrx_word' id='word_1_126' title='bbox 339 897 506 929; x_wconf 83' lang='lat' dir='ltr'>correpta,</span> <span class='ocrx_word' id='word_1_127' title='bbox 533 887 677 928; x_wconf 81' lang='lat' dir='ltr'>capitis,</span> <span class='ocrx_word' id='word_1_128' title='bbox 701 889 731 918; x_wconf 70' lang='grc' dir='ltr'>δι</span> <span class='ocrx_word' id='word_1_129' title='bbox 754 887 858 917; x_wconf 84' lang='lat' dir='ltr'>totius</span> <span class='ocrx_word' id='word_1_130' title='bbox 883 887 1028 926; x_wconf 84' lang='lat' dir='ltr'>corporis</span> <span class='ocrx_word' id='word_1_131' title='bbox 1062 884 1174 918; x_wconf 91' lang='lat' dir='ltr'>dolore</span> <span class='ocrx_word' id='word_1_132' title='bbox 1209 895 1320 917; x_wconf 76' lang='lat' dir='ltr'>vexata</span> <span class='ocrx_word' id='word_1_133' title='bbox 1345 908 1357 925; x_wconf 85' lang='lat'>,</span> 
     </span>
     <span class='ocr_line' id='line_1_19' title="bbox 337 929 1356 966; baseline -0.007 0"><span class='ocrx_word' id='word_1_134' title='bbox 337 933 502 966; x_wconf 87' lang='lat' dir='ltr'>moritur.</span> <span class='ocrx_word' id='word_1_135' title='bbox 587 940 592 944; x_wconf 74' lang='grc'><strong><em>’</em></strong></span> <span class='ocrx_word' id='word_1_136' title='bbox 641 931 655 962; x_wconf 87' lang='lat'><strong>1</strong></span> <span class='ocrx_word' id='word_1_137' title='bbox 683 930 716 962; x_wconf 87' lang='lat' dir='ltr'>N</span> <span class='ocrx_word' id='word_1_138' title='bbox 764 929 795 961; x_wconf 92' lang='lat' dir='ltr'>V</span> <span class='ocrx_word' id='word_1_139' title='bbox 820 929 849 962; x_wconf 82' lang='lat' dir='ltr'>E</span> <span class='ocrx_word' id='word_1_140' title='bbox 873 929 908 961; x_wconf 89' lang='lat' dir='ltr'>N</span> <span class='ocrx_word' id='word_1_141' title='bbox 934 930 967 962; x_wconf 90' lang='lat' dir='ltr'>T</span> <span class='ocrx_word' id='word_1_142' title='bbox 986 930 1077 963; x_wconf 57' lang='lat' dir='ltr'>RE</span> <span class='ocrx_word' id='word_1_143' title='bbox 1100 955 1103 958; x_wconf 94' lang='lat'>.</span> <span class='ocrx_word' id='word_1_144' title='bbox 1124 930 1162 962; x_wconf 87' lang='lat' dir='ltr'>ad</span> <span class='ocrx_word' id='word_1_145' title='bbox 1185 929 1246 961; x_wconf 81' lang='lat' dir='ltr'>Ilei</span> <span class='ocrx_word' id='word_1_146' title='bbox 1271 929 1356 960; x_wconf 76' lang='lat' dir='ltr'>inte-</span> 
     </span>
     <span class='ocr_line' id='line_1_20' title="bbox 336 973 1344 1016; baseline -0.005 -7"><span class='ocrx_word' id='word_1_147' title='bbox 336 975 409 1009; x_wconf 84' lang='lat' dir='ltr'>stini</span> <span class='ocrx_word' id='word_1_148' title='bbox 436 973 554 1011; x_wconf 86' lang='lat' dir='ltr'>finem,</span> <span class='ocrx_word' id='word_1_149' title='bbox 578 985 642 1016; x_wconf 87' lang='lat' dir='ltr'>qua</span> <span class='ocrx_word' id='word_1_150' title='bbox 668 980 757 1015; x_wconf 92' lang='lat' dir='ltr'>parte</span> <span class='ocrx_word' id='word_1_151' title='bbox 781 973 1178 1006; x_wconf 68' lang='lat' dir='ltr'>meienterio²anneeritur</span> <span class='ocrx_word' id='word_1_152' title='bbox 1198 994 1207 1009; x_wconf 94' lang='lat'>,</span> <span class='ocrx_word' id='word_1_153' title='bbox 1242 973 1344 1004; x_wconf 76' lang='lat' dir='ltr'>multa</span> 
     </span>
     <span class='ocr_line' id='line_1_21' title="bbox 334 1014 1352 1062; baseline -0.005 -10"><span class='ocrx_word' id='word_1_154' title='bbox 334 1017 564 1062; x_wconf 79' lang='lat' dir='ltr'>prominebant</span> <span class='ocrx_word' id='word_1_155' title='bbox 588 1016 780 1059; x_wconf 88' lang='lat' dir='ltr'>corpuscula</span> <span class='ocrx_word' id='word_1_156' title='bbox 802 1040 811 1056; x_wconf 90' lang='lat'>,</span> <span class='ocrx_word' id='word_1_157' title='bbox 835 1027 908 1058; x_wconf 82' lang='lat' dir='ltr'>quae</span> <span class='ocrx_word' id='word_1_158' title='bbox 933 1016 1181 1058; x_wconf 79' lang='lat' dir='ltr'>magnitudine,</span> <span class='ocrx_word' id='word_1_159' title='bbox 1213 1014 1318 1048; x_wconf 83' lang='lat' dir='ltr'>forma</span> <span class='ocrx_word' id='word_1_160' title='bbox 1344 1037 1352 1051; x_wconf 86' lang='lat'>‚</span> 
     </span>
     <span class='ocr_line' id='line_1_22' title="bbox 334 1059 1352 1103; baseline -0.004 -8"><span class='ocrx_word' id='word_1_161' title='bbox 334 1062 444 1095; x_wconf 90' lang='lat' dir='ltr'>colore</span> <span class='ocrx_word' id='word_1_162' title='bbox 468 1072 565 1103; x_wconf 80' lang='lat' dir='ltr'>grana</span> <span class='ocrx_word' id='word_1_163' title='bbox 589 1059 770 1094; x_wconf 82' lang='lat' dir='ltr'>referebant</span> <span class='ocrx_word' id='word_1_164' title='bbox 796 1060 938 1101; x_wconf 86' lang='lat' dir='ltr'>pulveris</span> <span class='ocrx_word' id='word_1_165' title='bbox 962 1061 1072 1103; x_wconf 87' lang='lat' dir='ltr'>pyrii.</span> <span class='ocrx_word' id='word_1_166' title='bbox 1098 1061 1134 1092; x_wconf 93' lang='lat' dir='ltr'>In</span> <span class='ocrx_word' id='word_1_167' title='bbox 1160 1068 1254 1092; x_wconf 87' lang='lat' dir='ltr'>utero</span> <span class='ocrx_word' id='word_1_168' title='bbox 1280 1060 1352 1101; x_wconf 86' lang='lat' dir='ltr'>plu-</span> 
     </span>
     <span class='ocr_line' id='line_1_23' title="bbox 334 1102 1373 1147; baseline -0.004 -9"><span class='ocrx_word' id='word_1_169' title='bbox 334 1117 368 1138; x_wconf 88' lang='lat' dir='ltr'>ra</span> <span class='ocrx_word' id='word_1_170' title='bbox 393 1104 646 1147; x_wconf 76' lang='lat' dir='ltr'>protuberabant</span> <span class='ocrx_word' id='word_1_171' title='bbox 674 1103 814 1137; x_wconf 86' lang='lat' dir='ltr'>rotunda</span> <span class='ocrx_word' id='word_1_172' title='bbox 840 1115 997 1145; x_wconf 88' lang='lat' dir='ltr'>corpora,</span> <span class='ocrx_word' id='word_1_173' title='bbox 1024 1102 1252 1146; x_wconf 82' lang='lat' dir='ltr'>glandularum</span> <span class='ocrx_word' id='word_1_174' title='bbox 1300 1104 1373 1135; x_wconf 84' lang='lat' dir='ltr'>in-·</span> 
     </span>
     <span class='ocr_line' id='line_1_24' title="bbox 334 1145 1319 1190; baseline -0.006 -7"><span class='ocrx_word' id='word_1_175' title='bbox 334 1149 394 1183; x_wconf 90' lang='lat' dir='ltr'>star</span> <span class='ocrx_word' id='word_1_176' title='bbox 432 1148 581 1190; x_wconf 87' lang='lat' dir='ltr'>:quibus</span> <span class='ocrx_word' id='word_1_177' title='bbox 613 1147 794 1190; x_wconf 82' lang='lat' dir='ltr'>disruptis,</span> <span class='ocrx_word' id='word_1_178' title='bbox 820 1146 959 1180; x_wconf 82' lang='lat' dir='ltr'>viscidus</span> <span class='ocrx_word' id='word_1_179' title='bbox 1005 1147 1122 1180; x_wconf 86' lang='lat' dir='ltr'>humor</span> <span class='ocrx_word' id='word_1_180' title='bbox 1168 1145 1319 1188; x_wconf 81' lang='lat' dir='ltr'>prodibat</span> 
     </span>
     <span class='ocr_line' id='line_1_25' title="bbox 339 1190 1350 1231; baseline -0.004 -7"><span class='ocrx_word' id='word_1_181' title='bbox 339 1195 457 1226; x_wconf 87' lang='lat' dir='ltr'>Praeter</span> <span class='ocrx_word' id='word_1_182' title='bbox 481 1190 572 1231; x_wconf 74' lang='lat' dir='ltr'>haec,</span> <span class='ocrx_word' id='word_1_183' title='bbox 594 1192 704 1225; x_wconf 79' lang='lat' dir='ltr'>omnia</span> <span class='ocrx_word' id='word_1_184' title='bbox 730 1192 763 1223; x_wconf 90' lang='lat' dir='ltr'>in</span> <span class='ocrx_word' id='word_1_185' title='bbox 789 1199 898 1223; x_wconf 87' lang='lat' dir='ltr'>ventre</span> <span class='ocrx_word' id='word_1_186' title='bbox 923 1190 1096 1223; x_wconf 84' lang='lat' dir='ltr'>secundum</span> <span class='ocrx_word' id='word_1_187' title='bbox 1131 1200 1250 1222; x_wconf 81' lang='lat' dir='ltr'>naturae</span> <span class='ocrx_word' id='word_1_188' title='bbox 1283 1200 1350 1220; x_wconf 89' lang='lat' dir='ltr'>mo-</span> 
     </span>
     <span class='ocr_line' id='line_1_26' title="bbox 333 1232 1352 1275; baseline -0.003 -7"><span class='ocrx_word' id='word_1_189' title='bbox 333 1236 431 1270; x_wconf 85' lang='lat' dir='ltr'>dum.</span> <span class='ocrx_word' id='word_1_190' title='bbox 572 1236 611 1267; x_wconf 92' lang='lat' dir='ltr'>In</span> <span class='ocrx_word' id='word_1_191' title='bbox 635 1234 789 1267; x_wconf 83' lang='lat' dir='ltr'>Thorace</span> <span class='ocrx_word' id='word_1_192' title='bbox 810 1244 918 1267; x_wconf 75' lang='lat' dir='ltr'>autem</span> <span class='ocrx_word' id='word_1_193' title='bbox 944 1234 1111 1275; x_wconf 81' lang='lat' dir='ltr'>pulmones</span> <span class='ocrx_word' id='word_1_194' title='bbox 1135 1232 1352 1273; x_wconf 46' lang='lat' dir='ltr'>quafdorsum</span> 
     </span>
     <span class='ocr_line' id='line_1_27' title="bbox 337 1276 1346 1321; baseline -0.003 -9"><span class='ocrx_word' id='word_1_195' title='bbox 337 1279 572 1321; x_wconf 70' lang='lat' dir='ltr'>respiciebant,</span> <span class='ocrx_word' id='word_1_196' title='bbox 595 1278 711 1311; x_wconf 86' lang='lat' dir='ltr'>leviter</span> <span class='ocrx_word' id='word_1_197' title='bbox 736 1276 954 1311; x_wconf 80' lang='lat' dir='ltr'>inflammati:</span> <span class='ocrx_word' id='word_1_198' title='bbox 981 1279 1013 1310; x_wconf 68' lang='grc' dir='ltr'>ἃ</span> <span class='ocrx_word' id='word_1_199' title='bbox 1037 1278 1071 1309; x_wconf 88' lang='lat' dir='ltr'>in</span> <span class='ocrx_word' id='word_1_200' title='bbox 1094 1276 1201 1314; x_wconf 78' lang='lat' dir='ltr'>cordis</span> <span class='ocrx_word' id='word_1_201' title='bbox 1225 1277 1346 1314; x_wconf 80' lang='lat' dir='ltr'>ventri-</span> 
     </span>
     <span class='ocr_line' id='line_1_28' title="bbox 335 1321 966 1363; baseline -0.005 -7"><span class='ocrx_word' id='word_1_202' title='bbox 335 1323 410 1356; x_wconf 86' lang='lat' dir='ltr'>culo</span> <span class='ocrx_word' id='word_1_203' title='bbox 433 1324 568 1356; x_wconf 86' lang='lat' dir='ltr'>dextero</span> <span class='ocrx_word' id='word_1_204' title='bbox 592 1321 750 1363; x_wconf 87' lang='lat' dir='ltr'>polyposa</span> <span class='ocrx_word' id='word_1_205' title='bbox 773 1323 966 1354; x_wconf 80' lang='lat' dir='ltr'>concretio.</span> 
     </span>
    </p>

    <p class='ocr_par' dir='ltr' id='par_1_4' title="bbox 333 1362 1347 1974">
     <span class='ocr_line' id='line_1_29' title="bbox 377 1362 1345 1408; baseline -0.005 -9"><span class='ocrx_word' id='word_1_206' title='bbox 377 1378 406 1408; x_wconf 95' lang='lat'>9.</span> <span class='ocrx_word' id='word_1_207' title='bbox 436 1367 509 1399; x_wconf 87' lang='lat' dir='ltr'>Sive</span> <span class='ocrx_word' id='word_1_208' title='bbox 533 1365 670 1399; x_wconf 86' lang='lat' dir='ltr'>rotunda</span> <span class='ocrx_word' id='word_1_209' title='bbox 696 1365 753 1397; x_wconf 82' lang='lat' dir='ltr'>ista</span> <span class='ocrx_word' id='word_1_210' title='bbox 775 1375 912 1406; x_wconf 89' lang='lat' dir='ltr'>corpora</span> <span class='ocrx_word' id='word_1_211' title='bbox 933 1363 1102 1398; x_wconf 82' lang='lat' dir='ltr'>exstabant</span> <span class='ocrx_word' id='word_1_212' title='bbox 1134 1365 1168 1397; x_wconf 92' lang='lat' dir='ltr'>in</span> <span class='ocrx_word' id='word_1_213' title='bbox 1204 1362 1345 1395; x_wconf 75' lang='lat' dir='ltr'>exterio-</span> 
     </span>
     <span class='ocr_line' id='line_1_30' title="bbox 334 1405 1345 1450; baseline -0.005 -7"><span class='ocrx_word' id='word_1_214' title='bbox 334 1423 388 1447; x_wconf 89' lang='lat' dir='ltr'>re,</span> <span class='ocrx_word' id='word_1_215' title='bbox 415 1408 476 1442; x_wconf 85' lang='lat' dir='ltr'>sive</span> <span class='ocrx_word' id='word_1_216' title='bbox 499 1411 533 1442; x_wconf 91' lang='lat' dir='ltr'>in</span> <span class='ocrx_word' id='word_1_217' title='bbox 558 1407 706 1450; x_wconf 78' lang='lat' dir='ltr'>opposita</span> <span class='ocrx_word' id='word_1_218' title='bbox 731 1409 813 1441; x_wconf 90' lang='lat' dir='ltr'>uteri</span> <span class='ocrx_word' id='word_1_219' title='bbox 838 1407 918 1442; x_wconf 87' lang='lat' dir='ltr'>facie</span> <span class='ocrx_word' id='word_1_220' title='bbox 934 1434 942 1446; x_wconf 91' lang='lat'>‚</span> <span class='ocrx_word' id='word_1_221' title='bbox 966 1405 1028 1440; x_wconf 81' lang='lat' dir='ltr'>five</span> <span class='ocrx_word' id='word_1_222' title='bbox 1051 1410 1131 1441; x_wconf 89' lang='lat' dir='ltr'>item</span> <span class='ocrx_word' id='word_1_223' title='bbox 1169 1409 1258 1448; x_wconf 87' lang='lat' dir='ltr'>nigra</span> <span class='ocrx_word' id='word_1_224' title='bbox 1292 1406 1345 1439; x_wconf 85' lang='lat' dir='ltr'>illa</span> 
     </span>
     <span class='ocr_line' id='line_1_31' title="bbox 334 1450 1346 1494; baseline -0.005 -7"><span class='ocrx_word' id='word_1_225' title='bbox 334 1453 543 1494; x_wconf 83' lang='lat' dir='ltr'>corpuscula,</span> <span class='ocrx_word' id='word_1_226' title='bbox 569 1453 618 1485; x_wconf 89' lang='lat' dir='ltr'>vel</span> <span class='ocrx_word' id='word_1_227' title='bbox 643 1451 750 1494; x_wconf 87' lang='lat' dir='ltr'>potius</span> <span class='ocrx_word' id='word_1_228' title='bbox 775 1453 892 1494; x_wconf 65' lang='lat' dir='ltr'>puncta</span> <span class='ocrx_word' id='word_1_229' title='bbox 917 1452 996 1485; x_wconf 87' lang='lat' dir='ltr'>hanc</span> <span class='ocrx_word' id='word_1_230' title='bbox 1013 1475 1022 1489; x_wconf 91' lang='lat'>‚</span> <span class='ocrx_word' id='word_1_231' title='bbox 1047 1462 1100 1484; x_wconf 86' lang='lat' dir='ltr'>aut</span> <span class='ocrx_word' id='word_1_232' title='bbox 1124 1450 1346 1485; x_wconf 75' lang='lat' dir='ltr'>illamintesti-</span> 
     </span>
     <span class='ocr_line' id='line_1_32' title="bbox 335 1494 1344 1537; baseline -0.004 -7"><span class='ocrx_word' id='word_1_233' title='bbox 335 1501 368 1530; x_wconf 89' lang='lat' dir='ltr'>ni</span> <span class='ocrx_word' id='word_1_234' title='bbox 393 1497 509 1531; x_wconf 89' lang='lat' dir='ltr'>faciem</span> <span class='ocrx_word' id='word_1_235' title='bbox 533 1496 707 1532; x_wconf 68' lang='lat' dir='ltr'>tenebant,</span> <span class='ocrx_word' id='word_1_236' title='bbox 729 1495 816 1529; x_wconf 83' lang='lat' dir='ltr'>haud</span> <span class='ocrx_word' id='word_1_237' title='bbox 841 1495 914 1530; x_wconf 83' lang='lat' dir='ltr'>satis</span> <span class='ocrx_word' id='word_1_238' title='bbox 938 1505 1069 1537; x_wconf 74' lang='lat' dir='ltr'>apparet</span> <span class='ocrx_word' id='word_1_239' title='bbox 1091 1518 1100 1532; x_wconf 91' lang='lat'>,</span> <span class='ocrx_word' id='word_1_240' title='bbox 1147 1494 1229 1528; x_wconf 79' lang='lat' dir='ltr'>unde</span> <span class='ocrx_word' id='word_1_241' title='bbox 1276 1495 1344 1536; x_wconf 81' lang='lat' dir='ltr'>pri·</span> 
     </span>
     <span class='ocr_line' id='line_1_33' title="bbox 335 1537 1342 1577; baseline -0.006 -2"><span class='ocrx_word' id='word_1_242' title='bbox 335 1552 424 1574; x_wconf 88' lang='lat' dir='ltr'>mum</span> <span class='ocrx_word' id='word_1_243' title='bbox 448 1541 607 1577; x_wconf 84' lang='lat' dir='ltr'>tertiana,</span> <span class='ocrx_word' id='word_1_244' title='bbox 632 1538 746 1573; x_wconf 86' lang='lat' dir='ltr'>deinde</span> <span class='ocrx_word' id='word_1_245' title='bbox 771 1549 848 1572; x_wconf 91' lang='lat' dir='ltr'>vero</span> <span class='ocrx_word' id='word_1_246' title='bbox 872 1539 983 1572; x_wconf 82' lang='lat' dir='ltr'>ardens</span> <span class='ocrx_word' id='word_1_247' title='bbox 1006 1538 1105 1572; x_wconf 86' lang='lat' dir='ltr'>febris</span> <span class='ocrx_word' id='word_1_248' title='bbox 1127 1539 1246 1574; x_wconf 87' lang='lat' dir='ltr'>oborta</span> <span class='ocrx_word' id='word_1_249' title='bbox 1270 1537 1308 1570; x_wconf 80' lang='lat' dir='ltr'>iit</span> <span class='ocrx_word' id='word_1_250' title='bbox 1333 1561 1342 1569; x_wconf 94' lang='lat'><strong>.</strong></span> 
     </span>
     <span class='ocr_line' id='line_1_34' title="bbox 335 1582 1341 1624; baseline -0.006 -7"><span class='ocrx_word' id='word_1_251' title='bbox 335 1585 435 1618; x_wconf 86' lang='lat' dir='ltr'>Haud</span> <span class='ocrx_word' id='word_1_252' title='bbox 460 1584 555 1620; x_wconf 87' lang='lat' dir='ltr'>satis,</span> <span class='ocrx_word' id='word_1_253' title='bbox 581 1584 735 1624; x_wconf 85' lang='lat' dir='ltr'>inquam,</span> <span class='ocrx_word' id='word_1_254' title='bbox 759 1592 888 1624; x_wconf 85' lang='lat' dir='ltr'>apparet</span> <span class='ocrx_word' id='word_1_255' title='bbox 904 1607 912 1623; x_wconf 92' lang='lat'>‚</span> <span class='ocrx_word' id='word_1_256' title='bbox 936 1594 999 1617; x_wconf 89' lang='lat' dir='ltr'>non</span> <span class='ocrx_word' id='word_1_257' title='bbox 1021 1582 1109 1624; x_wconf 92' lang='lat' dir='ltr'>quod</span> <span class='ocrx_word' id='word_1_258' title='bbox 1134 1594 1184 1615; x_wconf 90' lang='lat' dir='ltr'>me</span> <span class='ocrx_word' id='word_1_259' title='bbox 1208 1582 1313 1623; x_wconf 72' lang='lat' dir='ltr'>fugiat</span> <span class='ocrx_word' id='word_1_260' title='bbox 1332 1603 1341 1617; x_wconf 91' lang='lat'>‚</span> 
     </span>
     <span class='ocr_line' id='line_1_35' title="bbox 336 1624 1344 1670; baseline -0.006 -9"><span class='ocrx_word' id='word_1_261' title='bbox 336 1639 401 1670; x_wconf 80' lang='lat' dir='ltr'>qua</span> <span class='ocrx_word' id='word_1_262' title='bbox 427 1629 553 1661; x_wconf 89' lang='lat' dir='ltr'>ratione</span> <span class='ocrx_word' id='word_1_263' title='bbox 577 1638 592 1660; x_wconf 87' lang='lat' dir='ltr'>a</span> <span class='ocrx_word' id='word_1_264' title='bbox 617 1626 741 1659; x_wconf 86' lang='lat' dir='ltr'>viscido</span> <span class='ocrx_word' id='word_1_265' title='bbox 765 1625 899 1659; x_wconf 90' lang='lat' dir='ltr'>humore</span> <span class='ocrx_word' id='word_1_266' title='bbox 920 1652 928 1666; x_wconf 85' lang='lat'>,</span> <span class='ocrx_word' id='word_1_267' title='bbox 952 1637 1017 1659; x_wconf 91' lang='lat' dir='ltr'>non</span> <span class='ocrx_word' id='word_1_268' title='bbox 1046 1637 1106 1659; x_wconf 87' lang='lat' dir='ltr'>una</span> <span class='ocrx_word' id='word_1_269' title='bbox 1149 1638 1191 1659; x_wconf 79' lang='lat' dir='ltr'>ex</span> <span class='ocrx_word' id='word_1_270' title='bbox 1221 1624 1344 1657; x_wconf 80' lang='lat' dir='ltr'>latebra</span> 
     </span>
     <span class='ocr_line' id='line_1_36' title="bbox 335 1667 1346 1711; baseline -0.004 -8"><span class='ocrx_word' id='word_1_271' title='bbox 335 1673 421 1705; x_wconf 82' lang='lat' dir='ltr'>intra</span> <span class='ocrx_word' id='word_1_272' title='bbox 444 1681 568 1704; x_wconf 90' lang='lat' dir='ltr'>certum</span> <span class='ocrx_word' id='word_1_273' title='bbox 594 1680 722 1711; x_wconf 84' lang='lat' dir='ltr'>tempus</span> <span class='ocrx_word' id='word_1_274' title='bbox 748 1668 949 1709; x_wconf 83' lang='lat' dir='ltr'>prodeunte,</span> <span class='ocrx_word' id='word_1_275' title='bbox 974 1671 1050 1703; x_wconf 86' lang='lat' dir='ltr'>Viri</span> <span class='ocrx_word' id='word_1_276' title='bbox 1076 1667 1260 1703; x_wconf 69' lang='lat' dir='ltr'>Doffiffimi</span> <span class='ocrx_word' id='word_1_277' title='bbox 1295 1679 1346 1700; x_wconf 89' lang='lat' dir='ltr'>re-</span> 
     </span>
     <span class='ocr_line' id='line_1_37' title="bbox 333 1711 1347 1759; baseline -0.004 -13"><span class='ocrx_word' id='word_1_278' title='bbox 333 1725 498 1749; x_wconf 79' lang='lat' dir='ltr'>currentes</span> <span class='ocrx_word' id='word_1_279' title='bbox 522 1712 622 1759; x_wconf 72' lang='lat' dir='ltr'>febres</span> <span class='ocrx_word' id='word_1_280' title='bbox 645 1712 834 1746; x_wconf 86' lang='lat' dir='ltr'>deduxerint</span> <span class='ocrx_word' id='word_1_281' title='bbox 849 1736 857 1750; x_wconf 93' lang='lat'>,</span> <span class='ocrx_word' id='word_1_282' title='bbox 884 1723 939 1745; x_wconf 88' lang='lat' dir='ltr'>aut</span> <span class='ocrx_word' id='word_1_283' title='bbox 963 1711 1047 1754; x_wconf 80' lang='lat' dir='ltr'>posse</span> <span class='ocrx_word' id='word_1_284' title='bbox 1071 1714 1164 1754; x_wconf 86' lang='lat' dir='ltr'>nigra</span> <span class='ocrx_word' id='word_1_285' title='bbox 1189 1712 1244 1750; x_wconf 85' lang='lat' dir='ltr'>illa</span> <span class='ocrx_word' id='word_1_286' title='bbox 1270 1723 1347 1751; x_wconf 83' lang='lat' dir='ltr'>pun-</span> 
     </span>
     <span class='ocr_line' id='line_1_38' title="bbox 334 1755 1347 1800; baseline -0.005 -8"><span class='ocrx_word' id='word_1_287' title='bbox 334 1760 385 1792; x_wconf 69' lang='lat' dir='ltr'>&amp;a</span> <span class='ocrx_word' id='word_1_288' title='bbox 408 1759 538 1800; x_wconf 83' lang='lat' dir='ltr'>exiguas</span> <span class='ocrx_word' id='word_1_289' title='bbox 561 1756 838 1792; x_wconf 69' lang='lat' dir='ltr'>inflammationes</span> <span class='ocrx_word' id='word_1_290' title='bbox 863 1755 928 1797; x_wconf 80' lang='lat' dir='ltr'>jam</span> <span class='ocrx_word' id='word_1_291' title='bbox 954 1758 988 1788; x_wconf 88' lang='lat' dir='ltr'>in</span> <span class='ocrx_word' id='word_1_292' title='bbox 1013 1766 1217 1797; x_wconf 81' lang='lat' dir='ltr'>gangraenam</span> <span class='ocrx_word' id='word_1_293' title='bbox 1252 1755 1347 1796; x_wconf 83' lang='lat' dir='ltr'>dege-</span> 
     </span>
     <span class='ocr_line' id='line_1_39' title="bbox 334 1797 1343 1844; baseline -0.007 -9"><span class='ocrx_word' id='word_1_294' title='bbox 334 1811 480 1836; x_wconf 84' lang='lat' dir='ltr'>nerantes</span> <span class='ocrx_word' id='word_1_295' title='bbox 504 1799 704 1844; x_wconf 75' lang='lat' dir='ltr'>fignificare:</span> <span class='ocrx_word' id='word_1_296' title='bbox 729 1797 781 1833; x_wconf 82' lang='lat' dir='ltr'>sed</span> <span class='ocrx_word' id='word_1_297' title='bbox 804 1799 893 1842; x_wconf 88' lang='lat' dir='ltr'>quod</span> <span class='ocrx_word' id='word_1_298' title='bbox 925 1800 1043 1832; x_wconf 90' lang='lat' dir='ltr'>vitium</span> <span class='ocrx_word' id='word_1_299' title='bbox 1090 1810 1264 1840; x_wconf 83' lang='lat' dir='ltr'>utrumque</span> <span class='ocrx_word' id='word_1_300' title='bbox 1309 1799 1343 1829; x_wconf 87' lang='lat' dir='ltr'>in</span> 
     </span>
     <span class='ocr_line' id='line_1_40' title="bbox 335 1841 1343 1889; baseline -0.006 -11"><span class='ocrx_word' id='word_1_301' title='bbox 335 1846 482 1889; x_wconf 85' lang='lat' dir='ltr'>pluribus</span> <span class='ocrx_word' id='word_1_302' title='bbox 506 1845 620 1880; x_wconf 72' lang='lat' dir='ltr'>fuisse,</span> <span class='ocrx_word' id='word_1_303' title='bbox 645 1842 743 1876; x_wconf 88' lang='lat' dir='ltr'>sciam</span> <span class='ocrx_word' id='word_1_304' title='bbox 759 1866 768 1881; x_wconf 93' lang='lat'><em>‚</em></span> <span class='ocrx_word' id='word_1_305' title='bbox 794 1854 871 1885; x_wconf 88' lang='lat' dir='ltr'>quas</span> <span class='ocrx_word' id='word_1_306' title='bbox 895 1853 959 1876; x_wconf 89' lang='lat' dir='ltr'>non</span> <span class='ocrx_word' id='word_1_307' title='bbox 991 1841 1172 1876; x_wconf 84' lang='lat' dir='ltr'>istiusmodi</span> <span class='ocrx_word' id='word_1_308' title='bbox 1208 1841 1313 1874; x_wconf 82' lang='lat' dir='ltr'>febres</span> <span class='ocrx_word' id='word_1_309' title='bbox 1334 1862 1343 1877; x_wconf 91' lang='lat'>,</span> 
     </span>
     <span class='ocr_line' id='line_1_41' title="bbox 335 1884 1345 1928; baseline -0.006 -6"><span class='ocrx_word' id='word_1_310' title='bbox 335 1889 385 1923; x_wconf 81' lang='lat' dir='ltr'>sed</span> <span class='ocrx_word' id='word_1_311' title='bbox 410 1901 500 1922; x_wconf 79' lang='lat' dir='ltr'>noxae</span> <span class='ocrx_word' id='word_1_312' title='bbox 526 1890 593 1922; x_wconf 79' lang='lat' dir='ltr'>aliae</span> <span class='ocrx_word' id='word_1_313' title='bbox 620 1887 699 1920; x_wconf 88' lang='lat' dir='ltr'>male</span> <span class='ocrx_word' id='word_1_314' title='bbox 722 1885 920 1925; x_wconf 73' lang='lat' dir='ltr'>habuerint,</span> <span class='ocrx_word' id='word_1_315' title='bbox 956 1897 1033 1928; x_wconf 79' lang='lat' dir='ltr'>quas</span> <span class='ocrx_word' id='word_1_316' title='bbox 1066 1884 1181 1919; x_wconf 86' lang='lat' dir='ltr'>frustra</span> <span class='ocrx_word' id='word_1_317' title='bbox 1217 1887 1250 1918; x_wconf 87' lang='lat' dir='ltr'>in</span> <span class='ocrx_word' id='word_1_318' title='bbox 1286 1884 1345 1917; x_wconf 85' lang='lat' dir='ltr'>hac</span> 
     </span>
     <span class='ocr_line' id='line_1_42' title="bbox 336 1928 1341 1974; baseline -0.009 -7"><span class='ocrx_word' id='word_1_319' title='bbox 336 1933 473 1968; x_wconf 73' lang='lat' dir='ltr'>historia</span> <span class='ocrx_word' id='word_1_320' title='bbox 500 1932 677 1974; x_wconf 83' lang='lat' dir='ltr'>perquiro,</span> <span class='ocrx_word' id='word_1_321' title='bbox 701 1929 1004 1963; x_wconf 87' lang='lat' dir='ltr'>vitiorumillorum</span> <span class='ocrx_word' id='word_1_322' title='bbox 1020 1929 1122 1963; x_wconf 88' lang='lat' dir='ltr'>sedem</span> <span class='ocrx_word' id='word_1_323' title='bbox 1146 1928 1341 1961; x_wconf 85' lang='lat' dir='ltr'>indicantes.</span> 
     </span>
    </p>

    <p class='ocr_par' dir='ltr' id='par_1_5' title="bbox 335 1971 1356 2624">
     <span class='ocr_line' id='line_1_43' title="bbox 384 1971 1347 2015; baseline -0.006 -6"><span class='ocrx_word' id='word_1_324' title='bbox 384 1987 430 2011; x_wconf 87' lang='lat'>10.</span> <span class='ocrx_word' id='word_1_325' title='bbox 458 1975 648 2009; x_wconf 73' lang='lat' dir='ltr'><strong>MULIEK</strong></span> <span class='ocrx_word' id='word_1_326' title='bbox 675 1984 774 2006; x_wconf 87' lang='lat' dir='ltr'>annos</span> <span class='ocrx_word' id='word_1_327' title='bbox 798 1982 871 2005; x_wconf 88' lang='lat' dir='ltr'>nata</span> <span class='ocrx_word' id='word_1_328' title='bbox 896 1974 1017 2015; x_wconf 84' lang='lat' dir='ltr'>viginti</span> <span class='ocrx_word' id='word_1_329' title='bbox 1040 1974 1207 2015; x_wconf 85' lang='lat' dir='ltr'>quinque,</span> <span class='ocrx_word' id='word_1_330' title='bbox 1233 1971 1347 2005; x_wconf 86' lang='lat' dir='ltr'>eodem</span> 
     </span>
     <span class='ocr_line' id='line_1_44' title="bbox 335 2013 1346 2063; baseline -0.007 -9"><span class='ocrx_word' id='word_1_331' title='bbox 335 2033 402 2063; x_wconf 85' lang='lat' dir='ltr'>quo</span> <span class='ocrx_word' id='word_1_332' title='bbox 427 2021 514 2062; x_wconf 89' lang='lat' dir='ltr'>prior</span> <span class='ocrx_word' id='word_1_333' title='bbox 538 2021 592 2053; x_wconf 83' lang='lat' dir='ltr'>ilia</span> <span class='ocrx_word' id='word_1_334' title='bbox 617 2021 626 2056; x_wconf 93' lang='lat'>(</span> <span class='ocrx_word' id='word_1_335' title='bbox 650 2018 699 2058; x_wconf 83' lang='lat' dir='ltr'>e)</span> <span class='ocrx_word' id='word_1_336' title='bbox 725 2027 1000 2057; x_wconf 83' lang='lat' dir='ltr'>temperamento,</span> <span class='ocrx_word' id='word_1_337' title='bbox 1024 2017 1057 2049; x_wconf 92' lang='lat' dir='ltr'>in</span> <span class='ocrx_word' id='word_1_338' title='bbox 1082 2016 1167 2049; x_wconf 85' lang='lat' dir='ltr'>idem</span> <span class='ocrx_word' id='word_1_339' title='bbox 1192 2013 1346 2048; x_wconf 76' lang='lat' dir='ltr'>Nosoco-</span> 
     </span>
     <span class='ocr_line' id='line_1_45' title="bbox 337 2060 1346 2102; baseline -0.008 -3"><span class='ocrx_word' id='word_1_340' title='bbox 337 2066 441 2099; x_wconf 84' lang='lat' dir='ltr'>mium</span> <span class='ocrx_word' id='word_1_341' title='bbox 466 2072 620 2100; x_wconf 84' lang='lat' dir='ltr'>venerat,</span> <span class='ocrx_word' id='word_1_342' title='bbox 647 2072 721 2094; x_wconf 86' lang='lat' dir='ltr'>curn</span> <span class='ocrx_word' id='word_1_343' title='bbox 743 2060 934 2094; x_wconf 85' lang='lat' dir='ltr'>difficultate</span> <span class='ocrx_word' id='word_1_344' title='bbox 958 2060 1100 2102; x_wconf 86' lang='lat' dir='ltr'>spirandi</span> <span class='ocrx_word' id='word_1_345' title='bbox 1125 2061 1243 2092; x_wconf 81' lang='lat' dir='ltr'>tentari</span> <span class='ocrx_word' id='word_1_346' title='bbox 1278 2070 1346 2091; x_wconf 80' lang='lat' dir='ltr'>cce-</span> 
     </span>
     <span class='ocr_line' id='line_1_46' title="bbox 337 2102 1346 2152; baseline -0.007 -11"><span class='ocrx_word' id='word_1_347' title='bbox 337 2107 448 2152; x_wconf 68' lang='lat' dir='ltr'>piss‘et.</span> <span class='ocrx_word' id='word_1_348' title='bbox 474 2106 652 2148; x_wconf 72' lang='lat' dir='ltr'>Coniunffl</span> <span class='ocrx_word' id='word_1_349' title='bbox 678 2114 766 2138; x_wconf 86' lang='lat' dir='ltr'>erant</span> <span class='ocrx_word' id='word_1_350' title='bbox 790 2115 862 2137; x_wconf 84' lang='lat' dir='ltr'>cum</span> <span class='ocrx_word' id='word_1_351' title='bbox 886 2116 920 2137; x_wconf 91' lang='lat' dir='ltr'>ea</span> <span class='ocrx_word' id='word_1_352' title='bbox 965 2102 1155 2137; x_wconf 86' lang='lat' dir='ltr'>difficultate</span> <span class='ocrx_word' id='word_1_353' title='bbox 1188 2102 1282 2136; x_wconf 88' lang='lat' dir='ltr'>dolor</span> <span class='ocrx_word' id='word_1_354' title='bbox 1313 2103 1346 2134; x_wconf 90' lang='lat' dir='ltr'>in</span> 
     </span>
     <span class='ocr_line' id='line_1_47' title="bbox 337 2143 1348 2194; baseline -0.009 -8"><span class='ocrx_word' id='word_1_355' title='bbox 337 2152 480 2188; x_wconf 74' lang='lat' dir='ltr'>thoracis</span> <span class='ocrx_word' id='word_1_356' title='bbox 506 2161 595 2194; x_wconf 86' lang='lat' dir='ltr'>parte</span> <span class='ocrx_word' id='word_1_357' title='bbox 618 2148 760 2188; x_wconf 85' lang='lat' dir='ltr'>finistra,</span> <span class='ocrx_word' id='word_1_358' title='bbox 785 2149 916 2191; x_wconf 84' lang='lat' dir='ltr'>quidam</span> <span class='ocrx_word' id='word_1_359' title='bbox 940 2149 1023 2181; x_wconf 87' lang='lat' dir='ltr'>intra</span> <span class='ocrx_word' id='word_1_360' title='bbox 1048 2146 1133 2181; x_wconf 88' lang='lat' dir='ltr'>hunc</span> <span class='ocrx_word' id='word_1_361' title='bbox 1156 2143 1348 2187; x_wconf 84' lang='lat' dir='ltr'>interrespi-</span> 
     </span>
     <span class='ocr_line' id='line_1_48' title="bbox 338 2188 1348 2235; baseline -0.008 -5"><span class='ocrx_word' id='word_1_362' title='bbox 338 2197 473 2230; x_wconf 86' lang='lat' dir='ltr'>randum</span> <span class='ocrx_word' id='word_1_363' title='bbox 499 2193 640 2228; x_wconf 85' lang='lat' dir='ltr'>materiae</span> <span class='ocrx_word' id='word_1_364' title='bbox 663 2192 804 2230; x_wconf 81' lang='lat' dir='ltr'>sonitus,</span> <span class='ocrx_word' id='word_1_365' title='bbox 832 2194 863 2224; x_wconf 87' lang='lat'><strong>&amp;</strong></span> <span class='ocrx_word' id='word_1_366' title='bbox 888 2191 993 2235; x_wconf 89' lang='lat' dir='ltr'>pulsus</span> <span class='ocrx_word' id='word_1_367' title='bbox 1028 2191 1136 2224; x_wconf 90' lang='lat' dir='ltr'>mollis</span> <span class='ocrx_word' id='word_1_368' title='bbox 1179 2188 1314 2234; x_wconf 87' lang='lat' dir='ltr'>quidem</span> <span class='ocrx_word' id='word_1_369' title='bbox 1336 2210 1348 2227; x_wconf 89' lang='lat'>,</span> 
     </span>
     <span class='ocr_line' id='line_1_49' title="bbox 339 2233 1347 2280; baseline -0.009 -6"><span class='ocrx_word' id='word_1_370' title='bbox 339 2240 390 2274; x_wconf 87' lang='lat' dir='ltr'>sed</span> <span class='ocrx_word' id='word_1_371' title='bbox 415 2239 634 2280; x_wconf 78' lang='lat' dir='ltr'>frequentior.</span> <span class='ocrx_word' id='word_1_372' title='bbox 660 2236 805 2271; x_wconf 67' lang='lat' dir='ltr'>Quincto</span> <span class='ocrx_word' id='word_1_373' title='bbox 830 2234 880 2268; x_wconf 86' lang='lat' dir='ltr'>die</span> <span class='ocrx_word' id='word_1_374' title='bbox 904 2237 1011 2277; x_wconf 87' lang='lat' dir='ltr'>regius</span> <span class='ocrx_word' id='word_1_375' title='bbox 1036 2235 1167 2268; x_wconf 83' lang='lat' dir='ltr'>morbus</span> <span class='ocrx_word' id='word_1_376' title='bbox 1191 2233 1313 2268; x_wconf 83' lang='lat' dir='ltr'>acceffit</span> <span class='ocrx_word' id='word_1_377' title='bbox 1338 2245 1347 2263; x_wconf 67' lang='grc' dir='ltr'><em>ε</em></span> 
     </span>
     <span class='ocr_line' id='line_1_50' title="bbox 339 2277 1352 2328; baseline -0.005 -13"><span class='ocrx_word' id='word_1_378' title='bbox 339 2285 394 2328; x_wconf 84' lang='lat' dir='ltr'>qui</span> <span class='ocrx_word' id='word_1_379' title='bbox 420 2293 493 2315; x_wconf 85' lang='lat' dir='ltr'>cum</span> <span class='ocrx_word' id='word_1_380' title='bbox 519 2282 616 2323; x_wconf 88' lang='lat' dir='ltr'>usque</span> <span class='ocrx_word' id='word_1_381' title='bbox 641 2279 839 2312; x_wconf 61' lang='lat' dir='ltr'>adoetavum</span> <span class='ocrx_word' id='word_1_382' title='bbox 856 2279 1066 2320; x_wconf 86' lang='lat' dir='ltr'>perstitislet,</span> <span class='ocrx_word' id='word_1_383' title='bbox 1088 2277 1352 2312; x_wconf 83' lang='lat' dir='ltr'>evanuit.Tunc</span> 
     </span>
     <span class='ocr_line' id='line_1_51' title="bbox 340 2320 1352 2364; baseline -0.01 -2"><span class='ocrx_word' id='word_1_384' title='bbox 340 2329 383 2361; x_wconf 92' lang='lat' dir='ltr'>ob</span> <span class='ocrx_word' id='word_1_385' title='bbox 407 2326 506 2360; x_wconf 90' lang='lat' dir='ltr'>febris</span> <span class='ocrx_word' id='word_1_386' title='bbox 532 2325 770 2364; x_wconf 71' lang='lat' dir='ltr'>pertinaciam,</span> <span class='ocrx_word' id='word_1_387' title='bbox 796 2323 960 2364; x_wconf 87' lang='lat' dir='ltr'>sanguinis</span> <span class='ocrx_word' id='word_1_388' title='bbox 984 2322 1112 2361; x_wconf 79' lang='lat' dir='ltr'>missio,</span> <span class='ocrx_word' id='word_1_389' title='bbox 1137 2320 1201 2363; x_wconf 83' lang='lat' dir='ltr'>jam</span> <span class='ocrx_word' id='word_1_390' title='bbox 1237 2321 1352 2362; x_wconf 87' lang='lat' dir='ltr'>primis</span> 
     </span>
     <span class='ocr_line' id='line_1_52' title="bbox 340 2364 1352 2409; baseline -0.009 -4"><span class='ocrx_word' id='word_1_391' title='bbox 340 2371 454 2405; x_wconf 90' lang='lat' dir='ltr'>diebus</span> <span class='ocrx_word' id='word_1_392' title='bbox 478 2368 624 2402; x_wconf 80' lang='lat' dir='ltr'>instituta</span> <span class='ocrx_word' id='word_1_393' title='bbox 645 2392 651 2405; x_wconf 89' lang='lat'><em>‚</em></span> <span class='ocrx_word' id='word_1_394' title='bbox 676 2367 781 2400; x_wconf 80' lang='lat' dir='ltr'>rursus</span> <span class='ocrx_word' id='word_1_395' title='bbox 805 2368 941 2408; x_wconf 87' lang='lat' dir='ltr'>repetita</span> <span class='ocrx_word' id='word_1_396' title='bbox 968 2366 1029 2399; x_wconf 80' lang='lat' dir='ltr'>est.</span> <span class='ocrx_word' id='word_1_397' title='bbox 1056 2364 1204 2398; x_wconf 89' lang='lat' dir='ltr'>Tandem</span> <span class='ocrx_word' id='word_1_398' title='bbox 1229 2375 1266 2396; x_wconf 85' lang='lat' dir='ltr'>ex</span> <span class='ocrx_word' id='word_1_399' title='bbox 1290 2366 1352 2409; x_wconf 81' lang='lat' dir='ltr'>im-</span> 
     </span>
     <span class='ocr_line' id='line_1_53' title="bbox 342 2406 1353 2458; baseline -0.011 -9"><span class='ocrx_word' id='word_1_400' title='bbox 342 2413 475 2458; x_wconf 86' lang='lat' dir='ltr'>proviso</span> <span class='ocrx_word' id='word_1_401' title='bbox 500 2424 584 2446; x_wconf 88' lang='lat' dir='ltr'>mors</span> <span class='ocrx_word' id='word_1_402' title='bbox 610 2413 805 2448; x_wconf 68' lang='lat' dir='ltr'>occupavit,</span> <span class='ocrx_word' id='word_1_403' title='bbox 831 2421 932 2451; x_wconf 90' lang='lat' dir='ltr'>neque</span> <span class='ocrx_word' id='word_1_404' title='bbox 955 2411 1041 2442; x_wconf 89' lang='lat' dir='ltr'>enim</span> <span class='ocrx_word' id='word_1_405' title='bbox 1065 2407 1163 2441; x_wconf 89' lang='lat' dir='ltr'>febris</span> <span class='ocrx_word' id='word_1_406' title='bbox 1187 2406 1353 2448; x_wconf 69' lang='lat' dir='ltr'>eratejus—</span> 
     </span>
     <span class='ocr_line' id='line_1_54' title="bbox 343 2450 1353 2497; baseline -0.011 -5"><span class='ocrx_word' id='word_1_407' title='bbox 343 2459 456 2497; x_wconf 83' lang='lat' dir='ltr'>modi,</span> <span class='ocrx_word' id='word_1_408' title='bbox 478 2466 513 2490; x_wconf 80' lang='lat' dir='ltr'>ut</span> <span class='ocrx_word' id='word_1_409' title='bbox 537 2466 613 2488; x_wconf 91' lang='lat' dir='ltr'>tunc</span> <span class='ocrx_word' id='word_1_410' title='bbox 640 2464 777 2487; x_wconf 82' lang='lat' dir='ltr'>mortem</span> <span class='ocrx_word' id='word_1_411' title='bbox 803 2455 980 2486; x_wconf 84' lang='lat' dir='ltr'>minaretur</span> <span class='ocrx_word' id='word_1_412' title='bbox 1006 2477 1012 2484; x_wconf 84' lang='grc'><strong><em>,</em></strong></span> <span class='ocrx_word' id='word_1_413' title='bbox 1148 2450 1353 2483; x_wconf 76' lang='lat' dir='ltr'>VENTRE</span> 
     </span>
     <span class='ocr_line' id='line_1_55' title="bbox 344 2493 1353 2546; baseline -0.012 -10"><span class='ocrx_word' id='word_1_414' title='bbox 344 2511 484 2546; x_wconf 82' lang='lat' dir='ltr'>apertO,</span> <span class='ocrx_word' id='word_1_415' title='bbox 510 2499 578 2532; x_wconf 89' lang='lat' dir='ltr'>sana</span> <span class='ocrx_word' id='word_1_416' title='bbox 601 2500 711 2530; x_wconf 85' lang='lat' dir='ltr'>omnia</span> <span class='ocrx_word' id='word_1_417' title='bbox 736 2499 865 2529; x_wconf 86' lang='lat' dir='ltr'>inventa</span> <span class='ocrx_word' id='word_1_418' title='bbox 893 2496 985 2533; x_wconf 85' lang='lat' dir='ltr'>suut,</span> <span class='ocrx_word' id='word_1_419' title='bbox 1019 2494 1076 2529; x_wconf 83' lang='lat' dir='ltr'>nisi</span> <span class='ocrx_word' id='word_1_420' title='bbox 1112 2493 1202 2537; x_wconf 89' lang='lat' dir='ltr'>quod</span> <span class='ocrx_word' id='word_1_421' title='bbox 1239 2493 1353 2539; x_wconf 81' lang='lat' dir='ltr'>selibra</span> 
     </span>
     <span class='ocr_line' id='line_1_56' title="bbox 345 2538 1353 2588; baseline -0.008 -11"><span class='ocrx_word' id='word_1_422' title='bbox 345 2557 435 2588; x_wconf 84' lang='lat' dir='ltr'>aquae</span> <span class='ocrx_word' id='word_1_423' title='bbox 459 2545 492 2575; x_wconf 86' lang='lat' dir='ltr'>in</span> <span class='ocrx_word' id='word_1_424' title='bbox 518 2553 585 2576; x_wconf 88' lang='lat' dir='ltr'>tota</span> <span class='ocrx_word' id='word_1_425' title='bbox 611 2542 665 2574; x_wconf 90' lang='lat' dir='ltr'>illa</span> <span class='ocrx_word' id='word_1_426' title='bbox 692 2551 784 2573; x_wconf 87' lang='lat' dir='ltr'>cavea</span> <span class='ocrx_word' id='word_1_427' title='bbox 809 2541 975 2572; x_wconf 83' lang='lat' dir='ltr'>occurrit:</span> <span class='ocrx_word' id='word_1_428' title='bbox 1000 2551 1072 2582; x_wconf 85' lang='lat' dir='ltr'>quae</span> <span class='ocrx_word' id='word_1_429' title='bbox 1096 2548 1202 2571; x_wconf 89' lang='lat' dir='ltr'>tamen</span> <span class='ocrx_word' id='word_1_430' title='bbox 1228 2548 1274 2570; x_wconf 86' lang='lat' dir='ltr'>res</span> <span class='ocrx_word' id='word_1_431' title='bbox 1319 2538 1353 2568; x_wconf 87' lang='lat' dir='ltr'>in</span> 
     </span>
     <span class='ocr_line' id='line_1_57' title="bbox 345 2578 1356 2624; baseline -0.011 -2"><span class='ocrx_word' id='word_1_432' title='bbox 345 2591 414 2623; x_wconf 88' lang='lat' dir='ltr'>aliis</span> <span class='ocrx_word' id='word_1_433' title='bbox 438 2589 535 2620; x_wconf 88' lang='lat' dir='ltr'>etiam</span> <span class='ocrx_word' id='word_1_434' title='bbox 561 2585 769 2619; x_wconf 78' lang='lat' dir='ltr'>cadaveribus</span> <span class='ocrx_word' id='word_1_435' title='bbox 794 2584 906 2624; x_wconf 84' lang='lat' dir='ltr'>saepius</span> <span class='ocrx_word' id='word_1_436' title='bbox 950 2581 1053 2616; x_wconf 85' lang='lat' dir='ltr'>fuerat</span> <span class='ocrx_word' id='word_1_437' title='bbox 1099 2578 1323 2615; x_wconf 83' lang='lat' dir='ltr'>animadversa</span> <span class='ocrx_word' id='word_1_438' title='bbox 1349 2603 1356 2610; x_wconf 84' lang='lat'>.</span> 
     </span>
    </p>

    <p class='ocr_par' dir='ltr' id='par_1_6' title="bbox 345 2624 1364 3014">
     <span class='ocr_line' id='line_1_58' title="bbox 485 2624 1361 2668; baseline -0.009 -6"><span class='ocrx_word' id='word_1_439' title='bbox 485 2633 524 2663; x_wconf 85' lang='lat' dir='ltr'>Jn</span> <span class='ocrx_word' id='word_1_440' title='bbox 575 2627 727 2662; x_wconf 82' lang='lat' dir='ltr'>Thorace</span> <span class='ocrx_word' id='word_1_441' title='bbox 771 2627 882 2660; x_wconf 72' lang='lat' dir='ltr'>deXter‘</span> <span class='ocrx_word' id='word_1_442' title='bbox 928 2626 1040 2668; x_wconf 85' lang='lat' dir='ltr'>pulmo</span> <span class='ocrx_word' id='word_1_443' title='bbox 1064 2649 1073 2665; x_wconf 88' lang='lat'>,</span> <span class='ocrx_word' id='word_1_444' title='bbox 1095 2627 1152 2666; x_wconf 90' lang='lat' dir='ltr'>qui</span> <span class='ocrx_word' id='word_1_445' title='bbox 1180 2624 1361 2666; x_wconf 56' lang='lat' dir='ltr'>,superiore</span> 
     </span>
     <span class='ocr_line' id='line_1_59' title="bbox 345 2668 1363 2720; baseline -0.01 -12"><span class='ocrx_word' id='word_1_446' title='bbox 345 2684 435 2720; x_wconf 86' lang='lat' dir='ltr'>parte</span> <span class='ocrx_word' id='word_1_447' title='bbox 457 2674 552 2708; x_wconf 82' lang='lat' dir='ltr'>costis</span> <span class='ocrx_word' id='word_1_448' title='bbox 574 2671 754 2705; x_wconf 80' lang='lat' dir='ltr'>adhaerebat</span> <span class='ocrx_word' id='word_1_449' title='bbox 769 2693 778 2708; x_wconf 93' lang='lat'>,</span> <span class='ocrx_word' id='word_1_450' title='bbox 802 2670 957 2704; x_wconf 81' lang='lat' dir='ltr'>inferiore</span> <span class='ocrx_word' id='word_1_451' title='bbox 968 2680 1034 2702; x_wconf 87' lang='lat' dir='ltr'>erat</span> <span class='ocrx_word' id='word_1_452' title='bbox 1058 2668 1296 2702; x_wconf 78' lang='lat' dir='ltr'>inflammatus,</span> <span class='ocrx_word' id='word_1_453' title='bbox 1323 2678 1363 2698; x_wconf 75' lang='lat' dir='ltr'>ex</span> 
     </span>
     <span class='ocr_line' id='line_1_60' title="bbox 345 2708 1363 2761; baseline -0.012 -8"><span class='ocrx_word' id='word_1_454' title='bbox 345 2718 437 2761; x_wconf 78' lang='lat' dir='ltr'>cujus</span> <span class='ocrx_word' id='word_1_455' title='bbox 460 2715 587 2751; x_wconf 62' lang='lat' dir='ltr'>diffecsta</span> <span class='ocrx_word' id='word_1_456' title='bbox 614 2715 786 2749; x_wconf 79' lang='lat' dir='ltr'>substantia</span> <span class='ocrx_word' id='word_1_457' title='bbox 813 2714 978 2756; x_wconf 87' lang='lat' dir='ltr'>paululum</span> <span class='ocrx_word' id='word_1_458' title='bbox 1003 2711 1132 2746; x_wconf 83' lang='lat' dir='ltr'>effluxit</span> <span class='ocrx_word' id='word_1_459' title='bbox 1156 2713 1216 2744; x_wconf 81' lang='lat' dir='ltr'>ieri</span> <span class='ocrx_word' id='word_1_460' title='bbox 1234 2712 1297 2743; x_wconf 86' lang='lat' dir='ltr'>.At</span> <span class='ocrx_word' id='word_1_461' title='bbox 1323 2708 1363 2741; x_wconf 84' lang='lat' dir='ltr'>ii-</span> 
     </span>
     <span class='ocr_line' id='line_1_61' title="bbox 346 2753 1358 2804; baseline -0.012 -7"><span class='ocrx_word' id='word_1_462' title='bbox 346 2762 444 2797; x_wconf 85' lang='lat' dir='ltr'>nister</span> <span class='ocrx_word' id='word_1_463' title='bbox 469 2761 583 2804; x_wconf 91' lang='lat' dir='ltr'>pulmo</span> <span class='ocrx_word' id='word_1_464' title='bbox 605 2761 645 2792; x_wconf 71' lang='grc' dir='ltr'>δι’</span> <span class='ocrx_word' id='word_1_465' title='bbox 663 2772 678 2792; x_wconf 88' lang='lat' dir='ltr'>a</span> <span class='ocrx_word' id='word_1_466' title='bbox 701 2758 796 2793; x_wconf 82' lang='lat' dir='ltr'>costis</span> <span class='ocrx_word' id='word_1_467' title='bbox 821 2758 963 2799; x_wconf 81' lang='lat' dir='ltr'>undique</span> <span class='ocrx_word' id='word_1_468' title='bbox 1001 2757 1124 2789; x_wconf 87' lang='lat' dir='ltr'>solutus</span> <span class='ocrx_word' id='word_1_469' title='bbox 1147 2777 1156 2792; x_wconf 91' lang='lat'>,</span> <span class='ocrx_word' id='word_1_470' title='bbox 1192 2756 1242 2786; x_wconf 72' lang='grc' dir='ltr'>δι’</span> <span class='ocrx_word' id='word_1_471' title='bbox 1267 2753 1358 2798; x_wconf 83' lang='lat' dir='ltr'>sanus</span> 
     </span>
     <span class='ocr_line' id='line_1_62' title="bbox 349 2796 1362 2849; baseline -0.012 -9"><span class='ocrx_word' id='word_1_472' title='bbox 349 2814 492 2849; x_wconf 85' lang='lat' dir='ltr'>repertus</span> <span class='ocrx_word' id='word_1_473' title='bbox 515 2804 582 2837; x_wconf 84' lang='lat' dir='ltr'>est.</span> <span class='ocrx_word' id='word_1_474' title='bbox 607 2804 658 2835; x_wconf 87' lang='lat' dir='ltr'>Ex</span> <span class='ocrx_word' id='word_1_475' title='bbox 681 2802 789 2837; x_wconf 90' lang='lat' dir='ltr'>cordis</span> <span class='ocrx_word' id='word_1_476' title='bbox 811 2801 995 2835; x_wconf 84' lang='lat' dir='ltr'>ventriculo</span> <span class='ocrx_word' id='word_1_477' title='bbox 1028 2799 1161 2832; x_wconf 82' lang='lat' dir='ltr'>dextero</span> <span class='ocrx_word' id='word_1_478' title='bbox 1196 2796 1362 2840; x_wconf 78' lang='lat' dir='ltr'>polypoia</span> 
     </span>
     <span class='ocr_line' id='line_1_63' title="bbox 349 2841 1363 2890; baseline -0.013 -7"><span class='ocrx_word' id='word_1_479' title='bbox 349 2849 521 2884; x_wconf 81' lang='lat' dir='ltr'>concretio</span> <span class='ocrx_word' id='word_1_480' title='bbox 540 2874 548 2888; x_wconf 92' lang='lat'>,</span> <span class='ocrx_word' id='word_1_481' title='bbox 571 2857 642 2890; x_wconf 82' lang='lat' dir='ltr'>quae</span> <span class='ocrx_word' id='word_1_482' title='bbox 668 2847 700 2878; x_wconf 85' lang='lat' dir='ltr'>in</span> <span class='ocrx_word' id='word_1_483' title='bbox 726 2845 794 2888; x_wconf 79' lang='lat' dir='ltr'>ejus</span> <span class='ocrx_word' id='word_1_484' title='bbox 820 2845 983 2878; x_wconf 83' lang='lat' dir='ltr'>lacertulis</span> <span class='ocrx_word' id='word_1_485' title='bbox 1008 2842 1106 2877; x_wconf 83' lang='lat' dir='ltr'>basim</span> <span class='ocrx_word' id='word_1_486' title='bbox 1132 2842 1270 2876; x_wconf 85' lang='lat' dir='ltr'>habebat</span> <span class='ocrx_word' id='word_1_487' title='bbox 1287 2865 1295 2877; x_wconf 92' lang='lat'><em>‚</em></span> <span class='ocrx_word' id='word_1_488' title='bbox 1329 2841 1363 2871; x_wconf 90' lang='lat' dir='ltr'>in</span> 
     </span>
     <span class='ocr_line' id='line_1_64' title="bbox 349 2887 1364 2932; baseline -0.011 -7"><span class='ocrx_word' id='word_1_489' title='bbox 349 2903 465 2927; x_wconf 88' lang='lat' dir='ltr'>venam</span> <span class='ocrx_word' id='word_1_490' title='bbox 490 2891 520 2924; x_wconf 87' lang='lat' dir='ltr'>se</span> <span class='ocrx_word' id='word_1_491' title='bbox 548 2889 748 2932; x_wconf 84' lang='lat' dir='ltr'>producebat</span> <span class='ocrx_word' id='word_1_492' title='bbox 773 2891 895 2922; x_wconf 84' lang='lat' dir='ltr'>Cavam</span> <span class='ocrx_word' id='word_1_493' title='bbox 912 2910 921 2925; x_wconf 92' lang='lat'>‚</span> <span class='ocrx_word' id='word_1_494' title='bbox 945 2887 1039 2921; x_wconf 84' lang='lat' dir='ltr'>firma</span> <span class='ocrx_word' id='word_1_495' title='bbox 1076 2888 1199 2928; x_wconf 87' lang='lat' dir='ltr'>ubique</span> <span class='ocrx_word' id='word_1_496' title='bbox 1232 2894 1364 2925; x_wconf 90' lang='lat' dir='ltr'>compa-</span> 
     </span>
     <span class='ocr_line' id='line_1_65' title="bbox 350 2928 1362 2981; baseline -0.01 -12"><span class='ocrx_word' id='word_1_497' title='bbox 350 2949 410 2981; x_wconf 81' lang='lat' dir='ltr'>ge,</span> <span class='ocrx_word' id='word_1_498' title='bbox 437 2935 683 2968; x_wconf 84' lang='lat' dir='ltr'>colore-autem</span> <span class='ocrx_word' id='word_1_499' title='bbox 708 2945 746 2967; x_wconf 88' lang='lat' dir='ltr'>ex</span> <span class='ocrx_word' id='word_1_500' title='bbox 769 2932 868 2966; x_wconf 87' lang='lat' dir='ltr'>altera</span> <span class='ocrx_word' id='word_1_501' title='bbox 893 2942 983 2973; x_wconf 87' lang='lat' dir='ltr'>parte</span> <span class='ocrx_word' id='word_1_502' title='bbox 1008 2930 1153 2974; x_wconf 86' lang='lat' dir='ltr'>pallido,</span> <span class='ocrx_word' id='word_1_503' title='bbox 1186 2940 1223 2962; x_wconf 83' lang='lat' dir='ltr'>ex</span> <span class='ocrx_word' id='word_1_504' title='bbox 1260 2928 1362 2961; x_wconf 80' lang='lat' dir='ltr'>altera</span> 
     </span>
     <span class='ocr_line' id='line_1_66' title="bbox 353 2981 559 3014; baseline -0.024 0"><span class='ocrx_word' id='word_1_505' title='bbox 353 2981 559 3014; x_wconf 83' lang='lat' dir='ltr'>rubeicente.</span> 
     </span>
    </p>

    <p class='ocr_par' dir='ltr' id='par_1_7' title="bbox 354 3014 1370 3539">
     <span class='ocr_line' id='line_1_67' title="bbox 398 3014 1365 3062; baseline -0.009 -7"><span class='ocrx_word' id='word_1_506' title='bbox 398 3033 446 3055; x_wconf 88' lang='lat'>11.</span> <span class='ocrx_word' id='word_1_507' title='bbox 473 3021 546 3053; x_wconf 84' lang='lat' dir='ltr'>Nisi</span> <span class='ocrx_word' id='word_1_508' title='bbox 573 3019 722 3053; x_wconf 85' lang='lat' dir='ltr'>Valsalva</span> <span class='ocrx_word' id='word_1_509' title='bbox 747 3018 811 3062; x_wconf 89' lang='lat' dir='ltr'>ipse</span> <span class='ocrx_word' id='word_1_510' title='bbox 835 3018 911 3053; x_wconf 86' lang='lat' dir='ltr'>huic</span> <span class='ocrx_word' id='word_1_511' title='bbox 937 3017 997 3051; x_wconf 71' lang='lat' dir='ltr'>suae</span> <span class='ocrx_word' id='word_1_512' title='bbox 1022 3015 1258 3050; x_wconf 78' lang='lat' dir='ltr'>observationi</span> <span class='ocrx_word' id='word_1_513' title='bbox 1283 3014 1365 3050; x_wconf 77' lang='lat' dir='ltr'>titu-</span> 
     </span>
     <span class='ocr_line' id='line_1_68' title="bbox 354 3059 1366 3103; baseline -0.01 -2"><span class='ocrx_word' id='word_1_514' title='bbox 354 3070 422 3103; x_wconf 86' lang='lat' dir='ltr'>lum</span> <span class='ocrx_word' id='word_1_515' title='bbox 447 3063 568 3099; x_wconf 79' lang='lat' dir='ltr'>fecisset</span> <span class='ocrx_word' id='word_1_516' title='bbox 591 3067 637 3096; x_wconf 84' lang='lat' dir='ltr'>De</span> <span class='ocrx_word' id='word_1_517' title='bbox 663 3062 756 3096; x_wconf 80' lang='lat' dir='ltr'>Febre</span> <span class='ocrx_word' id='word_1_518' title='bbox 788 3064 964 3097; x_wconf 72' lang='lat' dir='ltr'>Ardent03</span> <span class='ocrx_word' id='word_1_519' title='bbox 997 3060 1098 3103; x_wconf 82' lang='lat' dir='ltr'>ipsam</span> <span class='ocrx_word' id='word_1_520' title='bbox 1134 3061 1245 3102; x_wconf 87' lang='lat' dir='ltr'>potius</span> <span class='ocrx_word' id='word_1_521' title='bbox 1278 3059 1366 3091; x_wconf 88' lang='lat' dir='ltr'>inter</span> 
     </span>
     <span class='ocr_line' id='line_1_69' title="bbox 359 3101 1367 3152; baseline -0.01 -7"><span class='ocrx_word' id='word_1_522' title='bbox 359 3108 648 3152; x_wconf 80' lang='lat' dir='ltr'>Peripneumonias</span> <span class='ocrx_word' id='word_1_523' title='bbox 673 3105 869 3140; x_wconf 80' lang='lat' dir='ltr'>retulissem:</span> <span class='ocrx_word' id='word_1_524' title='bbox 894 3116 1080 3148; x_wconf 87' lang='lat' dir='ltr'>quanquam</span> <span class='ocrx_word' id='word_1_525' title='bbox 1103 3114 1143 3137; x_wconf 91' lang='lat' dir='ltr'>ne</span> <span class='ocrx_word' id='word_1_526' title='bbox 1167 3102 1208 3137; x_wconf 77' lang='lat' dir='ltr'>sic</span> <span class='ocrx_word' id='word_1_527' title='bbox 1232 3101 1367 3145; x_wconf 87' lang='lat' dir='ltr'>quidem</span> 
     </span>
     <span class='ocr_line' id='line_1_70' title="bbox 355 3146 1366 3193; baseline -0.011 -4"><span class='ocrx_word' id='word_1_528' title='bbox 355 3155 431 3189; x_wconf 85' lang='lat' dir='ltr'>satis</span> <span class='ocrx_word' id='word_1_529' title='bbox 453 3151 730 3193; x_wconf 80' lang='lat' dir='ltr'>intelligeremus,</span> <span class='ocrx_word' id='word_1_530' title='bbox 757 3149 925 3192; x_wconf 90' lang='lat' dir='ltr'>quomodo</span> <span class='ocrx_word' id='word_1_531' title='bbox 949 3159 988 3180; x_wconf 86' lang='lat' dir='ltr'>ex</span> <span class='ocrx_word' id='word_1_532' title='bbox 1013 3148 1184 3190; x_wconf 86' lang='lat' dir='ltr'>inopinato</span> <span class='ocrx_word' id='word_1_533' title='bbox 1209 3156 1294 3179; x_wconf 90' lang='lat' dir='ltr'>mors</span> <span class='ocrx_word' id='word_1_534' title='bbox 1317 3146 1366 3178; x_wconf 86' lang='lat' dir='ltr'>in-</span> 
     </span>
     <span class='ocr_line' id='line_1_71' title="bbox 355 3188 1366 3240; baseline -0.01 -10"><span class='ocrx_word' id='word_1_535' title='bbox 355 3197 502 3240; x_wconf 85' lang='lat' dir='ltr'>gruerit.</span> <span class='ocrx_word' id='word_1_536' title='bbox 528 3193 588 3228; x_wconf 89' lang='lat' dir='ltr'>Sed</span> <span class='ocrx_word' id='word_1_537' title='bbox 614 3205 717 3237; x_wconf 86' lang='lat' dir='ltr'>neque</span> <span class='ocrx_word' id='word_1_538' title='bbox 740 3204 813 3226; x_wconf 88' lang='lat' dir='ltr'>cum</span> <span class='ocrx_word' id='word_1_539' title='bbox 837 3192 930 3225; x_wconf 89' lang='lat' dir='ltr'>dolor</span> <span class='ocrx_word' id='word_1_540' title='bbox 956 3204 971 3224; x_wconf 89' lang='lat' dir='ltr'>a</span> <span class='ocrx_word' id='word_1_541' title='bbox 998 3191 1130 3224; x_wconf 75' lang='lat' dir='ltr'>sinistris</span> <span class='ocrx_word' id='word_1_542' title='bbox 1153 3188 1280 3226; x_wconf 76' lang='lat' dir='ltr'>fuisset,</span> <span class='ocrx_word' id='word_1_543' title='bbox 1309 3198 1366 3229; x_wconf 87' lang='lat' dir='ltr'>ap-</span> 
     </span>
     <span class='ocr_line' id='line_1_72' title="bbox 355 3231 1366 3284; baseline -0.01 -10"><span class='ocrx_word' id='word_1_544' title='bbox 355 3248 466 3284; x_wconf 69' lang='lat' dir='ltr'>prret,</span> <span class='ocrx_word' id='word_1_545' title='bbox 489 3248 544 3272; x_wconf 88' lang='lat' dir='ltr'>cur</span> <span class='ocrx_word' id='word_1_546' title='bbox 568 3236 791 3271; x_wconf 84' lang='lat' dir='ltr'>inflammatio</span> <span class='ocrx_word' id='word_1_547' title='bbox 814 3234 887 3268; x_wconf 77' lang='lat' dir='ltr'>esset</span> <span class='ocrx_word' id='word_1_548' title='bbox 912 3247 927 3267; x_wconf 91' lang='lat' dir='ltr'>a</span> <span class='ocrx_word' id='word_1_549' title='bbox 953 3234 1097 3271; x_wconf 78' lang='lat' dir='ltr'>dextris3</span> <span class='ocrx_word' id='word_1_550' title='bbox 1123 3232 1182 3266; x_wconf 81' lang='lat' dir='ltr'>nisi</span> <span class='ocrx_word' id='word_1_551' title='bbox 1207 3231 1293 3265; x_wconf 88' lang='lat' dir='ltr'>forte</span> <span class='ocrx_word' id='word_1_552' title='bbox 1309 3232 1366 3264; x_wconf 90' lang='lat' dir='ltr'>ubi</span> 
     </span>
     <span class='ocr_line' id='line_1_73' title="bbox 359 3275 1365 3319; baseline -0.01 -3"><span class='ocrx_word' id='word_1_553' title='bbox 359 3293 414 3319; x_wconf 75' lang='lat' dir='ltr'>aut</span> <span class='ocrx_word' id='word_1_554' title='bbox 438 3283 515 3319; x_wconf 89' lang='lat' dir='ltr'>ille,</span> <span class='ocrx_word' id='word_1_555' title='bbox 540 3292 595 3315; x_wconf 90' lang='lat' dir='ltr'>aut</span> <span class='ocrx_word' id='word_1_556' title='bbox 619 3280 686 3314; x_wconf 78' lang='lat' dir='ltr'>haec</span> <span class='ocrx_word' id='word_1_557' title='bbox 711 3289 907 3313; x_wconf 90' lang='lat' dir='ltr'>memoratur</span> <span class='ocrx_word' id='word_1_558' title='bbox 923 3300 931 3315; x_wconf 87' lang='lat'>‚</span> <span class='ocrx_word' id='word_1_559' title='bbox 955 3279 1120 3318; x_wconf 84' lang='lat' dir='ltr'>calamus,</span> <span class='ocrx_word' id='word_1_560' title='bbox 1143 3286 1177 3310; x_wconf 88' lang='lat' dir='ltr'>ut</span> <span class='ocrx_word' id='word_1_561' title='bbox 1201 3276 1258 3313; x_wconf 88' lang='lat' dir='ltr'>fit,</span> <span class='ocrx_word' id='word_1_562' title='bbox 1285 3275 1365 3308; x_wconf 88' lang='lat' dir='ltr'>alte-</span> 
     </span>
     <span class='ocr_line' id='line_1_74' title="bbox 360 3318 1366 3369; baseline -0.008 -10"><span class='ocrx_word' id='word_1_563' title='bbox 360 3339 432 3361; x_wconf 78' lang='lat' dir='ltr'>rum</span> <span class='ocrx_word' id='word_1_564' title='bbox 456 3336 514 3369; x_wconf 88' lang='lat' dir='ltr'>pro</span> <span class='ocrx_word' id='word_1_565' title='bbox 539 3326 639 3358; x_wconf 83' lang='lat' dir='ltr'>altero</span> <span class='ocrx_word' id='word_1_566' title='bbox 665 3325 762 3358; x_wconf 86' lang='lat' dir='ltr'>latere</span> <span class='ocrx_word' id='word_1_567' title='bbox 786 3323 970 3355; x_wconf 84' lang='lat' dir='ltr'>exaraverit</span> <span class='ocrx_word' id='word_1_568' title='bbox 994 3346 1001 3352; x_wconf 96' lang='lat'>.</span> <span class='ocrx_word' id='word_1_569' title='bbox 1039 3321 1125 3355; x_wconf 81' lang='lat' dir='ltr'>Illud</span> <span class='ocrx_word' id='word_1_570' title='bbox 1157 3318 1283 3353; x_wconf 84' lang='lat' dir='ltr'>constat</span> <span class='ocrx_word' id='word_1_571' title='bbox 1328 3329 1366 3351; x_wconf 76' lang='lat' dir='ltr'>ex</span> 
     </span>
     <span class='ocr_line' id='line_1_75' title="bbox 361 3362 1365 3413; baseline -0.009 -9"><span class='ocrx_word' id='word_1_572' title='bbox 361 3371 575 3413; x_wconf 83' lang='lat' dir='ltr'>Hippocratis</span> <span class='ocrx_word' id='word_1_573' title='bbox 601 3366 801 3411; x_wconf 83' lang='lat' dir='ltr'>Aphorismo</span> <span class='ocrx_word' id='word_1_574' title='bbox 826 3364 907 3410; x_wconf 86' lang='lat' dir='ltr'>(f)</span> <span class='ocrx_word' id='word_1_575' title='bbox 926 3391 935 3406; x_wconf 92' lang='lat'>‚</span> <span class='ocrx_word' id='word_1_576' title='bbox 961 3365 1041 3397; x_wconf 82' lang='lat' dir='ltr'>male</span> <span class='ocrx_word' id='word_1_577' title='bbox 1064 3365 1103 3398; x_wconf 89' lang='lat' dir='ltr'>de</span> <span class='ocrx_word' id='word_1_578' title='bbox 1138 3363 1200 3398; x_wconf 93' lang='lat' dir='ltr'>hoc</span> <span class='ocrx_word' id='word_1_579' title='bbox 1247 3362 1365 3396; x_wconf 88' lang='lat' dir='ltr'>morbo</span> 
     </span>
     <span class='ocr_line' id='line_1_76' title="bbox 364 3406 1367 3458; baseline -0.011 -10"><span class='ocrx_word' id='word_1_580' title='bbox 364 3415 427 3458; x_wconf 82' lang='lat' dir='ltr'>jam</span> <span class='ocrx_word' id='word_1_581' title='bbox 451 3423 521 3445; x_wconf 81' lang='lat' dir='ltr'>tum</span> <span class='ocrx_word' id='word_1_582' title='bbox 545 3411 636 3446; x_wconf 76' lang='lat' dir='ltr'>fuisse</span> <span class='ocrx_word' id='word_1_583' title='bbox 659 3410 894 3451; x_wconf 84' lang='lat' dir='ltr'>ominandum,</span> <span class='ocrx_word' id='word_1_584' title='bbox 915 3419 990 3443; x_wconf 90' lang='lat' dir='ltr'>cum</span> <span class='ocrx_word' id='word_1_585' title='bbox 1015 3408 1132 3441; x_wconf 59' lang='lat' dir='ltr'>iRerus</span> <span class='ocrx_word' id='word_1_586' title='bbox 1166 3417 1239 3440; x_wconf 87' lang='lat' dir='ltr'>ante</span> <span class='ocrx_word' id='word_1_587' title='bbox 1281 3406 1367 3439; x_wconf 88' lang='lat' dir='ltr'>diem</span> 
     </span>
     <span class='ocr_line' id='line_1_77' title="bbox 365 3447 1370 3499; baseline -0.009 -9"><span class='ocrx_word' id='word_1_588' title='bbox 365 3457 540 3499; x_wconf 85' lang='lat' dir='ltr'>septimum</span> <span class='ocrx_word' id='word_1_589' title='bbox 563 3454 646 3488; x_wconf 87' lang='lat' dir='ltr'>febri</span> <span class='ocrx_word' id='word_1_590' title='bbox 670 3453 786 3488; x_wconf 79' lang='lat' dir='ltr'>accidit</span> <span class='ocrx_word' id='word_1_591' title='bbox 802 3478 809 3486; x_wconf 96' lang='lat'>.</span> <span class='ocrx_word' id='word_1_592' title='bbox 937 3454 983 3485; x_wconf 86' lang='lat' dir='ltr'>At</span> <span class='ocrx_word' id='word_1_593' title='bbox 1007 3450 1028 3484; x_wconf 84' lang='lat' dir='ltr'>fi</span> <span class='ocrx_word' id='word_1_594' title='bbox 1055 3454 1087 3484; x_wconf 91' lang='lat' dir='ltr'>in</span> <span class='ocrx_word' id='word_1_595' title='bbox 1122 3450 1187 3484; x_wconf 88' lang='lat' dir='ltr'>ulla</span> <span class='ocrx_word' id='word_1_596' title='bbox 1218 3447 1370 3492; x_wconf 80' lang='lat' dir='ltr'>proposi-</span> 
     </span>
     <span class='ocr_line' id='line_1_78' title="bbox 370 3490 1364 3539; baseline -0.007 -6"><span class='ocrx_word' id='word_1_597' title='bbox 370 3511 473 3535; x_wconf 82' lang='lat' dir='ltr'>tarum</span> <span class='ocrx_word' id='word_1_598' title='bbox 497 3499 649 3532; x_wconf 65' lang='lat' dir='ltr'>hactenus</span> <span class='ocrx_word' id='word_1_599' title='bbox 672 3498 813 3532; x_wconf 82' lang='lat' dir='ltr'>febrium</span> <span class='ocrx_word' id='word_1_600' title='bbox 846 3494 982 3539; x_wconf 80' lang='lat' dir='ltr'>maligni</span> <span class='ocrx_word' id='word_1_601' title='bbox 1016 3495 1140 3537; x_wconf 83' lang='lat' dir='ltr'>aliquid</span> <span class='ocrx_word' id='word_1_602' title='bbox 1185 3490 1364 3531; x_wconf 81' lang='lat' dir='ltr'>dilituisse,</span> 
     </span>
    </p>
   </div>
   <div class='ocr_carea' id='block_1_3' title="bbox 642 106 2118 176">
    <p class='ocr_par' dir='ltr' id='par_1_8' title="bbox 642 106 2118 176">
     <span class='ocr_line' id='line_1_79' title="bbox 642 106 2118 176; baseline -0.007 -8"><span class='ocrx_word' id='word_1_603' title='bbox 642 114 798 168; x_wconf 86' lang='lat' dir='ltr'>Liber</span> <span class='ocrx_word' id='word_1_604' title='bbox 817 113 909 166; x_wconf 85' lang='lat' dir='ltr'>IV.</span> <span class='ocrx_word' id='word_1_605' title='bbox 929 111 1015 164; x_wconf 80' lang='lat' dir='ltr'>De</span> <span class='ocrx_word' id='word_1_606' title='bbox 1039 113 1239 165; x_wconf 81' lang='lat' dir='ltr'>Morbis</span> <span class='ocrx_word' id='word_1_607' title='bbox 1257 109 1579 176; x_wconf 84' lang='lat' dir='ltr'>Chirurgicis</span> <span class='ocrx_word' id='word_1_608' title='bbox 1596 149 1611 170; x_wconf 91' lang='lat'>,</span> <span class='ocrx_word' id='word_1_609' title='bbox 1646 111 1700 162; x_wconf 67' lang='grc' dir='ltr'>ὃ(</span> <span class='ocrx_word' id='word_1_610' title='bbox 1724 106 2118 160; x_wconf 73' lang='lat' dir='ltr'>universalibus</span> 
     </span>
    </p>
   </div>
   <div class='ocr_carea' id='block_1_4' title="bbox 1397 181 2411 1144">
    <p class='ocr_par' dir='ltr' id='par_1_9' title="bbox 1403 181 2406 276">
     <span class='ocr_line' id='line_1_80' title="bbox 1405 181 2406 231; baseline -0.008 -9"><span class='ocrx_word' id='word_1_611' title='bbox 1405 188 1573 230; x_wconf 84' lang='lat' dir='ltr'>suspicaris</span> <span class='ocrx_word' id='word_1_612' title='bbox 1592 203 1601 226; x_wconf 79' lang='lat'><em>3</em></span> <span class='ocrx_word' id='word_1_613' title='bbox 1627 190 1731 221; x_wconf 76' lang='lat' dir='ltr'>multo</span> <span class='ocrx_word' id='word_1_614' title='bbox 1754 190 1787 223; x_wconf 86' lang='lat' dir='ltr'>id</span> <span class='ocrx_word' id='word_1_615' title='bbox 1810 190 1912 231; x_wconf 83' lang='lat' dir='ltr'>magis</span> <span class='ocrx_word' id='word_1_616' title='bbox 1934 188 1967 220; x_wconf 86' lang='lat' dir='ltr'>in</span> <span class='ocrx_word' id='word_1_617' title='bbox 1991 200 2025 221; x_wconf 80' lang='lat' dir='ltr'>ea</span> <span class='ocrx_word' id='word_1_618' title='bbox 2048 185 2226 227; x_wconf 85' lang='lat' dir='ltr'>conjicies,</span> <span class='ocrx_word' id='word_1_619' title='bbox 2248 181 2338 224; x_wconf 78' lang='lat' dir='ltr'>cuius</span> <span class='ocrx_word' id='word_1_620' title='bbox 2350 181 2406 215; x_wconf 90' lang='lat' dir='ltr'>de-</span> 
     </span>
     <span class='ocr_line' id='line_1_81' title="bbox 1403 227 2404 276; baseline -0.007 -10"><span class='ocrx_word' id='word_1_621' title='bbox 1403 234 1613 276; x_wconf 67' lang='lat' dir='ltr'>scriptionem</span> <span class='ocrx_word' id='word_1_622' title='bbox 1637 233 1786 266; x_wconf 80' lang='lat' dir='ltr'>Valsalva</span> <span class='ocrx_word' id='word_1_623' title='bbox 1809 234 1902 266; x_wconf 88' lang='lat' dir='ltr'>nobis</span> <span class='ocrx_word' id='word_1_624' title='bbox 1924 231 1962 264; x_wconf 88' lang='lat' dir='ltr'>ad</span> <span class='ocrx_word' id='word_1_625' title='bbox 1986 228 2071 264; x_wconf 89' lang='lat' dir='ltr'>hunc</span> <span class='ocrx_word' id='word_1_626' title='bbox 2095 229 2227 263; x_wconf 90' lang='lat' dir='ltr'>modum</span> <span class='ocrx_word' id='word_1_627' title='bbox 2250 227 2404 268; x_wconf 78' lang='lat' dir='ltr'>reliquit.</span> 
     </span>
    </p>

    <p class='ocr_par' dir='ltr' id='par_1_10' title="bbox 1404 270 2409 616">
     <span class='ocr_line' id='line_1_82' title="bbox 1451 270 2407 319; baseline -0.008 -10"><span class='ocrx_word' id='word_1_628' title='bbox 1451 286 1499 309; x_wconf 81' lang='lat'>12.</span> <span class='ocrx_word' id='word_1_629' title='bbox 1524 277 1608 314; x_wconf 83' lang='lat' dir='ltr'>VIR</span> <span class='ocrx_word' id='word_1_630' title='bbox 1631 286 1729 309; x_wconf 86' lang='lat' dir='ltr'>annos</span> <span class='ocrx_word' id='word_1_631' title='bbox 1751 277 1964 319; x_wconf 78' lang='lat' dir='ltr'>quadraginta</span> <span class='ocrx_word' id='word_1_632' title='bbox 1987 284 2080 308; x_wconf 89' lang='lat' dir='ltr'>natus</span> <span class='ocrx_word' id='word_1_633' title='bbox 2095 298 2102 312; x_wconf 90' lang='lat'><strong><em>‚</em></strong></span> <span class='ocrx_word' id='word_1_634' title='bbox 2123 272 2169 305; x_wconf 92' lang='lat' dir='ltr'>ob</span> <span class='ocrx_word' id='word_1_635' title='bbox 2190 270 2307 303; x_wconf 90' lang='lat' dir='ltr'>tibiam</span> <span class='ocrx_word' id='word_1_636' title='bbox 2328 281 2407 302; x_wconf 86' lang='lat' dir='ltr'>con-</span> 
     </span>
     <span class='ocr_line' id='line_1_83' title="bbox 1404 308 2407 353; baseline -0.009 0"><span class='ocrx_word' id='word_1_637' title='bbox 1404 318 1558 353; x_wconf 87' lang='lat' dir='ltr'>tundente</span> <span class='ocrx_word' id='word_1_638' title='bbox 1583 318 1798 353; x_wconf 86' lang='lat' dir='ltr'>instrumento</span> <span class='ocrx_word' id='word_1_639' title='bbox 1821 321 2020 352; x_wconf 78' lang='lat' dir='ltr'>vulneratam</span> <span class='ocrx_word' id='word_1_640' title='bbox 2044 317 2077 348; x_wconf 91' lang='lat' dir='ltr'>in</span> <span class='ocrx_word' id='word_1_641' title='bbox 2102 315 2218 349; x_wconf 89' lang='lat' dir='ltr'>eodem</span> <span class='ocrx_word' id='word_1_642' title='bbox 2240 313 2299 346; x_wconf 84' lang='lat' dir='ltr'>illo</span> <span class='ocrx_word' id='word_1_643' title='bbox 2333 308 2407 345; x_wconf 56' lang='lat' dir='ltr'>Nol-</span> 
     </span>
     <span class='ocr_line' id='line_1_84' title="bbox 1404 356 2405 401; baseline -0.007 -6"><span class='ocrx_word' id='word_1_644' title='bbox 1404 362 1552 396; x_wconf 80' lang='lat' dir='ltr'>socomio</span> <span class='ocrx_word' id='word_1_645' title='bbox 1574 362 1806 396; x_wconf 80' lang='lat' dir='ltr'>decumbebat.</span> <span class='ocrx_word' id='word_1_646' title='bbox 1832 363 1884 396; x_wconf 88' lang='lat' dir='ltr'>Ibi</span> <span class='ocrx_word' id='word_1_647' title='bbox 1909 373 1982 401; x_wconf 81' lang='lat' dir='ltr'>cum</span> <span class='ocrx_word' id='word_1_648' title='bbox 2008 360 2123 393; x_wconf 85' lang='lat' dir='ltr'>vulnus</span> <span class='ocrx_word' id='word_1_649' title='bbox 2144 358 2207 400; x_wconf 78' lang='lat' dir='ltr'>jam</span> <span class='ocrx_word' id='word_1_650' title='bbox 2228 359 2353 399; x_wconf 84' lang='lat' dir='ltr'>optime</span> <span class='ocrx_word' id='word_1_651' title='bbox 2375 356 2405 389; x_wconf 84' lang='lat' dir='ltr'>se</span> 
     </span>
     <span class='ocr_line' id='line_1_85' title="bbox 1405 402 2407 448; baseline -0.01 -7"><span class='ocrx_word' id='word_1_652' title='bbox 1405 407 1558 443; x_wconf 85' lang='lat' dir='ltr'>haberet,</span> <span class='ocrx_word' id='word_1_653' title='bbox 1584 404 1714 448; x_wconf 84' lang='lat' dir='ltr'>ipseque</span> <span class='ocrx_word' id='word_1_654' title='bbox 1736 407 1870 439; x_wconf 86' lang='lat' dir='ltr'>omnino</span> <span class='ocrx_word' id='word_1_655' title='bbox 1895 418 1910 438; x_wconf 90' lang='lat' dir='ltr'>a</span> <span class='ocrx_word' id='word_1_656' title='bbox 1935 404 2018 439; x_wconf 84' lang='lat' dir='ltr'>febri</span> <span class='ocrx_word' id='word_1_657' title='bbox 2042 403 2123 437; x_wconf 82' lang='lat' dir='ltr'>liber</span> <span class='ocrx_word' id='word_1_658' title='bbox 2146 402 2245 440; x_wconf 66' lang='lat' dir='ltr'>estet,</span> <span class='ocrx_word' id='word_1_659' title='bbox 2277 408 2407 442; x_wconf 64' lang='lat' dir='ltr'>repente</span> 
     </span>
     <span class='ocr_line' id='line_1_86' title="bbox 1409 443 2409 491; baseline -0.007 -9"><span class='ocrx_word' id='word_1_660' title='bbox 1409 460 1500 483; x_wconf 82' lang='lat' dir='ltr'>acuta</span> <span class='ocrx_word' id='word_1_661' title='bbox 1525 449 1604 482; x_wconf 83' lang='lat' dir='ltr'>febri</span> <span class='ocrx_word' id='word_1_662' title='bbox 1628 452 1822 491; x_wconf 81' lang='lat' dir='ltr'>corripitur.</span> <span class='ocrx_word' id='word_1_663' title='bbox 1845 450 1918 483; x_wconf 85' lang='lat' dir='ltr'>Hac</span> <span class='ocrx_word' id='word_1_664' title='bbox 1941 448 2044 489; x_wconf 78' lang='lat' dir='ltr'>magis</span> <span class='ocrx_word' id='word_1_665' title='bbox 2067 447 2229 488; x_wconf 80' lang='lat' dir='ltr'>magisque</span> <span class='ocrx_word' id='word_1_666' title='bbox 2260 443 2409 476; x_wconf 72' lang='lat' dir='ltr'>iaevicnte</span> 
     </span>
     <span class='ocr_line' id='line_1_87' title="bbox 1411 483 2408 527; baseline -0.006 0"><span class='ocrx_word' id='word_1_667' title='bbox 1411 506 1426 527; x_wconf 86' lang='lat' dir='ltr'>e</span> <span class='ocrx_word' id='word_1_668' title='bbox 1451 493 1559 526; x_wconf 82' lang='lat' dir='ltr'>medio</span> <span class='ocrx_word' id='word_1_669' title='bbox 1582 492 1731 526; x_wconf 86' lang='lat' dir='ltr'>tollitur.</span> <span class='ocrx_word' id='word_1_670' title='bbox 1863 493 1916 526; x_wconf 89' lang='lat' dir='ltr'>IN</span> <span class='ocrx_word' id='word_1_671' title='bbox 1939 489 2209 525; x_wconf 71' lang='lat' dir='ltr'>CADAVERE</span> <span class='ocrx_word' id='word_1_672' title='bbox 2244 483 2323 519; x_wconf 87' lang='lat' dir='ltr'>nihil</span> <span class='ocrx_word' id='word_1_673' title='bbox 2356 488 2408 521; x_wconf 89' lang='lat' dir='ltr'>us-</span> 
     </span>
     <span class='ocr_line' id='line_1_88' title="bbox 1408 527 2407 580; baseline -0.007 -10"><span class='ocrx_word' id='word_1_674' title='bbox 1408 548 1505 579; x_wconf 86' lang='lat' dir='ltr'>quam</span> <span class='ocrx_word' id='word_1_675' title='bbox 1530 537 1626 573; x_wconf 87' lang='lat' dir='ltr'>vitii,</span> <span class='ocrx_word' id='word_1_676' title='bbox 1651 536 1707 569; x_wconf 79' lang='lat' dir='ltr'>nisi</span> <span class='ocrx_word' id='word_1_677' title='bbox 1730 535 1819 578; x_wconf 91' lang='lat' dir='ltr'>quod</span> <span class='ocrx_word' id='word_1_678' title='bbox 1843 536 1968 580; x_wconf 84' lang='lat' dir='ltr'>sanguis</span> <span class='ocrx_word' id='word_1_679' title='bbox 1991 534 2088 568; x_wconf 86' lang='lat' dir='ltr'>ferme</span> <span class='ocrx_word' id='word_1_680' title='bbox 2112 530 2289 566; x_wconf 86' lang='lat' dir='ltr'>naturalem</span> <span class='ocrx_word' id='word_1_681' title='bbox 2320 527 2407 567; x_wconf 86' lang='lat' dir='ltr'>fluo-</span> 
     </span>
     <span class='ocr_line' id='line_1_89' title="bbox 1406 580 2186 616; baseline -0.006 -2"><span class='ocrx_word' id='word_1_682' title='bbox 1406 591 1476 614; x_wconf 82' lang='lat' dir='ltr'>rem</span> <span class='ocrx_word' id='word_1_683' title='bbox 1501 580 1642 613; x_wconf 79' lang='lat' dir='ltr'>servabat</span> <span class='ocrx_word' id='word_1_684' title='bbox 1659 605 1671 611; x_wconf 72' lang='lat'>..</span> <span class='ocrx_word' id='word_1_685' title='bbox 1860 586 1864 589; x_wconf 81' lang='grc'><strong>”</strong></span> <span class='ocrx_word' id='word_1_686' title='bbox 2160 615 2163 616; x_wconf 15' lang='lat'><em>7</em></span> <span class='ocrx_word' id='word_1_687' title='bbox 2183 599 2186 603; x_wconf 78' lang='lat'><strong>·</strong></span> 
     </span>
    </p>

    <p class='ocr_par' dir='ltr' id='par_1_11' title="bbox 1397 618 2411 1144">
     <span class='ocr_line' id='line_1_90' title="bbox 1455 618 2409 665; baseline -0.002 -11"><span class='ocrx_word' id='word_1_688' title='bbox 1455 634 1501 665; x_wconf 87' lang='lat'>¹3·</span> <span class='ocrx_word' id='word_1_689' title='bbox 1527 622 1616 665; x_wconf 78' lang='lat' dir='ltr'>Qid</span> <span class='ocrx_word' id='word_1_690' title='bbox 1642 623 1820 664; x_wconf 87' lang='lat' dir='ltr'>proclivius</span> <span class='ocrx_word' id='word_1_691' title='bbox 1842 622 1942 663; x_wconf 83' lang='lat' dir='ltr'>estin</span> <span class='ocrx_word' id='word_1_692' title='bbox 1967 621 2028 654; x_wconf 85' lang='lat' dir='ltr'>hoc</span> <span class='ocrx_word' id='word_1_693' title='bbox 2050 618 2141 659; x_wconf 75' lang='lat' dir='ltr'>casu,</span> <span class='ocrx_word' id='word_1_694' title='bbox 2175 628 2274 660; x_wconf 87' lang='lat' dir='ltr'>quarn</span> <span class='ocrx_word' id='word_1_695' title='bbox 2320 618 2409 660; x_wconf 86' lang='lat' dir='ltr'>quod</span> 
     </span>
     <span class='ocr_line' id='line_1_91' title="bbox 1409 661 2407 708; baseline -0.005 -9"><span class='ocrx_word' id='word_1_696' title='bbox 1409 667 1564 699; x_wconf 85' lang='lat' dir='ltr'>Riverius</span> <span class='ocrx_word' id='word_1_697' title='bbox 1589 666 1641 708; x_wconf 76' lang='lat' dir='ltr'>(g</span> <span class='ocrx_word' id='word_1_698' title='bbox 1664 669 1674 705; x_wconf 91' lang='lat'>)</span> <span class='ocrx_word' id='word_1_699' title='bbox 1698 667 1729 699; x_wconf 89' lang='lat' dir='ltr'>in</span> <span class='ocrx_word' id='word_1_700' title='bbox 1753 665 1894 708; x_wconf 85' lang='lat' dir='ltr'>quodam</span> <span class='ocrx_word' id='word_1_701' title='bbox 1919 665 1997 706; x_wconf 84' lang='lat' dir='ltr'>suo,</span> <span class='ocrx_word' id='word_1_702' title='bbox 2019 663 2199 706; x_wconf 80' lang='lat' dir='ltr'>existimare</span> <span class='ocrx_word' id='word_1_703' title='bbox 2222 661 2237 694; x_wconf 68' lang='grc' dir='ltr'>,ἕ</span> <span class='ocrx_word' id='word_1_704' title='bbox 2278 663 2407 696; x_wconf 81' lang='lat' dir='ltr'>Scilicet</span> 
     </span>
     <span class='ocr_line' id='line_1_92' title="bbox 1405 705 2411 752; baseline -0.004 -10"><span class='ocrx_word' id='word_1_705' title='bbox 1405 711 1438 742; x_wconf 86' lang='lat' dir='ltr'>in</span> <span class='ocrx_word' id='word_1_706' title='bbox 1464 721 1564 752; x_wconf 88' lang='lat' dir='ltr'>puero</span> <span class='ocrx_word' id='word_1_707' title='bbox 1587 721 1681 750; x_wconf 79' lang='lat' dir='ltr'>quem</span> <span class='ocrx_word' id='word_1_708' title='bbox 1707 709 2004 748; x_wconf 70' lang='lat' dir='ltr'>acutiffimafebris</span> <span class='ocrx_word' id='word_1_709' title='bbox 2025 706 2211 746; x_wconf 83' lang='lat' dir='ltr'>sustulerat,</span> <span class='ocrx_word' id='word_1_710' title='bbox 2234 706 2274 739; x_wconf 89' lang='lat' dir='ltr'>iis</span> <span class='ocrx_word' id='word_1_711' title='bbox 2298 705 2411 747; x_wconf 78' lang='lat' dir='ltr'>stipata</span> 
     </span>
     <span class='ocr_line' id='line_1_93' title="bbox 1408 750 2409 796; baseline -0.005 -10"><span class='ocrx_word' id='word_1_712' title='bbox 1408 753 1681 796; x_wconf 83' lang='lat' dir='ltr'>symptomatibus</span> <span class='ocrx_word' id='word_1_713' title='bbox 1704 765 1775 796; x_wconf 84' lang='lat' dir='ltr'>quae</span> <span class='ocrx_word' id='word_1_714' title='bbox 1801 753 1956 787; x_wconf 87' lang='lat' dir='ltr'>viscerum</span> <span class='ocrx_word' id='word_1_715' title='bbox 1979 750 2248 794; x_wconf 80' lang='lat' dir='ltr'>inflammationis</span> <span class='ocrx_word' id='word_1_716' title='bbox 2261 759 2409 791; x_wconf 83' lang='lat' dir='ltr'>magn-am</span> 
     </span>
     <span class='ocr_line' id='line_1_94' title="bbox 1408 793 2408 842; baseline -0.004 -12"><span class='ocrx_word' id='word_1_717' title='bbox 1408 798 1619 840; x_wconf 77' lang='lat' dir='ltr'>suspicionem</span> <span class='ocrx_word' id='word_1_718' title='bbox 1643 796 1815 842; x_wconf 70' lang='lat' dir='ltr'>afferrent,</span> <span class='ocrx_word' id='word_1_719' title='bbox 1839 808 1912 830; x_wconf 87' lang='lat' dir='ltr'>cum</span> <span class='ocrx_word' id='word_1_720' title='bbox 1947 809 2000 838; x_wconf 89' lang='lat' dir='ltr'>per</span> <span class='ocrx_word' id='word_1_721' title='bbox 2042 793 2261 829; x_wconf 64' lang='lat' dir='ltr'>diste-§tionem</span> <span class='ocrx_word' id='word_1_722' title='bbox 2306 793 2408 825; x_wconf 80' lang='lat' dir='ltr'>omnia</span> 
     </span>
     <span class='ocr_line' id='line_1_95' title="bbox 1397 836 2408 884; baseline -0.008 -10"><span class='ocrx_word' id='word_1_723' title='bbox 1397 841 1525 884; x_wconf 54' lang='lat' dir='ltr'>‘viscera</span> <span class='ocrx_word' id='word_1_724' title='bbox 1550 845 1560 880; x_wconf 91' lang='lat'>(</span> <span class='ocrx_word' id='word_1_725' title='bbox 1584 840 1625 873; x_wconf 76' lang='lat' dir='ltr'>sic</span> <span class='ocrx_word' id='word_1_726' title='bbox 1647 842 1734 874; x_wconf 69' lang='lat' dir='ltr'>‘enim</span> <span class='ocrx_word' id='word_1_727' title='bbox 1761 841 1912 874; x_wconf 85' lang='lat' dir='ltr'>Riverius</span> <span class='ocrx_word' id='word_1_728' title='bbox 1936 840 2079 882; x_wconf 68' lang='lat' dir='ltr'>scripsit,</span> <span class='ocrx_word' id='word_1_729' title='bbox 2103 848 2191 877; x_wconf 86' lang='lat' dir='ltr'>non,</span> <span class='ocrx_word' id='word_1_730' title='bbox 2222 846 2257 869; x_wconf 90' lang='lat' dir='ltr'>ut</span> <span class='ocrx_word' id='word_1_731' title='bbox 2289 837 2322 868; x_wconf 89' lang='lat' dir='ltr'>in</span> <span class='ocrx_word' id='word_1_732' title='bbox 2353 836 2408 867; x_wconf 87' lang='lat' dir='ltr'>Se-</span> 
     </span>
     <span class='ocr_line' id='line_1_96' title="bbox 1409 879 2407 927; baseline -0.007 -9"><span class='ocrx_word' id='word_1_733' title='bbox 1409 884 1582 927; x_wconf 84' lang='lat' dir='ltr'>pulchreto</span> <span class='ocrx_word' id='word_1_734' title='bbox 1606 889 1615 922; x_wconf 92' lang='lat'>(</span> <span class='ocrx_word' id='word_1_735' title='bbox 1641 883 1660 916; x_wconf 69' lang='grc' dir='ltr'>Ι)</span> <span class='ocrx_word' id='word_1_736' title='bbox 1681 887 1695 922; x_wconf 84' lang='grc'>&gt;</span> <span class='ocrx_word' id='word_1_737' title='bbox 1718 896 1773 925; x_wconf 89' lang='lat' dir='ltr'>per</span> <span class='ocrx_word' id='word_1_738' title='bbox 1798 895 1928 925; x_wconf 87' lang='lat' dir='ltr'>gravem</span> <span class='ocrx_word' id='word_1_739' title='bbox 1962 892 2129 925; x_wconf 88' lang='lat' dir='ltr'>operarum</span> <span class='ocrx_word' id='word_1_740' title='bbox 2163 879 2323 913; x_wconf 89' lang='lat' dir='ltr'>incuriam</span> <span class='ocrx_word' id='word_1_741' title='bbox 2353 879 2407 912; x_wconf 91' lang='lat' dir='ltr'>de-</span> 
     </span>
     <span class='ocr_line' id='line_1_97' title="bbox 1407 923 2409 971; baseline -0.008 -10"><span class='ocrx_word' id='word_1_742' title='bbox 1407 929 1562 970; x_wconf 80' lang='lat' dir='ltr'>scriptum</span> <span class='ocrx_word' id='word_1_743' title='bbox 1586 929 1645 967; x_wconf 77' lang='lat' dir='ltr'>est,</span> <span class='ocrx_word' id='word_1_744' title='bbox 1670 928 1773 961; x_wconf 77' lang='lat' dir='ltr'>emnia</span> <span class='ocrx_word' id='word_1_745' title='bbox 1786 927 2001 971; x_wconf 51' lang='lat' dir='ltr'>hvmptomata</span> <span class='ocrx_word' id='word_1_746' title='bbox 2023 931 2036 967; x_wconf 87' lang='lat'><em>)</em></span> <span class='ocrx_word' id='word_1_747' title='bbox 2070 926 2142 959; x_wconf 73' lang='lat' dir='ltr'>hene</span> <span class='ocrx_word' id='word_1_748' title='bbox 2164 923 2325 963; x_wconf 71' lang='lat' dir='ltr'>constituta</span> <span class='ocrx_word' id='word_1_749' title='bbox 2357 923 2409 954; x_wconf 89' lang='lat' dir='ltr'>in-</span> 
     </span>
     <span class='ocr_line' id='line_1_98' title="bbox 1406 971 2406 1013; baseline -0.005 -10"><span class='ocrx_word' id='word_1_750' title='bbox 1406 971 1564 1011; x_wconf 77' lang='lat' dir='ltr'>venisset,</span> <span class='ocrx_word' id='word_1_751' title='bbox 1590 979 1694 1013; x_wconf 75' lang='lat' dir='ltr'>neque·</span> <span class='ocrx_word' id='word_1_752' title='bbox 1716 971 1932 1013; x_wconf 68' lang='lat' dir='ltr'>ullam,&#39;·quae</span> <span class='ocrx_word' id='word_1_753' title='bbox 1956 971 2086 1012; x_wconf 81' lang='lat' dir='ltr'>quidem</span> <span class='ocrx_word' id='word_1_754' title='bbox 2111 979 2273 1011; x_wconf 81' lang='lat' dir='ltr'>appareret</span> <span class='ocrx_word' id='word_1_755' title='bbox 2289 990 2297 1005; x_wconf 93' lang='lat'><em>‚</em></span> <span class='ocrx_word' id='word_1_756' title='bbox 2332 977 2406 999; x_wconf 88' lang='lat' dir='ltr'>cau-</span> 
     </span>
     <span class='ocr_line' id='line_1_99' title="bbox 1405 1012 2406 1057; baseline -0.007 -8"><span class='ocrx_word' id='word_1_757' title='bbox 1405 1016 1469 1049; x_wconf 83' lang='lat' dir='ltr'>sam</span> <span class='ocrx_word' id='word_1_758' title='bbox 1494 1024 1664 1048; x_wconf 88' lang='lat' dir='ltr'>tantorum</span> <span class='ocrx_word' id='word_1_759' title='bbox 1687 1014 1944 1057; x_wconf 82' lang='lat' dir='ltr'>symptomatum</span> <span class='ocrx_word' id='word_1_760' title='bbox 1966 1013 2244 1055; x_wconf 77' lang='lat' dir='ltr'>deprehendisset5</span> <span class='ocrx_word' id='word_1_761' title='bbox 2268 1012 2348 1045; x_wconf 83' lang='lat' dir='ltr'>hanc</span> <span class='ocrx_word' id='word_1_762' title='bbox 2372 1012 2406 1042; x_wconf 89' lang='lat' dir='ltr'>in</span> 
     </span>
     <span class='ocr_line' id='line_1_100' title="bbox 1404 1054 2407 1100; baseline -0.007 -7"><span class='ocrx_word' id='word_1_763' title='bbox 1404 1060 1556 1093; x_wconf 85' lang='lat' dir='ltr'>latentem</span> <span class='ocrx_word' id='word_1_764' title='bbox 1583 1059 1822 1100; x_wconf 85' lang='lat' dir='ltr'>malignitatem</span> <span class='ocrx_word' id='word_1_765' title='bbox 1848 1057 1980 1099; x_wconf 81' lang='lat' dir='ltr'>rejecit.</span> <span class='ocrx_word' id='word_1_766' title='bbox 2007 1058 2108 1099; x_wconf 80' lang='lat' dir='ltr'>Qod</span> <span class='ocrx_word' id='word_1_767' title='bbox 2133 1066 2167 1088; x_wconf 92' lang='lat' dir='ltr'>tu</span> <span class='ocrx_word' id='word_1_768' title='bbox 2201 1068 2239 1088; x_wconf 89' lang='lat' dir='ltr'>eo</span> <span class='ocrx_word' id='word_1_769' title='bbox 2283 1054 2407 1088; x_wconf 79' lang='lat' dir='ltr'>facilius</span> 
     </span>
     <span class='ocr_line' id='line_1_101' title="bbox 1403 1098 2408 1144; baseline -0.004 -9"><span class='ocrx_word' id='word_1_770' title='bbox 1403 1101 1531 1143; x_wconf 78' lang='lat' dir='ltr'>fortasse</span> <span class='ocrx_word' id='word_1_771' title='bbox 1555 1101 1670 1140; x_wconf 84' lang='lat' dir='ltr'>facies,</span> <span class='ocrx_word' id='word_1_772' title='bbox 1694 1101 1781 1144; x_wconf 79' lang='lat' dir='ltr'>quod</span> <span class='ocrx_word' id='word_1_773' title='bbox 1807 1100 1858 1134; x_wconf 86' lang='lat' dir='ltr'>hic</span> <span class='ocrx_word' id='word_1_774' title='bbox 1883 1102 1990 1134; x_wconf 79' lang='lat' dir='ltr'>saltem</span> <span class='ocrx_word' id='word_1_775' title='bbox 2015 1102 2047 1133; x_wconf 90' lang='lat' dir='ltr'>in</span> <span class='ocrx_word' id='word_1_776' title='bbox 2071 1099 2275 1140; x_wconf 64' lang='lat' dir='ltr'>conspectum</span> <span class='ocrx_word' id='word_1_777' title='bbox 2301 1098 2330 1130; x_wconf 87' lang='lat' dir='ltr'>se</span> <span class='ocrx_word' id='word_1_778' title='bbox 2353 1098 2408 1131; x_wconf 88' lang='lat' dir='ltr'>de-</span> 
     </span>
    </p>
   </div>
   <div class='ocr_carea' id='block_1_5' title="bbox 1344 1141 2408 1185">
    <p class='ocr_par' dir='ltr' id='par_1_12' title="bbox 1344 1141 2408 1185">
     <span class='ocr_line' id='line_1_102' title="bbox 1344 1141 2408 1185; baseline -0.005 -7"><span class='ocrx_word' id='word_1_779' title='bbox 1344 1164 1372 1178; x_wconf 93' lang='lat'>.·</span> <span class='ocrx_word' id='word_1_780' title='bbox 1403 1145 1453 1178; x_wconf 80' lang='lat' dir='ltr'>dit</span> <span class='ocrx_word' id='word_1_781' title='bbox 1478 1147 1637 1182; x_wconf 77' lang='lat' dir='ltr'>sanguinis</span> <span class='ocrx_word' id='word_1_782' title='bbox 1661 1144 1769 1177; x_wconf 89' lang='lat' dir='ltr'>fluor.</span> <span class='ocrx_word' id='word_1_783' title='bbox 1796 1145 1882 1177; x_wconf 88' lang='lat' dir='ltr'>Cum</span> <span class='ocrx_word' id='word_1_784' title='bbox 1907 1144 1971 1185; x_wconf 79' lang='lat' dir='ltr'>ejus</span> <span class='ocrx_word' id='word_1_785' title='bbox 1995 1145 2079 1177; x_wconf 89' lang='lat' dir='ltr'>enim</span> <span class='ocrx_word' id='word_1_786' title='bbox 2102 1141 2308 1177; x_wconf 88' lang='lat' dir='ltr'>dissolutione</span> <span class='ocrx_word' id='word_1_787' title='bbox 2340 1152 2408 1173; x_wconf 87' lang='lat' dir='ltr'>ma-</span> 
     </span>
    </p>
   </div>
   <div class='ocr_carea' id='block_1_6' title="bbox 1394 1184 2434 3565">
    <p class='ocr_par' dir='ltr' id='par_1_13' title="bbox 1394 1184 2412 1624">
     <span class='ocr_line' id='line_1_103' title="bbox 1405 1184 2408 1231; baseline -0.004 -10"><span class='ocrx_word' id='word_1_788' title='bbox 1405 1191 1506 1231; x_wconf 76' lang='lat' dir='ltr'>lignas</span> <span class='ocrx_word' id='word_1_789' title='bbox 1530 1188 1631 1221; x_wconf 67' lang='lat' dir='ltr'>febres</span> <span class='ocrx_word' id='word_1_790' title='bbox 1654 1189 1733 1220; x_wconf 87' lang='lat' dir='ltr'>bene</span> <span class='ocrx_word' id='word_1_791' title='bbox 1758 1188 1873 1222; x_wconf 86' lang='lat' dir='ltr'>multas</span> <span class='ocrx_word' id='word_1_792' title='bbox 1898 1190 2073 1230; x_wconf 75' lang='lat' dir='ltr'>conjungi,</span> <span class='ocrx_word' id='word_1_793' title='bbox 2095 1187 2219 1220; x_wconf 88' lang='lat' dir='ltr'>Medici</span> <span class='ocrx_word' id='word_1_794' title='bbox 2254 1184 2408 1219; x_wconf 65' lang='lat' dir='ltr'>Praestan-</span> 
     </span>
     <span class='ocr_line' id='line_1_104' title="bbox 1405 1229 2406 1272; baseline -0.003 -8"><span class='ocrx_word' id='word_1_795' title='bbox 1405 1233 1511 1265; x_wconf 70' lang='lat' dir='ltr'>tiffimi</span> <span class='ocrx_word' id='word_1_796' title='bbox 1531 1233 1690 1265; x_wconf 72' lang='lat' dir='ltr'>docuere.</span> <span class='ocrx_word' id='word_1_797' title='bbox 1716 1232 1808 1271; x_wconf 76' lang='lat' dir='ltr'>Quos</span> <span class='ocrx_word' id='word_1_798' title='bbox 1834 1231 1932 1264; x_wconf 87' lang='lat' dir='ltr'>secuti</span> <span class='ocrx_word' id='word_1_799' title='bbox 1959 1233 1991 1270; x_wconf 88' lang='lat' dir='ltr'>in</span> <span class='ocrx_word' id='word_1_800' title='bbox 2017 1232 2088 1263; x_wconf 88' lang='lat' dir='ltr'>aliis</span> <span class='ocrx_word' id='word_1_801' title='bbox 2120 1241 2253 1272; x_wconf 86' lang='lat' dir='ltr'>quoque</span> <span class='ocrx_word' id='word_1_802' title='bbox 2298 1229 2406 1262; x_wconf 80' lang='lat' dir='ltr'>sumus</span> 
     </span>
     <span class='ocr_line' id='line_1_105' title="bbox 1400 1273 2409 1316; baseline -0.004 -8"><span class='ocrx_word' id='word_1_803' title='bbox 1400 1276 1555 1309; x_wconf 71' lang='lat' dir='ltr'>Valsalvae</span> <span class='ocrx_word' id='word_1_804' title='bbox 1579 1275 1872 1308; x_wconf 82' lang='lat' dir='ltr'>Observationibus.</span> <span class='ocrx_word' id='word_1_805' title='bbox 1891 1279 1904 1315; x_wconf 74' lang='grc' dir='ltr'>’ζ</span> <span class='ocrx_word' id='word_1_806' title='bbox 1929 1274 1973 1316; x_wconf 66' lang='lat'>22)</span> <span class='ocrx_word' id='word_1_807' title='bbox 1998 1273 2270 1315; x_wconf 79' lang='lat' dir='ltr'>interpretandis,</span> <span class='ocrx_word' id='word_1_808' title='bbox 2293 1273 2336 1306; x_wconf 89' lang='lat' dir='ltr'>fic</span> <span class='ocrx_word' id='word_1_809' title='bbox 2353 1282 2409 1305; x_wconf 73' lang='lat' dir='ltr'>,ta-</span> 
     </span>
     <span class='ocr_line' id='line_1_106' title="bbox 1398 1317 2407 1361; baseline -0.007 -8"><span class='ocrx_word' id='word_1_810' title='bbox 1398 1331 1470 1353; x_wconf 88' lang='lat' dir='ltr'>men</span> <span class='ocrx_word' id='word_1_811' title='bbox 1488 1344 1496 1358; x_wconf 87' lang='lat'>‚</span> <span class='ocrx_word' id='word_1_812' title='bbox 1520 1329 1554 1352; x_wconf 86' lang='lat' dir='ltr'>ut</span> <span class='ocrx_word' id='word_1_813' title='bbox 1578 1321 1733 1361; x_wconf 81' lang='lat' dir='ltr'>quoniam</span> <span class='ocrx_word' id='word_1_814' title='bbox 1759 1319 1904 1360; x_wconf 82' lang='lat' dir='ltr'>malignae</span> <span class='ocrx_word' id='word_1_815' title='bbox 1927 1317 2030 1350; x_wconf 85' lang='lat' dir='ltr'>febres</span> <span class='ocrx_word' id='word_1_816' title='bbox 2054 1328 2118 1351; x_wconf 89' lang='lat' dir='ltr'>non</span> <span class='ocrx_word' id='word_1_817' title='bbox 2144 1328 2209 1350; x_wconf 90' lang='lat' dir='ltr'>uno</span> <span class='ocrx_word' id='word_1_818' title='bbox 2232 1326 2344 1348; x_wconf 85' lang='lat' dir='ltr'>omues</span> <span class='ocrx_word' id='word_1_819' title='bbox 2357 1326 2407 1347; x_wconf 73' lang='lat' dir='ltr'>eo.</span> 
     </span>
     <span class='ocr_line' id='line_1_107' title="bbox 1397 1360 2406 1406; baseline -0.006 -9"><span class='ocrx_word' id='word_1_820' title='bbox 1397 1365 1533 1406; x_wconf 82' lang='lat' dir='ltr'>demque</span> <span class='ocrx_word' id='word_1_821' title='bbox 1559 1364 1657 1395; x_wconf 81' lang='lat' dir='ltr'>modo</span> <span class='ocrx_word' id='word_1_822' title='bbox 1683 1363 1711 1395; x_wconf 89' lang='lat' dir='ltr'>se</span> <span class='ocrx_word' id='word_1_823' title='bbox 1736 1362 1899 1405; x_wconf 82' lang='lat' dir='ltr'>produnt,</span> <span class='ocrx_word' id='word_1_824' title='bbox 1926 1373 1982 1394; x_wconf 87' lang='lat' dir='ltr'>nec</span> <span class='ocrx_word' id='word_1_825' title='bbox 2007 1361 2081 1394; x_wconf 87' lang='lat' dir='ltr'>illos</span> <span class='ocrx_word' id='word_1_826' title='bbox 2113 1360 2300 1393; x_wconf 84' lang='lat' dir='ltr'>deserendos</span> <span class='ocrx_word' id='word_1_827' title='bbox 2332 1369 2406 1392; x_wconf 86' lang='lat' dir='ltr'>cen-</span> 
     </span>
     <span class='ocr_line' id='line_1_108' title="bbox 1397 1403 2410 1448; baseline -0.007 -7"><span class='ocrx_word' id='word_1_828' title='bbox 1397 1409 1538 1441; x_wconf 81' lang='lat' dir='ltr'>seamus,</span> <span class='ocrx_word' id='word_1_829' title='bbox 1561 1407 1616 1448; x_wconf 86' lang='lat' dir='ltr'>qui</span> <span class='ocrx_word' id='word_1_830' title='bbox 1642 1416 1776 1443; x_wconf 87' lang='lat' dir='ltr'>contra,</span> <span class='ocrx_word' id='word_1_831' title='bbox 1804 1405 2051 1446; x_wconf 76' lang='lat' dir='ltr'>cumsanguinis</span> <span class='ocrx_word' id='word_1_832' title='bbox 2063 1406 2268 1437; x_wconf 85' lang='lat' dir='ltr'>concretione</span> <span class='ocrx_word' id='word_1_833' title='bbox 2295 1403 2410 1436; x_wconf 84' lang='lat' dir='ltr'>multas</span> 
     </span>
     <span class='ocr_line' id='line_1_109' title="bbox 1397 1448 2410 1493; baseline -0.006 -9"><span class='ocrx_word' id='word_1_834' title='bbox 1397 1462 1528 1493; x_wconf 79' lang='lat' dir='ltr'>quoque</span> <span class='ocrx_word' id='word_1_835' title='bbox 1541 1461 1647 1482; x_wconf 86' lang='lat' dir='ltr'>earum</span> <span class='ocrx_word' id='word_1_836' title='bbox 1660 1450 1784 1491; x_wconf 65' lang='lat' dir='ltr'>junctas</span> <span class='ocrx_word' id='word_1_837' title='bbox 1797 1449 1866 1488; x_wconf 80' lang='lat' dir='ltr'>esse,</span> <span class='ocrx_word' id='word_1_838' title='bbox 1881 1448 2083 1481; x_wconf 87' lang='lat' dir='ltr'>tradiderunt</span> <span class='ocrx_word' id='word_1_839' title='bbox 2098 1473 2104 1479; x_wconf 93' lang='lat'>.</span> <span class='ocrx_word' id='word_1_840' title='bbox 2118 1448 2272 1491; x_wconf 81' lang='lat' dir='ltr'>Quorum</span> <span class='ocrx_word' id='word_1_841' title='bbox 2286 1448 2410 1479; x_wconf 82' lang='lat' dir='ltr'>senten-</span> 
     </span>
     <span class='ocr_line' id='line_1_110' title="bbox 1397 1488 2410 1534; baseline -0.004 -7"><span class='ocrx_word' id='word_1_842' title='bbox 1397 1496 1451 1527; x_wconf 80' lang='lat' dir='ltr'>tiae</span> <span class='ocrx_word' id='word_1_843' title='bbox 1477 1493 1584 1526; x_wconf 83' lang='lat' dir='ltr'>favent</span> <span class='ocrx_word' id='word_1_844' title='bbox 1609 1504 1682 1526; x_wconf 90' lang='lat' dir='ltr'>cum</span> <span class='ocrx_word' id='word_1_845' title='bbox 1707 1492 1775 1525; x_wconf 85' lang='lat' dir='ltr'>aliae</span> <span class='ocrx_word' id='word_1_846' title='bbox 1791 1518 1799 1530; x_wconf 88' lang='lat'>‚</span> <span class='ocrx_word' id='word_1_847' title='bbox 1825 1502 1896 1525; x_wconf 87' lang='lat' dir='ltr'>turn</span> <span class='ocrx_word' id='word_1_848' title='bbox 1907 1492 2082 1534; x_wconf 70' lang='lat' dir='ltr'>praesertim</span> <span class='ocrx_word' id='word_1_849' title='bbox 2097 1490 2163 1524; x_wconf 71' lang='lat' dir='ltr'>haec</span> <span class='ocrx_word' id='word_1_850' title='bbox 2176 1502 2272 1533; x_wconf 74' lang='lat' dir='ltr'>quam</span> <span class='ocrx_word' id='word_1_851' title='bbox 2287 1488 2410 1531; x_wconf 90' lang='lat' dir='ltr'>postre-</span> 
     </span>
     <span class='ocr_line' id='line_1_111' title="bbox 1398 1533 2412 1576; baseline -0.005 -5"><span class='ocrx_word' id='word_1_852' title='bbox 1398 1549 1483 1571; x_wconf 85' lang='lat' dir='ltr'>mam</span> <span class='ocrx_word' id='word_1_853' title='bbox 1507 1549 1546 1570; x_wconf 87' lang='lat' dir='ltr'>ex</span> <span class='ocrx_word' id='word_1_854' title='bbox 1570 1537 1726 1570; x_wconf 74' lang='lat' dir='ltr'>Valsalvae</span> <span class='ocrx_word' id='word_1_855' title='bbox 1751 1535 1893 1569; x_wconf 84' lang='lat' dir='ltr'>historiis</span> <span class='ocrx_word' id='word_1_856' title='bbox 1916 1534 2106 1576; x_wconf 82' lang='lat' dir='ltr'>subjicimus</span> <span class='ocrx_word' id='word_1_857' title='bbox 2132 1534 2225 1571; x_wconf 71' lang='lat' dir='ltr'>,hoc</span> <span class='ocrx_word' id='word_1_858' title='bbox 2249 1535 2349 1566; x_wconf 90' lang='lat' dir='ltr'>titulo</span> <span class='ocrx_word' id='word_1_859' title='bbox 2373 1533 2412 1566; x_wconf 85' lang='lat' dir='ltr'>ab</span> 
     </span>
     <span class='ocr_line' id='line_1_112' title="bbox 1394 1577 2410 1624; baseline -0.004 -11"><span class='ocrx_word' id='word_1_860' title='bbox 1394 1581 1466 1624; x_wconf 86' lang='lat' dir='ltr'>ipso</span> <span class='ocrx_word' id='word_1_861' title='bbox 1490 1580 1675 1622; x_wconf 85' lang='lat' dir='ltr'>inscriptam</span> <span class='ocrx_word' id='word_1_862' title='bbox 1697 1584 1744 1617; x_wconf 80' lang='lat' dir='ltr'>De</span> <span class='ocrx_word' id='word_1_863' title='bbox 1768 1577 1861 1612; x_wconf 82' lang='lat' dir='ltr'>Febre</span> <span class='ocrx_word' id='word_1_864' title='bbox 1872 1578 2035 1621; x_wconf 72' lang='lat' dir='ltr'>Maligna,</span> <span class='ocrx_word' id='word_1_865' title='bbox 2058 1578 2176 1612; x_wconf 69' lang='lat' dir='ltr'>&amp;alvi</span> <span class='ocrx_word' id='word_1_866' title='bbox 2190 1577 2410 1619; x_wconf 62' lang='lat' dir='ltr'>stypticicate.</span> 
     </span>
    </p>

    <p class='ocr_par' dir='ltr' id='par_1_14' title="bbox 1397 1620 2418 2271">
     <span class='ocr_line' id='line_1_113' title="bbox 1447 1620 2410 1666; baseline -0.007 -8"><span class='ocrx_word' id='word_1_867' title='bbox 1447 1636 1495 1666; x_wconf 84' lang='lat'>¹4·</span> <span class='ocrx_word' id='word_1_868' title='bbox 1523 1623 1611 1657; x_wconf 76' lang='lat' dir='ltr'>VIR</span> <span class='ocrx_word' id='word_1_869' title='bbox 1636 1623 1771 1656; x_wconf 84' lang='lat' dir='ltr'>Nobilis</span> <span class='ocrx_word' id='word_1_870' title='bbox 1796 1632 1955 1655; x_wconf 83' lang='lat' dir='ltr'>annorum</span> <span class='ocrx_word' id='word_1_871' title='bbox 1987 1620 2120 1654; x_wconf 73' lang='lat' dir='ltr'>circiter</span> <span class='ocrx_word' id='word_1_872' title='bbox 2164 1621 2379 1663; x_wconf 73' lang='lat' dir='ltr'>quadraginta</span> <span class='ocrx_word' id='word_1_873' title='bbox 2401 1645 2410 1659; x_wconf 83' lang='grc'><strong>,</strong></span> 
     </span>
     <span class='ocr_line' id='line_1_114' title="bbox 1400 1664 2410 1709; baseline -0.004 -9"><span class='ocrx_word' id='word_1_874' title='bbox 1400 1669 1458 1709; x_wconf 84' lang='lat' dir='ltr'>qui</span> <span class='ocrx_word' id='word_1_875' title='bbox 1484 1668 1531 1700; x_wconf 86' lang='lat' dir='ltr'>vel</span> <span class='ocrx_word' id='word_1_876' title='bbox 1559 1668 1649 1700; x_wconf 89' lang='lat' dir='ltr'>sanus</span> <span class='ocrx_word' id='word_1_877' title='bbox 1674 1676 1772 1699; x_wconf 87' lang='lat' dir='ltr'>tantae</span> <span class='ocrx_word' id='word_1_878' title='bbox 1797 1676 1864 1699; x_wconf 89' lang='lat' dir='ltr'>erat</span> <span class='ocrx_word' id='word_1_879' title='bbox 1889 1666 1952 1697; x_wconf 88' lang='lat' dir='ltr'>alvi</span> <span class='ocrx_word' id='word_1_880' title='bbox 1976 1664 2107 1698; x_wconf 78' lang='lat' dir='ltr'>duritiae</span> <span class='ocrx_word' id='word_1_881' title='bbox 2141 1664 2304 1697; x_wconf 82' lang='lat' dir='ltr'>obnoxius</span> <span class='ocrx_word' id='word_1_882' title='bbox 2330 1687 2338 1700; x_wconf 88' lang='lat'>‚</span> <span class='ocrx_word' id='word_1_883' title='bbox 2373 1673 2410 1697; x_wconf 94' lang='lat' dir='ltr'>ut</span> 
     </span>
     <span class='ocr_line' id='line_1_115' title="bbox 1402 1709 2413 1751; baseline -0.003 -8"><span class='ocrx_word' id='word_1_884' title='bbox 1402 1723 1467 1744; x_wconf 90' lang='lat' dir='ltr'>non</span> <span class='ocrx_word' id='word_1_885' title='bbox 1492 1710 1548 1743; x_wconf 83' lang='lat' dir='ltr'>nisi</span> <span class='ocrx_word' id='word_1_886' title='bbox 1573 1710 1664 1742; x_wconf 87' lang='lat' dir='ltr'>Artis</span> <span class='ocrx_word' id='word_1_887' title='bbox 1689 1721 1749 1751; x_wconf 87' lang='lat' dir='ltr'>ope</span> <span class='ocrx_word' id='word_1_888' title='bbox 1773 1719 1983 1747; x_wconf 81' lang='lat' dir='ltr'>exoneraret,</span> <span class='ocrx_word' id='word_1_889' title='bbox 2008 1719 2080 1740; x_wconf 80' lang='lat' dir='ltr'>cuni</span> <span class='ocrx_word' id='word_1_890' title='bbox 2106 1719 2143 1740; x_wconf 83' lang='lat' dir='ltr'>ex</span> <span class='ocrx_word' id='word_1_891' title='bbox 2168 1709 2271 1750; x_wconf 87' lang='lat' dir='ltr'>patria</span> <span class='ocrx_word' id='word_1_892' title='bbox 2304 1709 2413 1749; x_wconf 83' lang='lat' dir='ltr'>regio-</span> 
     </span>
     <span class='ocr_line' id='line_1_116' title="bbox 1403 1750 2412 1793; baseline -0.004 -6"><span class='ocrx_word' id='word_1_893' title='bbox 1403 1766 1461 1792; x_wconf 87' lang='lat' dir='ltr'>ne,</span> <span class='ocrx_word' id='word_1_894' title='bbox 1487 1755 1577 1786; x_wconf 85' lang='lat' dir='ltr'>tenui</span> <span class='ocrx_word' id='word_1_895' title='bbox 1601 1764 1669 1786; x_wconf 89' lang='lat' dir='ltr'>aere</span> <span class='ocrx_word' id='word_1_896' title='bbox 1695 1751 1854 1793; x_wconf 69' lang='lat' dir='ltr'>praedita,</span> <span class='ocrx_word' id='word_1_897' title='bbox 1876 1753 1908 1784; x_wconf 89' lang='lat' dir='ltr'>in</span> <span class='ocrx_word' id='word_1_898' title='bbox 1934 1753 2030 1784; x_wconf 88' lang='lat' dir='ltr'>aliam</span> <span class='ocrx_word' id='word_1_899' title='bbox 2055 1750 2142 1783; x_wconf 84' lang='lat' dir='ltr'>craffi</span> <span class='ocrx_word' id='word_1_900' title='bbox 2166 1753 2270 1790; x_wconf 86' lang='lat' dir='ltr'>aeris,</span> <span class='ocrx_word' id='word_1_901' title='bbox 2302 1750 2412 1783; x_wconf 89' lang='lat' dir='ltr'>domi-</span> 
     </span>
     <span class='ocr_line' id='line_1_117' title="bbox 1398 1792 2411 1836; baseline -0.005 -6"><span class='ocrx_word' id='word_1_902' title='bbox 1398 1799 1512 1831; x_wconf 85' lang='lat' dir='ltr'>cilium</span> <span class='ocrx_word' id='word_1_903' title='bbox 1537 1795 1763 1831; x_wconf 74' lang='lat' dir='ltr'>transtulisset3</span> <span class='ocrx_word' id='word_1_904' title='bbox 1788 1796 1876 1827; x_wconf 88' lang='lat' dir='ltr'>brevi</span> <span class='ocrx_word' id='word_1_905' title='bbox 1903 1794 1972 1836; x_wconf 75' lang='lat' dir='ltr'>post</span> <span class='ocrx_word' id='word_1_906' title='bbox 1999 1805 2143 1836; x_wconf 79' lang='lat' dir='ltr'>tempore</span> <span class='ocrx_word' id='word_1_907' title='bbox 2169 1795 2201 1826; x_wconf 87' lang='lat' dir='ltr'>in</span> <span class='ocrx_word' id='word_1_908' title='bbox 2228 1792 2411 1826; x_wconf 85' lang='lat' dir='ltr'>febremin-</span> 
     </span>
     <span class='ocr_line' id='line_1_118' title="bbox 1397 1836 2412 1881; baseline -0.006 -6"><span class='ocrx_word' id='word_1_909' title='bbox 1397 1841 1502 1879; x_wconf 89' lang='lat' dir='ltr'>cidit,</span> <span class='ocrx_word' id='word_1_910' title='bbox 1528 1840 1617 1873; x_wconf 85' lang='lat' dir='ltr'>nullo</span> <span class='ocrx_word' id='word_1_911' title='bbox 1644 1840 1708 1879; x_wconf 80' lang='lat' dir='ltr'>alio</span> <span class='ocrx_word' id='word_1_912' title='bbox 1733 1839 1881 1881; x_wconf 87' lang='lat' dir='ltr'>stipatam</span> <span class='ocrx_word' id='word_1_913' title='bbox 1916 1838 2133 1879; x_wconf 83' lang='lat' dir='ltr'>symptomate</span> <span class='ocrx_word' id='word_1_914' title='bbox 2157 1861 2166 1876; x_wconf 87' lang='lat'>‚</span> <span class='ocrx_word' id='word_1_915' title='bbox 2212 1837 2269 1869; x_wconf 82' lang='lat' dir='ltr'>nili</span> <span class='ocrx_word' id='word_1_916' title='bbox 2321 1836 2412 1879; x_wconf 89' lang='lat' dir='ltr'>quod</span> 
     </span>
     <span class='ocr_line' id='line_1_119' title="bbox 1397 1880 2414 1927; baseline -0.005 -10"><span class='ocrx_word' id='word_1_917' title='bbox 1397 1896 1479 1927; x_wconf 81' lang='lat' dir='ltr'>aeger</span> <span class='ocrx_word' id='word_1_918' title='bbox 1503 1885 1541 1917; x_wconf 84' lang='lat' dir='ltr'>de</span> <span class='ocrx_word' id='word_1_919' title='bbox 1566 1883 1678 1916; x_wconf 77' lang='lat' dir='ltr'>affidua</span> <span class='ocrx_word' id='word_1_920' title='bbox 1703 1883 1804 1914; x_wconf 88' lang='lat' dir='ltr'>animi</span> <span class='ocrx_word' id='word_1_921' title='bbox 1827 1881 2053 1924; x_wconf 84' lang='lat' dir='ltr'>inquietudine</span> <span class='ocrx_word' id='word_1_922' title='bbox 2069 1905 2078 1919; x_wconf 89' lang='lat'>‚</span> <span class='ocrx_word' id='word_1_923' title='bbox 2104 1883 2134 1913; x_wconf 68' lang='grc' dir='ltr'>ἃ</span> <span class='ocrx_word' id='word_1_924' title='bbox 2157 1880 2195 1913; x_wconf 87' lang='lat' dir='ltr'>de</span> <span class='ocrx_word' id='word_1_925' title='bbox 2209 1880 2414 1923; x_wconf 74' lang='lat' dir='ltr'>vigiliisper-</span> 
     </span>
     <span class='ocr_line' id='line_1_120' title="bbox 1397 1925 2408 1969; baseline -0.003 -8"><span class='ocrx_word' id='word_1_926' title='bbox 1397 1938 1497 1969; x_wconf 90' lang='lat' dir='ltr'>petuo</span> <span class='ocrx_word' id='word_1_927' title='bbox 1522 1925 1799 1969; x_wconf 83' lang='lat' dir='ltr'>conquerebatur.</span> <span class='ocrx_word' id='word_1_928' title='bbox 1825 1926 1884 1959; x_wconf 86' lang='lat' dir='ltr'>Sed</span> <span class='ocrx_word' id='word_1_929' title='bbox 1908 1925 2035 1957; x_wconf 87' lang='lat' dir='ltr'>decimo</span> <span class='ocrx_word' id='word_1_930' title='bbox 2069 1933 2188 1966; x_wconf 86' lang='lat' dir='ltr'>quarto</span> <span class='ocrx_word' id='word_1_931' title='bbox 2233 1925 2285 1957; x_wconf 88' lang='lat' dir='ltr'>die</span> <span class='ocrx_word' id='word_1_932' title='bbox 2332 1935 2408 1958; x_wconf 88' lang='lat' dir='ltr'>cum</span> 
     </span>
     <span class='ocr_line' id='line_1_121' title="bbox 1401 1967 2414 2013; baseline -0.004 -9"><span class='ocrx_word' id='word_1_933' title='bbox 1401 1971 1497 2004; x_wconf 88' lang='lat' dir='ltr'>dolor</span> <span class='ocrx_word' id='word_1_934' title='bbox 1520 1972 1634 2013; x_wconf 84' lang='lat' dir='ltr'>capitis</span> <span class='ocrx_word' id='word_1_935' title='bbox 1659 1967 1846 2006; x_wconf 69' lang='lat' dir='ltr'>accessisset,</span> <span class='ocrx_word' id='word_1_936' title='bbox 1873 1967 2042 2011; x_wconf 82' lang='lat' dir='ltr'>pulsusque</span> <span class='ocrx_word' id='word_1_937' title='bbox 2076 1967 2175 2000; x_wconf 87' lang='lat' dir='ltr'>modo</span> <span class='ocrx_word' id='word_1_938' title='bbox 2223 1967 2251 2001; x_wconf 86' lang='lat' dir='ltr'>se</span> <span class='ocrx_word' id='word_1_939' title='bbox 2297 1967 2414 2010; x_wconf 87' lang='lat' dir='ltr'>prode-</span> 
     </span>
     <span class='ocr_line' id='line_1_122' title="bbox 1401 2011 2410 2053; baseline -0.003 -6"><span class='ocrx_word' id='word_1_940' title='bbox 1401 2025 1492 2053; x_wconf 85' lang='lat' dir='ltr'>rent,</span> <span class='ocrx_word' id='word_1_941' title='bbox 1517 2013 1615 2047; x_wconf 88' lang='lat' dir='ltr'>modo</span> <span class='ocrx_word' id='word_1_942' title='bbox 1639 2014 1683 2045; x_wconf 87' lang='lat' dir='ltr'>ita</span> <span class='ocrx_word' id='word_1_943' title='bbox 1707 2012 1995 2050; x_wconf 84' lang='lat' dir='ltr'>contraherentur,</span> <span class='ocrx_word' id='word_1_944' title='bbox 2020 2021 2054 2044; x_wconf 91' lang='lat' dir='ltr'>ut</span> <span class='ocrx_word' id='word_1_945' title='bbox 2079 2011 2199 2053; x_wconf 81' lang='lat' dir='ltr'>percipi</span> <span class='ocrx_word' id='word_1_946' title='bbox 2225 2023 2241 2043; x_wconf 94' lang='lat' dir='ltr'>a</span> <span class='ocrx_word' id='word_1_947' title='bbox 2276 2011 2410 2044; x_wconf 86' lang='lat' dir='ltr'>Medico</span> 
     </span>
     <span class='ocr_line' id='line_1_123' title="bbox 1401 2055 2416 2100; baseline -0.005 -9"><span class='ocrx_word' id='word_1_948' title='bbox 1401 2058 1482 2099; x_wconf 81' lang='lat' dir='ltr'>saepe</span> <span class='ocrx_word' id='word_1_949' title='bbox 1505 2068 1569 2090; x_wconf 87' lang='lat' dir='ltr'>non</span> <span class='ocrx_word' id='word_1_950' title='bbox 1596 2055 1741 2100; x_wconf 77' lang='lat' dir='ltr'>poffent3</span> <span class='ocrx_word' id='word_1_951' title='bbox 1767 2055 1878 2088; x_wconf 85' lang='lat' dir='ltr'>eodem</span> <span class='ocrx_word' id='word_1_952' title='bbox 1903 2055 1955 2087; x_wconf 88' lang='lat' dir='ltr'>die</span> <span class='ocrx_word' id='word_1_953' title='bbox 1980 2057 2083 2087; x_wconf 85' lang='lat' dir='ltr'>vitam</span> <span class='ocrx_word' id='word_1_954' title='bbox 2109 2066 2181 2087; x_wconf 84' lang='lat' dir='ltr'>cum</span> <span class='ocrx_word' id='word_1_955' title='bbox 2209 2065 2311 2088; x_wconf 90' lang='lat' dir='ltr'>morte</span> <span class='ocrx_word' id='word_1_956' title='bbox 2324 2066 2416 2088; x_wconf 87' lang='lat' dir='ltr'>com-</span> 
     </span>
     <span class='ocr_line' id='line_1_124' title="bbox 1402 2096 2418 2134; baseline -0.005 -1"><span class='ocrx_word' id='word_1_957' title='bbox 1402 2102 1565 2134; x_wconf 86' lang='lat' dir='ltr'>mutavit.</span> <span class='ocrx_word' id='word_1_958' title='bbox 1698 2099 2007 2132; x_wconf 68' lang='lat' dir='ltr'><strong>VEN‘IRICULI</strong></span> <span class='ocrx_word' id='word_1_959' title='bbox 2032 2096 2149 2131; x_wconf 85' lang='lat' dir='ltr'>fundus</span> <span class='ocrx_word' id='word_1_960' title='bbox 2175 2106 2245 2131; x_wconf 88' lang='lat' dir='ltr'>atro</span> <span class='ocrx_word' id='word_1_961' title='bbox 2269 2110 2334 2131; x_wconf 86' lang='lat' dir='ltr'>erat</span> <span class='ocrx_word' id='word_1_962' title='bbox 2359 2110 2418 2131; x_wconf 92' lang='lat' dir='ltr'>co-</span> 
     </span>
     <span class='ocr_line' id='line_1_125' title="bbox 1404 2141 2416 2184; baseline -0.001 -7"><span class='ocrx_word' id='word_1_963' title='bbox 1404 2145 1472 2178; x_wconf 89' lang='lat' dir='ltr'>lore</span> <span class='ocrx_word' id='word_1_964' title='bbox 1495 2143 1652 2178; x_wconf 59' lang='lat' dir='ltr'>infectus.</span> <span class='ocrx_word' id='word_1_965' title='bbox 1678 2143 1856 2181; x_wconf 88' lang='lat' dir='ltr'>Intestina,</span> <span class='ocrx_word' id='word_1_966' title='bbox 1879 2144 1910 2174; x_wconf 83' lang='lat'>&amp;</span> <span class='ocrx_word' id='word_1_967' title='bbox 1933 2141 2042 2174; x_wconf 86' lang='lat' dir='ltr'>Crassa</span> <span class='ocrx_word' id='word_1_968' title='bbox 2066 2142 2240 2184; x_wconf 87' lang='lat' dir='ltr'>praesertim</span> <span class='ocrx_word' id='word_1_969' title='bbox 2256 2167 2264 2182; x_wconf 89' lang='lat'>,</span> <span class='ocrx_word' id='word_1_970' title='bbox 2287 2143 2416 2184; x_wconf 74' lang='lat' dir='ltr'>angusta</span> 
     </span>
     <span class='ocr_line' id='line_1_126' title="bbox 1404 2185 2416 2227; baseline -0.002 -6"><span class='ocrx_word' id='word_1_971' title='bbox 1404 2197 1516 2223; x_wconf 85' lang='lat' dir='ltr'>erant.</span> <span class='ocrx_word' id='word_1_972' title='bbox 1544 2189 1671 2221; x_wconf 85' lang='lat' dir='ltr'>Caetera</span> <span class='ocrx_word' id='word_1_973' title='bbox 1696 2187 1815 2220; x_wconf 87' lang='lat' dir='ltr'>ventris</span> <span class='ocrx_word' id='word_1_974' title='bbox 1841 2185 1958 2220; x_wconf 86' lang='lat' dir='ltr'>viscera</span> <span class='ocrx_word' id='word_1_975' title='bbox 1984 2185 2056 2219; x_wconf 83' lang='lat' dir='ltr'>sana</span> <span class='ocrx_word' id='word_1_976' title='bbox 2071 2209 2079 2216; x_wconf 87' lang='lat'>.</span> <span class='ocrx_word' id='word_1_977' title='bbox 2103 2185 2240 2227; x_wconf 82' lang='lat' dir='ltr'>Sanguis</span> <span class='ocrx_word' id='word_1_978' title='bbox 2260 2195 2324 2219; x_wconf 90' lang='lat' dir='ltr'>erat</span> <span class='ocrx_word' id='word_1_979' title='bbox 2348 2187 2416 2219; x_wconf 85' lang='lat' dir='ltr'>val-</span> 
     </span>
     <span class='ocr_line' id='line_1_127' title="bbox 1405 2233 1668 2271; baseline -0.011 -5"><span class='ocrx_word' id='word_1_980' title='bbox 1405 2233 1443 2266; x_wconf 90' lang='lat' dir='ltr'>de</span> <span class='ocrx_word' id='word_1_981' title='bbox 1467 2240 1638 2271; x_wconf 81' lang='lat' dir='ltr'>concretus</span> <span class='ocrx_word' id='word_1_982' title='bbox 1661 2256 1668 2263; x_wconf 97' lang='lat'>.</span> 
     </span>
    </p>

    <p class='ocr_par' dir='ltr' id='par_1_15' title="bbox 1404 2271 2422 2706">
     <span class='ocr_line' id='line_1_128' title="bbox 1451 2271 2417 2317; baseline -0.006 -8"><span class='ocrx_word' id='word_1_983' title='bbox 1451 2286 1499 2317; x_wconf 81' lang='lat'>15.</span> <span class='ocrx_word' id='word_1_984' title='bbox 1525 2276 1625 2310; x_wconf 88' lang='lat' dir='ltr'>Nunc</span> <span class='ocrx_word' id='word_1_985' title='bbox 1650 2273 1686 2307; x_wconf 84' lang='lat' dir='ltr'>ad</span> <span class='ocrx_word' id='word_1_986' title='bbox 1711 2272 1911 2307; x_wconf 65' lang='lat' dir='ltr'>diffestiones</span> <span class='ocrx_word' id='word_1_987' title='bbox 1937 2271 2027 2306; x_wconf 90' lang='lat' dir='ltr'>hasce</span> <span class='ocrx_word' id='word_1_988' title='bbox 2051 2272 2262 2315; x_wconf 86' lang='lat' dir='ltr'>adjungemus</span> <span class='ocrx_word' id='word_1_989' title='bbox 2293 2273 2417 2307; x_wconf 84' lang='lat' dir='ltr'>nostra-</span> 
     </span>
     <span class='ocr_line' id='line_1_129' title="bbox 1407 2314 2416 2363; baseline -0.006 -11"><span class='ocrx_word' id='word_1_990' title='bbox 1407 2331 1480 2363; x_wconf 83' lang='lat' dir='ltr'>rum</span> <span class='ocrx_word' id='word_1_991' title='bbox 1497 2345 1504 2359; x_wconf 86' lang='lat'>‚</span> <span class='ocrx_word' id='word_1_992' title='bbox 1530 2329 1587 2353; x_wconf 91' lang='lat' dir='ltr'>aut</span> <span class='ocrx_word' id='word_1_993' title='bbox 1612 2319 1806 2351; x_wconf 88' lang='lat' dir='ltr'>Amicorum</span> <span class='ocrx_word' id='word_1_994' title='bbox 1831 2316 1898 2350; x_wconf 84' lang='lat' dir='ltr'>sive</span> <span class='ocrx_word' id='word_1_995' title='bbox 1923 2317 2224 2355; x_wconf 89' lang='lat' dir='ltr'>Observationum,</span> <span class='ocrx_word' id='word_1_996' title='bbox 2249 2314 2311 2349; x_wconf 86' lang='lat' dir='ltr'>sive</span> <span class='ocrx_word' id='word_1_997' title='bbox 2347 2320 2416 2350; x_wconf 85' lang='lat' dir='ltr'>ani-</span> 
     </span>
     <span class='ocr_line' id='line_1_130' title="bbox 1409 2359 2415 2402; baseline -0.004 -5"><span class='ocrx_word' id='word_1_998' title='bbox 1409 2363 1667 2397; x_wconf 78' lang='lat' dir='ltr'>madversionum</span> <span class='ocrx_word' id='word_1_999' title='bbox 1693 2360 1837 2402; x_wconf 82' lang='lat' dir='ltr'>exempla</span> <span class='ocrx_word' id='word_1_1000' title='bbox 1861 2362 2009 2401; x_wconf 86' lang='lat' dir='ltr'>aliquot,</span> <span class='ocrx_word' id='word_1_1001' title='bbox 2035 2361 2072 2394; x_wconf 89' lang='lat' dir='ltr'>ad</span> <span class='ocrx_word' id='word_1_1002' title='bbox 2120 2369 2297 2393; x_wconf 87' lang='lat' dir='ltr'>memorata</span> <span class='ocrx_word' id='word_1_1003' title='bbox 2322 2382 2330 2398; x_wconf 92' lang='lat'>‚</span> <span class='ocrx_word' id='word_1_1004' title='bbox 2377 2359 2415 2395; x_wconf 88' lang='lat' dir='ltr'>ad</span> 
     </span>
     <span class='ocr_line' id='line_1_131' title="bbox 1406 2403 2419 2449; baseline -0.003 -9"><span class='ocrx_word' id='word_1_1005' title='bbox 1406 2409 1534 2449; x_wconf 79' lang='lat' dir='ltr'>aliaque</span> <span class='ocrx_word' id='word_1_1006' title='bbox 1559 2405 1699 2439; x_wconf 84' lang='lat' dir='ltr'>febrium</span> <span class='ocrx_word' id='word_1_1007' title='bbox 1723 2415 1836 2446; x_wconf 90' lang='lat' dir='ltr'>genera</span> <span class='ocrx_word' id='word_1_1008' title='bbox 1862 2403 2058 2447; x_wconf 73' lang='lat' dir='ltr'>speetantia.</span> <span class='ocrx_word' id='word_1_1009' title='bbox 2085 2404 2225 2445; x_wconf 88' lang='lat' dir='ltr'>Aliquot</span> <span class='ocrx_word' id='word_1_1010' title='bbox 2252 2413 2357 2437; x_wconf 88' lang='lat' dir='ltr'>autem</span> <span class='ocrx_word' id='word_1_1011' title='bbox 2370 2403 2419 2437; x_wconf 90' lang='lat' dir='ltr'>di-</span> 
     </span>
     <span class='ocr_line' id='line_1_132' title="bbox 1404 2446 2420 2490; baseline -0.003 -7"><span class='ocrx_word' id='word_1_1012' title='bbox 1404 2454 1534 2490; x_wconf 78' lang='lat' dir='ltr'>ximus‚·</span> <span class='ocrx_word' id='word_1_1013' title='bbox 1554 2460 1626 2483; x_wconf 89' lang='lat' dir='ltr'>nam</span> <span class='ocrx_word' id='word_1_1014' title='bbox 1645 2475 1652 2487; x_wconf 90' lang='lat'><em>‚</em></span> <span class='ocrx_word' id='word_1_1015' title='bbox 1678 2458 1712 2481; x_wconf 93' lang='lat' dir='ltr'>ut</span> <span class='ocrx_word' id='word_1_1016' title='bbox 1725 2447 1919 2489; x_wconf 85' lang='lat' dir='ltr'>superiorem</span> <span class='ocrx_word' id='word_1_1017' title='bbox 1933 2446 2090 2480; x_wconf 79' lang='lat' dir='ltr'>servantes</span> <span class='ocrx_word' id='word_1_1018' title='bbox 2100 2448 2269 2487; x_wconf 89' lang='lat' dir='ltr'>ordinem,</span> <span class='ocrx_word' id='word_1_1019' title='bbox 2285 2447 2324 2480; x_wconf 89' lang='lat' dir='ltr'>ab</span> <span class='ocrx_word' id='word_1_1020' title='bbox 2337 2448 2420 2481; x_wconf 88' lang='lat' dir='ltr'>Len-</span> 
     </span>
     <span class='ocr_line' id='line_1_133' title="bbox 1407 2490 2421 2535; baseline -0.003 -10"><span class='ocrx_word' id='word_1_1021' title='bbox 1407 2496 1470 2533; x_wconf 85' lang='lat' dir='ltr'>tis,</span> <span class='ocrx_word' id='word_1_1022' title='bbox 1486 2492 1692 2535; x_wconf 69' lang='lat' dir='ltr'>Heflicisque</span> <span class='ocrx_word' id='word_1_1023' title='bbox 1717 2490 1860 2525; x_wconf 90' lang='lat' dir='ltr'>febribus</span> <span class='ocrx_word' id='word_1_1024' title='bbox 1884 2492 2100 2532; x_wconf 77' lang='lat' dir='ltr'>incipiamus5</span> <span class='ocrx_word' id='word_1_1025' title='bbox 2126 2491 2187 2523; x_wconf 85' lang='lat' dir='ltr'>alia</span> <span class='ocrx_word' id='word_1_1026' title='bbox 2211 2492 2244 2523; x_wconf 90' lang='lat' dir='ltr'>in</span> <span class='ocrx_word' id='word_1_1027' title='bbox 2257 2490 2351 2523; x_wconf 80' lang='lat' dir='ltr'>miffis</span> <span class='ocrx_word' id='word_1_1028' title='bbox 2365 2502 2421 2523; x_wconf 88' lang='lat' dir='ltr'>an-</span> 
     </span>
     <span class='ocr_line' id='line_1_134' title="bbox 1410 2532 2421 2578; baseline -0.004 -9"><span class='ocrx_word' id='word_1_1029' title='bbox 1410 2547 1460 2570; x_wconf 88' lang='lat' dir='ltr'>tea</span> <span class='ocrx_word' id='word_1_1030' title='bbox 1486 2534 1641 2578; x_wconf 88' lang='lat' dir='ltr'>Epistolis</span> <span class='ocrx_word' id='word_1_1031' title='bbox 1663 2534 1726 2577; x_wconf 81' lang='lat' dir='ltr'>jam</span> <span class='ocrx_word' id='word_1_1032' title='bbox 1751 2535 1852 2576; x_wconf 88' lang='lat' dir='ltr'>legisti</span> <span class='ocrx_word' id='word_1_1033' title='bbox 1867 2533 1929 2566; x_wconf 83' lang='lat' dir='ltr'>five</span> <span class='ocrx_word' id='word_1_1034' title='bbox 1945 2545 2019 2566; x_wconf 80' lang='lat' dir='ltr'>cum</span> <span class='ocrx_word' id='word_1_1035' title='bbox 2044 2532 2183 2567; x_wconf 88' lang='lat' dir='ltr'>thoracis</span> <span class='ocrx_word' id='word_1_1036' title='bbox 2208 2545 2245 2565; x_wconf 85' lang='lat' dir='ltr'>ex</span> <span class='ocrx_word' id='word_1_1037' title='bbox 2272 2533 2421 2575; x_wconf 81' lang='lat' dir='ltr'>proposi-</span> 
     </span>
     <span class='ocr_line' id='line_1_135' title="bbox 1412 2577 2419 2616; baseline -0.002 -3"><span class='ocrx_word' id='word_1_1038' title='bbox 1412 2591 1468 2616; x_wconf 86' lang='lat' dir='ltr'>to,</span> <span class='ocrx_word' id='word_1_1039' title='bbox 1492 2579 1554 2613; x_wconf 82' lang='lat' dir='ltr'>five</span> <span class='ocrx_word' id='word_1_1040' title='bbox 1577 2580 1675 2612; x_wconf 87' lang='lat' dir='ltr'>etiam</span> <span class='ocrx_word' id='word_1_1041' title='bbox 1699 2579 1860 2611; x_wconf 87' lang='lat' dir='ltr'>interdum</span> <span class='ocrx_word' id='word_1_1042' title='bbox 1884 2589 1956 2609; x_wconf 89' lang='lat' dir='ltr'>cum</span> <span class='ocrx_word' id='word_1_1043' title='bbox 1981 2578 2090 2610; x_wconf 86' lang='lat' dir='ltr'>obiter</span> <span class='ocrx_word' id='word_1_1044' title='bbox 2115 2578 2234 2609; x_wconf 88' lang='lat' dir='ltr'>ventris</span> <span class='ocrx_word' id='word_1_1045' title='bbox 2246 2577 2419 2611; x_wconf 76' lang='lat' dir='ltr'>abscessum</span> 
     </span>
     <span class='ocr_line' id='line_1_136' title="bbox 1416 2619 2416 2666; baseline -0.002 -10"><span class='ocrx_word' id='word_1_1046' title='bbox 1416 2625 1557 2666; x_wconf 84' lang='lat' dir='ltr'>aliquem</span> <span class='ocrx_word' id='word_1_1047' title='bbox 1583 2622 1642 2663; x_wconf 63' lang='lat' dir='ltr'>(k)</span> <span class='ocrx_word' id='word_1_1048' title='bbox 1664 2622 2017 2656; x_wconf 85' lang='lat' dir='ltr'>commemoravimus.</span> <span class='ocrx_word' id='word_1_1049' title='bbox 2046 2621 2157 2653; x_wconf 83' lang='lat' dir='ltr'>Unum</span> <span class='ocrx_word' id='word_1_1050' title='bbox 2183 2619 2236 2653; x_wconf 86' lang='lat' dir='ltr'>hic</span> <span class='ocrx_word' id='word_1_1051' title='bbox 2261 2630 2315 2653; x_wconf 88' lang='lat' dir='ltr'>aut</span> <span class='ocrx_word' id='word_1_1052' title='bbox 2334 2621 2416 2654; x_wconf 87' lang='lat' dir='ltr'>alte-</span> 
     </span>
     <span class='ocr_line' id='line_1_137' title="bbox 1415 2662 2422 2706; baseline -0.005 -6"><span class='ocrx_word' id='word_1_1053' title='bbox 1415 2679 1486 2701; x_wconf 91' lang='lat' dir='ltr'>rum</span> <span class='ocrx_word' id='word_1_1054' title='bbox 1513 2667 1561 2699; x_wconf 86' lang='lat' dir='ltr'>vel</span> <span class='ocrx_word' id='word_1_1055' title='bbox 1586 2667 1649 2699; x_wconf 87' lang='lat' dir='ltr'>sine</span> <span class='ocrx_word' id='word_1_1056' title='bbox 1675 2664 1845 2698; x_wconf 82' lang='lat' dir='ltr'>manifesto</span> <span class='ocrx_word' id='word_1_1057' title='bbox 1869 2662 2006 2697; x_wconf 87' lang='lat' dir='ltr'>abscessu</span> <span class='ocrx_word' id='word_1_1058' title='bbox 2020 2665 2202 2705; x_wconf 80' lang='lat' dir='ltr'>exemplum</span> <span class='ocrx_word' id='word_1_1059' title='bbox 2214 2662 2422 2706; x_wconf 81' lang='lat' dir='ltr'>adjiciemus..</span> 
     </span>
    </p>

    <p class='ocr_par' dir='ltr' id='par_1_16' title="bbox 1416 2707 2431 3353">
     <span class='ocr_line' id='line_1_138' title="bbox 1464 2707 2424 2750; baseline 0 -9"><span class='ocrx_word' id='word_1_1060' title='bbox 1464 2713 1512 2743; x_wconf 85' lang='lat'>16.</span> <span class='ocrx_word' id='word_1_1061' title='bbox 1537 2710 1625 2744; x_wconf 82' lang='lat' dir='ltr'>VIR</span> <span class='ocrx_word' id='word_1_1062' title='bbox 1649 2712 1748 2743; x_wconf 83' lang='lat' dir='ltr'>macie</span> <span class='ocrx_word' id='word_1_1063' title='bbox 1771 2707 1952 2746; x_wconf 64' lang='lat' dir='ltr'>confectus,</span> <span class='ocrx_word' id='word_1_1064' title='bbox 1975 2719 2071 2749; x_wconf 87' lang='lat' dir='ltr'>quem</span> <span class='ocrx_word' id='word_1_1065' title='bbox 2103 2717 2273 2749; x_wconf 89' lang='lat' dir='ltr'>propterea</span> <span class='ocrx_word' id='word_1_1066' title='bbox 2319 2708 2424 2750; x_wconf 82' lang='lat' dir='ltr'>aliqui</span> 
     </span>
     <span class='ocr_line' id='line_1_139' title="bbox 1416 2750 2423 2796; baseline -0.003 -9"><span class='ocrx_word' id='word_1_1067' title='bbox 1416 2752 1616 2796; x_wconf 80' lang='lat' dir='ltr'>phthisicum</span> <span class='ocrx_word' id='word_1_1068' title='bbox 1643 2752 1893 2788; x_wconf 84' lang='lat' dir='ltr'>existimabant,</span> <span class='ocrx_word' id='word_1_1069' title='bbox 1915 2762 1989 2785; x_wconf 88' lang='lat' dir='ltr'>cum</span> <span class='ocrx_word' id='word_1_1070' title='bbox 2014 2750 2096 2783; x_wconf 86' lang='lat' dir='ltr'>secus</span> <span class='ocrx_word' id='word_1_1071' title='bbox 2120 2751 2214 2784; x_wconf 89' lang='lat' dir='ltr'>nobis</span> <span class='ocrx_word' id='word_1_1072' title='bbox 2239 2750 2423 2791; x_wconf 85' lang='lat' dir='ltr'>videretur,</span> 
     </span>
     <span class='ocr_line' id='line_1_140' title="bbox 1417 2793 2424 2837; baseline -0.002 -7"><span class='ocrx_word' id='word_1_1073' title='bbox 1417 2797 1585 2830; x_wconf 82' lang='lat' dir='ltr'>noviffime</span> <span class='ocrx_word' id='word_1_1074' title='bbox 1609 2799 1641 2829; x_wconf 88' lang='lat' dir='ltr'>iu</span> <span class='ocrx_word' id='word_1_1075' title='bbox 1668 2796 1908 2829; x_wconf 82' lang='lat' dir='ltr'>Nosocomium</span> <span class='ocrx_word' id='word_1_1076' title='bbox 1932 2793 1993 2827; x_wconf 90' lang='lat' dir='ltr'>hoc</span> <span class='ocrx_word' id='word_1_1077' title='bbox 2020 2805 2169 2831; x_wconf 84' lang='lat' dir='ltr'>venerat,</span> <span class='ocrx_word' id='word_1_1078' title='bbox 2192 2806 2267 2835; x_wconf 78' lang='lat' dir='ltr'>cuin</span> <span class='ocrx_word' id='word_1_1079' title='bbox 2292 2795 2337 2828; x_wconf 90' lang='lat' dir='ltr'>ibi</span> <span class='ocrx_word' id='word_1_1080' title='bbox 2353 2794 2424 2837; x_wconf 87' lang='lat' dir='ltr'>post</span> 
     </span>
     <span class='ocr_line' id='line_1_141' title="bbox 1420 2836 2290 2881; baseline -0.007 -8"><span class='ocrx_word' id='word_1_1081' title='bbox 1420 2841 1537 2873; x_wconf 86' lang='lat' dir='ltr'>Martii</span> <span class='ocrx_word' id='word_1_1082' title='bbox 1562 2842 1695 2874; x_wconf 82' lang='lat' dir='ltr'>initium</span> <span class='ocrx_word' id='word_1_1083' title='bbox 1720 2842 1761 2873; x_wconf 86' lang='lat' dir='ltr'>A.</span> <span class='ocrx_word' id='word_1_1084' title='bbox 1790 2850 1884 2881; x_wconf 79' lang='lat'>1747.</span> <span class='ocrx_word' id='word_1_1085' title='bbox 1915 2839 2043 2870; x_wconf 89' lang='lat' dir='ltr'>vivendi</span> <span class='ocrx_word' id='word_1_1086' title='bbox 2069 2838 2168 2871; x_wconf 83' lang='lat' dir='ltr'>finem</span> <span class='ocrx_word' id='word_1_1087' title='bbox 2192 2836 2290 2871; x_wconf 85' lang='lat' dir='ltr'>fecit.</span> 
     </span>
     <span class='ocr_line' id='line_1_142' title="bbox 1418 2881 2425 2924; baseline 0 -7"><span class='ocrx_word' id='word_1_1088' title='bbox 1418 2885 1677 2922; x_wconf 73' lang='lat' dir='ltr'>THORACE,</span> <span class='ocrx_word' id='word_1_1089' title='bbox 1701 2882 1845 2921; x_wconf 88' lang='lat' dir='ltr'>Ventre‚</span> <span class='ocrx_word' id='word_1_1090' title='bbox 1872 2883 1989 2924; x_wconf 84' lang='lat' dir='ltr'>Capite</span> <span class='ocrx_word' id='word_1_1091' title='bbox 2013 2881 2151 2915; x_wconf 64' lang='lat' dir='ltr'>dissectis</span> <span class='ocrx_word' id='word_1_1092' title='bbox 2182 2884 2212 2914; x_wconf 73' lang='grc' dir='ltr'>δι</span> <span class='ocrx_word' id='word_1_1093' title='bbox 2259 2882 2425 2923; x_wconf 88' lang='lat' dir='ltr'>pulmones</span> 
     </span>
     <span class='ocr_line' id='line_1_143' title="bbox 1418 2924 2427 2968; baseline 0.001 -9"><span class='ocrx_word' id='word_1_1094' title='bbox 1418 2929 1505 2968; x_wconf 82' lang='lat' dir='ltr'>sani,</span> <span class='ocrx_word' id='word_1_1095' title='bbox 1527 2931 1559 2960; x_wconf 86' lang='lat'>&amp;</span> <span class='ocrx_word' id='word_1_1096' title='bbox 1583 2927 1701 2960; x_wconf 79' lang='lat' dir='ltr'>viscera</span> <span class='ocrx_word' id='word_1_1097' title='bbox 1725 2938 1837 2960; x_wconf 76' lang='lat' dir='ltr'>caetera</span> <span class='ocrx_word' id='word_1_1098' title='bbox 1862 2924 1926 2958; x_wconf 83' lang='lat' dir='ltr'>fine</span> <span class='ocrx_word' id='word_1_1099' title='bbox 1950 2925 2020 2958; x_wconf 89' lang='lat' dir='ltr'>labe</span> <span class='ocrx_word' id='word_1_1100' title='bbox 2044 2934 2170 2967; x_wconf 88' lang='lat' dir='ltr'>reperta</span> <span class='ocrx_word' id='word_1_1101' title='bbox 2215 2926 2287 2958; x_wconf 88' lang='lat' dir='ltr'>sunt</span> <span class='ocrx_word' id='word_1_1102' title='bbox 2313 2950 2321 2964; x_wconf 97' lang='lat'><em>‚</em></span> <span class='ocrx_word' id='word_1_1103' title='bbox 2366 2926 2427 2960; x_wconf 80' lang='lat' dir='ltr'>nisi</span> 
     </span>
     <span class='ocr_line' id='line_1_144' title="bbox 1417 2967 2427 3013; baseline -0.005 -8"><span class='ocrx_word' id='word_1_1104' title='bbox 1417 2971 1506 3013; x_wconf 86' lang='lat' dir='ltr'>quod</span> <span class='ocrx_word' id='word_1_1105' title='bbox 1531 2970 1625 3005; x_wconf 91' lang='lat' dir='ltr'>Dura</span> <span class='ocrx_word' id='word_1_1106' title='bbox 1651 2972 1781 3003; x_wconf 85' lang='lat' dir='ltr'>rneninx</span> <span class='ocrx_word' id='word_1_1107' title='bbox 1805 2967 1952 3008; x_wconf 75' lang='lat' dir='ltr'>craffior,</span> <span class='ocrx_word' id='word_1_1108' title='bbox 1976 2969 2142 3001; x_wconf 86' lang='lat' dir='ltr'>cerebrum</span> <span class='ocrx_word' id='word_1_1109' title='bbox 2168 2979 2274 3001; x_wconf 90' lang='lat' dir='ltr'>autem</span> <span class='ocrx_word' id='word_1_1110' title='bbox 2308 2969 2427 3003; x_wconf 75' lang='lat' dir='ltr'>laxiff.</span> 
     </span>
     <span class='ocr_line' id='line_1_145' title="bbox 1418 3013 2428 3056; baseline -0.005 -8"><span class='ocrx_word' id='word_1_1111' title='bbox 1418 3026 1507 3048; x_wconf 89' lang='lat' dir='ltr'>mum</span> <span class='ocrx_word' id='word_1_1112' title='bbox 1533 3013 1617 3048; x_wconf 89' lang='lat' dir='ltr'>fuit.</span> <span class='ocrx_word' id='word_1_1113' title='bbox 1642 3014 1728 3047; x_wconf 82' lang='lat' dir='ltr'>Illud</span> <span class='ocrx_word' id='word_1_1114' title='bbox 1753 3015 1880 3055; x_wconf 90' lang='lat' dir='ltr'>insuper</span> <span class='ocrx_word' id='word_1_1115' title='bbox 1903 3013 2142 3051; x_wconf 88' lang='lat' dir='ltr'>animadverti,</span> <span class='ocrx_word' id='word_1_1116' title='bbox 2164 3023 2238 3046; x_wconf 89' lang='lat' dir='ltr'>cum</span> <span class='ocrx_word' id='word_1_1117' title='bbox 2260 3014 2344 3046; x_wconf 89' lang='lat' dir='ltr'>circa</span> <span class='ocrx_word' id='word_1_1118' title='bbox 2370 3025 2428 3056; x_wconf 88' lang='lat' dir='ltr'>po-</span> 
     </span>
     <span class='ocr_line' id='line_1_146' title="bbox 1417 3055 2428 3100; baseline -0.007 -8"><span class='ocrx_word' id='word_1_1119' title='bbox 1417 3059 1582 3092; x_wconf 88' lang='lat' dir='ltr'>steriorem</span> <span class='ocrx_word' id='word_1_1120' title='bbox 1609 3058 1748 3100; x_wconf 77' lang='lat' dir='ltr'>Spinalis</span> <span class='ocrx_word' id='word_1_1121' title='bbox 1773 3055 1920 3091; x_wconf 72' lang='lat' dir='ltr'>medullae</span> <span class='ocrx_word' id='word_1_1122' title='bbox 1945 3066 2066 3097; x_wconf 89' lang='lat' dir='ltr'>partem</span> <span class='ocrx_word' id='word_1_1123' title='bbox 2090 3056 2236 3099; x_wconf 87' lang='lat' dir='ltr'>quaedarn</span> <span class='ocrx_word' id='word_1_1124' title='bbox 2274 3058 2428 3098; x_wconf 86' lang='lat' dir='ltr'>aggrede..</span> 
     </span>
     <span class='ocr_line' id='line_1_147' title="bbox 1420 3101 2428 3144; baseline -0.002 -9"><span class='ocrx_word' id='word_1_1125' title='bbox 1420 3114 1468 3136; x_wconf 91' lang='lat' dir='ltr'>rer</span> <span class='ocrx_word' id='word_1_1126' title='bbox 1494 3102 1640 3136; x_wconf 82' lang='lat' dir='ltr'>studiosis</span> <span class='ocrx_word' id='word_1_1127' title='bbox 1659 3101 2088 3144; x_wconf 75' lang='lat' dir='ltr'>Juvenibusdemonstrare,</span> <span class='ocrx_word' id='word_1_1128' title='bbox 2116 3101 2258 3137; x_wconf 88' lang='lat' dir='ltr'>nonita,</span> <span class='ocrx_word' id='word_1_1129' title='bbox 2284 3110 2318 3132; x_wconf 91' lang='lat' dir='ltr'>ut</span> <span class='ocrx_word' id='word_1_1130' title='bbox 2332 3101 2428 3140; x_wconf 85' lang='lat' dir='ltr'>alias,</span> 
     </span>
     <span class='ocr_line' id='line_1_148' title="bbox 1420 3144 2431 3188; baseline -0.007 -9"><span class='ocrx_word' id='word_1_1131' title='bbox 1420 3146 1539 3185; x_wconf 82' lang='lat' dir='ltr'>facile,</span> <span class='ocrx_word' id='word_1_1132' title='bbox 1563 3157 1655 3188; x_wconf 84' lang='lat' dir='ltr'>atque</span> <span class='ocrx_word' id='word_1_1133' title='bbox 1679 3144 1756 3178; x_wconf 87' lang='lat' dir='ltr'>adeo</span> <span class='ocrx_word' id='word_1_1134' title='bbox 1781 3145 1871 3176; x_wconf 90' lang='lat' dir='ltr'>nullo</span> <span class='ocrx_word' id='word_1_1135' title='bbox 1895 3145 2027 3184; x_wconf 86' lang='lat' dir='ltr'>negotio</span> <span class='ocrx_word' id='word_1_1136' title='bbox 2053 3145 2233 3184; x_wconf 83' lang='lat' dir='ltr'>meningem</span> <span class='ocrx_word' id='word_1_1137' title='bbox 2259 3144 2348 3176; x_wconf 88' lang='lat' dir='ltr'>illam</span> <span class='ocrx_word' id='word_1_1138' title='bbox 2379 3145 2431 3178; x_wconf 89' lang='lat' dir='ltr'>di-</span> 
     </span>
     <span class='ocr_line' id='line_1_149' title="bbox 1416 3186 2430 3231; baseline -0.003 -9"><span class='ocrx_word' id='word_1_1139' title='bbox 1416 3189 1492 3223; x_wconf 89' lang='lat' dir='ltr'>duci</span> <span class='ocrx_word' id='word_1_1140' title='bbox 1517 3189 1676 3231; x_wconf 76' lang='lat' dir='ltr'>potuisse,</span> <span class='ocrx_word' id='word_1_1141' title='bbox 1701 3190 1769 3220; x_wconf 89' lang='lat' dir='ltr'>imo</span> <span class='ocrx_word' id='word_1_1142' title='bbox 1794 3187 1950 3229; x_wconf 85' lang='lat' dir='ltr'>paulatim</span> <span class='ocrx_word' id='word_1_1143' title='bbox 1963 3187 2196 3228; x_wconf 85' lang='lat' dir='ltr'>procedendum</span> <span class='ocrx_word' id='word_1_1144' title='bbox 2214 3186 2294 3219; x_wconf 85' lang='lat' dir='ltr'>mihi</span> <span class='ocrx_word' id='word_1_1145' title='bbox 2313 3188 2430 3228; x_wconf 80' lang='lat' dir='ltr'>iuiffe,</span> 
     </span>
     <span class='ocr_line' id='line_1_150' title="bbox 1417 3230 2430 3275; baseline 0 -10"><span class='ocrx_word' id='word_1_1146' title='bbox 1417 3243 1452 3265; x_wconf 89' lang='lat' dir='ltr'>ut</span> <span class='ocrx_word' id='word_1_1147' title='bbox 1476 3233 1539 3265; x_wconf 84' lang='lat' dir='ltr'>sine</span> <span class='ocrx_word' id='word_1_1148' title='bbox 1563 3235 1722 3275; x_wconf 68' lang='lat' dir='ltr'>proximae</span> <span class='ocrx_word' id='word_1_1149' title='bbox 1747 3230 1965 3264; x_wconf 76' lang='lat' dir='ltr'>Arachnoidis</span> <span class='ocrx_word' id='word_1_1150' title='bbox 1990 3230 2182 3263; x_wconf 86' lang='lat' dir='ltr'>laceratione</span> <span class='ocrx_word' id='word_1_1151' title='bbox 2207 3231 2245 3262; x_wconf 87' lang='lat' dir='ltr'>ab</span> <span class='ocrx_word' id='word_1_1152' title='bbox 2257 3231 2314 3263; x_wconf 79' lang='lat' dir='ltr'>hac</span> <span class='ocrx_word' id='word_1_1153' title='bbox 2326 3230 2430 3273; x_wconf 84' lang='lat' dir='ltr'>sejun-</span> 
     </span>
     <span class='ocr_line' id='line_1_151' title="bbox 1418 3273 2431 3317; baseline -0.003 -8"><span class='ocrx_word' id='word_1_1154' title='bbox 1418 3287 1544 3317; x_wconf 88' lang='lat' dir='ltr'>gerem.</span> <span class='ocrx_word' id='word_1_1155' title='bbox 1676 3278 1840 3307; x_wconf 82' lang='lat' dir='ltr'>Caeterum</span> <span class='ocrx_word' id='word_1_1156' title='bbox 1864 3276 1968 3311; x_wconf 87' lang='lat' dir='ltr'>cutis,</span> <span class='ocrx_word' id='word_1_1157' title='bbox 1993 3283 2028 3307; x_wconf 90' lang='lat' dir='ltr'>ut</span> <span class='ocrx_word' id='word_1_1158' title='bbox 2052 3275 2084 3306; x_wconf 90' lang='lat' dir='ltr'>in</span> <span class='ocrx_word' id='word_1_1159' title='bbox 2110 3273 2228 3307; x_wconf 86' lang='lat' dir='ltr'>tabidis</span> <span class='ocrx_word' id='word_1_1160' title='bbox 2254 3273 2355 3314; x_wconf 82' lang='lat' dir='ltr'>solet,</span> <span class='ocrx_word' id='word_1_1161' title='bbox 2396 3275 2431 3306; x_wconf 81' lang='lat' dir='ltr'>in</span> 
     </span>
     <span class='ocr_line' id='line_1_152' title="bbox 1417 3316 1955 3353; baseline -0.009 0"><span class='ocrx_word' id='word_1_1162' title='bbox 1417 3320 1480 3353; x_wconf 88' lang='lat' dir='ltr'>hoc</span> <span class='ocrx_word' id='word_1_1163' title='bbox 1503 3319 1654 3352; x_wconf 81' lang='lat' dir='ltr'>cadavere</span> <span class='ocrx_word' id='word_1_1164' title='bbox 1677 3317 1838 3351; x_wconf 79' lang='lat' dir='ltr'>duriffima</span> <span class='ocrx_word' id='word_1_1165' title='bbox 1868 3316 1955 3350; x_wconf 80' lang='lat' dir='ltr'>fuit.</span> 
     </span>
    </p>

    <p class='ocr_par' dir='ltr' id='par_1_17' title="bbox 1420 3359 2434 3564">
     <span class='ocr_line' id='line_1_153' title="bbox 1467 3359 2430 3401; baseline -0.003 -6"><span class='ocrx_word' id='word_1_1166' title='bbox 1467 3374 1515 3400; x_wconf 82' lang='lat'>17·</span> <span class='ocrx_word' id='word_1_1167' title='bbox 1541 3364 1638 3395; x_wconf 88' lang='lat' dir='ltr'>Cutis</span> <span class='ocrx_word' id='word_1_1168' title='bbox 1662 3362 1729 3395; x_wconf 82' lang='lat' dir='ltr'>haec</span> <span class='ocrx_word' id='word_1_1169' title='bbox 1752 3360 1915 3400; x_wconf 79' lang='lat' dir='ltr'>durities,</span> <span class='ocrx_word' id='word_1_1170' title='bbox 1940 3361 2002 3395; x_wconf 85' lang='lat' dir='ltr'>sive</span> <span class='ocrx_word' id='word_1_1171' title='bbox 2029 3361 2137 3395; x_wconf 87' lang='lat' dir='ltr'>cultro</span> <span class='ocrx_word' id='word_1_1172' title='bbox 2160 3383 2173 3401; x_wconf 86' lang='grc'>,</span> <span class='ocrx_word' id='word_1_1173' title='bbox 2207 3359 2269 3395; x_wconf 83' lang='lat' dir='ltr'>sive</span> <span class='ocrx_word' id='word_1_1174' title='bbox 2315 3361 2430 3393; x_wconf 86' lang='lat' dir='ltr'>acubus</span> 
     </span>
     <span class='ocr_line' id='line_1_154' title="bbox 1420 3403 2432 3446; baseline -0.006 -7"><span class='ocrx_word' id='word_1_1175' title='bbox 1420 3416 1544 3444; x_wconf 87' lang='lat' dir='ltr'>tentes,</span> <span class='ocrx_word' id='word_1_1176' title='bbox 1568 3404 1811 3438; x_wconf 68' lang='lat' dir='ltr'>manifestissima</span> <span class='ocrx_word' id='word_1_1177' title='bbox 1835 3415 1899 3437; x_wconf 92' lang='lat' dir='ltr'>non</span> <span class='ocrx_word' id='word_1_1178' title='bbox 1925 3408 1957 3437; x_wconf 87' lang='lat' dir='ltr'>in</span> <span class='ocrx_word' id='word_1_1179' title='bbox 1983 3403 2151 3446; x_wconf 88' lang='lat' dir='ltr'>phthisicis</span> <span class='ocrx_word' id='word_1_1180' title='bbox 2176 3403 2277 3437; x_wconf 86' lang='lat' dir='ltr'>solum</span> <span class='ocrx_word' id='word_1_1181' title='bbox 2301 3404 2335 3437; x_wconf 88' lang='lat' dir='ltr'>in</span> <span class='ocrx_word' id='word_1_1182' title='bbox 2359 3403 2432 3444; x_wconf 89' lang='lat' dir='ltr'>qui-</span> 
     </span>
     <span class='ocr_line' id='line_1_155' title="bbox 1422 3448 2432 3490; baseline -0.003 -9"><span class='ocrx_word' id='word_1_1183' title='bbox 1422 3452 1481 3482; x_wconf 87' lang='lat' dir='ltr'>bus</span> <span class='ocrx_word' id='word_1_1184' title='bbox 1507 3450 1610 3490; x_wconf 88' lang='lat' dir='ltr'>plures</span> <span class='ocrx_word' id='word_1_1185' title='bbox 1634 3449 1758 3490; x_wconf 65' lang='lat' dir='ltr'>experti</span> <span class='ocrx_word' id='word_1_1186' title='bbox 1783 3448 1815 3481; x_wconf 89' lang='lat' dir='ltr'>id</span> <span class='ocrx_word' id='word_1_1187' title='bbox 1842 3448 1938 3485; x_wconf 88' lang='lat' dir='ltr'>sunt,</span> <span class='ocrx_word' id='word_1_1188' title='bbox 1963 3448 2012 3482; x_wconf 83' lang='lat' dir='ltr'>sed</span> <span class='ocrx_word' id='word_1_1189' title='bbox 2037 3449 2070 3479; x_wconf 91' lang='lat' dir='ltr'>in</span> <span class='ocrx_word' id='word_1_1190' title='bbox 2095 3450 2164 3479; x_wconf 82' lang='lat' dir='ltr'>aliis</span> <span class='ocrx_word' id='word_1_1191' title='bbox 2201 3449 2321 3489; x_wconf 85' lang='lat' dir='ltr'>pariter</span> <span class='ocrx_word' id='word_1_1192' title='bbox 2351 3456 2432 3486; x_wconf 88' lang='lat' dir='ltr'>quos</span> 
     </span>
     <span class='ocr_line' id='line_1_156' title="bbox 1421 3488 2434 3564; baseline -0.004 -40"><span class='ocrx_word' id='word_1_1193' title='bbox 1421 3492 1511 3525; x_wconf 80' lang='lat' dir='ltr'>valde</span> <span class='ocrx_word' id='word_1_1194' title='bbox 1525 3496 1637 3525; x_wconf 75' lang='lat' dir='ltr'>macies</span> <span class='ocrx_word' id='word_1_1195' title='bbox 1650 3494 1895 3529; x_wconf 71' lang='lat' dir='ltr'>extenuaverit,</span> <span class='ocrx_word' id='word_1_1196' title='bbox 1910 3491 2090 3525; x_wconf 85' lang='lat' dir='ltr'>secantibus</span> <span class='ocrx_word' id='word_1_1197' title='bbox 2101 3492 2245 3524; x_wconf 86' lang='lat' dir='ltr'>occurrit</span> <span class='ocrx_word' id='word_1_1198' title='bbox 2259 3516 2269 3530; x_wconf 93' lang='lat'><em>‚</em></span> <span class='ocrx_word' id='word_1_1199' title='bbox 2284 3491 2332 3523; x_wconf 92' lang='lat' dir='ltr'>vel</span> <span class='ocrx_word' id='word_1_1200' title='bbox 2345 3488 2434 3564; x_wconf 60' lang='lat' dir='ltr'>{quod</span> 
     </span>
    </p>

    <p class='ocr_par' dir='ltr' id='par_1_18' title="bbox 2310 3533 2390 3565">
     <span class='ocr_line' id='line_1_157' title="bbox 2310 3533 2390 3565; baseline -0.038 0"><span class='ocrx_word' id='word_1_1201' title='bbox 2310 3533 2390 3565; x_wconf 83' lang='grc'><strong>111111</strong></span> 
     </span>
    </p>
   </div>
   <div class='ocr_carea' id='block_1_7' title="bbox 373 3628 1704 3648">
    <p class='ocr_par' dir='ltr' id='par_1_19' title="bbox 373 3628 1704 3648">
     <span class='ocr_line' id='line_1_158' title="bbox 373 3628 1704 3648; baseline -0.007 -6"><span class='ocrx_word' id='word_1_1202' title='bbox 373 3628 1704 3648; x_wconf 61' lang='lat'><em>————-————-——--——-—-—-———--</em></span> 
     </span>
    </p>
   </div>
   <div class='ocr_carea' id='block_1_8' title="bbox 1129 3687 1269 3713">
    <p class='ocr_par' dir='ltr' id='par_1_20' title="bbox 1129 3687 1269 3713">
     <span class='ocr_line' id='line_1_159' title="bbox 1129 3687 1269 3713; baseline -0.014 -2"><span class='ocrx_word' id='word_1_1203' title='bbox 1129 3694 1157 3711; x_wconf 83' lang='lat' dir='ltr'>ex</span> <span class='ocrx_word' id='word_1_1204' title='bbox 1176 3687 1236 3711; x_wconf 66' lang='lat' dir='ltr'>See&#39;t.</span> <span class='ocrx_word' id='word_1_1205' title='bbox 1255 3694 1269 3713; x_wconf 75' lang='lat'>4</span> 
     </span>
    </p>
   </div>
   <div class='ocr_carea' id='block_1_9' title="bbox 435 3690 1390 3747">
    <p class='ocr_par' dir='ltr' id='par_1_21' title="bbox 435 3690 1390 3747">
     <span class='ocr_line' id='line_1_160' title="bbox 435 3690 1206 3721; baseline -0.014 -2"><span class='ocrx_word' id='word_1_1206' title='bbox 435 3693 726 3721; x_wconf 71' lang='lat' dir='ltr'>(d)Ep&#39;›st.4.n.13.</span> <span class='ocrx_word' id='word_1_1207' title='bbox 790 3690 942 3719; x_wconf 75' lang='lat' dir='ltr'>(e)n.6.</span> <span class='ocrx_word' id='word_1_1208' title='bbox 1203 3718 1206 3720; x_wconf 72' lang='lat'><em>.</em></span> 
     </span>
     <span class='ocr_line' id='line_1_161' title="bbox 1121 3718 1390 3747; baseline -0.011 -6"><span class='ocrx_word' id='word_1_1209' title='bbox 1121 3724 1146 3741; x_wconf 85' lang='lat' dir='ltr'>ut</span> <span class='ocrx_word' id='word_1_1210' title='bbox 1164 3718 1235 3747; x_wconf 79' lang='lat' dir='ltr'>Epist.</span> <span class='ocrx_word' id='word_1_1211' title='bbox 1255 3719 1293 3746; x_wconf 78' lang='lat'>46.</span> <span class='ocrx_word' id='word_1_1212' title='bbox 1311 3723 1334 3739; x_wconf 74' lang='lat' dir='ltr'>nv</span> <span class='ocrx_word' id='word_1_1213' title='bbox 1355 3723 1390 3744; x_wconf 82' lang='lat'>²7·</span> 
     </span>
    </p>
   </div>
   <div class='ocr_carea' id='block_1_10' title="bbox 442 3686 1047 3753">
    <p class='ocr_par' dir='ltr' id='par_1_22' title="bbox 442 3686 1047 3753">
     <span class='ocr_line' id='line_1_162' title="bbox 442 3686 1047 3753; baseline -0.012 -5"><span class='ocrx_word' id='word_1_1214' title='bbox 442 3725 595 3753; x_wconf 68' lang='lat' dir='ltr'>(i)[piss.</span> <span class='ocrx_word' id='word_1_1215' title='bbox 611 3733 634 3752; x_wconf 74' lang='lat'>4.</span> <span class='ocrx_word' id='word_1_1216' title='bbox 651 3731 675 3748; x_wconf 91' lang='lat' dir='ltr'>n.</span> <span class='ocrx_word' id='word_1_1217' title='bbox 696 3731 716 3752; x_wconf 89' lang='lat'>9.</span> <span class='ocrx_word' id='word_1_1218' title='bbox 733 3723 754 3746; x_wconf 77' lang='grc' dir='ltr'>δι</span> <span class='ocrx_word' id='word_1_1219' title='bbox 773 3721 849 3750; x_wconf 74' lang='lat' dir='ltr'>Epist.</span> <span class='ocrx_word' id='word_1_1220' title='bbox 865 3728 889 3749; x_wconf 86' lang='lat'>7.</span> <span class='ocrx_word' id='word_1_1221' title='bbox 908 3727 930 3743; x_wconf 91' lang='lat' dir='ltr'>n.</span> <span class='ocrx_word' id='word_1_1222' title='bbox 948 3727 969 3742; x_wconf 84' lang='lat'>2.</span> <span class='ocrx_word' id='word_1_1223' title='bbox 1005 3686 1047 3747; x_wconf 49' lang='grc' dir='ltr'>(ἶ</span> 
     </span>
    </p>
   </div>
   <div class='ocr_carea' id='block_1_11' title="bbox 1062 3687 1111 3746">
    <p class='ocr_par' dir='ltr' id='par_1_23' title="bbox 1062 3687 1111 3746">
     <span class='ocr_line' id='line_1_163' title="bbox 1065 3687 1111 3713; baseline -0.065 0"><span class='ocrx_word' id='word_1_1224' title='bbox 1065 3687 1111 3713; x_wconf 83' lang='lat' dir='ltr'>l6.</span> 
     </span>
     <span class='ocr_line' id='line_1_164' title="bbox 1062 3717 1103 3746; baseline 0 0"><span class='ocrx_word' id='word_1_1225' title='bbox 1062 3717 1103 3746; x_wconf 72' lang='lat' dir='ltr'>k)</span> 
     </span>
    </p>
   </div>
   <div class='ocr_carea' id='block_1_12' title="bbox 1344 3684 1665 3714">
    <p class='ocr_par' dir='ltr' id='par_1_24' title="bbox 1344 3684 1665 3714">
     <span class='ocr_line' id='line_1_165' title="bbox 1344 3684 1665 3714; baseline -0.006 -5"><span class='ocrx_word' id='word_1_1226' title='bbox 1344 3688 1385 3714; x_wconf 75' lang='lat' dir='ltr'>(g</span> <span class='ocrx_word' id='word_1_1227' title='bbox 1399 3685 1412 3712; x_wconf 81' lang='lat'>&#39;)</span> <span class='ocrx_word' id='word_1_1228' title='bbox 1428 3686 1500 3709; x_wconf 86' lang='lat' dir='ltr'>Cent.</span> <span class='ocrx_word' id='word_1_1229' title='bbox 1520 3694 1541 3709; x_wconf 79' lang='lat'>2.</span> <span class='ocrx_word' id='word_1_1230' title='bbox 1559 3684 1618 3708; x_wconf 68' lang='grc' dir='ltr'>ΟΜ,</span> <span class='ocrx_word' id='word_1_1231' title='bbox 1639 3685 1665 3712; x_wconf 66' lang='lat'>93</span> 
     </span>
    </p>
   </div>
   <div class='ocr_carea' id='block_1_13' title="bbox 1739 3678 2320 3711">
    <p class='ocr_par' dir='ltr' id='par_1_25' title="bbox 1739 3678 2320 3711">
     <span class='ocr_line' id='line_1_166' title="bbox 1739 3678 2320 3711; baseline -0.007 -5"><span class='ocrx_word' id='word_1_1232' title='bbox 1739 3685 1745 3709; x_wconf 75' lang='lat' dir='ltr'>s</span> <span class='ocrx_word' id='word_1_1233' title='bbox 1764 3684 1777 3706; x_wconf 75' lang='lat' dir='ltr'><em>h</em></span> <span class='ocrx_word' id='word_1_1234' title='bbox 1798 3685 1805 3711; x_wconf 91' lang='lat'><em>)</em></span> <span class='ocrx_word' id='word_1_1235' title='bbox 1824 3683 1847 3706; x_wconf 81' lang='lat' dir='ltr'>in</span> <span class='ocrx_word' id='word_1_1236' title='bbox 1865 3682 1985 3707; x_wconf 48' lang='lat' dir='ltr'>Additamr</span> <span class='ocrx_word' id='word_1_1237' title='bbox 2005 3684 2035 3707; x_wconf 83' lang='lat' dir='ltr'>ad</span> <span class='ocrx_word' id='word_1_1238' title='bbox 2051 3682 2113 3706; x_wconf 75' lang='lat' dir='ltr'>hanc</span> <span class='ocrx_word' id='word_1_1239' title='bbox 2131 3680 2190 3705; x_wconf 67' lang='lat' dir='ltr'>Sest.</span> <span class='ocrx_word' id='word_1_1240' title='bbox 2209 3678 2265 3703; x_wconf 65' lang='lat' dir='ltr'>cius.</span> <span class='ocrx_word' id='word_1_1241' title='bbox 2288 3687 2320 3702; x_wconf 72' lang='grc' dir='ltr'>ιο,</span> 
     </span>
    </p>
   </div>
  </div>
 </body>
</html>
