2498 4075
423 115 521 169 280

357 199 448 231 quam
467 200 593 235 partem
615 192 751 233 corporis
783 189 969 225 imbecillam
993 188 1103 224 habere
1126 214 1134 223 .
1172 191 1271 231 Qod
1295 189 1350 224 ubi

352 234 493 278 posueris
509 248 523 276 ,·
555 245 618 268 non
644 234 744 268 modo
766 246 822 269 cur
846 233 1010 268 Subclavia
1032 233 1088 266 illa
1122 236 1233 268 arteria
1255 245 1352 268 aneu-

353 280 459 322 rysma
475 279 643 317 habuerit,
667 277 716 312 sed
730 281 827 312 etiam
851 277 966 311 adeam
988 287 1083 318 quarn
1095 276 1257 318 diximus,
1279 288 1349 320 par-

355 333 423 357 tem
445 323 614 359 habuerit,
637 321 713 355 satis
740 322 921 363 intelliges.

358 408 361 409 ⁷
396 378 448 408 24.
483 367 581 408 Super
613 364 828 406 aneurysmate
861 372 966 397 autem
989 384 998 399 ‚
1035 363 1217 407 caeterisque
1252 362 1347 406 ipsius

350 410 463 442 Aortae
484 410 574 442 vitiis
595 419 669 442 cum
693 409 753 441 alia
775 407 853 440 alibi
879 407 1133 440 adnotaverimus
1158 419 1168 446 3
1193 408 1245 440 hic
1270 417 1345 448 pau-

349 463 386 487 ca
410 451 484 485 satis
509 454 571 484 erit
595 450 726 493 adjicere
747 474 760 491 ,
792 462 863 492 quae
887 449 925 483 ad
948 448 1016 482 haec
1049 450 1243 491 potissimum
1264 450 1346 482 vitia

350 497 505 528 attineant
532 519 539 525 .
573 497 617 528 Et
642 497 780 536 primum
804 493 891 536 quod
914 493 1017 525 Aorta
1038 492 1185 531 craffior,
1208 496 1241 526 &
1264 494 1344 534 rigi-

348 539 423 572 dior
445 537 517 572 esset
538 562 549 579 ,
586 549 658 572 cum
683 547 813 579 propter
843 536 1066 569 dilatationem
1097 535 1256 570 videretur
1287 534 1344 569 ess'e

349 581 488 616 debuisse
510 583 659 620 tenuior,
682 584 713 613 &
737 580 889 617 mollior,
915 578 1071 612 faciebant
1095 581 1254 622 praecipue
1277 601 1285 615 ‚
1308 588 1344 612 ut

349 626 465 668 opinor
487 650 496 663 ,
528 625 726 658 creberrimae
751 623 815 656 illae
850 622 987 657 subalbae
1011 624 1142 656 maculae
1165 646 1175 662 ‚
1208 634 1278 666 quae
1309 630 1346 656 ut

349 668 454 703 futuri
478 668 550 704 sunt
572 667 642 701 offis
664 668 760 700 initia
780 690 792 706 ,
823 664 864 699 fic
890 678 928 699 ex
953 665 1083 699 adaucta
1106 665 1152 698 ibi
1177 665 1347 699 substantia

349 711 430 746 fiunt
454 711 492 745 ad
516 723 582 744 eam
606 722 674 752 quae
698 711 732 742 in
755 710 954 752 Ligamentis
977 708 1018 742 est
1037 732 1050 748 ,
1081 717 1117 742 ut
1141 707 1221 751 saepe
1242 708 1348 742 obser-

349 756 442 794 vavi,
467 754 629 788 accedente
652 778 659 785 .
686 752 789 797 Quod
813 761 917 786 autern
940 752 1005 785 illae
1024 773 1033 788 ,
1069 754 1102 784 &
1124 761 1235 785 caetera
1267 753 1347 785 vitia

347 810 387 832 eo
408 798 568 835 crebriora
589 820 601 837 ,
634 800 665 830 &
689 797 833 837 graviora
858 794 952 829 essent
982 817 991 832 ,
1025 806 1091 838 quo
1114 796 1297 838 aneurysma
1329 808 1345 829 a

347 840 442 875 corde
466 843 569 874 minus
592 839 746 877 distabat,
769 838 807 871 ab
831 838 1021 873 incurrentis
1045 837 1205 881 sanguinis
1228 839 1346 882 impul-

346 883 382 919 su
403 883 492 918 fuisse
514 907 525 924 ‚
560 883 646 916 vides
668 908 677 921 ‚
710 891 801 915 tanto
825 881 939 925 majori
973 891 1096 925 quanto
1118 883 1248 924 propius
1280 892 1344 916 erat

348 928 535 971 impellens.
561 928 767 969 Qapropter
792 936 847 959 nec
872 926 960 967 plura
977 924 1072 959 verba
1096 924 1239 959 facienda
1252 925 1343 966 sunt,

348 981 384 1005 ut
407 971 568 1013 intelligas
588 994 596 1008 ‚
631 970 687 1013 qui
711 968 833 1009 fastum
855 968 894 1002 sit
916 993 927 1009 ,
959 977 995 1003 ut
1020 979 1094 1001 cum
1118 968 1343 1012 aneurysmatis

345 1027 416 1057 pars
439 1017 523 1048 intra
544 1013 755 1057 pericardium
778 1011 873 1053 esset,
896 1013 981 1046 intra
1004 1010 1065 1045 hoc
1080 1036 1091 1052 ,
1113 1011 1206 1045 sicuti
1228 1014 1261 1045 in
1275 1013 1346 1054 plu-

344 1059 432 1093 ribus
454 1069 581 1102 quoque
605 1057 675 1090 aliis
698 1068 778 1100 quos
792 1055 880 1097 supra
902 1059 915 1096 (
937 1068 954 1089 a
976 1059 989 1095 )
1013 1053 1178 1097 descripsi,
1203 1054 1321 1089 casibus
1335 1078 1345 1093 ‚

346 1112 479 1144 ruptum
502 1101 539 1135 sit
565 1100 768 1143 aneuiffllna.
796 1099 882 1133 Illud
902 1100 1012 1141 potius
1034 1097 1257 1132 declarandum
1279 1098 1321 1132 est
1335 1125 1343 1138 ,

343 1157 401 1180 cur
432 1145 471 1180 ad
505 1144 681 1188 posteriora
717 1144 840 1181 arteriae
868 1145 887 1181 s
911 1142 965 1181 b)
997 1140 1035 1174 sit
1061 1150 1191 1183 ruptum
1212 1166 1219 1173 .
1256 1145 1344 1177 Cum

346 1189 432 1221 enim
456 1188 502 1222 ibi
527 1191 645 1231 pariter
668 1188 764 1220 etiam
788 1188 822 1219 in
846 1187 1000 1219 Texrrice
1022 1188 1036 1224 (
1058 1197 1073 1217 c
1094 1188 1108 1225 )
1132 1194 1275 1227 apertum
1297 1188 1344 1219 vi-

341 1231 441 1265 derim
462 1256 471 1270 ,
506 1234 538 1265 &
562 1231 608 1263 ibi
633 1242 761 1273 quoque
798 1229 897 1263 fuerit
920 1227 1083 1262 orificium
1117 1229 1342 1270 aneurysmatis

340 1275 429 1318 quod
452 1277 486 1308 in
511 1275 616 1308 scorto
641 1278 650 1313 (
675 1274 694 1305 d
715 1277 729 1313 )
752 1272 947 1314 descriptum
969 1271 1031 1310 est3
1056 1272 1160 1305 minus
1183 1274 1246 1306 veri
1258 1273 1344 1306 simi·

341 1320 369 1351 le
393 1318 428 1352 fit
449 1343 461 1360 ,
483 1318 630 1352 mulieres
653 1316 726 1350 istas
749 1327 858 1350 omnes
882 1312 1011 1347 eandem
1037 1314 1232 1357 potissimum
1257 1317 1342 1350 Aor-

340 1372 382 1398 tae
406 1373 528 1405 partem
553 1360 797 1394 imbecilliorem
821 1357 980 1393 habuisse.
1005 1358 1203 1392 Credibilius
1225 1358 1342 1394 fortas·

340 1408 371 1442 se
393 1406 456 1447 est,
480 1406 514 1440 id
538 1404 627 1439 simul
653 1402 809 1446 ponderi,
831 1405 863 1436 δι
886 1400 1025 1435 incursui
1048 1402 1209 1444 sanguinis
1231 1414 1246 1435 e
1268 1415 1341 1437 cor-

338 1449 378 1484 de
402 1450 546 1485 exeuntis
569 1447 674 1481 deberi
697 1470 706 1484 ‚
739 1445 817 1481 sicut
840 1446 965 1478 arteriae
1000 1445 1118 1487 pofitus
1140 1445 1268 1480 videtur
1292 1449 1342 1480 in-

340 1494 465 1532 dicare,
488 1504 559 1537 quae
584 1502 618 1526 ut
642 1491 682 1524 ab
703 1500 777 1524 ortu
800 1489 829 1523 se
848 1489 1001 1521 inclinare
1025 1489 1061 1523 ad
1074 1488 1244 1531 posteriora
1268 1502 1344 1524 con-

339 1539 435 1572 tinuo
458 1538 601 1579 incipit,
624 1535 665 1568 sic
690 1543 814 1576 partem
839 1533 927 1566 illam
952 1531 1038 1565 suam
1062 1535 1094 1566 ὃ(
1117 1533 1250 1576 ponderi
1276 1534 1344 1567 san-

338 1583 447 1625 guinis
470 1579 601 1622 subjicit
625 1602 637 1619 ,
660 1581 690 1613 8(
715 1576 856 1611 1001111111
881 1575 1022 1625 objicit..
1153 1578 1238 1610 Scire
1260 1589 1344 1621 quo-

338 1638 399 1668 que
423 1623 549 1658 fortasse
573 1634 665 1661 aves,
687 1632 743 1655 cur
758 1643 770 1660 ‚
795 1629 887 1661 rupta
912 1626 1045 1657 arteria,
1070 1630 1133 1652 non
1157 1620 1250 1654 illico
1276 1633 1347 1657 rnu-

339 1671 397 1704 lier
421 1668 487 1702 haec
510 1676 638 1711 quoque
662 1664 700 1696 sit
724 1671 872 1698 mortua.
899 1661 1007 1695 Credo
1027 1686 1040 1702 ‚
1063 1664 1138 1705 quia
1163 1662 1306 1697 foramen
1330 1677 1346 1698 3

339 1715 446 1758 primo
471 1712 518 1745 vel
544 1712 650 1743 minus
673 1706 772 1741 fuerit
797 1716 893 1748 quam
916 1706 1021 1737 inveni
1036 1728 1049 1744 ,
1070 1705 1251 1740 docenteid
1277 1707 1345 1740 san-

338 1759 456 1801 guine,
479 1755 598 1789 minori
621 1763 717 1794 quam
733 1752 766 1783 in
792 1750 886 1789 aliis,
902 1750 1003 1791 ‘copia
1015 1746 1135 1781 effuso:
1159 1761 1343 1793 quanquam

337 1801 457 1836 minori
480 1799 575 1838 copia
597 1794 709 1831 effusus
726 1817 733 1830 ‚
759 1794 901 1836 lenteque
925 1791 990 1825 fuit
1013 1792 1057 1825 ob
1079 1793 1162 1826 vires
1183 1794 1279 1829 etiam
1304 1794 1344 1827 si-

338 1845 427 1878 nistri
450 1841 556 1877 cordis
578 1838 748 1873 ventriculi
763 1860 772 1873 ,
795 1848 888 1879 aequo
912 1836 993 1869 olim
1016 1834 1145 1878 quidem
1168 1848 1242 1869 cum
1257 1839 1344 1870 Aor-

339 1899 406 1923 tam
431 1883 668 1921 distenderunt,
695 1880 850 1923 majores,
873 1889 1019 1920 tempore
1044 1887 1148 1911 autem
1175 1880 1343 1914 novissimo

339 1945 355 1966 a
379 1932 468 1965 vitiis
491 1929 641 1962 omnibus
665 1927 774 1959 Aortae
799 1922 895 1965 ipsius
917 1921 974 1968 diu
999 1945 1010 1962 ,
1032 1921 1180 1965 valdeque
1205 1923 1343 1957 resisten-

339 1977 424 2011 tibus
440 2000 450 2015 ‚
475 1975 520 2007 ita
544 1971 712 2005 infr-aeris,
735 1977 772 2002 ut
794 1977 906 2008 magna
929 1965 1066 2008 ejusdem
1098 1967 1271 2001 ventriculi
1294 1968 1344 2000 di·

338 2021 455 2053 latatio
480 2015 635 2051 ostendit.
662 2012 733 2055 Qi
757 2011 861 2044 lentus
886 2009 1049 2051 sanguinis
1071 2008 1214 2052 delapsus
1239 2010 1343 2043 leviffi

341 2076 417 2100 mo,
440 2057 710 2105 quemadmodum
733 2053 839 2098 pulsus
861 2050 1088 2096 significabat,
1111 2053 1217 2086 cordis
1243 2055 1348 2087 motui

339 2108 474 2142 omnino
498 2101 673 2146 congruens
694 2121 703 2137 ,
736 2109 814 2132 num
837 2096 872 2130 id
894 2095 1065 2135 effecerit,
1102 2104 1138 2129 ut
1162 2096 1249 2130 idem
1282 2096 1348 2130 san-

340 2153 438 2190 vuis,
461 2147 546 2193 quod
571 2145 724 2189 nusquam
747 2143 781 2174 in
806 2149 880 2173 toto
905 2141 1029 2183 reliquo
1063 2141 1209 2181 apparuit
1233 2151 1351 2182 corpo-

339 2181 372 2229 i'e
416 2195 448 2226 in
475 2189 653 2235 pericardio
677 2185 873 2221 concreverit
894 2209 904 2224 ,
929 2195 966 2216 an
991 2185 1100 2225 potius
1126 2194 1202 2225 aqua
1229 2186 1263 2216 in
1287 2183 1350 2217 hoc

345 2221 473 2273 foitaffe
496 2235 541 2269 ob
562 2233 667 2268 cordis
687 2231 804 2264 vitium
830 2236 919 2260 antea
932 2226 1103 2266 morbida,
1127 2237 1165 2259 an
1190 2228 1294 2269 aliqua
1306 2236 1352 2260 et-

341 2285 407 2316 iarn
429 2280 518 2314 causa
542 2279 624 2315 alia,
648 2287 718 2320 quse
743 2285 792 2306 me
816 2282 898 2305 nunc
924 2269 1049 2315 fugiat,
1074 2270 1108 2305 id
1133 2270 1276 2313 praestare
1287 2282 1346 2314 po-

343 2327 465 2365 tuerit,
488 2325 523 2356 in
547 2321 653 2356 medio
680 2318 846 2360 relinquo.
1246 2359 1253 2365 .

388 2380 439 2412 25.
465 2369 514 2402 De
538 2364 644 2399 cordis
667 2370 771 2395 autem
797 2359 1014 2400 aneurysrnate
1033 2381 1045 2397 ,
1078 2359 1109 2390 &
1132 2358 1220 2399 quod
1243 2357 1355 2400 ipsum>

343 2414 501 2456 denique,
524 2421 579 2443 nec
604 2418 699 2443 raro,
723 2403 819 2437 subiti
843 2403 991 2435 interitus
1015 2401 1103 2433 causa
1126 2400 1186 2438 sit,
1213 2401 1283 2433 aliis
1306 2403 1349 2434 E-

345 2457 471 2503 pistolis
503 2463 574 2488 turn
599 2447 776 2491 scripsimus
796 2469 809 2485 ,
842 2454 911 2478 tum
936 2444 1126 2477 scribemus.
1256 2445 1348 2478 Reli-

345 2512 444 2546 quum
468 2497 532 2538 est,
554 2506 589 2530 ut
612 2493 650 2528 de
675 2490 761 2525 sensu
785 2489 845 2521 illo
866 2511 873 2525 ,
898 2489 1022 2521 ultimis
1045 2486 1155 2533 diebus
1172 2486 1312 2533 ‘molesto
1337 2510 1347 2524 ‚

345 2543 432 2589 quafi
464 2539 707 2575 concidentium
729 2532 921 2580 costarum)
955 2529 1078 2580 aliquid
1110 2529 1312 2572 subjiciamus
1336 2555 1344 2563 .

345 2588 470 2623 Priscus
492 2584 616 2619 Auster
642 2579 718 2613 libri
741 2578 776 2610 de
800 2584 900 2609 vetere
924 2576 1114 2622 Medicina(
1136 2585 1151 2607 e
1174 2577 1187 2612 )
1209 2597 1222 2614 ,
1254 2584 1347 2616 pran-

346 2632 403 2666 dio
426 2627 543 2663 omisso
568 2627 606 2663 ab
628 2627 668 2658 iis
692 2620 811 2664 quibus
835 2617 891 2651 esse
916 2618 985 2651 usui
1009 2619 1227 2654 consueverit,
1251 2617 1349 2660 visce-

347 2688 382 2710 ra
403 2674 533 2719 pendere
555 2668 631 2713 ipfis
654 2664 757 2700 videri
781 2685 793 2702 ,
817 2659 958 2703 scripsit.
995 2659 1097 2701 Qod
1121 2658 1256 2709 totidem
1282 2671 1348 2692 ver-

348 2721 398 2754 bis
438 2711 726 2750 traditurn'fuerat
758 2704 843 2739 libro
866 2705 900 2738 de
923 2704 1030 2737 mins
1053 2707 1185 2743 Ratione
1207 2715 1239 2737 tn
1262 2707 1348 2736 Mor-

346 2761 396 2797 bis
418 2759 543 2793 ,Acutis
574 2752 659 2797 (f)
692 2762 726 2784 ea
748 2748 879 2793 quidem
913 2747 946 2779 in
972 2756 1060 2788 parte
1091 2758 1161 2795 quae
1183 2770 1195 2787 ,
1231 2746 1348 2779 Galeni

348 2810 362 2846 (
382 2816 403 2849 g
423 2808 437 2844 )
461 2799 645 2836 testimonio
666 2820 677 2835 ‚
698 2791 927 2837 germamffima
944 2791 1162 2835 *Hippocratis
1186 2788 1316 2823 hahetar
1338 2801 1350 2828 ;

347 2858 447 2891 neque
470 2845 561 2878 aliter
585 2839 685 2874 Plinii
708 2846 851 2878 tempore
873 2834 1054 2867 censebatur
1077 2855 1085 2870 ‚
1111 2844 1174 2865 non
1199 2832 1350 2874 scripturi

349 2890 494 2933 aJioquin
519 2890 531 2926 (
554 2885 573 2919 h
596 2888 610 2924 )
644 2891 738 2916 unum
763 2877 910 2912 laudibus
942 2876 1068 2919 ptzsanae
1092 2877 1241 2909 volumen
1265 2877 1349 2908 dica-

349 2932 425 2977 viffe
446 2933 691 2973 Hippocratem·²
715 2922 766 2954 his
787 2923 873 2954 enim
896 2920 999 2953 verbis
1023 2918 1150 2953 eandem
1175 2931 1271 2961 quam
1281 2920 1349 2965 Qa-

351 2979 439 3011 lenus
463 2983 585 3018 partem
609 2964 797 3009 designasse,
822 2974 910 2997 extra
933 2963 1168 2996 dubitationem
1193 2962 1234 2996 est
1257 2985 1265 2999 ‚
1290 2964 1350 3008 11νο

350 3022 442 3064 plura
475 3014 614 3051 attendit
637 3011 730 3044 verba
761 3020 831 3050 quae
856 3007 894 3040 de
929 3007 1050 3050 ptisana
1075 3006 1127 3039 hic
1161 3005 1266 3045 fiunt,
1290 3005 1351 3037 slve

351 3065 434 3099 hunc
467 3061 586 3095 librum
617 3056 651 3088 in
674 3052 784 3087 codice
816 3051 894 3093 legit
918 3053 951 3083 in
986 3063 1050 3093 quo
1072 3049 1244 3092 inscriptus
1280 3046 1351 3081 esset

350 3113 396 3142 De
418 3104 551 3147 ‘Ptisana
575 3125 587 3142 ,
620 3095 786 3141 quomodo
820 3094 1010 3136 inscriptum
1033 3094 1175 3127 Galenus
1199 3096 1212 3132 (
1234 3094 1246 3126 i
1267 3096 1280 3132 )
1305 3094 1351 3123 vi-

353 3152 428 3189 dit,
451 3151 482 3181 &
506 3146 629 3180 Caelius
642 3139 832 3175 Aurelianus
855 3140 869 3176 (
891 3137 909 3178 l<
930 3141 943 3176 )
966 3138 1102 3170 citavit:
1129 3148 1267 3180 quorum
1290 3135 1350 3167 ob-

352 3196 433 3229 litus
453 3190 554 3224 videri
579 3184 681 3231 potest
704 3186 845 3218 Duretus
879 3182 892 3218 (
915 3180 925 3213 l
947 3184 960 3219 )
994 3182 1055 3213 Vir
1078 3181 1274 3222 caeteroquin
1293 3179 1351 3211 do-

353 3236 504 3272 &issimus
525 3256 534 3270 ‚
559 3242 634 3265 cum
658 3223 1003 3272 hanc-inscriptionem
1026 3236 1043 3256 a
1065 3223 1171 3272 'Plinio
1194 3221 1352 3255 inductam

353 3278 446 3316 fuisse
472 3302 480 3314 ,
503 3274 641 3309 credidit
663 3295 676 3312 ,
705 3279 794 3312 cujus
817 3267 1043 3301 auetoritatcm
1076 3276 1185 3309 potius
1209 3289 1219 3304 ,
1257 3276 1352 3308 quam

354 3314 532 3362 graecorum
546 3343 557 3359 ,
579 3318 635 3361 qui
660 3318 693 3348 in
715 3311 861 3347 manibus
877 3320 985 3350 erant,
1006 3309 1181 3349 codicum,
1206 3319 1354 3341 neutrum

355 3363 489 3401 illorum
525 3363 584 3397 hac
606 3363 639 3394 in
673 3369 704 3391 re
729 3357 868 3390 secutum
902 3354 1037 3387 arbitror
1064 3376 1076 3393 ‚
1098 3353 1154 3395 qui
1178 3353 1211 3384 in
1236 3352 1322 3385 nulla
1346 3374 1355 3389 ‚

357 3501 1306 3521 Μ

477 3584 522 3615 )n.
541 3593 562 3613 ς.
581 3590 617 3612 13.
636 3588 727 3611 17.19.
789 3580 804 3608 (
818 3577 832 3602 b
850 3578 893 3612 )*n
919 3573 958 3611 21³.
1019 3578 1032 3606 ζ
1048 3585 1059 3601 c
1073 3577 1088 3606 >
1104 3584 1130 3600 n.
1149 3583 1184 3603 ¹7·

514 3615 537 3637 in
555 3615 571 3637 1.
588 3622 609 3643 3.
627 3611 696 3642 Epiri.
714 3613 812 3636 comm.
830 3617 850 3633 2.
868 3616 892 3632 111
911 3607 1011 3636 princip.

507 3675 522 3697 l.
540 3677 575 3697 κῆ.
593 3682 613 3698 0.
632 3681 652 3702 5.
715 3671 914 3702 (o)l.2.16.
977 3669 1147 3697 (ρ)11,;ις.

418 3584 427 3610 s
445 3592 459 3608 a

418 3616 467 3674 (εἰ
483 3615 578 3673 ))Αο111.
600 3642 653 3667 Pais
673 3644 688 3667 1.
707 3648 729 3666 1.
746 3647 767 3664 c.
788 3648 822 3664 12.

418 3676 588 3736 {sisennus
605 3704 647 3727 cit.
667 3705 704 3726 16.
767 3702 806 3730 (ι
823 3705 834 3727 )
849 3702 885 3724 De
900 3697 976 3722 Arne.
993 3706 1019 3724 11.
1037 3705 1073 3727 51.

1248 3574 1292 3606 (fl
1307 3574 1322 3602 )
1339 3581 1362 3597 n.
1382 3580 1414 3601 ¹3·

1073 3609 1087 3636 ζ
1104 3608 1118 3630 h
1133 3606 1147 3634 )
1166 3607 1223 3628 Nat.
1239 3605 1298 3628 Htst.
1317 3604 1331 3626 l.
1353 3606 1386 3627 18.
1404 3611 1425 3626 c.
1443 3611 1467 3631 7.

886 3639 900 3667 (
916 3638 925 3661 l
942 3638 954 3666 )
971 3639 1068 3661 Comm.
1086 3637 1111 3661 in
1129 3636 1203 3660 modo
1219 3634 1262 3658 cit.
1280 3634 1352 3662 Hipp.
1371 3636 1385 3658 l.
1403 3632 1471 3668 81101.
1487 3633 1517 3657 ad
1535 3633 1599 3657 titul.
1715 3664 1717 3666 ι
1771 3664 1775 3667 ⁴

1213 3667 1224 3693 (
1241 3674 1254 3694 q
1272 3667 1397 3691 )·Comm,
1415 3672 1440 3687 in
1458 3665 1530 3692 Hipp.
1550 3664 1565 3687 1,
1582 3664 1610 3688 de
1629 3669 1672 3687 rat.
1691 3665 1751 3688 Vxst.
1770 3673 1794 3689 111
1810 3668 1883 3689 Acut.

1136 3697 1176 3727 (u
1195 3698 1204 3726 )
1220 3695 1244 3719 in
1262 3702 1318 3720 eum
1336 3696 1408 3724 Hipp.
1427 3695 1442 3718 l.
1462 3696 1560 3719 Comm,
1580 3703 1592 3724 3
1621 3694 1649 3718 ad
1666 3700 1686 3718 1.
1709 3698 1744 3724 56.

945 112 1102 166 Liber
1134 110 1197 164 11.
1230 112 1316 166 De
1350 111 1557 166 Morbis
1590 110 1843 166 Thoracis

1400 183 1492 232 quod
1521 188 1616 222 sciam
1640 213 1649 228 ,
1684 189 1824 223 Plinium
1856 190 2133 227 memoraverim:
2165 188 2267 224 Hunc—
2293 189 2398 226 autem

1400 231 1506 272 ipsum
1534 232 1590 264 illa
1621 243 1693 275 quae
1718 234 1912 274 protulimus
1929 259 1936 271 ,
1973 234 2188 275 Hippocratis
2211 233 2303 267 verba
2327 233 2396 277 spe-

1399 273 1490 308 &affe
1511 274 1616 307 censet
1638 274 1888 316 Dalechampius
1910 279 1924 314 (
1946 286 1977 309 m
1999 279 2013 316 )
2034 299 2046 316 ,
2068 286 2141 309 cum
2166 276 2230 315 alio
2250 276 2399 312 videlicet

1399 319 1474 351 loeo
1497 319 1510 356 (
1530 328 1549 349 n
1572 321 1586 356 )
1610 317 1732 361 scripsit
1753 342 1765 358 ,
1795 320 2018 361 Hippocratem
2040 319 2159 352 tradere
2181 344 2190 358 ,
2224 329 2283 352 non
2303 330 2400 362 pran-

1397 363 1536 395 dentium
1559 369 1633 394 exta
1654 361 1784 394 celerius
1799 360 1973 404 senescere,·
1995 361 2059 395 hoc
2081 363 2166 394 enim
2199 362 2331 396 verbum
2355 362 2398 397 sic

1397 407 1649 445 interpretatur,
1673 404 1773 438 dolore
1791 405 1957 446 precordia
1981 405 2138 447 torqueri,
2161 405 2397 448 velucisnfpen-

1389 448 1434 491 fis
1456 445 1625 489 visceribus
1647 470 1654 478 .
1691 448 1804 490 Neque
1828 448 1889 479 alia
1911 448 2082 481 Tlievartii
2117 447 2268 481 sententia
2290 450 2332 483 est
2351 453 2400 484 ‘in

1396 489 1674 524 Adnotationibus
1697 490 1735 525 ad
1758 489 1919 533 quoddam
1945 491 2086 524 Ballonii
2097 491 2279 525 Consilium
2302 495 2397 534 (o);

1396 532 1455 567 nisi
1476 532 1564 576 quod
1586 544 1644 575 pro
1668 532 1821 576 senescere
1842 533 1943 567 censet
1974 535 2103 576 pendere
2136 537 2178 570 (9·
2204 535 2396 578 succrescere

1394 578 1452 611 esse
1475 575 1644 619 legendum
1671 602 1677 608 .
1713 576 1805 620 de
1828 576 1850 610 si
1874 577 1936 611 huc
1959 578 2007 610 ibi
2039 589 2112 610 non.
2129 576 2304 619 respexisset
2330 580 2397 612 Pli-

1397 619 1494 654 nius?
1520 619 1570 654 sed
1594 620 1632 654 ad
1655 620 1763 654 locum
1785 632 1824 654 ex
1846 621 1932 653 libro
1955 622 2002 653 ΙΙ.
2027 622 2062 654 de
2084 621 2182 654 Diaeta
2202 625 2217 661 (
2236 631 2260 662 p
2283 626 2319 662 ),
2343 622 2399 656 ubi

1398 664 1554 706 scripturn
1577 663 1639 697 est:
1658 663 1755 705 semel
1775 666 1808 697 in
1832 664 1880 697 die
1903 663 2006 698 cibam
2030 674 2136 705 capere
2146 672 2332 704 attenuare,
2354 667 2397 701 &⁴

1392 707 1507 750 ficcare
1521 729 1533 746 ,
1612 707 1779 749 prandium
1790 715 1894 741 autem
1909 708 2063 740 contraria
2072 704 2182 750 facere
2201 731 2215 748 ‚
2237 706 2278 740 fic
2303 720 2339 742 ue
2362 712 2396 743 in

1400 750 1506 783 Plinio
1539 749 1769 784 rescribendum
1800 748 1872 784 esset
1896 749 2092 792 ficcescere?
2122 750 2216 789 Quid
2238 775 2247 789 ,

1396 793 1483 828 1111113
1506 794 1684 827 mutatione
1701 793 1855 837 sanescere
1880 791 1893 824 ?
1926 792 2085 835 spectante
2118 794 2268 827 videlicet
2293 796 2399 830 Plinio

1397 839 1496 872 alium
1520 838 1660 881 aliquem
1684 835 2040 879 Hippocratislocum,
2061 848 2154 880 quern
2178 840 2298 871 omitto
2309 850 2399 882 qute-

1397 893 1483 919 rere,
1507 892 1581 923 cum
1605 881 1758 915 sententia
1781 881 1908 919 Plinii,
1930 879 1974 913 ob
1997 878 2090 922 hujus
2113 879 2281 916 verborum
2304 883 2338 915 in
2360 895 2399 918 eo

1396 927 1500 969 capite
1524 923 1807 967 depravationem,
1829 924 1932 957 minus
1955 921 2039 955 mihi
2061 923 2190 966 quidem
2213 925 2373 968 perspicua
2387 950 2398 964 ‚

1396 972 1429 1002 δε
1453 977 1537 1002 certa
1559 967 1722 1002 videatur.
1749 967 1912 1001 Sententia
1932 975 2039 999 autem
2063 967 2278 1009 Hippocratis
2300 970 2333 1002 in
2357 971 2399 1003 il-

1397 1013 1431 1045 lo
1454 1013 1559 1055 priore
1582 1012 1653 1045 loco
1676 1011 1808 1045 minime
1831 1010 1961 1045 videtur
1982 1008 2138 1048 00100135
2163 1010 2286 1044 tametsi
2311 1013 2399 1048 aliud

1396 1056 1452 1089 alii
1477 1057 1667 1097 lutei-pretes
1690 1051 1819 1088 voluisse
1845 1078 1858 1096 ,
1892 1052 2143 1087 existimaverint
2166 1079 2173 1086 .
2214 1056 2418 1097 Franciscus‚

1401 1101 1488 1131 enirn
1512 1098 1668 1132 Vallefius
1690 1102 1704 1138 (
1727 1109 1745 1140 q
1767 1101 1804 1137 ),
1825 1099 1998 1136 videntur,
2020 1097 2130 1139 inquit
2152 1119 2163 1135 ,
2187 1099 2233 1133 eis
2251 1098 2399 1141 suspendi

1396 1142 1513 1184 viscera
1529 1166 1539 1182 ‚
1562 1143 1708 1175 videntur
1725 1141 1849 1183 scilicet
1865 1139 1990 1183 sursum
2013 1140 2169 1175 contrac‘la
2185 1165 2197 1181 ,
2219 1144 2292 1184 quia
2315 1142 2400 1186 vasis

1396 1186 1556 1224 inanitis,
1578 1184 1667 1218 velut
1689 1183 1924 1218 convelluntur.
1950 1183 2023 1215 Alii
2046 1192 2160 1217 contra
2184 1186 2396 1229 intelligunt,

1393 1229 1495 1262 videri
1527 1227 1641 1261 viscera
1664 1229 1708 1260 ita
1742 1226 1885 1270 suspendi
1909 1251 1917 1266 ,
1948 1237 2010 1259 non
2034 1235 2071 1265 ut
2094 1226 2214 1262 sursum
2233 1252 2241 1267 ‚
2273 1231 2340 1263 imo
2362 1240 2399 1264 ut

1392 1271 1538 1306 deorsum
1572 1271 1656 1305 trahi
1690 1269 1866 1304 sentiantur
1888 1297 1896 1310 ‚
1930 1281 1997 1312 quo
2021 1268 2144 1315 ppnd-us
2179 1272 2351 1312 videlicet,
2375 1272 2399 1307 fi

1391 1315 1533 1358 suspensa
1556 1313 1649 1349 essent
1664 1336 1672 1350 ‚
1695 1312 1761 1355 ipsa
1776 1322 1931 1356 raperet,
1956 1315 2117 1346 nousecus
2140 1325 2172 1347 ac
2197 1313 2302 1349 fulcro
2314 1327 2399 1359 quo.

1390 1358 1463 1393 dam
1488 1358 1672 1396 subtracto3
1697 1357 1731 1391 id
1753 1367 1860 1392 autem
1895 1356 2032 1390 fulcrum
2056 1365 2144 1389 antea
2167 1356 2260 1392 fuisse
2282 1361 2400 1393 ventri-

1393 1402 1527 1443 culum,
1548 1413 1621 1436 curn
1646 1402 1720 1435 cibo
1743 1410 1879 1435 tumeret
1903 1425 1910 1432 .
1943 1399 2054 1445 Atque
2077 1399 2138 1433 huc
2171 1403 2287 1435 Dureti
2312 1406 2325 1443 (
2348 1415 2364 1436 r
2385 1407 2400 1443 )

1397 1448 1540 1489 pertinet
1563 1447 1814 1488 interpretatio,
1837 1455 1934 1488 quam
1956 1442 2063 1484 legisle
2078 1443 2273 1488 (Ballonium
2296 1446 2400 1488 (s),

1395 1500 1459 1523 non
1492 1488 1780 1529 dubito,-iisdem
1815 1488 1919 1521 verbis
1951 1486 2037 1519 idem
2063 1485 2240 1522 tradentem
2260 1514 2267 1521 .
2302 1489 2402 1524 Hunc

1395 1531 1590 1567 Thevartius
1623 1534 1656 1565 in
1680 1530 1960 1565 Adnotationibus
1994 1540 2059 1563 non
2091 1530 2190 1565 modo
2223 1532 2365 1577 sequitur
2387 1558 2402 1575 ,

1398 1576 1449 1610 sed
1483 1579 1514 1610 &
1538 1587 1606 1610 eam
1638 1576 1936 1618 interpretationem
1973 1573 2039 1605 alio
2063 1573 2283 1617 Hippocratis
2315 1580 2328 1616 (
2350 1581 2401 1618 t)

1398 1619 1566 1654 confirmat
1589 1620 1662 1652 loco
1677 1644 1684 1658 ‚
1707 1620 1740 1651 in
1763 1618 1919 1652 costarum
1943 1616 2081 1649 frastura
2102 1617 2249 1664 docentis
2265 1642 2274 1656 ‚
2298 1622 2403 1654 mode-

1400 1671 1502 1696 ratam
1525 1664 1647 1696 ventris
1669 1661 1869 1704 repletionem
1883 1684 1890 1698 ‚
1915 1659 2061 1700 costarum
2080 1659 2154 1702 fieri
2176 1662 2401 1704 dzreb‘bzonem3

1396 1717 1506 1740 verum
1530 1704 1747 1738 vacuationem
1765 1705 1932 1745 pendentes
1965 1701 2058 1741 cossas
2076 1701 2183 1746 facere
2209 1728 2222 1745 ,
2255 1709 2297 1740 &-
2322 1706 2402 1742 hanc

1397 1749 1629 1791 dependentiam
1650 1746 1787 1781 dolorem
1810 1747 1968 1782 inducere.
1995 1745 2102 1785 Qem
2117 1746 2224 1781 locum
2236 1750 2402 1792 explicans

1396 1792 1537 1826 Galenus
1559 1794 1572 1831 (
1594 1803 1614 1825 u
1636 1795 1650 1832 )
1673 1789 1751 1824 adeo
1773 1801 1837 1823 non
1859 1788 1986 1824 dubitat
2011 1813 2019 1827 ‚
2034 1819 2038 1822 .
2052 1790 2127 1831 quin
2148 1793 2275 1824 ventris
2297 1801 2402 1828 tumor

1389 1833 1627 1878 firmamentum
1646 1858 1655 1872 ,
1678 1833 1738 1867 sive
1752 1858 1762 1874 ‚
1785 1844 1820 1867 ut
1845 1845 1921 1867 mox
1945 1832 2090 1875 loquitur
2105 1857 2115 1872 ,
2133 1832 2220 1875 sedes
2243 1835 2402 1878 acsusten-

1395 1878 1536 1912 taculum
1559 1877 1644 1917 costis
1667 1876 1840 1921 efficiatur,
1865 1886 1912 1911 ut¹
1926 1875 2084 1916 affirmet,
2106 1877 2160 1919 qui
2182 1879 2315 1919 majores
2326 1890 2402 1914 ven-

1395 1930 1458 1955 tres
1481 1920 1613 1960 habent,
1639 1922 1680 1955 iis
1696 1920 1724 1963 fi
1747 1920 1826 1960 cosia
1841 1917 2036 1963 frangatur,
2059 1920 2283 1955 minoridolore
2305 1933 2402 1958 vexa..

1399 1965 1428 1997 ri
1451 1962 1635 2009 consueriffe
1657 1979 1665 2002 3
1698 1963 1811 2005 quibus
1834 1973 1909 1997 vero
1928 1962 2061 2009 graciles
2084 1964 2126 1996 Θ
2149 1965 2303 1999 contrarii
2325 1977 2403 2001 ven-

1398 2015 1462 2040 tres
1478 2006 1575 2049 sunt,
1595 2007 1726 2049 gravius
1751 2006 1872 2044 dolere5
1896 2016 1966 2039 cum
1988 2004 2165 2048 infirmatas
2188 2031 2200 2047 ,
2222 2020 2259 2040 ac
2276 2009 2403 2052 suspen.
2433 2045 2440 2048 ,

1393 2048 1450 2093 sas
1473 2049 1566 2090 costas
1582 2051 1742 2092 sentiant.
1768 2049 1827 2083 Sed
1850 2049 1978 2082 facilius
2001 2049 2064 2086 est,
2089 2051 2198 2092 inquis
2218 2075 2231 2091 ,
2263 2050 2332 2085 hocv
2350 2055 2403 2088 in-

1402 2092 1570 2135 telligere,
1592 2104 1658 2136 quo
1681 2091 1829 2126 videlicet
1853 2092 1951 2127 modo
1974 2101 2101 2126 tumens
2138 2104 2245 2127 venter
2266 2094 2366 2131 costas
2393 2126 2402 2140 ,

1402 2147 1498 2179 quam
1521 2135 1622 2174 illud,
1645 2136 1811 2183 quomodo
1833 2145 1956 2169 tumens
1977 2137 2171 2171 ventriculus
2194 2138 2311 2172 viscera
2336 2141 2404 2176 suf-

1402 2181 1517 2215 fulciat
1539 2179 1595 2213 sibi
1620 2180 1769 2221 imposita
1790 2204 1798 2211 .
1835 2180 1925 2217 Nam
1950 2187 1985 2214 ut
2016 2188 2141 2214 tumens
2166 2181 2302 2216 fundum
2335 2197 2401 2219 non

1401 2223 1572 2263 deorsum,
1596 2222 1645 2256 sed
1669 2222 1848 2256 antrors'um
1871 2223 2017 2258 obvertat
2031 2246 2044 2262 ,
2069 2223 2232 2258 suffulcire
2252 2226 2365 2262 lienem
2390 2253 2400 2268 ‚

1403 2271 1434 2301 δε
1458 2266 1677 2300 sinisteriorem
1701 2266 1851 2307 jecinoris
1874 2275 1995 2309 partem
2019 2269 2139 2309 poterit
2161 2281 2171 2307 3
2194 2268 2404 2307 dexteriorem

1402 2319 1534 2350 tamen,
1556 2322 1626 2353 quae
1650 2310 1755 2342 multo
1779 2309 1821 2343 est
1844 2312 1974 2352 gravior
1989 2334 1997 2346 .
2021 2322 2085 2344 non
2108 2313 2246 2354 poterit.
2274 2315 2328 2349 Tu
2353 2328 2404 2349 ve-

1403 2367 1439 2388 ro
1463 2353 1524 2387 huc
1547 2353 1647 2393 adde,
1669 2352 1760 2396 ajunt
1784 2354 1910 2396 aliqui,
1933 2352 2070 2396 subjecta
2095 2354 2171 2389 huic
2196 2358 2301 2398 parti,
2325 2359 2404 2402 ipsi-

1401 2409 1460 2440 que
1483 2398 1663 2430 ventriculo
1685 2395 1856 2437 intestina,
1877 2400 1909 2430 <Sc
1935 2396 2110 2439 praesertim
2130 2399 2264 2439 Colon3
2287 2400 2329 2435 fic
2353 2404 2406 2436 in-

1401 2441 1551 2481 telliges,
1577 2450 1613 2474 ut
1636 2441 1755 2482 repleta
1777 2440 1846 2474 haec
1865 2465 1880 2481 ,
1903 2451 2074 2483 eorumque
2095 2441 2164 2474 vasa
2189 2452 2258 2476 tum
2281 2444 2366 2486 jecur
2392 2470 2403 2485 ‚

1400 2494 1471 2518 tum
1494 2484 1707 2518 ventriculum
1728 2495 1853 2526 quoque
1878 2483 2064 2517 sustineant.
2090 2484 2218 2522 Quibus
2228 2485 2250 2519 si
2275 2488 2405 2530 respon..

1399 2528 1470 2561 deas
1487 2553 1496 2566 ‚
1519 2531 1583 2560 non
1605 2526 1668 2560 hoc
1692 2535 1722 2558 te
1742 2538 1878 2569 quaerere
1903 2538 1940 2559 eo
1963 2537 2103 2570 tempore
2125 2539 2198 2561 cum
2221 2531 2367 2565 intestina
2391 2558 2404 2574 ,

1400 2574 1432 2605 &
1456 2582 1566 2604 eorum
1588 2569 1657 2603 vasa
1679 2569 1797 2611 repleta
1820 2569 1891 2604 sunt
1911 2593 1924 2610 ,
1947 2569 1997 2604 sed
2019 2582 2092 2604 cum
2119 2574 2310 2608 ventriculus
2334 2586 2408 2609 tan-

1400 2624 1493 2652 tum3
1518 2625 1616 2657 neque
1640 2614 1726 2646 enim
1743 2613 1842 2659 illlum
1864 2612 1984 2647 sensum
2007 2613 2092 2657 quasi
2127 2616 2333 2657 pendentium
2356 2621 2406 2652 vi-

1402 2658 1524 2691 scerum
1547 2667 1623 2690 tunc
1647 2657 1774 2694 demum
1798 2658 1872 2690 tolli
1897 2655 2062 2700 postquam
2085 2658 2204 2699 ingesta
2217 2661 2255 2695 ad
2280 2663 2406 2696 intesti-

1400 2713 1462 2742 na,
1486 2704 1517 2734 δε
1542 2702 1649 2733 Colon
1674 2700 1895 2742 potiffimum‚
1919 2710 2010 2746 atque
2034 2712 2145 2735 eorum
2171 2703 2239 2737 vasa
2257 2717 2405 2747 pervene-

1402 2755 1498 2784 runt,
1521 2746 1552 2777 &
1576 2744 1642 2777 haec
1667 2744 1879 2786 impleverunt
1899 2755 1909 2782 3
1945 2743 1995 2776 sed
2018 2745 2123 2778 multo
2147 2755 2269 2787 antea;
2306 2749 2407 2784 iidem

1402 2800 1477 2821 vero
1498 2795 1602 2820 totam
1626 2798 1691 2820 rem
1715 2798 1889 2829 proponere
1911 2786 2090 2821 distinffius
2114 2787 2212 2823 scient
2233 2814 2246 2832 ,
2277 2795 2309 2826 &
2332 2804 2407 2826 ven-

1401 2831 1545 2868 triculo,
1573 2833 1735 2873 primaque
1758 2830 1980 2864 intestinorum
2015 2839 2102 2872 parte
2126 2832 2260 2875 impleta
2281 2858 2294 2875 ,
2325 2835 2405 2878 quid

1401 2874 1465 2909 huc
1489 2873 1608 2907 faciant
1634 2874 1768 2908 musculi
1792 2872 1972 2908 abdominis
1992 2897 2004 2914 ,
2028 2874 2187 2918 perspicue
2210 2877 2369 2912 ostendere
2393 2903 2405 2920 ,

1403 2922 1435 2952 ὅ(
1460 2916 1587 2951 fortasse
1613 2920 1709 2951 etiam
1733 2918 1811 2959 quid
1835 2919 1861 2950 is
1884 2918 1999 2959 vigor,
2024 2929 2119 2960 quam
2135 2942 2148 2959 ,
2169 2921 2227 2954 vix
2240 2920 2404 2964 ass'umpris

1402 2961 1660 2995 refocillantibus
1689 2961 1849 2994 alimentis
1869 2983 1881 3000 ,
1917 2961 1951 2993 in
1985 2970 2092 2994 totum
2123 2973 2238 3005 corpus
2270 2965 2406 3008 diduci,

1404 3007 1598 3048 percipimus
1624 3028 1638 3044 ,
1669 3004 1748 3047 quid
1767 3027 1780 3044 ,
1811 3006 1941 3046 inquam
1969 3030 1976 3044 ,
2001 3005 2027 3037 is
2052 3003 2149 3039 faciat
2173 3008 2206 3038 in
2230 3007 2342 3043 fulcris
2365 3009 2403 3043 de

1403 3049 1520 3091 quibus
1543 3048 1710 3088 diximus,
1732 3048 1958 3082 contendendis
1981 3070 1989 3085 ‚
2014 3050 2046 3080 &
2068 3049 2285 3091 quadantenus
2307 3053 2407 3087 attol-

1403 3092 1505 3125 lendis
1520 3115 1527 3123 .
1663 3092 1743 3124 Satis
1766 3090 1916 3133 superque
1940 3090 2003 3133 jam
2025 3089 2151 3126 dictum
2169 3103 2250 3136 puto
2260 3107 2277 3135 ,·
2294 3106 2331 3129 ut
2345 3107 2406 3130 un-

1403 3135 1440 3168 de
1463 3133 1703 3168 concidentium
1737 3134 1896 3168 costarum
1929 3133 2030 3167 sensus
2061 3135 2095 3168 111
2129 3148 2162 3169 ea
2194 3139 2326 3172 muliere
2360 3140 2407 3172 es-

1403 3179 1471 3218 set,
1495 3179 1676 3221 intelligas,
1698 3176 1789 3220 cujus
1811 3180 1891 3211 vires
1909 3201 1921 3218 ,
1945 3181 1976 3211 &
2000 3178 2148 3213 ciborum
2172 3186 2333 3223 appetitus
2348 3183 2406 3214 ·ita

1403 3223 1606 3266 languerent,
1631 3230 1675 3264 1111,Χ
1689 3222 1819 3262 Magnae
1842 3222 1965 3254 arteriae
1991 3247 1999 3260 ,
2033 3224 2066 3254 δε
2088 3222 2196 3257 cordis
2226 3227 2304 3259 vitia
2329 3225 2407 3258 illuc

1403 3265 1538 3309 denique
1563 3263 1719 3306 progressa
1742 3275 1807 3306 quo
1829 3263 2023 3298 ostendimus
2037 3289 2046 3304 ‚
2069 3268 2275 3307 requirebant
2295 3295 2302 3301 .
2330 3269 2406 3302 Huc

1406 3308 1530 3351 insuper
1556 3308 1636 3342 illud
1662 3302 1825 3351 adcedebat
1848 3330 1857 3345 ‚
1891 3307 1978 3351 quod
2001 3310 2034 3340 in
2058 3309 2240 3344 0111106110ηο
2265 3311 2408 3345 animad-

1407 3352 1532 3386 versum
1545 3351 1612 3391 est,
1637 3350 1874 3412 utlaptiffimum
1896 3351 2059 3385 cerebrum
2082 3351 2210 3393 11103111,-
2234 3354 2409 3398 diaphrag-

1717 3413 1719 3426 ³
2316 3409 2368 3431 nia

1475 3573 1642 3601 (e)n.19.
1707 3573 1873 3603 (f)n.16.

1532 3603 1539 3630 s
1556 3604 1568 3632 ι’,
1583 3604 1595 3630 )
1611 3603 1636 3626 in
1655 3603 1669 3626 l.
1688 3603 1716 3626 de
1735 3607 1789 3628 κει.
1811 3603 1872 3628 11161.
1891 3603 1915 3627 in
1933 3605 2004 3628 Acut.
2023 3605 2123 3628 comm.
2141 3611 2162 3627 1.
2182 3609 2199 3628 t.
2222 3606 2258 3629 18.
2286 3624 2289 3626 .

1659 3634 1665 3661 (
1688 3642 1710 3655 m
1727 3634 1739 3662 3
1762 3634 1783 3657 in
1803 3636 1897 3658 Annot.
1916 3636 1945 3658 ad
1961 3642 2014 3663 cap.
2030 3641 2089 3658 mox
2105 3634 2195 3658 citand.

1945 3666 1959 3694 (
1975 3673 1987 3688 r
2004 3663 2013 3695 )
2030 3664 2054 3688 in
2070 3664 2149 3689 schol.
2167 3666 2197 3689 ao‘.
2214 3673 2241 3689 ea
2259 3667 2347 3692 verba.

2292 764 2301 784 1
2333 751 2399 786 fere
2442 770 2445 771 ⁷
