2498 4075
437 127 531 182 126

372 209 450 244 ess‘et
474 230 485 246 ,
518 207 576 241 nifi
600 206 689 246 quod
720 209 817 251 paulo
848 209 945 245 essent
969 206 1219 248 frequent-iores.
1252 210 1308 244 Sed
1332 210 1371 244 de

365 251 586 295 aneurysmate
608 252 749 285 assentiri
772 264 836 286 non
867 262 1012 296 poteram
1033 260 1108 282 cum
1134 261 1265 292 propter
1285 255 1346 286 alia
1362 279 1371 293 ‚

367 306 443 330 zum
464 294 642 338 praesertim
665 296 744 336 quia
755 298 974 338 pulsationum
997 294 1126 326 illarum
1151 303 1295 338 tempora
1311 297 1379 329 mi«

370 341 459 373 nime
479 348 552 371 cum
576 337 724 379 pulsuum
747 341 949 382 temporibus
982 339 1205 377 congruebant
1228 363 1235 370 .
1271 341 1372 373 Erant

366 385 457 416 enim
480 379 570 412 valde
593 381 765 423 inaequalia
797 394 904 415 earum
927 379 1116 418 intervalla,
1142 391 1176 413 ut
1209 384 1258 416 vis
1291 395 1372 426 quo-

367 437 455 468 que5
479 433 550 455 nam
576 422 688 465 sepius
712 425 1058 466 validiffimoinnpetu,
1081 424 1245 459 interdurn
1268 429 1297 459 δι
1312 428 1371 459 mi-

369 479 432 502 nus
453 466 563 499 valido
586 465 761 501 feriebatur
799 479 909 501 manus
928 490 937 505 ,
961 478 1035 500 cum
1059 469 1191 500 interim
1216 468 1299 502 nibil
1334 473 1369 503 in

367 508 512 554 pulsibus
535 509 572 542 ad
596 521 707 552 carpos
732 520 928 544 mutaretur.
957 512 1068 552 Longe
1102 520 1209 545 tamen
1242 512 1369 546 facilius

367 563 435 587 erat
458 553 563 585 dicere
587 554 665 594 quid
690 565 753 586 non
779 552 837 587 esse
857 579 865 594 ‚
887 565 984 597 quam
1008 553 1087 594 quid
1112 554 1169 587 esse
1209 556 1369 590 videretur

364 599 394 630 is
414 608 522 630 tumor
547 599 681 638 ingens,
706 600 735 629 ὃ(
761 598 857 632 durus
873 621 882 635 ,
907 607 940 630 ut
966 606 1056 629 antea
1089 598 1271 633 indicatum
1305 600 1368 639 est,

368 643 400 673 δε
422 639 508 682 quafi
531 641 646 672 circuli
673 641 800 674 ambitu
824 639 1098 683 comprehensus,
1122 644 1178 683 qui
1203 653 1218 675 a
1241 643 1369 675 lumbo-

365 694 439 717 rum
463 683 617 715 vertebris
644 683 776 717 subinde
799 684 829 717 se.
855 683 1020 716 attollebat
1045 682 1084 716 ad
1108 682 1281 719 feriendam
1305 698 1369 719 ma-

366 737 470 762 num,
494 728 653 758 continuo
677 728 838 760 autemxse
862 729 906 759 ita
930 727 1146 765 subducebat,
1184 738 1221 761 ut
1255 731 1303 762 vel
1338 732 1371 763 in

365 770 481 811 gracili
505 770 645 809 Virgine
668 770 754 804 haud
778 771 920 812 proclive
943 769 1017 803 esset
1040 770 1271 812 deprehendere
1304 783 1370 815 quo

366 813 395 846 se
419 810 621 849 retraxisset,
647 813 750 846 donec
772 815 888 846 iterum
915 813 943 847 se
966 814 1153 854 extolleret,
1178 827 1369 859 manumque

364 864 547 896 percuteret
567 879 574 886 .
601 856 799 899 Quanquam
823 867 929 890 autem
953 858 1034 890 illud
1059 868 1126 891 erat
1151 858 1310 897 obvium,
1335 862 1367 893 in

368 898 601 946 hystericarum
634 901 806 933 mulierum
840 910 951 933 ventre
986 899 1143 942 quosdam
1177 902 1262 936 haud
1298 914 1369 937 raro

361 945 448 985 quasi
475 942 588 983 globos
612 944 755 986 percipi,
778 945 836 986 qui
859 945 897 976 ab
920 943 1131 978 inferioribus
1144 946 1369 987 ascendentes,

361 998 411 1018 eas
425 987 504 1019 male
527 985 687 1026 habeant;
708 999 748 1020 ex
773 987 903 1020 adverso
928 999 991 1021 non
1019 991 1123 1022 minus
1135 999 1201 1023 erat
1212 990 1368 1028 obvium,

361 1041 436 1063 cum
460 1030 613 1071 ejusmodi
651 1031 886 1073 pulsationibus
911 1033 985 1065 illos
1010 1044 1075 1065 non
1107 1033 1263 1075 conjungi
1290 1060 1298 1074 ‚
1334 1044 1370 1067 ut

361 1076 586 1115 aneurysmata
610 1081 857 1116 repraesentent.
886 1079 1041 1108 Attamen
1066 1078 1097 1107 &
1123 1076 1183 1109 hoc
1200 1099 1208 1112 ‚
1232 1081 1370 1109 &caete-

361 1119 407 1159 ris
429 1128 501 1159 quae
525 1126 637 1150 contra
660 1118 724 1151 dici
748 1118 872 1161 possent
892 1142 901 1156 ‚
926 1121 1035 1152 animo
1059 1119 1235 1160 percursis,
1268 1123 1298 1153 &
1330 1122 1370 1154 iis

362 1161 458 1193 simul
494 1160 718 1194 animadversis
739 1174 810 1203 quae
838 1172 904 1195 rara
929 1163 1166 1203 saepenumero‚
1189 1165 1220 1195 ἃ
1255 1174 1369 1204 praeter

363 1204 556 1244 opinionem
579 1205 645 1236 illis
670 1205 702 1236 in
729 1206 921 1238 mulieribus
944 1215 1144 1244 occurrunt,
1168 1218 1205 1239 eo
1229 1207 1368 1239 inclina-

359 1248 407 1293 ri*
425 1259 473 1279 me
498 1246 572 1279 senfi
588 1271 597 1285 ‚
620 1257 654 1279 ut
678 1247 871 1289 conjicerem
886 1270 894 1284 ‚
916 1247 1077 1291 quidquid
1114 1249 1183 1282 illic
1207 1248 1301 1286 essct,
1329 1251 1367 1284 ad

360 1291 511 1323 aflectum
556 1289 961 1332 hysterico-convulfivum
1009 1292 1103 1325 Facile
1140 1292 1225 1333 posse
1267 1304 1364 1326 revo-

355 1335 442 1367 cari.
469 1333 527 1366 Sed
553 1346 619 1366 mea
643 1338 698 1367 vix
722 1334 862 1367 indicata
894 1333 1097 1376 confinium,
1123 1338 1301 1379 omnique,
1326 1347 1362 1371 ut

359 1379 396 1411 ad
412 1378 652 1419 aegrotantium
676 1378 809 1411 le5tulos
834 1379 983 1411 consuevi
1008 1378 1111 1412 facere
1127 1405 1134 1418 ,
1156 1391 1228 1413 cum
1254 1380 1290 1413 de
1315 1393 1361 1414 re·

358 1422 466 1454 medio
503 1422 645 1463 alioquin
670 1423 844 1458 convenit,
868 1421 980 1454 omissa
1005 1423 1218 1456 controversia
1244 1434 1254 1461 5
1288 1425 1359 1456 san-

357 1467 489 1508 guinem
515 1474 550 1498 ut
576 1467 761 1503 mitterent,
791 1465 884 1499 sicuti
910 1466 1040 1499 evidens
1067 1465 1232 1509 praegressa
1265 1468 1357 1501 causa

356 1509 561 1550 requirebat,
586 1511 744 1542 continuo
778 1507 910 1541 assensus
934 1508 1019 1543 sum.
1047 1510 1125 1544 Quo
1160 1509 1246 1542 satio
1270 1533 1278 1547 ‚
1312 1512 1360 1544 ita

356 1564 438 1595 aegra
461 1553 575 1585 melius
599 1553 627 1583 se
651 1552 766 1586 habere
789 1553 912 1594 coepit,
938 1563 972 1586 ut
998 1552 1154 1594 postridie.
1186 1553 1272 1586 nulla
1293 1566 1361 1587 am-

356 1599 438 1640 plius
473 1595 638 1637 superesset
663 1595 858 1637 palpitatio.
886 1598 933 1628 De
957 1608 1019 1638 qua
1033 1608 1197 1638 nunquam
1220 1607 1305 1630 certe
1324 1599 1361 1632 ad

356 1640 476 1673 menses
501 1649 661 1679 quatuor,
686 1649 740 1672 aut
764 1639 908 1681 quinque
941 1640 1061 1681 quibus
1093 1651 1154 1681 ego
1188 1640 1220 1671 in
1254 1643 1361 1675 Patria

356 1687 461 1726 possea
490 1682 586 1714 mansi
612 1682 712 1714 donec
741 1684 779 1714 A.
808 1691 898 1722 1711.
926 1681 988 1715 huc
1013 1682 1051 1715 ad
1076 1683 1267 1717 tradendam
1290 1685 1362 1717 Me—

355 1727 496 1761 dicinam
511 1727 655 1758 venirem
671 1747 681 1762 ‚
705 1725 759 1757 illa
783 1725 920 1767 amplius
933 1724 1039 1766 questa
1063 1726 1104 1758 est
1120 1751 1127 1758 .
1152 1726 1231 1768 Qo
1256 1737 1362 1761 autem

314 1811 317 1812 ⁷
355 1772 472 1805 morbo
485 1771 610 1812 aliquot
639 1769 708 1810 post
732 1769 821 1801 annis
845 1767 967 1800 sublata
992 1770 1047 1808 sit,
1071 1781 1143 1803 cum
1168 1769 1222 1803 hic
1245 1771 1360 1808 essem,

355 1827 458 1857 neque
480 1813 548 1855 ejus
571 1812 707 1846 cadaver
732 1811 957 1850 dissecuerint,
981 1823 1039 1854 pro
1072 1823 1162 1847 certo
1195 1814 1272 1847 scire
1295 1826 1359 1848 non

356 1861 469 1901 potui-

403 1915 448 1944 19
474 1903 612 1936 Arterize
636 1914 727 1944 quae,
753 1901 773 1935 si
799 1902 831 1934 in
857 1901 1044 1944 aneurysma
1067 1901 1264 1942 dilatentur,
1288 1904 1358 1945 pul-

354 1947 511 1981 sationem
537 1946 650 1987 possint
672 1947 818 1979 nimiam
845 1945 933 1979 edere
956 1948 988 1979 in
1004 1959 1037 1980 ea
1062 1949 1181 1980 ventris
1205 1946 1274 1980 sede
1288 1958 1359 1988 quae

355 1993 390 2024 in
415 1989 576 2032 propofita
603 1989 731 2023 historia
756 1990 898 2023 indicata
921 1988 981 2027 est,
1005 1989 1153 2023 Coeliaca
1179 1990 1250 2023 sunt
1283 2001 1359 2023 cum

354 2034 558 2069 craffioribus
581 2044 650 2075 ejus
674 2036 792 2074 ramis,
817 2033 1027 2067 Mesenterica
1051 2035 1220 2073 Superior,
1248 2034 1360 2066 Emul-

356 2091 432 2122 gens
466 2078 595 2112 dextera
610 2103 617 2115 ‚
640 2080 670 2110 &
693 2078 824 2111 Arteria
851 2077 993 2119 Magna.-
1018 2076 1067 2109 sed
1092 2076 1159 2110 haec
1194 2076 1297 2111 multo
1320 2089 1358 2108 o-

356 2125 481 2158 mnium
507 2121 669 2163 saepiffime
686 2147 694 2159 ,
719 2121 872 2155 rariffime
896 2131 1003 2154 autem
1027 2120 1157 2162 reliquae
1173 2145 1181 2160 ‚
1213 2120 1234 2153 si
1267 2122 1356 2153 exci4

355 2169 422 2211 pias
446 2165 648 2198 Coeliacam.
676 2165 764 2199 Nam
788 2164 827 2197 ad
850 2164 956 2198 causas
979 2164 1102 2199 caeteris
1136 2175 1323 2210 communes
1347 2188 1356 2203 ,

356 2221 390 2245 ut
415 2219 487 2253 puta
512 2209 709 2246 erosionem,
731 2207 992 2242 constrictionem
1011 2234 1019 2248 ,
1053 2208 1192 2250 aliasque
1215 2207 1356 2248 ejusmo-

355 2255 407 2294 di,
442 2253 787 2296 peculiarem'insuper
818 2252 974 2285 Coeliacae
998 2262 1124 2295 mecum
1148 2251 1268 2292 addes,
1301 2251 1356 2284 ubi

356 2297 619 2333 animadverteris
640 2297 769 2329 crebros
792 2295 865 2327 illos
890 2296 1053 2328 tortuosos
1076 2292 1178 2329 flexus
1202 2305 1255 2337 pet
1279 2306 1360 2337 quos

356 2345 388 2376 in
415 2342 562 2383 splenico
584 2339 650 2382 ejus
673 2352 762 2373 ramo
786 2349 821 2372 ut
846 2338 1006 2380 sanguinis
1036 2339 1146 2372 cursus
1182 2338 1218 2372 ad
1242 2338 1367 2371 lienem

356 2386 556 2423 retardatur,
579 2384 619 2416 fic
643 2385 676 2416 in
702 2393 792 2416 ortos
826 2392 899 2415 ante
936 2384 988 2416 illa
1022 2382 1183 2415 obstacula
1223 2393 1327 2414 ramos
1350 2407 1359 2420 ,

356 2433 389 2463 in
415 2429 584 2470 ipsumque
607 2427 747 2469 Splenici
771 2426 926 2461 initium,
953 2429 982 2457 ἃς
1006 2427 1193 2466 perbrevem
1206 2426 1359 2458 Coeliacae

357 2483 508 2508 truncum
535 2480 611 2503 tumr
629 2480 743 2510 magna
768 2479 837 2510 pars
861 2468 1041 2510 sanguinis,
1066 2478 1136 2501 tum
1170 2466 1265 2509 hujus
1300 2469 1360 2501 im.

357 2526 449 2559 petus
474 2512 679 2553 refleffitur,
703 2523 739 2546 ut
764 2513 785 2544 si
819 2512 923 2553 aliqua
947 2524 984 2545 ex
1020 2513 1088 2544 aliis
1123 2511 1251 2544 accedat
1284 2523 1359 2544 can-

358 2562 416 2597 fis,
441 2569 511 2602 quae
536 2559 680 2600 gravius,
706 2559 737 2589 δε
763 2555 885 2588 diutius
898 2567 992 2596 agat,
1020 2556 1146 2589 facilius
1169 2555 1358 2597 aneurysma

356 2604 525 2639 nascatur.
657 2602 714 2632 Sed
738 2599 792 2632 etsi
818 2609 866 2631 tot
891 2601 936 2631 ibi
963 2599 1023 2632 fint
1055 2600 1201 2635 atterite,
1226 2610 1282 2632 nec
1298 2610 1360 2632 una

357 2648 445 2682 causa
470 2647 514 2679 ob
537 2656 635 2686 quam
661 2643 859 2679 dilatentur3
895 2644 985 2685 plura
1018 2654 1147 2684 quoque
1182 2641 1255 2675 sunt
1287 2654 1359 2683 quae

357 2702 469 2726 cautos
495 2690 624 2722 reddere
649 2699 705 2720 nos
729 2687 888 2722 debeant,
913 2697 950 2718 ne
974 2685 1190 2728 pulsationem
1217 2686 1361 2727 aliquan-

357 2740 399 2770 do
423 2745 482 2776 pro
507 2730 736 2773 aneurysmatis
768 2729 832 2772 jam
854 2731 919 2762 orti
944 2729 1067 2762 indicio
1091 2740 1255 2771 perperam
1278 2730 1361 2762 aeci-

359 2781 505 2823 piamus.
535 2776 678 2807 Primum
703 2772 744 2806 est
768 2772 897 2815 grandis
921 2775 1058 2809 macies,
1083 2782 1118 2806 ut
1142 2784 1179 2806 ex
1202 2773 1242 2804 iis
1266 2774 1361 2806 etiam

358 2823 545 2863 colligimus
570 2830 641 2860 quae
666 2819 745 2851 olim
762 2818 969 2858 Berengarius
991 2819 1045 2858 <y
1067 2820 1081 2856 )
1105 2816 1298 2853 admonuit,
1325 2827 1360 2849 ut

359 2867 456 2900 aliam
483 2863 685 2901 redargueret
709 2862 929 2903 quorumdam
964 2861 1174 2893 Medicorum
1208 2861 1240 2891 in
1274 2872 1360 2892 ema-

359 2910 441 2943 ciata
467 2907 601 2939 muliere
625 2904 869 2945 deceptionem.
896 2904 1055 2937 Mediante
1093 2915 1201 2946 magna
1225 2911 1364 2940 arteria,

359 2954 488 2992 inquit,
514 2949 647 2982 maxime
670 2948 701 2979 in
739 2945 919 2989 corporibus
951 2948 1131 2979 extenuatis
1152 2970 1160 2984 ,
1190 2947 1365 2987 percipitur

363 3004 476 3036 magna
497 2990 633 3033 pulsatio
656 2991 687 3022 in
712 2991 831 3031 regione
848 2989 1020 3027 stomachi,
1045 2994 1088 3023 ἐφ’
1122 2988 1331 3028 intcsiinormn
1355 3014 1363 3022 .

359 3039 429 3072 Nec
458 3035 620 3069 dubitavit
647 3036 774 3074 Prosper
795 3033 977 3065 Martianus
999 3035 1013 3071 (
1036 3045 1059 3075 z
1082 3037 1092 3071 )
1115 3034 1165 3066 vel
1192 3035 1364 3065 maximam

359 3083 449 3115 illam
476 3078 688 3121 pulsationem
715 3078 756 3110 sic
782 3076 937 3116 explicare
962 3088 1030 3117 quae
1054 3078 1086 3108 in
1103 3077 1208 3109 eadem
1236 3075 1364 3116 prorsus

360 3126 429 3159 sede
455 3127 488 3157 in
512 3134 575 3165 qua
600 3121 710 3154 nostrae
736 3121 894 3160 Virgini,
918 3120 1063 3152 Eratolai
1079 3120 1148 3153 filio
1172 3119 1263 3153 fuisse
1287 3120 1364 3152 stri-

360 3171 451 3202 bitur
478 3167 561 3200 libro
587 3166 666 3197 Vn.
691 3163 938 3205 Epidemiorum
965 3164 1016 3204 (a
1039 3167 1053 3202 )
1077 3162 1125 3196 his
1159 3165 1263 3196 verbis
1286 3176 1293 3193 ε
1332 3163 1363 3195 in

364 3212 463 3245 medio
489 3207 652 3247 umbilici,
676 3210 714 3241 eb*
742 3204 806 3249 offis
827 3205 983 3246 petio-ris,
1006 3207 1088 3239 circa
1112 3206 1188 3239 banc
1213 3205 1363 3247 regionem

362 3254 498 3296 apposita
524 3262 636 3290 manu,
661 3251 739 3284 talis
763 3258 829 3282 erat
847 3248 1019 3289 palpitatio
1043 3275 1049 3287 ,
1084 3249 1187 3291 qualis
1222 3260 1315 3290 neqire
1348 3260 1364 3280 a

361 3291 472 3339 cua-sk,
495 3306 589 3336 neque
615 3306 632 3327 a
654 3305 768 3335 pavore
793 3303 873 3325 circa
897 3302 946 3323 cor
966 3294 1107 3333 generari
1135 3290 1251 3334 posset.
1286 3293 1364 3324 Haec

363 3352 472 3374 autem
497 3340 534 3371 de
559 3337 719 3370 Martiam
744 3337 924 3370 sententia,
951 3335 1032 3367 nibil
1055 3335 1141 3368 alind
1164 3343 1252 3374 erar,
1276 3346 1367 3376 qnam

363 3393 463 3417 motus
488 3381 607 3416 arteriae
631 3392 762 3421 riszrgme.
789 3380 843 3422 qm·
866 3380 897 3410 in
920 3378 993 3411 aliis
1026 3392 1042 3410 iz
1080 3389 1168 3411 tarne
1205 3378 1366 3419 intersebr'a

362 3426 542 3467 ossam-atur
588 3424 869 3469 compisciturque3
894 3421 944 3453 sed
970 3423 1001 3453 in
1026 3434 1111 3463 aegro
1135 3421 1219 3456 illo,
1246 3423 1365 3461 quippe

365 3482 462 3504 macic
487 3477 629 3503 extrema
653 3468 825 3507 consecto,
862 3468 908 3498 ita·
942 3475 1010 3498 erat
1043 3475 1155 3499 eorum
1189 3466 1363 3499 imminuta

514 3677 651 3700 Comment.
671 3683 690 3703 9.
709 3673 774 3702 super
792 3674 862 3697 Anat.
881 3672 1010 3696 Mundini⁴
1055 3702 1060 3705 Π
1207 3701 1211 3704 ⁶

517 3708 605 3729 Annos.
624 3706 694 3729 modo
704 3705 735 3727 cit
807 3705 821 3732 (
838 3703 876 3731 c)
895 3704 1035 3726 Comment.
1055 3710 1079 3725 in
1096 3703 1115 3725 l.
1130 3711 1143 3730 7
1170 3703 1283 3728 Epi-iem.
1302 3709 1324 3725 n.
1346 3711 1367 3730 4.

507 3737 646 3759 comment.
666 3736 694 3758 de
709 3736 803 3758 Botion.
820 3736 857 3758 Sc.
873 3733 946 3757 Acad.
962 3735 1034 3756 Tom.
1048 3740 1070 3756 1.
1088 3732 1112 3756 'in
1130 3731 1218 3761 Opust.

425 3676 497 3732 fii

423 3734 491 3765 (f)

1072 3672 1080 3702 (
1099 3679 1117 3699 z
1134 3675 1144 3698 )
1161 3674 1251 3694 Annot.
1270 3670 1297 3694 ad
1315 3670 1374 3694 vers.
1394 3680 1430 3700 55.
1448 3670 1551 3704 3²32*
1568 3671 1665 3693 Coacar.
1686 3673 1787 3695 Praenor.

1000 128 1156 180 Liber
1189 134 1272 182 111.
1306 130 1389 182 De
1424 130 1632 183 Morbis
1665 130 1875 184 Ventris

1421 207 1592 243 craffitudo
1614 220 1685 252 quae
1709 212 1792 244 inter
1805 223 1956 252 manum,
1979 214 2011 244 &
2034 214 2182 249 arteriam
2206 213 2413 255 interjiciuffi

1423 262 1476 285 tur
1500 275 1512 301 2
1545 263 1580 286 ut
1615 253 1680 286 haec
1710 255 1754 287 U·
1770 252 1904 296 facilius
1927 255 2121 294 elevaretur,
2144 262 2185 294 Θ
2203 258 2415 300 perciperetur

1422 306 1524 337 magis
1547 309 1557 327 .·
1594 296 1636 328 Θ·
1658 298 1803 336 quamvis
1827 299 1859 331 ici
1881 298 2023 332 omnibus
2057 303 2184 334 arteriis
2213 302 2349 341 corporis
2378 301 2423 342 sit

1423 349 1599 376 commune,
1626 338 1808 380 observatur
1831 340 2263 384 nibilominusfrequentiur‚
2287 344 2423 385 inquit,

1422 383 1455 415 in
1477 383 1573 414 medlo
1596 382 1740 429 nmbilici
1753 406 1764 422 ,
1788 395 1822 416 ac
1842 383 2069 427 &fimena-ris,
2093 388 2246 420 nimirum
2260 387 2335 427 quia
2349 386 2423 419 nus-

1420 436 1518 466 quam
1545 437 1648 466 major
1673 428 1796 459 arteriae
1831 436 1961 460 truncus
1985 431 2094 461 manui
2118 430 2208 463 nullo
2230 428 2295 463 osse
2320 431 2423 462 intet-

1420 467 1507 510 J'e&o
1529 468 1737 511 subjiciatur:
1763 468 2021 512 eodemqueloco
2033 471 2101 504 aliae
2117 499 2125 513 ,
2148 474 2248 515 paulo
2261 483 2334 506 ante
2349 484 2423 506 me-

1422 521 1580 552 moratae,
1612 511 1740 554 pulsant
1772 516 1919 547 arteriae.
2051 515 2201 549 Alterum
2236 514 2319 549 unde
2352 516 2423 549 falli

1421 556 1546 589 Medici
1568 567 1608 589 ex
1631 555 1810 597 pulsatione
1835 557 1982 599 possent,
2005 558 2177 602 multiplex
2201 560 2332 602 quidem
2356 559 2418 593 est:

1423 598 1477 632 sed
1499 601 1538 633 ab
1561 599 1671 632 eodem
1685 600 1853 645 Martiano
1877 605 1886 639 (
1911 599 1929 632 b
1950 603 1964 639 )
1986 604 2022 636 ad
2036 604 2268 644 plenitudinem
2291 611 2422 635 contra-

1425 641 1515 675 hitur
1538 641 1602 675 sive
1624 653 1659 674 ea
1685 643 1720 674 sit
1746 644 1778 675 in
1805 644 1948 680 arteriis,
1973 644 2036 679 sive
2069 648 2101 679 in
2139 646 2225 679 venis
2246 668 2256 683 ‚
2289 646 2352 678 sive
2386 647 2421 678 in

1422 696 1535 722 carne,
1558 698 1629 728 quae
1653 687 1778 718 arteriis
1801 687 1976 729 appositae‚
1999 689 2146 733 ipsasque.
2162 689 2420 731 comprimentes,

1422 729 1577 765 efficiant,
1608 739 1642 762 ut
1666 730 1779 770 majori
1799 731 1918 769 impetu
1931 731 2115 772 eleventur,
2139 732 2229 774 cujus
2255 734 2299 766 rei
2312 743 2421 766 exem-

1423 773 1473 816 pla
1498 772 1589 806 affert
1614 775 1646 805 in
1663 773 1795 814 ‘magnis
1818 771 2161 816 inflammationibus,
2182 778 2213 809 &
2236 777 2270 809 in
2305 776 2344 808 iis
2367 785 2421 809 tu-

1422 815 1569 850 moribus
1591 817 1647 858 qui
1672 815 1710 849 ad
1745 816 2008 858 suppurationem
2044 821 2181 854 tendunt
2204 844 2211 852 .
2247 820 2419 852 Praeiverat

1422 869 1528 894 autem
1552 859 1709 892 Vallesius
1732 860 1783 902 (c
1803 863 1817 898 )
1838 860 1871 891 in
1897 861 2034 895 historiae
2059 864 2256 896 enarratione
2279 863 2356 904 :egri
2377 863 2420 896 1'1-

1422 905 1484 937 lius
1507 904 1544 936 de
1566 915 1633 945 quo
1656 901 1753 935 modo
1777 901 1899 936 dietum
1924 905 1984 937 est.
2010 906 2065 938 Fit
2096 906 2207 939 multis
2239 906 2425 948 aegrotanci-‚

1422 947 1500 986 bus,
1526 948 1657 989 inquit,
1682 956 1715 978 eo
1737 946 1769 978 in
1796 949 1912 979 ventris
1936 947 1999 980 loco
2020 948 2261 991 pulsusquidam
2272 948 2418 990 insignis,

1423 990 1488 1033 ejus
1512 991 1632 1023 arteriae
1645 999 1709 1032 quie
1716 999 1773 1030 per
1777 988 1901 1031 spinam
1912 990 2084 1032 descendit,
2108 991 2145 1024 ob
2156 990 2300 1034 affetfium
2309 990 2419 1032 phleg-

1423 1032 1578 1075 monosum
1600 1035 1666 1075 erus
1688 1031 1770 1070 loci,
1794 1033 1848 1073 qui
1868 1033 1989 1075 quidem
2009 1034 2118 1076 pulsus
2142 1034 2304 1076 aliquando
2320 1033 2363 1075 sit
2386 1034 2420 1067 in

1422 1079 1525 1110 acutis
1549 1076 1685 1112 morbis,
1711 1101 1718 1108 .
1810 1076 1972 1117 aliquando
1995 1078 2089 1110 etiam
2100 1085 2202 1110 manet
2219 1076 2285 1118 posi
2310 1084 2420 1109 acutos

1422 1119 1542 1152 morbos
1567 1145 1573 1151 .
1591 1143 1619 1150 ..
1633 1143 1643 1152 .
1660 1118 1761 1161 fitque
1786 1116 1906 1162 affeb't'io
1927 1130 1959 1152 eo
1969 1119 2033 1153 loco
2053 1119 2213 1162 cancrosa.
2239 1120 2296 1153 Sed
2320 1124 2419 1153 etiam

1422 1163 1479 1196 ubi
1503 1163 1621 1195 durum
1645 1173 1759 1203 corpus
1784 1161 1918 1204 aliquod
1941 1165 2068 1196 arterias
2093 1173 2213 1205 premat
2228 1187 2237 1203 ,
2260 1163 2420 1205 pulsatio—

1421 1217 1492 1239 nem
1517 1205 1629 1242 harum
1655 1205 1797 1247 percipi,
1821 1206 1911 1246 supra
1934 1210 1944 1244 (
1969 1206 1988 1237 d
2008 1210 2022 1246 )
2044 1208 2196 1241 docuerat
2216 1231 2227 1247 ,
2258 1208 2420 1248 explicans

1418 1262 1475 1284 cur
1499 1250 1610 1282 uxoris
1634 1249 1796 1290 Gorgiae,
1818 1251 1870 1282 cui
1896 1249 2001 1282 multo
2024 1250 2148 1284 diutius
2172 1261 2269 1291 quam
2303 1250 2416 1283 nostrae

1419 1294 1557 1335 Virgini
1582 1319 1591 1332 ,
1625 1291 1771 1335 suppressi
1808 1302 1898 1326 erant
1928 1291 2047 1326 menses
2067 1317 2079 1334 ,
2109 1291 2332 1336 quoqueversus
2364 1293 2422 1326 illa

1415 1343 1647 1370 converteretur
1661 1358 1672 1374 ,
1692 1333 1803 1377 pulsus
1825 1336 1859 1367 in
1882 1345 1994 1368 ventre
2018 1338 2233 1379 perciperetur
2249 1359 2258 1373 ‚
2283 1336 2324 1369 (θ’
2344 1346 2420 1377 pon.

1414 1382 1492 1414 dus.
1516 1380 1607 1412 Nam
1628 1379 1756 1412 duratus
1780 1387 1906 1416 uterus,
1929 1381 2035 1420 inquit
2049 1405 2057 1419 ‚
2080 1380 2170 1414 velut
2181 1379 2317 1413 alienum
2335 1389 2416 1421 pon-

1414 1424 1494 1463 dus,
1511 1421 1621 1462 fertur
1644 1432 1821 1463 quocunque
1843 1431 2038 1455 conrcrtitur
2062 1431 2196 1465 corpus,
2217 1426 2260 1456 VJ·
2295 1423 2417 1456 arteriae

1413 1479 1478 1509 quoe
1500 1466 1770 1507 comprimuntur,
1793 1465 1926 1499 nitentes
1943 1465 1977 1507 se
2004 1465 2038 1507 se
2070 1465 2174 1509 efferre
2193 1488 2203 1505 ,
2231 1465 2418 1508 sentiuntur

1407 1510 1550 1552 pulsare.
1579 1510 1687 1545 Quam
1709 1510 1890 1541 doc'trinam
1914 1508 2064 1552 deinceps
2077 1512 2174 1543 secuti
2199 1508 2324 1542 Medici
2349 1512 2422 1542 ani-

1412 1554 1674 1590 madverterunt,
1699 1561 1734 1585 ut
1759 1552 1792 1584 in
1818 1552 2024 1593 Sepulchreto
2046 1556 2059 1592 (
2081 1564 2095 1586 e
2118 1557 2132 1593 )
2164 1553 2260 1586 etiam
2296 1553 2385 1585 vides
2411 1576 2421 1593 ,

1415 1594 1590 1639 compressa
1615 1596 1654 1628 ab
1678 1595 1794 1637 insigni
1818 1598 2018 1636 pancreatis,
2044 1605 2098 1630 aut
2111 1596 2336 1638 glandulsarum
2353 1607 2420 1629 me-

1417 1641 1544 1673 senterii
1568 1638 1781 1672 obstructione
1805 1649 1900 1680 atque
1927 1641 2090 1681 turgentia
2117 1641 2230 1673 arteria
2245 1640 2393 1673 Coeliaca
2411 1664 2421 1679 ‚

1416 1695 1471 1716 aut
1501 1685 1618 1724 Magna
1633 1704 1641 1718 ‚
1667 1683 1843 1715 violentam
1867 1685 2011 1724 percipi,
2034 1693 2071 1717 ut
2082 1682 2203 1726 saepein
2227 1682 2422 1725 hypothon-

1415 1726 1532 1760 driacis
1546 1749 1555 1764 ‚
1580 1724 1689 1758 aliisve
1703 1749 1714 1765 ‚
1739 1724 1952 1765 pulsationem
1971 1751 1978 1758 .

1461 1782 1510 1805 20.
1536 1770 1644 1810 Qae,
1667 1771 1698 1802 &
1722 1769 1782 1800 alia
1797 1768 1845 1800 his
1871 1767 2037 1811 analogafi
2061 1769 2099 1802 ad
2122 1770 2294 1812 Virginem
2317 1779 2421 1803 trans-

1416 1814 1497 1847 feras
1520 1813 1558 1847 de
1581 1824 1643 1855 qua
1667 1812 1789 1845 dietum
1812 1811 1877 1849 est3
1910 1814 2051 1854 primurn
2083 1813 2277 1855 cognosce5‚
2301 1812 2420 1847 descri-

1416 1869 1505 1900 ptam
1529 1859 1562 1889 in
1586 1869 1620 1888 ea
1646 1853 1863 1896 pulsationem
1886 1866 1951 1888 non
1974 1856 2018 1889 ob
2051 1859 2206 1893 maciem3
2232 1867 2301 1889 etat
2333 1857 2420 1890 enim

1413 1901 1566 1943 gracilis,
1589 1910 1653 1931 non
1679 1907 1867 1935 extenuatas
1892 1910 2072 1941 perceptam
2098 1899 2179 1934 effe.
2205 1900 2332 1934 Deinde
2363 1900 2421 1934 etfi

1416 1945 1584 1986 plenitudo
1608 1951 1674 1975 erat
1701 1942 1808 1984 aliqua
1831 1943 1875 1975 ob
1900 1944 2100 1976 menstruum
2125 1943 2310 1984 sanguinem
2334 1942 2420 1978 haud

1414 1986 1597 2026 fluentem
1620 1997 1683 2019 non
1708 1988 1748 2019 ab
1772 1986 1825 2018 illa
1850 1996 1959 2018 tamen
1983 1986 2154 2020 dumtaxat
2177 1985 2294 2024 fuisse3
2318 1997 2420 2029 neque

1414 2035 1498 2065 enim
1523 2034 1556 2064 in
1581 2042 1619 2063 eo
1642 2041 1707 2062 uno
1730 2028 1838 2062 fuisset
1873 2031 1945 2063 loco
1971 2041 1981 2060 .·
2018 2041 2073 2063 nec
2098 2042 2173 2063 vero
2208 2030 2248 2063 ab
2283 2028 2419 2063 inflam-

1414 2077 1557 2108 matione
1573 2098 1584 2113 ‚
1609 2083 1659 2107 aut
1687 2083 1816 2105 tumore
1839 2074 1895 2113 qui
1921 2074 1958 2105 ad
1974 2071 2235 2114 suppurationem
2251 2084 2420 2115 vergeret,

1412 2129 1516 2161 neque
1549 2118 1678 2151 demum
1704 2117 1744 2148 ab
1778 2115 1895 2157 insigni
1924 2117 2127 2158 pariere-itis,
2150 2126 2204 2149 aut
2228 2117 2421 2151 mesaraica-

1411 2174 1481 2195 rum
1505 2161 1730 2203 glandularum
1752 2159 1972 2193 obstructione
1986 2180 1994 2194 ‚
2018 2171 2157 2201 quorum
2170 2160 2319 2194 omnium
2333 2173 2419 2194 mor-

1412 2208 1531 2239 borum
1556 2204 1642 2237 nulla
1655 2214 1741 2236 erant
1756 2202 1897 2236 indicia.
1925 2203 2102 2244 Reliquum
2129 2204 2170 2236 est
2195 2205 2297 2245 igitur
2313 2229 2320 2242 ‚
2344 2216 2419 2238 cum

1411 2249 1481 2287 hae,
1508 2249 1641 2290 aliaeque
1664 2246 1714 2280 his
1737 2246 1856 2290 similes
1868 2247 2119 2287 comprimentes
2135 2251 2233 2280 caulae
2260 2247 2396 2281 abessent
2411 2275 2420 2288 ,

1416 2302 1452 2326 ur
1477 2292 1615 2334 pulsatio
1642 2289 1714 2324 ess‘et
1740 2299 1792 2323 aut
1825 2290 1863 2323 ab
1898 2289 1956 2322 alia
1991 2289 2083 2323 causa
2118 2292 2223 2332 aliqua
2248 2313 2256 2328 ‚
2294 2302 2347 2325 aut
2379 2292 2420 2325 ab

1415 2334 1637 2378 aneurysmate
1653 2359 1660 2367 .
1688 2335 1736 2366 Ut
1761 2334 1822 2366 hoc
1847 2334 1932 2365 credi
1958 2332 2056 2375 posset
2074 2359 2082 2373 ‚
2107 2331 2245 2367 faciebat
2270 2348 2285 2369 a
2311 2337 2419 2376 primo

1414 2380 1518 2421 ampla
1545 2379 1642 2411 moles
1665 2378 1810 2419 corporis
1832 2377 2159 2424 manumimpositam
2185 2382 2418 2419 percutientis.

1413 2423 1514 2459 Quod
1540 2422 1584 2460 si,
1607 2431 1643 2455 ut
1669 2421 1860 2453 Aloertinus
1895 2421 1944 2460 (f
1967 2424 1976 2457 )
2012 2420 2137 2462 scripsit
2159 2443 2168 2457 ,
2197 2420 2319 2462 pluries
2354 2423 2420 2463 ipse

1412 2466 1570 2498 indicavit
1592 2475 1630 2498 ex
1652 2475 1684 2497 eo
1706 2464 1784 2506 quod
1804 2462 1885 2504 nafis
1910 2463 2097 2496 diametrum
2120 2473 2178 2496 non
2200 2464 2323 2498 aunam
2346 2475 2419 2506 per-

1411 2509 1551 2550 ciperet,
1574 2507 1699 2541 validas
1711 2529 1723 2546 ,
1746 2505 1928 2548 assiduasque
1952 2506 2073 2538 arteriae
2094 2506 2238 2545 coeliacae,
2263 2508 2314 2541 vel
2326 2516 2429 2548 aortee,

1411 2552 1443 2584 in
1467 2550 1626 2584 abdomine
1647 2549 1838 2595 pulsoriones
1855 2547 1950 2592 fiuffi
1971 2547 2030 2588 fine
2054 2549 2236 2582 dilatatione
2261 2576 2268 2589 ,
2305 2562 2358 2585 nec
2390 2553 2419 2584 i..

1413 2594 1496 2637 pfius
1520 2594 1669 2634 judicium
1698 2601 1823 2626 eventus
1841 2589 1984 2634 fefellit,·
2007 2592 2178 2626 videbatur
2202 2594 2255 2627 bic
2293 2607 2309 2627 e
2341 2607 2419 2628 con-

1412 2640 1533 2677 trario,
1557 2638 1709 2671 dilatatio
1743 2647 1807 2669 non
1832 2635 1955 2672 deesse,
1991 2635 2120 2677 quando
2159 2638 2313 2676 pulsantis
2344 2649 2420 2672 cor-

1414 2682 1503 2724 poris
1524 2691 1613 2714 tanta
1635 2681 1790 2714 diameter
1812 2679 2027 2713 sentiebatur.
2054 2680 2276 2713 Veruntamen
2313 2681 2420 2715 faten-
2449 2693 2457 2701 ³

1413 2726 1491 2758 dum
1516 2725 1577 2765 est,
1602 2736 1665 2758 non
1690 2735 1781 2766 aeque
1805 2722 1898 2757 facile
1921 2720 1979 2758 esse
2003 2724 2036 2754 in
2069 2723 2130 2756 hoc
2159 2724 2259 2757 altero
2293 2725 2418 2767 judicio

1414 2769 1577 2802 interdum
1602 2781 1668 2801 non
1697 2768 1790 2806 salli,
1813 2779 1887 2801 curn
1913 2765 2059 2798 videlicet
2084 2767 2184 2799 latum
2208 2780 2323 2811 corpus
2349 2781 2416 2812 quo

1414 2824 1525 2845 manus
1551 2812 1694 2854 pulsatur
1711 2833 1720 2849 ,
1744 2813 1773 2842 &
1798 2812 1932 2844 dilatata
1958 2820 2073 2848 arteria
2098 2809 2156 2843 esse
2181 2811 2299 2852 possit,
2323 2816 2418 2846 &tu-

1414 2868 1508 2892 mor‚
1532 2858 1657 2889 arteriae
1681 2853 1851 2895 impositus
1864 2854 1992 2887 minime
2012 2853 2175 2887 dilatatae.
2203 2855 2339 2889 Nam'fi
2365 2868 2420 2890 ar-

1417 2902 1496 2933 teria
1520 2899 1674 2942 grandior
1699 2901 1759 2932 fit,
1784 2901 1813 2931 &
1839 2910 1854 2931 a
1890 2899 2123 2938 comprimente
2150 2907 2275 2932 tumore
2301 2899 2337 2933 ad
2363 2911 2419 2934 ve-

1417 2943 1598 2977 hementius
1632 2942 1822 2984 pulsandum
1854 2941 1961 2974 εοειᾶει
1985 2965 1993 2979 ,
2027 2940 2111 2974 hunc
2147 2942 2251 2983 ipsum
2278 2966 2286 2980 ‚
2321 2954 2418 2986 quem

1418 2998 1482 3019 non
1514 2998 1606 3029 aequo
1643 2988 1826 3028 graviorem
1859 2985 2030 3026 ponimus,
2054 2985 2181 3017 attollet
2218 2988 2321 3020 secum
2344 3010 2352 3023 ,
2388 2990 2418 3019 δε

1417 3040 1529 3063 contra
1555 3030 1677 3063 Medici
1715 3029 1842 3071 urgebit
1878 3040 2026 3061 manum.
2053 3028 2128 3061 Hoc
2143 3031 2228 3071 quod
2251 3033 2418 3065 omnesit‘a

1418 3074 1549 3110 vident,
1573 3083 1607 3106 ut
1641 3084 1753 3114 negare
1780 3072 1871 3113 poffit
1883 3083 1995 3111 nemo,
2021 3072 2195 3112 aliquando
2220 3076 2253 3105 in
2277 3074 2353 3116 ipsis
2364 3086 2419 3108 ex-

1415 3117 1586 3150 terioribus
1630 3118 1819 3158 contingens
1851 3115 1994 3160 partibus
2029 3114 2190 3156 suspensos
2231 3117 2419 3159 Chirurgos

1415 3171 1524 3196 tenet,
1547 3161 1634 3193 velut
1660 3160 1712 3193 hic
1738 3163 1770 3191 in
1795 3160 1904 3200 puellae
1918 3157 2085 3199 cujusdam
2098 3160 2184 3192 collo
2210 3163 2339 3195 tenebat
2350 3172 2418 3194 me-

1416 3206 1537 3237 diocris
1562 3214 1671 3236 tumor
1688 3230 1695 3242 ‚
1723 3203 1799 3236 adeo
1823 3205 1997 3243 contiguus
2021 3201 2147 3235 sinistrae
2161 3207 2287 3238 arteriae
2312 3207 2419 3238 Caro-

1417 3247 1478 3280 tidi
1493 3270 1504 3286 ,
1527 3257 1561 3279 ut
1576 3247 1671 3288 hujus
1684 3269 1693 3282 ‚
1716 3257 1814 3288 quam
1831 3248 2090 3287 comprimebat,
2112 3248 2142 3277 δε
2159 3249 2332 3281 validiores
2347 3250 2417 3289 pul-

1417 3291 1554 3325 sationes
1579 3290 1735 3328 efficeret,
1759 3291 1790 3322 ὅ(
1815 3300 1887 3321 cum
1911 3288 1976 3330 ipsa
2001 3288 2160 3331 pulsaret.
2186 3292 2264 3324 Erat
2290 3302 2419 3332 tamen,

1420 3345 1454 3367 ut
1479 3334 1670 3375 diligentior
1696 3330 1904 3374 perquifitio,
1927 3335 1958 3365 &
1983 3334 2108 3374 integra
2134 3333 2256 3368 sanatio
2280 3334 2416 3368 demon-

1419 3379 1582 3415 strarunt,
1607 3387 1694 3409 totus
1718 3378 1751 3409 in
1787 3375 1911 3409 tumida
1946 3377 2117 3417 quadam,
2151 3381 2181 3410 δι
2218 3390 2293 3420 pure
2331 3381 2419 3411 intus

1417 3419 1483 3463 jam
1510 3419 1618 3460 plena,
1642 3419 1790 3462 glandula
1811 3420 1985 3462 jugulari.
2011 3439 2014 3445 r
2120 3422 2170 3454 Sic
2183 3423 2279 3455 etiam
2291 3422 2335 3455 ob
2348 3421 2420 3463 pul-

1417 3465 1574 3498 sationem
1608 3475 1679 3506 quae
1705 3463 1761 3497 sub
1785 3462 1998 3497 bronchocele
2031 3461 2303 3505 persentiebatur,
2326 3475 2419 3498 com-

2270 3509 2375 3550 plures

1849 3672 1987 3701 (a)n.3

1431 3697 1473 3729 (d
1489 3707 1498 3732 j
1515 3708 1539 3724 ιη
1557 3700 1574 3724 1.
1594 3710 1613 3730 5.
1633 3709 1655 3724 n.
1674 3709 1712 3726 ιι.
1774 3702 1810 3730 <e
1829 3701 1837 3730 )
1853 3702 1871 3726 1.
1893 3711 1914 3726 1.
1931 3706 1955 3727 S.
1974 3691 1997 3732 9:
2012 3704 2038 3728 in
2054 3704 2131 3730 Schol.
2150 3706 2176 3729 ad
2194 3706 2251 3730 Obs.
2271 3708 2306 3735 38.
