2498 4075
442 114 505 183 96

382 202 472 234 nima
501 197 732 234 concrevissent
760 201 768 230 ζ
801 196 898 231 Tunc
931 206 1007 229 vero
1029 194 1168 227 maxime
1199 193 1380 227 cavendum

382 245 423 278 cst
439 267 451 284 ,
474 256 547 277 cum
573 242 700 275 visceris
724 239 808 273 laesio
833 241 875 274 est
898 238 1113 279 adeo‘parva,
1135 247 1170 270 ut
1194 236 1286 271 facile
1311 235 1382 277 pos-

379 287 421 321 sit
444 288 555 320 oculos
578 284 712 319 secantis
734 282 894 325 effugere;
918 294 955 315 ne
978 281 1000 314 si
1032 282 1198 323 quidpiam
1231 282 1262 313 vi
1296 281 1382 322 ignis

379 332 580 367 concrescat,
606 337 671 360 non
695 338 802 360 veram
827 326 864 359 ad
888 325 1049 367 originem
1069 324 1102 357 id
1126 323 1303 357 referatur.
1329 324 1381 357 Ex

381 373 433 408 his
455 398 465 411 ,
501 383 595 414 atque
621 371 690 403 aliis
712 380 783 411 quae
816 369 965 403 consulto
996 376 1151 408 praetereo
1174 390 1183 404 ,
1219 366 1380 407 intelligas

378 417 498 455 velim,
522 426 578 449 cur
602 412 786 448 istiusmodi
801 412 1097 449 Observationum,
1120 422 1195 452 quas
1220 420 1282 442 non
1305 420 1384 442 con-

382 470 494 493 temno
518 481 528 496 ,
561 458 611 491 sed
644 454 820 489 cautiffima
854 455 1023 495 diligentia
1057 452 1183 487 habitas
1217 454 1348 495 requiro
1369 475 1382 492 ,

379 514 500 544 magno
528 511 662 534 numero
686 497 847 532 Valsalvae
871 509 951 538 opus
974 494 1065 532 fuisse
1089 519 1101 536 ‚
1123 497 1261 529 dixerim
1288 520 1298 535 ,
1322 505 1379 533 ut,

377 546 411 578 in
435 545 552 587 quibus
576 542 702 576 fallacia
726 543 831 582 aliqua
857 540 972 576 subesse
996 539 1117 581 posset,
1144 541 1183 571 iis
1206 539 1380 581 negleffis,

380 597 509 621 caeteras
533 596 732 630 comparatas
755 595 828 617 cum
851 584 1009 617 similibus
1032 585 1065 616 in
1089 582 1222 624 lympha
1248 605 1256 619 ‚
1293 585 1324 616 &
1346 583 1379 615 in

376 630 447 664 sero
474 633 632 672 sanguinis
655 628 881 670 experimentis
896 652 905 666 ‚
930 628 966 660 ad
991 638 1042 659 eos
1066 625 1162 664 fines,
1185 627 1379 668 quicumque

357 674 431 718 'illi
455 673 551 708 essent
577 699 586 712 ‚
621 684 701 715 quos
736 671 795 706 fibi
820 670 1032 713 proposuerat
1055 691 1064 706 ,
1100 670 1224 703 utiliter
1248 669 1379 702 adhibe-

375 727 426 753 ret
449 743 457 749 .
483 717 536 750 Ad
559 715 715 758 ejusmodi
739 716 1017 756 comparationem
1041 711 1191 746 hortatur
1215 713 1269 745 Cl.
1297 711 1379 746 Phil.

376 760 464 807 IJrid.
491 760 661 794 Gmelinus
685 762 695 796 (
720 757 783 796 h),
808 757 864 791 ubi
890 758 940 790 sua
962 758 995 789 in
1021 758 1123 791 tenaci
1149 754 1299 789 Asciticae
1322 767 1377 789 cu—

378 803 504 845 jusdam
528 815 607 845 aqua
634 802 787 843 proponit
809 802 1026 840 experimenta
1050 825 1057 833 .
1095 799 1172 832 Alia
1195 799 1277 840 leges
1299 821 1309 836 ‚
1344 800 1376 832 in

375 847 510 880 humore
532 857 627 887 quem
643 843 765 885 saccati
788 843 944 885 hydropis
969 842 1110 876 vesicuiae
1133 843 1344 876 continebant
1365 865 1375 880 ‚

375 888 487 923 habita
521 901 536 921 a
571 889 623 921 Cl.
654 887 712 930 Jo.
736 885 926 929 Chrilioph.
967 886 1085 920 Pohlio
1118 887 1197 928 (i)
1223 911 1231 918 .
1265 887 1376 919 Minus

373 932 571 973 multiplicia
597 954 606 969 ,
639 932 760 973 quippe
795 931 1026 973 evaporatione
1059 930 1225 964 dumtaxat
1250 929 1385 963 adhibi:

372 985 405 1009 ta
429 1001 437 1015 ‚
473 975 568 1011 habet
601 974 654 1007 111.
694 975 842 1007 Senacius
878 974 998 1017 (le).
1037 974 1211 1007 Peculiaria
1245 975 1376 1015 reperies

371 1018 520 1069 quaedam
546 1041 556 1057 ‚
591 1017 746 1053 nimirum
781 1017 818 1051 ad
854 1019 993 1052 laeteum
1025 1016 1206 1059 hydropem
1239 1017 1380 1049 attinen-

374 1072 444 1102 tia,
467 1073 576 1096 ortum
600 1059 732 1105 quidem
757 1086 767 1102 ,
801 1071 837 1096 ut
864 1062 1013 1098 videtur,
1036 1072 1100 1095 non
1123 1072 1163 1093 ex
1185 1060 1284 1102 chylo
1308 1070 1379 1093 tan-

372 1115 443 1141 tum
467 1118 483 1138 e
506 1105 663 1146 disruptis
686 1105 857 1150 chyliferis
891 1105 1026 1139 vasculis
1058 1103 1158 1137 effuso
1182 1128 1191 1142 ,
1225 1103 1378 1146 quemad-

371 1149 507 1183 modum
533 1150 566 1181 in
591 1149 704 1183 Littrii
742 1149 788 1193 (l
813 1154 822 1188 )
857 1149 1097 1184 Observatione
1121 1169 1130 1184 ‚
1167 1146 1218 1180 sed
1252 1158 1289 1179 ex
1318 1146 1377 1179 illo

370 1204 443 1242 cum
469 1194 569 1226 multa
594 1196 761 1228 communi
787 1194 923 1227 asciticis
946 1203 1026 1234 aqua
1051 1189 1147 1223 misto
1170 1212 1178 1227 ‚
1206 1191 1341 1231 reperies
1367 1215 1375 1230 ,

370 1246 506 1277 mquam
534 1262 543 1276 ‚
576 1238 608 1271 in
634 1237 779 1270 Historia
820 1237 929 1278 Regiae
954 1236 1168 1268 Scientiarum
1191 1234 1375 1267 Academiae

373 1279 557 1312 Parisienfis
582 1281 701 1322 (υἱ).
728 1281 848 1320 Qales
872 1289 978 1313 autem
1004 1278 1190 1320 plerumque
1215 1279 1277 1310 sint
1302 1277 1377 1310 edu-

373 1322 433 1369 ἷζε
458 1335 496 1356 ex
520 1323 713 1366 hydropicis
738 1335 828 1366 aquae
853 1346 865 1363 ,
897 1325 927 1354 δε
951 1332 1047 1364 quarn
1073 1322 1170 1353 variae
1197 1344 1209 1361 ,
1238 1322 1312 1354 alias
1345 1323 1378 1352 in

369 1365 512 1408 eiusdem
537 1369 724 1402 Academiae
749 1366 1002 1400 Commentariis
1025 1369 1039 1405 (
1061 1375 1080 1397 n
1103 1367 1117 1403 )
1137 1363 1249 1397 docuit
1272 1363 1380 1406 junior

369 1409 544 1454 Verneyus
570 1412 746 1454 simplicius
770 1420 855 1444 certe
878 1435 887 1450 ‚
925 1410 1047 1451 quippe
1083 1407 1170 1440 nulla
1193 1407 1301 1440 addita
1326 1419 1382 1439 ex-

369 1463 460 1489 term
483 1467 569 1499 ope,
594 1456 732 1489 sensibus
754 1454 921 1487 dumtaxat
946 1451 1066 1488 fretus,
1092 1450 1139 1484 sed
1166 1451 1271 1484 multo
1292 1461 1381 1483 com·

369 1500 519 1536 modi-us,
542 1502 573 1532 δε
598 1499 635 1533 ad
659 1496 846 1541 prognosim
870 1498 1012 1531 utilitate
1036 1495 1133 1529 latius
1158 1504 1305 1537 patente.

416 1556 446 1583 9.
480 1543 605 1576 Verum
638 1553 677 1575 ne
700 1540 829 1575 Vetulae
862 1539 953 1582 cuius
988 1536 1151 1581 proposita
1185 1537 1312 1570 historia
1338 1536 1379 1570 cst

369 1590 384 1627 (
408 1589 460 1627 ο)
484 1609 495 1625 ,
517 1586 613 1622 obliti
637 1583 695 1619 esse
720 1586 885 1620 videamur
906 1596 918 1623 ,·
953 1583 973 1616 si
1001 1580 1084 1615 hanc
1117 1593 1193 1615 cum
1216 1581 1270 1614 illa
1304 1593 1375 1623 quae

371 1632 518 1675 proxime
543 1629 693 1672 praecedit
720 1655 729 1669 ‚
765 1630 906 1671 gibberae
929 1626 1061 1661 historia
1094 1624 1147 1667 (p
1168 1629 1182 1665 >
1202 1647 1215 1663 ,
1249 1627 1279 1657 &
1302 1635 1377 1658 cum

370 1676 474 1716 prima
500 1674 560 1706 viri
599 1678 607 1711 (
633 1683 650 1714 q
675 1676 686 1710 J
720 1672 952 1711 comparaveris
975 1684 985 1707 ·‚
1027 1669 1192 1710 intelliges
1217 1690 1229 1707 ,
1262 1669 1377 1701 vetulae

370 1718 560 1751 decubitum
597 1716 682 1750 haud
718 1716 818 1748 alium
855 1713 947 1747 fuisse
981 1725 1014 1746 ac
1039 1723 1135 1754 quem
1170 1710 1311 1745 thoracis
1335 1712 1381 1743 la-

371 1770 424 1796 tus
447 1764 549 1802 magis
573 1761 723 1794 laborans
758 1760 939 1801 requirebat
964 1782 971 1789 .
1105 1756 1155 1788 De
1185 1754 1236 1787 siti
1273 1764 1380 1787 autem

370 1815 445 1837 ante
470 1814 609 1838 mortem
634 1801 758 1837 remissa
783 1804 816 1835 in
840 1804 911 1834 viro
934 1823 948 1841 ,
984 1798 1106 1832 sublata
1141 1799 1173 1831 in
1207 1797 1313 1831 vetula
1337 1796 1378 1830 sic

370 1846 499 1881 fortasse
525 1849 645 1890 poteris
669 1847 853 1880 existimare
880 1870 890 1885 ‚
924 1843 1012 1886 quod
1047 1852 1101 1876 aut
1137 1840 1292 1875 sentiendi
1331 1842 1379 1873 vis

371 1903 472 1935 prope
504 1893 636 1925 obitum
668 1891 734 1933 jam
768 1889 950 1923 hebesceret
973 1909 986 1926 ‚
1029 1896 1084 1919 aut
1129 1883 1267 1917 distento
1313 1883 1379 1926 jam

371 1946 483 1969 ventre
518 1937 605 1979 quod
643 1934 789 1968 humoris
821 1935 854 1965 in
887 1930 1040 1973 sanguine
1071 1929 1232 1970 supererat
1256 1950 1265 1965 ,
1314 1926 1380 1968 ejus

371 1990 443 2023 pars
479 1979 516 2013 ad
548 1978 654 2012 fauces
688 1975 941 2011 madefaciendas
974 1983 1050 2007 tunc
1083 1973 1143 2006 iret
1164 1993 1174 2008 ,
1208 1970 1381 2004 catarrhali

375 2024 510 2057 materia
535 2034 632 2066 quarn
657 2022 763 2054 vetula
785 2018 960 2061 exspuebat
985 2039 994 2054 ‚
1019 2015 1050 2049 id
1075 2015 1241 2049 indicante
1265 2039 1273 2046 .

372 2078 437 2108 que
462 2069 547 2100 enim
571 2063 689 2099 necesse
712 2065 754 2099 cst
778 2089 787 2103 ‚
820 2073 855 2096 ut
879 2064 912 2095 in
935 2059 1126 2103 hydropicis
1156 2057 1309 2092 omnibus
1335 2057 1379 2089 se-

371 2110 445 2144 rum
484 2111 646 2153 sanguinis
689 2108 725 2142 ad
766 2106 853 2140 sitim
895 2103 1070 2139 tollendam
1114 2104 1259 2143 ineptum
1304 2098 1342 2132 sit
1366 2122 1375 2139 ‚

372 2154 405 2188 id
431 2154 472 2187 est
508 2155 619 2188 muriae
651 2153 691 2185 fit
716 2174 725 2189 ,
763 2159 799 2183 ut
830 2149 996 2183 interdum
1030 2146 1070 2180 ab
1115 2144 1278 2179 nonnullis
1321 2155 1378 2186 gu-

371 2198 483 2233 stando
528 2206 716 2241 perceptum
761 2193 805 2228 est
827 2213 839 2231 ,
870 2193 974 2227 multo
1018 2189 1151 2225 similius
1173 2214 1184 2231 ,
1219 2197 1317 2231 quam
1342 2200 1377 2221 a-

372 2253 444 2284 quae
470 2265 477 2273 .

422 2296 472 2320 10.
495 2284 626 2318 VIRI
651 2282 889 2327 quinquaginta
913 2291 1012 2314 annos
1036 2277 1103 2312 nati
1129 2301 1138 2316 ‚
1171 2277 1227 2318 qui
1251 2274 1381 2308 univer-

374 2329 430 2365 sali
459 2328 606 2371 hydrope
628 2328 832 2362 laboraverat
856 2348 868 2366 ‚
1005 2320 1253 2356 VENTER
1279 2343 1289 2359 ‚
1323 2318 1379 2352 etsi

375 2373 465 2407 nulla
490 2374 630 2411 exterius
653 2371 822 2413 apparebat
837 2368 956 2404 sensio,
981 2378 1060 2410 aqua
1075 2374 1142 2398 erat
1154 2364 1265 2405 plenus
1280 2387 1288 2395 .
1311 2362 1380 2395 He-

376 2428 433 2459 par
466 2417 586 2449 coloris
610 2416 706 2449 atri,
739 2415 802 2446 lien
838 2412 1039 2452 aliquantum
1075 2408 1187 2441 austus
1209 2430 1217 2443 ‚
1255 2405 1380 2446 reliqua

377 2461 503 2493 ventris
525 2458 644 2492 viscera
669 2457 739 2490 sana
754 2464 863 2488 erant.
888 2453 1045 2495 Lymphae
1058 2451 1174 2484 duetus
1198 2447 1286 2481 valde
1310 2457 1381 2481 tur-

377 2503 497 2546 gebant
524 2513 531 2533 .-
556 2506 586 2535 ὄι
610 2513 682 2534 cum
709 2500 817 2533 multae
841 2496 938 2531 essent
964 2495 1125 2538 glandulae
1156 2490 1242 2525 infra
1267 2492 1381 2525 Emul-

380 2549 488 2590 gentia
515 2545 585 2579 vasa
608 2545 701 2588 juxta
734 2552 845 2576 venam
871 2541 996 2572 Cavam
1019 2560 1031 2578 ‚
1068 2541 1100 2571 &
1132 2537 1281 2569 arteriam
1307 2536 1383 2568 Ma-

377 2602 473 2632 gnam
499 2588 715 2629 circumjefiae
743 2609 754 2624 ,
785 2586 810 2618 ii
833 2583 946 2617 duetus
969 2593 1007 2615 cx
1043 2580 1236 2614 mesenterio
1268 2578 1306 2612 ad
1326 2578 1384 2611 has

378 2633 568 2676 glandulas,
589 2645 628 2666 ex
650 2631 701 2666 his
725 2631 758 2663 in
784 2627 1005 2661 Thoraticurn
1030 2624 1163 2657 du&um
1187 2621 1385 2656 ferebantur.

508 2679 545 2710 In
570 2675 721 2709 Thorace
747 2682 863 2715 aqueus
886 2668 1004 2704 humor
1030 2682 1038 2699 τ
1076 2666 1303 2710 pulmonesque
1336 2667 1387 2698 ni-

378 2722 445 2765 gris
469 2720 603 2755 maculis
650 2717 808 2760 variegati
833 2739 842 2749 .
876 2711 1096 2747 l'ericardium
1129 2709 1276 2752 hydrope
1310 2721 1386 2751 pro-

378 2769 454 2809 prio
477 2765 575 2807 usque
600 2763 678 2797 adeo
704 2772 770 2795 erat
804 2756 979 2801 expansum
1003 2778 1012 2793 ‚
1046 2764 1084 2788 ut
1109 2765 1177 2787 aere
1213 2752 1383 2786 distentam

380 2810 556 2842 urinariarn
590 2807 682 2840 bovis
717 2805 850 2838 vesicam
885 2798 1107 2843 magnitudine
1148 2796 1353 2830 aemularetur
1376 2820 1383 2827 .

379 2852 432 2885 Ut
457 2853 567 2885 omnia
592 2849 689 2893 hujus
711 2851 858 2891 corporis
883 2845 954 2891 vasa
982 2842 1193 2886 proportione
1217 2851 1331 2888 magua
1354 2851 1386 2871 e-

381 2905 456 2928 rant
479 2918 492 2935 ‚
519 2895 560 2928 sic
583 2897 614 2926 δι
639 2904 694 2925 cor
718 2902 872 2933 magnum
895 2901 909 2931 ;
931 2886 1053 2922 sinislra
1077 2893 1182 2918 autem
1210 2894 1275 2925 ejus
1300 2884 1385 2930 auri-

380 2939 451 2971 cula
476 2939 522 2972 ita
547 2946 615 2970 erat
639 2936 771 2969 dilatata
796 2959 806 2974 ‚
842 2943 879 2967 ut
910 2930 1121 2966 dimidiatum
1147 2938 1203 2960 cor
1226 2927 1310 2970 quasi
1345 2937 1385 2958 ae-

566 2982 635 3012 Cor
671 2991 747 3011 vero
781 2978 971 3012 exteriorem
1007 2972 1227 3007 membranam
1265 2982 1281 3002 a
1313 2969 1386 3001 sini-

407 2990 495 3015 uaret
523 3007 529 3012 .

380 2993 451 3058 iqiris
485 3022 602 3058 erosaiu
625 3046 634 3060 ,
670 3021 741 3055 vasa
766 3019 998 3055 intorfionibns
1037 3013 1186 3051 varicosis
1218 3011 1385 3055 spectanda

380 3068 520 3102 habebat
545 3081 554 3100 :
581 3068 615 3099 in
641 3066 829 3099 ventriculis
855 3073 960 3097 autem
986 3061 1172 3104 sanguinem
1195 3057 1384 3091 continebat

381 3110 524 3146 fluidum
561 3110 625 3144 sine
658 3110 726 3143 ullo
757 3109 978 3141 concretionis
1011 3105 1158 3138 indicio;

434 3167 479 3188 ir.
507 3154 642 3189 Creditu
667 3151 796 3186 difficile
822 3151 882 3187 eli,
908 3150 1089 3182 Valsalvam
1114 3169 1123 3185 ,
1149 3156 1223 3179 curn
1246 3143 1385 3187 pericar-

382 3198 474 3233 dium
499 3201 596 3241 usque
620 3197 696 3229 adeo
722 3206 802 3236 aqua
825 3194 995 3227 distentum
1020 3214 1028 3229 ‚
1064 3189 1243 3225 auriculam
1278 3196 1385 3220 autem

383 3242 540 3276 sinisiram
565 3244 610 3274 ita
635 3240 864 3282 amplificatam
888 3234 1052 3270 invenisset
1077 3258 1086 3272 ,
1111 3244 1145 3267 ur.
1169 3233 1243 3266 hinc
1269 3228 1385 3279 sortas-

388 3286 418 3318 se
441 3309 452 3326 ,
484 3284 757 3328 quemadmodum
783 3281 965 3315 retardatus
989 3281 1109 3321 ubique
1133 3278 1292 3316 sanguinis
1315 3284 1385 3306 mo-

384 3339 434 3362 tus
460 3349 468 3363 ς
494 3331 533 3362 sic
558 3326 743 3362 universalis
768 3324 909 3367 hydrops
934 3334 1046 3363 magna
1071 3333 1108 3354 ex
1134 3329 1221 3363 parte
1245 3316 1282 3349 sit
1307 3327 1385 3349 con-

384 3372 508 3406 secutus
532 3386 541 3410 5
565 3373 691 3404 creditu
717 3395 725 3410 ‚
750 3371 881 3411 inquam
906 3391 919 3408 ,
942 3365 1074 3399 difficile
1097 3364 1139 3397 est
1165 3385 1173 3400 ‚
1212 3372 1273 3393 nun
1297 3371 1385 3401 quae-

385 3414 486 3449 sivisse
521 3417 693 3458 diligenter
726 3413 837 3446 omnia
870 3413 908 3446 de
940 3411 1058 3453 quibus
1081 3419 1163 3450 aeger
1195 3404 1385 3446 conquestus

1310 2014 1381 2047 Ne·
1392 2016 1403 2020 i

1018 112 1174 167 Liber
1206 111 1291 164 ΙΙΙ.
1331 111 1409 164 De
1442 108 1648 163 Morbis
1674 106 1885 162 Ventris

1430 190 1505 224 esset
1529 213 1542 230 ‚
1574 196 1628 221 aut
1650 186 1671 220 si
1696 187 1855 229 peculiare
1877 185 1957 230 quid
1992 184 2159 220 audivisset
2181 209 2194 226 ,
2227 197 2290 222 non
2327 189 2427 224 adno-

1430 233 1505 266 tasse
1528 258 1537 265 .
1561 230 1661 272 Qod
1685 240 1791 264 tamen
1815 231 1853 264 ad
1877 231 2045 273 pericardii
2068 228 2248 272 hydropem
2272 237 2394 269 attinet
2417 257 2428 272 ‚

1433 287 1506 310 cum
1530 274 1652 308 Vetula
1674 285 1804 317 quoque
1827 274 1866 307 de
1888 285 1950 314 qua
1974 273 2067 314 supra
2089 276 2149 311 (r)
2173 275 2315 310 diximus
2339 300 2349 316 ,
2371 289 2430 320 pe-

1434 318 1608 353 ricardium
1633 329 1714 359 aqua
1740 316 1869 351 haberet
1894 317 1984 350 valde
2007 317 2178 350 dilatatum
2198 339 2207 353 ‚
2242 320 2349 353 videre
2372 332 2428 361 po.

1434 363 1527 396 tuisti
1552 364 1635 394 inter
1658 361 1745 402 signa
1768 372 1839 403 quae
1863 361 1896 392 in
1922 370 1956 393 ea
1980 357 2116 392 historia
2141 359 2213 392 sunt
2237 362 2392 397 recensita
2417 387 2428 403 ‚

1435 417 1513 439 num
1536 405 1636 438 ullum
1659 403 1734 437 esset
1757 404 1926 445 pericardii
1961 405 2070 445 potius
2105 401 2261 444 hydropis
2286 427 2297 443 ‚
2329 416 2428 449 quam

1433 460 1627 483 caeterorum
1649 458 1720 489 quae
1746 456 1857 488 praeter
1880 456 2026 480 naturam
2051 445 2144 479 simul
2170 448 2298 481 inventa
2320 449 2393 484 sunt
2418 474 2428 489 ‚

1433 493 1590 534 peculiare
1615 515 1623 523 .
1666 491 1846 524 Decubitus
1878 501 1961 523 certe
1993 500 2094 530 neque
2139 498 2229 522 antea
2271 491 2428 526 difficilli-

1432 547 1502 570 mus
1524 559 1534 574 ,
1559 547 1615 568 nec
1639 544 1785 567 extremo
1808 543 1953 575 tempore
1975 531 2161 566 necessarius
2184 554 2194 569 ‚
2227 544 2284 568 nec
2307 533 2426 571 humili

1431 581 1536 621 capite
1559 575 1650 614 fuisse
1673 577 1795 610 dicitur
1819 589 1827 610 :
1857 588 1928 618 quae
1960 587 2035 610 curn
2059 576 2099 609 iis
2120 574 2264 610 conferes
2286 589 2427 619 quorum

1431 636 1447 656 a
1472 622 1564 656 nobis
1588 622 1636 655 ibi
1660 623 1781 654 mentio
1804 618 1886 653 facita
1911 620 1953 653 est
1978 620 2034 652 ubi
2055 619 2144 653 illius
2176 617 2334 662 hydropis
2366 624 2428 658 alia

1433 667 1473 699 ab
1496 667 1565 698 aliis
1598 663 1762 707 proposita
1796 664 1883 705 signa
1909 675 1967 704 pro
1991 664 2058 696 veri
2098 662 2204 696 studio
2226 666 2429 700 examinavi-

1432 721 1501 743 mus
1523 708 1604 752 (s)
1630 732 1637 739 .
1673 708 1724 740 Ne
1748 717 1824 738 vero
1847 718 1886 739 ex
1909 708 2078 748 proxima,
2103 717 2199 748 quarn
2227 707 2392 749 subjiciam
2417 734 2429 749 ‚

1430 752 1666 786 Observatione
1689 748 1838 792 suspicari
1863 751 2018 791 incipias,
2039 749 2106 792 ejus
2122 749 2278 790 peculiare
2302 750 2427 794 signum

1429 795 1488 830 esse
1511 795 1618 838 supini
1640 793 1812 827 decubitus
1834 793 2044 827 neceffitatem
2068 815 2080 832 ,
2111 804 2185 827 cum
2209 803 2261 827 tot
2284 795 2353 828 aliae
2377 795 2425 828 fa-

1428 840 1518 874 ciunt
1541 841 1574 872 in
1597 837 1715 881 quibus
1739 836 1819 870 alter
1841 836 1904 870 sine
1927 837 2029 870 altero
2052 835 2115 869 fuit
2138 861 2147 876 ,
2171 847 2240 870 tum
2263 838 2319 872 illa
2343 850 2425 881 prae-

1425 884 1536 918 sertim
1561 882 1656 916 faciet
1679 891 1750 923 quae
1774 881 1954 920 proximam
1977 881 2136 913 continuo
2160 878 2329 922 sequetur.

1474 937 1521 960 12.
1545 927 1576 959 A
1593 925 1626 957 N
1641 925 1674 957 U
1691 925 1709 956 S
1728 922 1936 968 *septuaginta
1960 934 2117 956 annorum
2138 923 2268 957 difficile
2291 923 2427 968 respira-

1429 971 1484 1006 bat
1510 993 1518 1007 ,
1554 969 1693 1002 multum
1717 966 1842 999 sitiebat
1865 989 1875 1005 ,
1911 966 1988 999 sicca
2011 966 2080 999 tulli
2114 968 2292 1003 vexabatur
2317 993 2326 1008 ‚
2361 980 2425 1002 non

1430 1012 1488 1047 nisi
1513 1015 1546 1046 in
1583 1011 1712 1046 dorsum
1735 1009 1852 1044 cubare
1877 1009 2002 1052 poterat
2025 1035 2034 1042 .
2065 1010 2152 1042 Cum
2177 1009 2243 1044 haec
2275 1011 2332 1045 diu
2355 1023 2428 1053 per-

1430 1055 1623 1093 durassent,
1667 1062 1890 1095 tumerentque
1924 1052 2015 1095 pedes
2047 1052 2240 1090 oedemate3
2287 1065 2426 1089 mortem

1430 1101 1517 1133 obiit
1542 1125 1549 1132 .
1680 1098 1799 1130 VEN
1817 1097 1889 1129 TE
1904 1097 1932 1130 R
1957 1100 2036 1138 aqua
2061 1097 2169 1138 plenus
2191 1108 2259 1131 erat
2285 1121 2291 1128 .
2326 1099 2428 1134 Lym-

1430 1143 1503 1187 phae
1523 1141 1636 1177 duetus
1660 1142 1744 1175 circa
1769 1141 1920 1173 arteriam
1944 1140 2098 1182 Magnam
2132 1151 2194 1182 qua
2217 1135 2427 1182 Emulgehtes

1429 1187 1552 1230 promit
1578 1211 1588 1225 ‚
1621 1185 1792 1225 turgebant
1818 1195 1828 1219 3
1859 1184 1892 1215 in
1919 1182 2128 1220 mesenterio,
2152 1193 2246 1225 atque
2270 1178 2347 1218 alibi
2371 1189 2428 1221 vix

1428 1229 1645 1273 apparebant.
1668 1229 1773 1261 Renes
1797 1227 1912 1269 parvi,
1936 1237 1995 1259 nec
2018 1224 2081 1259 fine
2104 1226 2338 1269 hydatidibus.

1429 1275 1468 1307 In
1493 1274 1644 1307 Thorace
1668 1272 1834 1313 pulmones
1860 1269 1925 1303 sani
1949 1281 1959 1303 ε
1984 1272 2014 1301 ἃς
2039 1270 2208 1304 mediocris
2231 1272 2291 1305 seri
2313 1274 2428 1316 copia.

1430 1318 1506 1351 Hoc
1542 1326 1645 1350 autem
1668 1316 1798 1357 plenum
1820 1324 1888 1349 erat
1924 1310 2137 1356 pericardium
2161 1326 2172 1344 .-
2206 1316 2240 1348 in
2270 1327 2338 1357 quo
2372 1328 2429 1351 cor

1430 1360 1533 1403 duplo
1566 1358 1666 1400 majus
1698 1368 1795 1400 quarn
1832 1357 2006 1391 secundum
2044 1367 2189 1390 naturam
2211 1380 2221 1396 ,
2253 1357 2428 1395 flaccidam

1431 1404 1668 1439 concretionem
1692 1401 1881 1444 polyposam
1905 1400 2093 1434 continebat
2118 1413 2127 1432 :
2150 1403 2299 1436 auriculae
2323 1414 2430 1439 autem

1432 1448 1617 1491 sanguinem
1632 1469 1640 1484 ‚
1668 1459 1683 1479 a
1706 1456 1773 1487 quo
1796 1444 1887 1479 valde
1911 1444 2083 1486 turgebant
2106 1468 2114 1476 .
2148 1446 2314 1480 Caeterum
2336 1458 2430 1483 natu-

1429 1492 1526 1525 ralem
1552 1490 1678 1532 sanguis
1701 1488 1841 1522 fluorem
1866 1511 1875 1526 ‚
1906 1488 2113 1529 coloremque
2135 1489 2169 1522 in
2192 1486 2255 1523 hoc
2279 1490 2430 1526 cadavere

1430 1534 1593 1568 servabat.

1476 1588 1526 1621 13.
1550 1577 1740 1611 SENEX
1764 1586 1921 1610 annorum
1945 1562 2085 1609 totidem
2106 1597 2118 1613 ,
2148 1575 2266 1620 pedum
2288 1578 2431 1613 cedema-

1429 1631 1461 1655 te
1486 1644 1495 1658 ‚
1529 1631 1647 1669 magna
1672 1621 1725 1653 siti
1750 1646 1760 1659 ‚
1794 1622 1824 1653 &
1847 1619 1918 1653 tulli
1952 1619 2128 1662 corripitur
2162 1619 2240 1654 adeo
2263 1621 2429 1657 interdurn

1429 1665 1621 1701 dolorihca‚
1645 1662 1891 1702 &vehementi‚
1914 1673 1948 1696 ut
1962 1661 2108 1695 suffocari
2121 1663 2288 1698 videatur.
2314 1667 2432 1700 Catar-

1429 1708 1550 1742 rhalem
1575 1707 1742 1740 materiam
1766 1706 1891 1748 exspuit
1918 1718 1927 1735 .-
1948 1704 2081 1738 difficile
2104 1706 2236 1748 respirat
2261 1721 2269 1741 ι
2301 1708 2434 1744 decum—

1430 1752 1503 1784 bere
1527 1772 1536 1788 ‚
1560 1752 1621 1785 nisi
1645 1749 1797 1791 supinus,
1823 1761 1893 1782 non.
1912 1746 2013 1790 potest
2037 1762 2047 1782 .-
2080 1747 2200 1783 humili
2224 1775 2235 1789 ,
2266 1753 2296 1784 δι
2328 1753 2429 1788 debili

1429 1795 1474 1828 est
1497 1795 1586 1836 pulsu
1611 1819 1617 1825 .
1651 1793 1797 1826 Moritur
1823 1817 1830 1825 .
1966 1791 2026 1823 IN
2054 1792 2304 1828 VENTRE
2349 1809 2431 1832 anua

1430 1838 1595 1879 stagnabat
1621 1849 1629 1869 ε
1653 1838 1683 1868 &
1709 1835 1848 1878 lymphae
1870 1834 1984 1870 duetus
2007 1835 2043 1868 ad
2068 1835 2316 1878 Emulgentium
2340 1835 2433 1873 vaso-

1429 1893 1501 1916 rum
1531 1880 1722 1915 divisionem
1760 1880 1839 1912 adeo
1863 1880 2031 1912 tumebant
2054 1900 2064 1917 ‚
2100 1888 2135 1911 ut
2169 1889 2232 1914 tres
2253 1880 2434 1923 quatuorie

1432 1936 1542 1958 eorum
1566 1946 1578 1963 ,
1601 1922 1717 1964 finguli
1743 1922 1892 1956 anserinae
1917 1933 2028 1964 pennae
2053 1922 2291 1957 craffitudinem
2325 1939 2435 1969 aequa-

1433 1978 1504 2001 rent
1530 1994 1537 2001 .
1561 1967 1646 2001 Lien
1671 1966 1867 2009 praegrandis
1890 1987 1900 2003 ‚
1924 1966 2067 1999 exterius
2088 1967 2241 2000 nonnulla
2264 1970 2435 2012 corpuscu-

1432 2012 1461 2044 la
1484 2010 1668 2045 ostendebat
1692 2020 1866 2051 granorum
1890 2010 1975 2043 milii
2007 2010 2106 2043 instar
2130 2034 2137 2041 .
2273 2013 2311 2045 In
2336 2013 2434 2047 Tho-

1433 2066 1505 2087 rate
1529 2054 1641 2096 pulmo
1665 2063 1799 2096 uterque
1822 2053 1859 2085 ad
1885 2051 2013 2086 dorsum
2036 2076 2049 2092 ,
2073 2053 2111 2086 ad
2134 2053 2231 2088 latera
2256 2081 2265 2095 ,
2297 2055 2335 2089 ad
2359 2058 2434 2091 ster-

1433 2109 1510 2131 num
1535 2096 1735 2135 adhaerebat,
1761 2095 1941 2130 interstitiis
1965 2099 2050 2130 inter
2074 2096 2125 2134 se,
2154 2098 2359 2142 pleuramque
2383 2112 2434 2134 re-

1433 2142 1551 2180 lictis„
1581 2151 1697 2183 aquam
1718 2140 1997 2174 continentibus.
2033 2141 2158 2173 Contra
2183 2141 2216 2174 in
2251 2144 2434 2185 pericardio

1430 2186 1516 2218 nihil
1539 2186 1685 2219 humoris
1709 2196 1715 2214 :
1741 2186 1772 2216 &
1796 2183 1899 2227 ipsum
1934 2195 1986 2224 per
2010 2181 2106 2216 fibras
2131 2186 2246 2219 multas
2273 2189 2432 2221 membra-

1429 2240 1540 2262 naceas
1564 2227 1654 2262 cordi
1680 2226 1709 2260 se
1733 2228 1897 2260 annectere
1921 2226 1985 2268 jam
2009 2228 2185 2269 incipiebat
2209 2253 2218 2261 .
2252 2230 2290 2263 In
2318 2230 2433 2264 cordis

1432 2272 1622 2305 ventriculis
1645 2281 1812 2304 concretus
1835 2270 1961 2312 sanguis
1984 2292 1997 2309 ,
2029 2273 2060 2302 a&
2084 2273 2116 2303 in
2140 2273 2280 2306 auricula
2303 2286 2434 2316 duoque

1430 2316 1579 2353 dextera,
1605 2316 1639 2347 in
1661 2325 1724 2356 qua
1749 2315 1854 2356 primo
1878 2314 2003 2355 aspeftu
2023 2314 2176 2355 placentae
2200 2309 2340 2351 uterinae.
2358 2329 2435 2360 por.-

1432 2361 1555 2393 tionem
1579 2356 1756 2391 referebat.
1782 2358 1821 2390 ln
1845 2356 1968 2391 sinistro
1981 2358 2163 2393 ventriculo
2188 2360 2342 2404 polyposa
2354 2372 2435 2395 con-

1433 2404 1559 2438 cretio,
1585 2402 1623 2434 ab
1645 2402 1738 2435 omni
1764 2409 1853 2443 parte
1877 2400 2016 2443 separata
2032 2425 2039 2433 .

1479 2456 1528 2488 14.
1552 2445 1652 2478 Vides
1671 2445 1777 2487 igitur
1800 2453 1938 2487 utraque
1960 2444 2020 2478 hac
2044 2446 2159 2479 collata
2182 2446 2434 2489 Observatione‚

1434 2502 1508 2524 cum
1532 2486 1661 2531 supinus
1695 2487 1864 2521 decubitus
1900 2488 2074 2531 utrobique
2106 2489 2180 2523 esset
2212 2491 2398 2525 necessarius
2421 2515 2434 2533 ,

1435 2545 1500 2567 non
1524 2531 1698 2573 utrobique
1722 2532 1936 2573 pericardium
1960 2530 2028 2564 sero
2051 2532 2181 2575 plenum
2204 2533 2296 2568 fuisse
2322 2561 2333 2575 ‚
2365 2537 2435 2569 imo

1435 2579 1469 2610 in
1492 2576 1570 2610 Sene
1594 2573 1739 2609 humoris
1763 2573 1844 2607 nihil
1878 2574 2019 2608 habuisse
2044 2598 2050 2606 .
2086 2575 2188 2614 Qod
2221 2579 2245 2611 fi
2278 2580 2434 2612 viscerum

1435 2623 1522 2654 inter
1546 2617 1575 2653 se
1599 2628 1763 2660 compares
1794 2617 1873 2650 vitia
1897 2629 1908 2658 ,-
1942 2619 2050 2660 gravia
2081 2619 2211 2661 quidem
2236 2624 2371 2663 reperies
2401 2624 2436 2656 in

1437 2674 1576 2705 utroque
1601 2674 1610 2701 ς
1634 2661 1685 2695 sed
1709 2672 1773 2697 non
1795 2661 1925 2696 eadem.
1952 2660 2022 2694 Nec
2046 2660 2213 2703 sanguinis,
2229 2667 2358 2707 utrique
2382 2677 2437 2701 ea-

1436 2708 1507 2741 dem
1518 2706 1736 2743 constitutio5
1759 2706 1848 2744 imo,
1871 2704 1957 2747 quod
1971 2704 2004 2737 in
2025 2704 2240 2747 superioribus
2253 2711 2349 2743 etiam
2374 2708 2437 2746 hv-

1441 2750 1585 2793 dropicis
1609 2749 1863 2782 animadvertere
1888 2747 2020 2790 potuisti
2045 2770 2054 2786 ‚
2089 2749 2143 2782 alii
2178 2751 2305 2792 prorsus
2325 2748 2404 2786 *alia'
2426 2778 2436 2786 .

1439 2795 1530 2828 Anui
1552 2794 1636 2826 enin·-
1661 2791 1785 2836 fluidus
1815 2791 1877 2824 fuit
1901 2802 1912 2829 3
1944 2792 2015 2825 Seni
2048 2802 2217 2827 concretus
2241 2807 2251 2827 .·
2273 2798 2314 2829 ⁷&
2347 2794 2439 2839 quod

1441 2835 1587 2882 polypos}
1612 2836 1746 2874 habuit,
1769 2835 1870 2868 inilla
1894 2834 2069 2867 flaccidum
2092 2836 2290 2880 laxumque,
2315 2840 2350 2873 in
2371 2840 2434 2873 hoc

1438 2881 1659 2922 compastius,
1683 2883 1713 2913 &
1738 2878 1824 2920 quod
1848 2890 1958 2918 raroa
1984 2879 2132 2913 Valsalva
2155 2881 2343 2916 adnotatum
2366 2882 2436 2922 est,

1437 2926 1472 2958 in
1496 2923 1620 2959 sinistro
1643 2922 1848 2960 ventriculo,
1872 2932 1936 2954 non
1960 2923 1992 2954 in
2017 2923 2170 2956 dextero.
2195 2923 2348 2966 Ejusdem
2372 2927 2438 2968 igi-

1437 2979 1489 3002 tur
1512 2967 1678 3002 decubitus
1703 2966 1797 2998 variae
1821 2965 1892 2997 sunt
1916 2965 2036 3003 causssae,
2060 2978 2116 3000 nec
2141 2969 2370 3003 raro‘difflciles
2383 2964 2436 3003 ha-

1437 3013 1513 3045 bent
1538 3012 1733 3054 explicatus,
1759 3018 1794 3042 ut
1818 3009 1892 3041 alias
1914 3011 1929 3048 (
1951 3018 1966 3042 t
1987 3011 2001 3048 )
2023 3009 2179 3044 ostensum
2203 3015 2247 3045 est
2270 3036 2282 3052 ‚
2304 3016 2334 3046 &
2358 3013 2437 3047 dua-

1436 3056 1495 3089 bus
1517 3067 1587 3097 quae
1598 3054 1794 3096 sequuntur,
1820 3052 2112 3086 Observationibus
2135 3055 2221 3088 iuter
2244 3058 2297 3096 se,
2321 3060 2437 3091 &cum

1438 3102 1583 3143 proxima
1611 3098 1772 3138 superiore
1794 3096 1943 3137 collatis,
1966 3095 2167 3131 ostendetur.
2355 3120 2356 3123 =

1484 3153 1534 3184 15.
1561 3143 1583 3175 F
1598 3140 1693 3177 (ΕΜ
1708 3140 1722 3171 I
1738 3138 1819 3172 NA
1852 3140 1980 3185 gracilis
2004 3163 2013 3177 ,
2048 3151 2168 3174 annum
2191 3154 2282 3185 agens
2305 3144 2437 3178 circiter

1437 3182 1772 3227 duodetrigesimum,
1794 3194 1865 3224 quae
1888 3194 1952 3224 Jam
1977 3192 2049 3216 ante
2073 3185 2191 3218 menses
2214 3189 2437 3228 quatuotvul-

1438 3240 1496 3262 nus
1531 3236 1693 3270 acceperat
1728 3229 1766 3259 ad
1815 3226 2005 3260 umbilicum
2032 3252 2042 3265 ‚
2085 3226 2216 3261 difficile
2260 3229 2400 3272 spirabat
2421 3253 2430 3267 ,

1437 3272 1527 3306 valde
1552 3272 1680 3304 sitiebat
1704 3294 1713 3308 ‚
1736 3267 1886 3302 nonnihil
1911 3269 2085 3311 exspuebat
2111 3296 2120 3311 ‚
2153 3272 2191 3305 de
2224 3273 2336 3307 dolore
2358 3285 2439 3317 que-

1437 3317 1566 3349 rebatur
1590 3316 1621 3347 in
1649 3312 1767 3346 sinistra
1791 3311 1933 3347 thoracis
1957 3323 2044 3355 parte
2066 3336 2075 3351 ‚
2100 3315 2133 3347 in
2157 3326 2255 3358 quam
2278 3339 2286 3354 ‚
2324 3326 2359 3350 ut
2382 3328 2438 3349 ne-

1436 3371 1499 3402 que
1522 3360 1555 3391 in
1579 3358 1708 3391 dorium
1734 3379 1743 3394 ‚
1766 3356 1883 3390 cubare
1909 3368 1974 3391 non
1997 3368 2123 3399 poterat
2152 3383 2160 3391 .
2193 3359 2255 3392 His
2287 3359 2437 3394 omnibus

1436 3400 1922 3444 ingravescentibus‚moritur.
2060 3401 2114 3434 ΙΝ
2139 3402 2341 3436 VENTRE
2365 3402 2438 3436 sana

2070 3479 2072 3482 ,
2297 3455 2394 3480 ‘erant

392 3536 1781 3560 Μ

1175 3615 1243 3645 (ι’)
1258 3613 1311 3638 Ast.
1329 3615 1363 3637 N·
1380 3616 1410 3639 C.
1428 3614 1503 3637 Tom.
1520 3612 1543 3635 8.
1562 3611 1618 3636 obs.
1641 3613 1687 3635 Ill.

449 3625 464 3654 ζ
480 3625 494 3648 b
508 3625 522 3654 3
538 3626 676 3649 Commerc.
697 3623 757 3647 Litt.
774 3623 806 3646 A„
823 3628 891 3650 1745.
910 3618 990 3643 Hebd.
1002 3627 1035 3648 52.
1054 3626 1076 3642 n.
1092 3626 1112 3646 3.

447 3656 461 3683 ί
478 3657 486 3678 Ι
503 3657 512 3684 )
529 3654 589 3679 Hist.
607 3657 634 3680 de
652 3655 669 3679 l'
683 3653 760 3678 Acad.
778 3655 808 3676 R.
825 3653 866 3676 des
881 3652 920 3675 Sc.
937 3653 968 3674 A.
986 3657 1052 3679 1710.
1070 3647 1130 3672 Obs.
1147 3648 1250 3674 Anzita.
1314 3645 1327 3672 (
1343 3652 1366 3667 m
1383 3645 1396 3672 )
1413 3645 1528 3677 ¹³.u¹7⁰0·

449 3687 463 3713 ς
480 3694 490 3708 α
511 3687 518 3715 )
536 3693 559 3709 n.
578 3689 600 3708 ⁶.
663 3685 732 3714 (s)
749 3683 822 3712 Epist.
841 3686 876 3707 1⁶.
895 3688 919 3705 n.
934 3689 971 3711 ⁴5·
1032 3680 1039 3708 (
1061 3685 1071 3702 ι
1090 3678 1104 3708 >
1120 3677 1192 3708 Epist.
1209 3684 1246 3699 ιο.
1264 3683 1284 3698 n.
1307 3681 1341 3704 ²5·
1362 3674 1383 3697 ἃ
1401 3674 1457 3698 aubi
1472 3691 1479 3698 .

1751 3613 1764 3641 ζ
1782 3612 1798 3636 k
1816 3608 1962 3641 >Traitt‘du
1973 3604 2075 3637 Coeuri.
2088 3621 2102 3641 4
2122 3611 2158 3635 ch.
2172 3620 2191 3641 3·
2205 3619 2228 3636 n.
2239 3619 2262 3640 4.
2273 3611 2296 3634 8(
2308 3612 2343 3636 cli.
2358 3619 2379 3641 9.
2390 3619 2438 3637 rm.

1587 3643 1789 3673 (n)A.1703.
1854 3645 2215 3673 (a)11.64÷(p)n'e4.
2276 3643 2422 3674 (q)n.*a.
