2498 4075
501 188 728 257 Epistola
766 188 927 243 Anat.
960 187 1173 242 Medica
1208 186 1301 240 lv.-
1336 185 1454 239 Art.
1486 199 1562 253 3²·
1597 184 1652 239 &
1687 197 1773 251 33·

123 280 159 306 ut
183 270 270 305 soleo
291 269 542 313 quandocunque
563 264 709 309 possum,
732 267 897 308 universa,
920 277 957 300 ne
971 264 1115 304 mutilae,

118 323 156 349 ut
180 313 259 356 saepe
281 314 315 345 in
340 311 563 355 Sepulchrem,
587 308 727 343 historiae
750 308 835 350 sint,
857 309 948 344 fimul
969 321 1043 343 curn
1075 310 1119 342 iis

117 369 189 401 quae
210 356 251 389 ad
273 368 340 390 rem
351 355 530 398 praesentem
545 352 680 391 faciunt,
690 363 838 395 propono
851 377 859 385 .
990 355 1022 386 Si
1040 364 1117 396 apo-

119 400 235 442 plexiae
257 411 329 445 quae
353 399 392 432 ab
414 410 492 441 aqua
516 396 605 432 sunt,
629 394 748 437 semper
771 405 837 429 tam
869 397 952 430 lente
970 420 984 438 ,
1020 408 1115 439 quam

118 442 208 482 haec,
230 445 262 476 &
289 443 443 485 paulatim
466 439 576 475 fierent
589 462 603 479 ,
625 447 679 471 aut
703 450 798 480 quam
820 439 875 472 illa
898 452 967 483 quae
990 452 1029 473 ex
1041 441 1117 472 Sene

120 486 210 527 alio,
233 485 274 520 ab
297 485 325 520 se
347 483 501 523 disl‘esto³
523 494 538 515 a
567 481 676 515 Praecl.
700 482 834 515 Trewio
865 487 879 522 (
891 485 919 525 s
928 487 941 524 )
964 482 1121 525 descripta

118 528 184 569 est,
208 525 570 572 aliaequepejuscernodss
594 535 702 558 verum
724 526 851 567 prorsus
874 525 947 561 ess‘et
969 525 1057 570 quod
1076 527 1121 560 ait

121 573 307 606 Martinnus
330 576 343 612 (
365 579 381 603 r
402 574 439 611 )‚
460 567 655 611 apoplexiam
687 578 706 600 a
731 565 927 611 frigidorum
958 569 1122 604 humorum

121 613 245 658 affluxu
267 625 325 648 non
347 615 504 657 derepente
526 610 692 648 invadere,
717 612 971 652 quemadmodum
1001 613 1122 646 caeteris

117 662 245 692 evenit.
271 657 331 691 Sed
353 664 390 691 ut
412 665 517 691 earum
541 653 707 688 nonnullas
729 665 799 696 quae
821 666 860 688 ex
883 655 1041 699 sanguinis
1073 653 1120 688 ef-

116 699 238 737 fusione
259 700 363 739 fiunt,
386 698 543 741 paulatim
574 694 736 731 increviffe
756 721 767 736 ‚
801 698 950 739 Epistola
981 698 1119 732 ostendit

117 744 258 787 superior
280 747 295 785 (
314 755 335 776 u
356 746 394 783 ),
418 744 464 775 ita
486 740 554 775 haec
578 740 740 784 plerasque
763 740 894 775 exhibet
917 742 956 776 ab
981 753 1058 785 aqua
1069 741 1119 775 fa-

119 788 186 821 e’cas
198 812 211 829 ‚
233 798 302 830 quae
325 785 363 821 de
387 782 566 828 improviso
587 786 774 826 ingruerunt
797 787 810 824 ί
831 795 853 818 x
874 789 911 825 ).·
935 785 1052 827 quibus
1085 788 1118 818 &

116 831 193 864 alias
215 840 309 872 potes
328 827 522 871 adjungere,
545 828 577 860 in
603 827 775 870 primisque
785 826 1118 871 descriptamaBrun-

117 885 192 906 nero
213 872 395 915 quandam,
417 874 450 906 &
472 872 508 904 in
532 870 775 913 Sepulchretum
797 873 867 912 (y)
893 872 1041 905 relatam:
1066 873 1118 904 iu-

113 926 162 949 ter
184 926 310 951 caeteras
332 921 440 957 autem
463 925 535 958 quae
557 913 626 957 post
648 914 751 957 ipsum
782 925 859 947 curn
879 914 1117 948 Additamentis

112 959 237 994 editum
258 960 430 995 observatae
454 958 550 997 sunt,
573 958 663 990 illam
687 957 808 1000 pariter
830 956 961 991 serosam
983 961 1124 1001 (z)qua

111 1002 204 1037 senex
226 1003 336 1043 miles,
358 1002 398 1036 de
420 1003 511 1036 nullo
533 1000 657 1043 questus
678 999 915 1041 incommodo,
935 1001 1022 1043 quod
1042 1012 1122 1044 ρης-

111 1045 220 1080 sertim
243 1046 282 1080 ad
306 1058 375 1080 eam
398 1044 572 1087 speetaret,
594 1055 667 1077 cum
691 1045 756 1077 ruri
780 1054 819 1076 eo
840 1041 893 1076 die
917 1042 1123 1082 fuisset,coe-

115 1089 268 1133 natusque
290 1090 444 1124 cubitum
463 1086 587 1126 ivisset,
609 1095 737 1129 repente
760 1087 840 1119 adeo
864 1086 1010 1130 abreptus
1041 1087 1083 1121 est
1106 1110 1120 1128 ,

112 1142 147 1167 ut
173 1133 210 1167 ab
232 1144 332 1167 uxore
354 1134 388 1167 in
412 1133 496 1172 Ῑεέὶο
520 1139 664 1164 mortuus
686 1130 881 1163 inveniretur
895 1154 902 1161 .

153 1187 206 1219 32.
232 1178 395 1211 Caeterurn
416 1187 487 1219 quae
513 1174 670 1219 postremo
700 1185 716 1206 a
741 1172 831 1206 nobis
864 1174 1033 1216 apoplexia
1064 1173 1119 1208 de-

111 1220 230 1263 scripta
253 1219 315 1257 est,
341 1218 364 1253 fi
388 1229 424 1254 ut
447 1216 665 1253 convulsionis
687 1215 802 1251 habuit
826 1215 997 1259 conjuneka
1031 1216 1119 1251 indi-

109 1265 162 1296 cia
170 1287 184 1303 ,
206 1274 307 1306 neque
331 1262 398 1297 haec
420 1261 551 1306 quidem
575 1269 688 1303 praeter
711 1261 866 1293 rationem
881 1285 891 1300 ,
924 1261 1044 1303 quippe
1079 1261 1118 1294 ab

109 1318 213 1350 aqua,
237 1307 288 1341 uti
316 1306 464 1346 videtur,
488 1304 593 1341 fausta,
618 1302 745 1337 erosivis
778 1302 858 1336 foeta
888 1303 1086 1345 corpusculis
1110 1328 1120 1344 ,

110 1361 182 1395 quae
207 1360 295 1383 antea
307 1361 363 1392 per
371 1360 500 1383 crurum
511 1350 615 1383 ulcera
626 1370 639 1388 ‚
658 1356 695 1381 ut
706 1347 738 1379 in
749 1346 968 1379 consimilibus
978 1346 1120 1381 historiis

135 1405 182 1427 uae
194 1393 287 1436 supra
306 1404 345 1436 ex
355 1392 512 1426 Valsalvae
534 1389 682 1431 schedis,
706 1393 737 1423 &
757 1401 798 1422 ex
817 1388 934 1423 nostris
955 1389 1119 1432 produ&ae

126 1446 205 1477 unt,
227 1436 437 1474 emanabant3
458 1436 506 1468 ita
529 1435 566 1467 ab
587 1445 667 1476 aqua
691 1432 774 1467 fasta
797 1430 870 1466 esset
893 1444 963 1475 quae
987 1444 1051 1466 non
1061 1434 1122 1467 ali-

111 1489 160 1513 ter
170 1490 207 1513 ac
218 1480 389 1522 premendo
400 1489 511 1512 nocere
525 1474 753 1520 posset‚eaque
765 1498 779 1515 ,
801 1484 836 1510 ut
858 1475 914 1509 ista
941 1475 1008 1509 sane
1031 1475 1120 1518 fuit,

110 1535 177 1557 non
192 1525 294 1557 multa
303 1521 410 1563 ,·haud
425 1519 557 1555 deessent
568 1529 672 1552 tamen
684 1531 738 1561 per
749 1530 819 1561 quae
844 1519 1024 1562 intelligere
1043 1521 1121 1553 lice-

117 1576 165 1600 ret
179 1591 189 1607 ,
212 1564 481 1610 quemadmodum
490 1574 553 1597 non
566 1562 668 1595 multa
681 1573 760 1605 aqua
775 1562 913 1595 multum
926 1564 1122 1606 comprime..

113 1621 146 1643 re
159 1609 313 1652 potuisset
329 1633 336 1640 .
349 1610 438 1642 Nam
448 1619 520 1651 quae
533 1607 657 1639 caeteris
680 1617 744 1638 non
768 1606 869 1639 multa
893 1604 966 1639 esset
980 1630 988 1645 ,
1011 1606 1120 1641 eadem

110 1653 298 1696 quibusdam
322 1651 422 1685 multa
445 1649 502 1683 effe
524 1648 644 1692 potest,
671 1650 711 1682 iis
735 1647 886 1682 videlicet
907 1649 1121 1691 quibusintra

112 1697 284 1729 calvariam
308 1695 448 1738 spatium
472 1691 633 1736 angustius
658 1701 712 1726 aut
736 1704 752 1724 a
776 1701 887 1726 natura
913 1692 976 1733 est,
1001 1703 1058 1727 aut
1082 1692 1123 1725 ab

112 1740 172 1772 alia
186 1740 290 1784 aliqua
302 1737 363 1772 sive
373 1735 567 1781 praecedente
579 1758 588 1771 ‚
612 1735 671 1768 five
683 1734 846 1769 accedente
857 1736 943 1768 causa
958 1759 968 1775 ,
983 1745 1060 1770 tunc
1072 1737 1122 1769 ni-

109 1783 230 1817 mirum
253 1795 327 1817 cum
351 1794 431 1826 aqua
455 1778 653 1819 effunditur,
677 1787 731 1813 aut
754 1789 907 1822 augetur.
933 1779 1017 1812 Noli
1030 1788 1124 1822 puta-

111 1839 144 1860 re
155 1851 168 1868 ,
190 1825 344 1860 interhas
356 1826 484 1859 alterius
493 1824 617 1867 generis
629 1822 734 1856 causas
748 1833 820 1865 quae
834 1822 916 1856 forte
926 1822 1101 1856 adveniunt
1114 1846 1124 1861 ,

110 1882 128 1904 a
150 1882 198 1904 me
221 1871 313 1903 illam
336 1880 394 1912 pro
416 1876 507 1902 certo
529 1866 773 1905 connumerari,
794 1878 866 1910 quae
879 1878 895 1898 a
909 1865 1126 1899 Piccolhomi-

112 1926 157 1948 no
179 1916 250 1953 (a)
272 1912 335 1946 fine
356 1912 421 1945 ulla
433 1911 568 1954 ponitur
578 1909 806 1949 dubitatione,
829 1920 861 1942 in
871 1908 1044 1951 plenilunio
1060 1919 1125 1952 prae

119 1957 309 1991 humiditate
333 1957 379 1989 ita
403 1954 559 1989 cerebrum
583 1951 776 1995 turgescere,
797 1960 835 1985 ut
866 1959 967 1985 totam
1000 1951 1126 1986 calvam

110 2000 242 2043 impleat
257 2023 266 2031 .
291 2002 342 2034 De
366 1998 425 2032 hac
448 1999 536 2031 enim
562 2008 613 2033 re,
638 1997 783 2038 quamvis
805 2004 937 2038 propter
958 1995 1123 2038 Falloppii

111 2047 127 2083 (
136 2042 178 2083 b)
202 2042 455 2076 observationem
466 2064 475 2078 ‚
500 2039 584 2074 haud
598 2048 712 2071 temere
723 2037 918 2081 perneganda
931 2061 941 2076 ,
954 2037 1037 2072 mihi
1050 2040 1123 2082 qui-

90 2087 183 2133 ¹dem
206 2085 290 2120 nihil
313 2086 437 2130 liquet,
465 2095 501 2119 ut
520 2092 633 2116 contra
659 2081 695 2115 de
719 2082 869 2125 sanguine
882 2082 1005 2124 liquet,
1028 2081 1122 2115 sicuti

116 2130 273 2172 scriptum
287 2128 329 2163 est
353 2131 444 2172 supra
465 2130 551 2167 (c),
574 2136 762 2169 quacunque
773 2126 810 2158 de
820 2124 910 2158 causa
923 2125 1040 2157 cerebri
1053 2124 1123 2158 vasa

110 2174 221 2207 omnia
244 2174 343 2215 nimis
354 2172 568 2207 distendente.
596 2171 821 2202 Cuivalorum
834 2165 1120 2201 distentionifiau-

110 2217 196 2250 &am
220 2215 305 2249 forte
327 2217 439 2248 eodem
464 2223 609 2253 tempore
633 2213 699 2243 vim
712 2210 805 2244 addas
816 2222 877 2253 qua
889 2212 1010 2243 arteriae
1022 2211 1118 2243 alter-

110 2261 162 2293 nis
176 2259 316 2292 dilatatae
330 2259 493 2291 cerebrum
510 2255 665 2287 attollunt
678 2275 686 2289 ‚
711 2264 834 2296 quanto
856 2253 935 2286 hanc
947 2255 1048 2296 magis
1060 2264 1119 2287 au-

111 2303 180 2345 geri
204 2301 368 2344 posueris,
392 2308 486 2334 tanto
508 2298 609 2339 magis
625 2296 764 2342 spatium
775 2295 958 2339 quodintra
970 2298 1118 2330 cranium

117 2345 184 2385 est,
201 2346 376 2384 imminui,
400 2342 582 2384 intelliges.
607 2341 689 2372 Vasa
701 2349 806 2373 autem
820 2338 880 2372 five
889 2349 958 2371 tum
970 2339 1118 2381 sanguine

114 2388 356 2428 distendantur,
378 2397 453 2419 cum
463 2396 543 2427 aqua
553 2380 754 2423 effunditur,
775 2381 836 2415 five
849 2382 955 2415 multo
966 2392 1056 2415 antea
1068 2382 1121 2416 cli-

114 2432 215 2466 stenta
238 2430 322 2471 sint,·
344 2441 391 2463 res
414 2428 526 2462 eodem
549 2426 652 2459 redit.
679 2427 773 2458 Sicin
785 2424 889 2458 milite
903 2426 1119 2467 illo,quem,

111 2487 185 2509 cum
207 2475 284 2507 bene
307 2475 412 2506 valens
429 2472 552 2517 *leftum-
566 2466 717 2512 petiisset,
731 2468 838 2502 inhoc
848 2467 1027 2502 dicebamus
1052 2470 1118 2509 (d)

92 2527 94 2529 ’
112 2520 277 2552 inventum
300 2517 339 2550 ab
361 2513 561 2549 uxoretuisse
572 2521 761 2551 mortuum,
784 2511 949 2554 conspeeta
963 2511 1033 2545 sunt
1045 2513 1118 2555 qui-

93 2562 187 2596 ‘dem
209 2563 308 2594 etiam
330 2558 401 2592 vasa
425 2568 480 2601 per
502 2555 622 2589 cerebri
647 2554 843 2598 superficiem
867 2554 1015 2597 sangnine
1048 2567 1119 2589 tur-

111 2604 209 2650 gida3
232 2602 286 2638 sed
308 2614 383 2636 cum
410 2602 527 2634 leemm
551 2600 668 2641 petiit,
693 2610 792 2641 neque
815 2596 881 2641 ipsa
892 2598 1043 2641 turgida,
1065 2610 1119 2631 ne-

111 2660 172 2693 que
195 2658 309 2692 aquam
330 2644 458 2680 effusam
481 2641 609 2677 videtur
631 2641 789 2687 habuisse.
816 2644 854 2675 In
866 2641 1002 2683 gibboso
1014 2651 1122 2675 autem

113 2691 254 2735 quodam
277 2687 548 2723 circumforaneo
571 2688 632 2726 (e)
655 2687 724 2718 vasa
748 2697 818 2728 quae
829 2684 1034 2719 Choroidem
1054 2687 1123 2728 ple-

114 2747 193 2769 xum
216 2734 339 2767 faciunt
355 2758 363 2772 ,
385 2744 458 2766 cum
482 2738 605 2763 mutata
629 2727 723 2762 essent
747 2730 780 2761 in
804 2740 917 2772 corpus
939 2728 1123 2768 tumidum,

115 2778 308 2814 subdurum,
333 2776 438 2809 carnei
461 2774 604 2814 coloris,
627 2784 698 2815 quae
727 2774 868 2805 mutatio
891 2773 975 2805 brevi
999 2781 1124 2814 tempo-

114 2833 146 2854 re
170 2832 234 2854 non
260 2820 361 2863 potest
382 2818 451 2852 fieri
466 2844 474 2858 ‚
500 2817 573 2851 satis
597 2815 819 2852 ostenderunt,
844 2826 981 2848 mortem
1005 2815 1125 2848 subita-

115 2875 207 2898 neam
231 2876 291 2906 qua
315 2864 370 2898 ille
393 2862 496 2895 homo
508 2860 649 2894 sublatus
661 2859 726 2900 est,
748 2870 814 2891 non
824 2868 955 2902 propter
969 2856 1035 2900 ipsa
1049 2868 1120 2890 tan-

116 2907 287 2942 tummodo
310 2903 474 2942 aecidiffe3
499 2905 603 2937 multo
627 2903 713 2935 enirn
738 2912 827 2935 antea
852 2901 1011 2936 accidisset
1033 2914 1044 2940 ς
1068 2901 1121 2935 {ed

115 2953 218 2984 etiam
242 2960 370 2993 propter
393 2948 502 2982 multae
527 2946 670 2987 limpidae
692 2957 779 2988 aquae
803 2943 986 2979 effusionem
1003 2969 1013 2984 ‚
1047 2957 1119 2992 quae

116 3006 189 3028 cum
216 2993 352 3035 spatium
373 2992 462 3036 quod
476 2993 558 3024 intra
573 2991 715 3023 cranium
727 2997 792 3027 erat
807 2989 1040 3028 ,imminutum
1053 3000 1118 3031 jam

118 3034 297 3071 offiendiffct
321 3048 338 3069 a
360 3034 553 3069 tumidoillo
563 3043 720 3075 corpore,
743 3041 835 3064 tanto
846 3033 977 3066 celerius
988 3034 1122 3076 potuit,

120 3081 208 3126 quod
231 3080 389 3123 reliquum
411 3090 474 3111 erat
488 3088 666 3121 occupare,
687 3073 925 3119 compressoque
937 3078 1063 3119 penitus
1073 3087 1122 3108 ce-

119 3125 232 3162 rebro,
248 3125 347 3156 vitam
361 3131 483 3165 repente
494 3120 632 3155 adimere
642 3145 649 3152 .
662 3121 786 3153 Verum
799 3118 847 3152 hae
861 3130 982 3159 omnes,
992 3120 1124 3162 aliaeque

118 3165 310 3212 ejuscemodi
328 3166 427 3199 caus-:e
450 3164 487 3198 ad
511 3166 644 3199 alterum
663 3162 701 3196 de
731 3162 852 3196 duobus
870 3163 1038 3206 generibus
1059 3163 1127 3206 spe-

119 3213 207 3246 &ant
229 3222 298 3253 quae
323 3208 545 3252 proposuimus
571 3233 578 3240 .
613 3206 733 3241 Causas
762 3215 868 3239 autem
896 3208 1015 3249 prioris
1033 3217 1126 3249 gene—

123 3257 188 3294 ris,
212 3253 270 3287 sive
293 3265 361 3295 quae
381 3251 542 3294 angustius
569 3250 602 3284 id
632 3250 769 3293 spatium
801 3251 834 3282 in
853 3248 1037 3283 hominibus
1055 3250 1127 3292 qui-

119 3297 253 3332 busdam
276 3297 367 3330 nullo
390 3305 452 3329 non
479 3303 620 3338 tempore
644 3293 786 3327 efficiunt
807 3316 816 3331 ,
848 3295 967 3336 quippe
994 3304 1063 3335 quae
1089 3293 1128 3326 ab

120 3351 196 3375 ortu
213 3365 226 3382 ‚
259 3350 313 3373 aut
346 3351 362 3372 a
394 3339 509 3382 primis
539 3338 686 3372 aetatibus
717 3336 814 3379 usque
849 3338 918 3371 sunt
939 3360 951 3376 ,
990 3345 1127 3378 repetere

123 3393 252 3428 oportet
276 3393 331 3416 aut
354 3395 368 3415 a
390 3381 533 3421 cerebri,
554 3383 584 3414 δε
603 3380 748 3414 cerebelli
769 3380 852 3413 mole
874 3391 967 3422 :equo
986 3378 1127 3421 majori,

123 3428 146 3463 si
172 3439 244 3461 cum
263 3428 364 3459 cranii
385 3427 560 3472 capacitate
579 3434 782 3467 comparetur
794 3447 806 3464 ,
824 3432 877 3458 aut
896 3431 1008 3455 contra
1019 3424 1058 3454 ab
1069 3421 1128 3455 hac

123 3482 217 3513 aequo
238 3471 354 3503 minori
377 3495 386 3510 ,
415 3470 438 3502 si
461 3478 536 3502 cum
562 3467 615 3500 illa
646 3466 828 3500 conferatur
850 3479 859 3500 .·
894 3477 966 3509 quae
996 3466 1128 3509 quidem

123 3519 313 3562 ‹ictuum-tp&
333 3512 357 3546 fi
379 3512 463 3547 haud
497 3512 543 3543 ita
565 3521 635 3543 raro
665 3512 749 3544 inter
780 3511 855 3544 alias
888 3511 1029 3543 occurrit
1054 3520 1123 3552 par-

122 3572 192 3602 tes3
212 3572 268 3595 cur
288 3568 354 3591 non
374 3554 547 3598 aliquando
570 3555 652 3587 inter
677 3554 733 3587 has
766 3565 891 3597 quoque
916 3551 928 3584 ?
961 3552 1123 3596 Equidem

208 3600 375 3645 Morgagni
384 3600 420 3633 de
432 3600 499 3632 Sed.
515 3597 650 3639 &Caus-
662 3595 764 3630 Morb.
779 3598 875 3630 Tom.
891 3598 916 3629 I.

2040 197 2099 248 35

1166 275 1238 300 cum
1280 263 1318 297 de
1338 263 1400 297 alia
1432 264 1467 296 in
1499 262 1571 295 aliis
1601 261 1704 295 cranii
1734 258 1908 302 capacitate
1950 258 2090 300 primum
2133 257 2169 291 in

1157 300 1363 343 'adversariis
1398 309 1412 346 (
1423 305 1451 350 f'
1461 310 1475 347 )
1503 305 1700 344 mentionem
1730 303 1826 346 injeci
1846 326 1859 343 ‚
1881 299 1922 336 ad
1954 301 2043 335 istam
2065 299 2168 350 ipsam

1165 363 1227 395 qua
1249 350 1287 383 de
1311 348 1364 382 hic
1387 351 1531 392 agimus,
1554 358 1619 380 rem
1642 345 1879 384 illustrandam3
1903 356 1965 385 eo,
1987 342 2009 376 si
2032 354 2169 386 quaeris,

1166 406 1216 429 me
1239 392 1409 426 adduxerat
1432 393 1492 426 alia
1517 393 1550 425 in
1574 390 1646 423 aliis
1667 390 1784 423 craniis
1807 389 1884 431 saepe
1906 384 2171 422 animadversa&

1169 440 1203 472 in
1226 436 1388 470 nonnullis
1409 435 1538 479 quidem
1561 433 1704 467 altiffima
1728 433 1894 466 excavatio
1925 431 1964 465 ad
2000 428 2068 463 vasa
2099 440 2171 471 quae

1171 491 1225 525 per
1246 482 1370 515 Duram
1392 480 1573 521 meningem
1595 477 1799 519 prominent,
1819 473 2004 517 excipienda
2020 497 2028 504 .
2055 471 2113 505 Sed
2124 479 2172 504 ta-

1173 526 1273 557 citam
1295 520 1486 565 conjeetmoe
1508 533 1584 555 meae
1606 520 1731 555 causam
1752 519 1843 561 plane
1865 516 2091 554 confirmavit,
2123 523 2171 547 at-

1170 579 1229 611 que
1255 565 1463 608 amplificavit
1486 565 1549 598 Vir
1571 562 1785 607 Sagaciffimus
1806 559 2012 595 Hunauldius
2045 561 2058 598 (
2078 568 2100 600 g
2121 561 2135 597 )
2157 580 2171 597 ‚

1170 620 1268 655 quem
1289 609 1399 651 Regiae
1424 608 1636 641 Scientiarum
1658 604 1841 640 Academiae
1864 601 2023 636 Parisienfi
2035 625 2048 642 ‚
2069 600 2171 635 mihi-

1169 665 1232 697 que
1255 650 1313 695 ipsi
1338 660 1409 685 ante
1432 649 1518 684 diem
1541 659 1709 693 ereptum,
1732 660 1805 683 curn
1835 645 1904 681 haec
1929 645 2093 679 scriberem
2115 655 2172 677 co-

1169 697 1269 740 gnovi
1293 706 1331 729 ex
1352 694 1470 728 litteris
1492 693 1698 727 Celeberrimi
1712 716 1726 733 ,
1749 694 1782 725 &
1805 701 1879 732 erga
1912 701 1961 723 me
1985 686 2173 721 Liberaliss-

1171 741 1216 774 mi
1239 739 1316 773 Viri
1337 737 1526 772 Reaumurii
1542 762 1549 768 .
1574 737 1781 770 Hunauldius
1805 735 1890 768 enim
1921 730 2173 769 animadvertit,

1170 795 1225 817 nec
1247 793 1338 821 raro,
1363 783 1398 815 in
1421 779 1595 824 puerilibus
1617 780 1734 813 craniis
1757 785 1945 821 praernature
1967 772 2143 815 constringi
2163 796 2175 813 ,

1172 830 1202 861 &
1226 825 1432 859 ferruminari
1457 823 1643 865 Sagittalem
1664 846 1677 863 ,
1709 825 1741 855 &
1772 820 1986 854 Coronariam
2016 816 2140 851 suturas
2160 838 2174 855 ,

1169 879 1393 913 proptereaque
1416 868 1550 901 minime
1570 865 1753 900 cedentibus
1775 862 1887 898 offibus
1898 886 1911 903 ‚
1936 859 2101 906 augescens
2123 871 2176 893 ce-

1171 913 1295 946 rebrum
1316 912 1430 945 aretari
1441 934 1454 951 ,
1477 911 1636 953 premique
1659 909 1758 946 adeo,
1780 916 1816 941 ut
1840 908 1872 939 in
1896 918 1961 952 quo
1992 915 2090 948 puero
2120 902 2176 936 de-

1174 957 1270 990 letam
1293 954 1358 997 jam
1380 953 1507 997 prorsus
1529 963 1697 995 utramque
1722 952 1861 986 suturam
1873 948 2040 992 conspexit
2054 973 2062 986 ,
2086 948 2120 980 in
2135 957 2176 979 eo

1173 997 1400 1042 profundiores
1422 1009 1519 1040 quam
1542 996 1662 1030 soleant
1674 1019 1686 1036 ‚
1711 998 1743 1028 in
1768 993 1926 1036 sincipitis
1940 1016 1954 1032 ,
1986 994 2019 1025 δε
2051 989 2176 1024 frontis

1171 1042 1284 1076 offibus
1307 1042 1525 1074 excavationes
1546 1038 1788 1081 deprehenderit
1812 1035 1850 1070 ad
1871 1035 1992 1069 cerebri
2016 1034 2178 1067 anfrfflus

1171 1083 1398 1127 excipiendos.
1424 1084 1507 1122 Quae
1529 1094 1604 1116 cum
1626 1083 1670 1114 ita
1694 1080 1777 1119 sint3
1799 1079 1896 1121 probe
1918 1077 2006 1110 vides
2038 1088 2108 1120 quae
2140 1077 2179 1109 in

1172 1127 1361 1173 quibusdam
1386 1134 1439 1160 aut
1462 1125 1581 1169 semper
1603 1123 1680 1164 else,
1706 1132 1761 1159 aut
1784 1122 1869 1156 forte
1893 1119 2038 1154 accedere
2063 1119 2179 1162 possint

1170 1172 1268 1207 causae
1280 1195 1294 1212 ,
1316 1182 1386 1214 quae
1409 1168 1548 1213 spatium
1570 1166 1765 1202 detrahendo
1785 1189 1794 1204 ‚
1825 1164 1965 1199 efficiant
1989 1186 2003 1204 ,
2037 1171 2073 1197 ut
2105 1173 2179 1204 quae

1172 1227 1252 1259 aqua
1274 1218 1309 1248 in
1332 1214 1403 1247 aliis
1426 1212 1539 1256 quibus
1571 1211 1690 1245 eaedem
1721 1208 1819 1243 causae
1852 1219 1918 1242 non
1951 1206 2023 1242 sunt
2041 1231 2051 1246 ‚
2083 1205 2181 1247 usque

1170 1260 1248 1293 adeo
1270 1269 1335 1291 non
1358 1265 1476 1296 nocet,
1498 1267 1533 1288 ea
1557 1264 1683 1297 repente
1706 1251 1821 1290 effusa,
1845 1259 1899 1286 aut
1919 1261 2019 1293 ocyus
2043 1248 2153 1283 addita
2168 1272 2179 1288 ,

1170 1300 1415 1346 comprimendo
1438 1297 1548 1332 afferat
1573 1298 1796 1340 apoplexiam,
1817 1306 1948 1342 eamque
1972 1294 2021 1327 vel
2048 1293 2175 1333 citius,

1170 1357 1267 1390 quam
1292 1356 1348 1388 par
1371 1341 1604 1386 propemodum
1629 1342 1790 1384 sanguinis
1822 1337 1910 1373 effusi
1933 1338 2026 1380 copia
2050 1335 2178 1370 afferre:

1171 1391 1208 1423 in
1252 1389 1293 1421 iis
1336 1386 1488 1420 videlicet
1531 1384 1648 1429 quibus
1690 1383 1826 1427 amplius
1877 1383 1960 1414 intra
2002 1380 2178 1414 calvariam

1175 1433 1313 1475 spatium
1348 1429 1431 1463 foret
1451 1455 1459 1462 .
1507 1430 1589 1462 Non
1632 1440 1681 1462 me
1728 1427 1812 1469 fugit
1844 1449 1853 1464 ‚
1904 1422 2176 1457 Praestantiffimms

1172 1475 1229 1510 esse
1264 1477 1365 1508 Viros
1406 1473 1523 1517 quibus
1554 1482 1635 1515 ‘non
1683 1471 1785 1513 placet
1824 1469 1928 1503 ullum
1968 1468 2003 1500 in
2048 1467 2175 1509 magnis

1171 1519 1322 1562 corporis
1344 1518 1446 1551 caveis
1466 1510 1638 1558 agnoscere
1671 1515 1810 1556 spatium
1829 1535 1842 1553 ‚
1873 1510 1925 1544 sed
1958 1509 2065 1553 plenas
2101 1509 2184 1543 adeo

1172 1574 1281 1597 omnes
1305 1569 1428 1605 ponunt
1443 1584 1455 1598 ,
1477 1567 1512 1593 ut
1537 1557 1619 1592 nihil
1643 1556 1821 1601 quidquam
1855 1552 1929 1588 addi
1961 1562 2079 1597 queat.
2116 1554 2183 1586 Lo-

1171 1618 1227 1640 cus
1250 1605 1303 1639 hic
1327 1615 1392 1637 non
1415 1603 1457 1637 est
1481 1614 1516 1635 ea
1537 1601 1575 1635 de
1598 1612 1630 1634 re
1654 1600 1740 1640 fuse,
1762 1602 1796 1633 &
1817 1597 1990 1640 diligenter
2002 1595 2182 1633 scribendi,

1174 1648 1393 1691 videndique,
1416 1657 1494 1679 num
1515 1645 1659 1679 cranium
1682 1643 1818 1677 omnino
1841 1642 1972 1685 plenum
1994 1649 2105 1682 putare
2128 1644 2183 1672 ne-

1174 1690 1251 1726 cesse
1273 1691 1332 1728 sit,
1354 1702 1428 1724 cum
1451 1688 1517 1732 ejus
1539 1689 1608 1721 cavi
1634 1688 1822 1721 continuata
1854 1684 2016 1729 appendix
2039 1706 2051 1724 ‚
2087 1682 2187 1717 tubus

1175 1735 1327 1769 videlicet
1350 1733 1587 1771 vertebrarum,
1611 1742 1674 1764 non
1697 1730 1751 1764 ubi
1773 1737 1816 1763 'ue
1841 1728 1881 1762 fit
1917 1728 2026 1771 plenus
2060 1726 2186 1760 cerebri

1176 1778 1273 1822 ipsius
1297 1776 1491 1820 appendice,
1515 1775 1637 1817 Spinali
1661 1773 1765 1808 medul
1783 1785 1821 1813 a,
1844 1773 1986 1816 quippe,
2008 1779 2045 1804 ut
2077 1769 2157 1804 nosti
2171 1794 2185 1810 ‚

1176 1834 1242 1856 non
1268 1832 1398 1865 parvum
1422 1818 1595 1863 praesertim
1620 1817 1658 1851 ad
1683 1818 1842 1856 tra6imm,
1865 1815 1907 1849 fic
1931 1823 2095 1849 attenuata
2112 1836 2120 1851 ‚
2147 1824 2185 1847 ut

1177 1867 1363 1908 contingere
1387 1863 1472 1897 suam
1495 1871 1632 1905 nequeat
1654 1860 1844 1895 Craffiorem
1867 1858 2184 1901 meningem;item-

1178 1921 1239 1952 que
1262 1920 1339 1943 num
1360 1905 1527 1941 Callosum
1548 1916 1662 1947 corpus
1695 1904 1781 1948 quod
1814 1900 1969 1937 inferiore
2002 1900 2085 1934 facie
2122 1913 2188 1944 qua

1177 1953 1307 1986 lacunar
1330 1951 1451 1985 format
1474 1949 1673 1982 Lateralium
1695 1947 1948 1981 ventriculorum
1960 1970 1973 1987 ,
2005 1955 2188 1979 convexum

1176 1995 1317 2034 nonest,
1342 1996 1389 2028 ita
1412 1993 1442 2026 se
1465 1993 1610 2035 imponat
1635 1992 1765 2025 Striatis
1798 1989 1989 2033 corporibus
2013 2013 2025 2029 ‚
2060 1988 2187 2022 Thala-

1176 2036 1300 2082 misque
1324 2038 1526 2081 Opticorum
1548 2046 1741 2076 nervorum,
1765 2033 2015 2078 protuberantiis
2027 2032 2184 2066 nimirum

1176 2094 1241 2116 non
1266 2081 1365 2114 modo
1387 2078 1508 2121 bafim,
1533 2079 1585 2113 sed
1608 2082 1640 2112 δε
1664 2079 1762 2112 latera
1787 2089 1898 2112 eorum
1926 2075 2187 2110 ventriculorum

1175 2124 1367 2159 facientibus
1389 2122 1477 2163 (h),
1501 2131 1536 2157 ut
1560 2120 1643 2155 nihil
1668 2121 1794 2165 prorsus
1817 2120 1977 2154 intervalli
2002 2120 2185 2164 relinquat3

1174 2180 1252 2203 num
1276 2169 1393 2211 pariter
1416 2166 1501 2199 nihil
1524 2167 1661 2199 omnino
1684 2166 1883 2208 relinquatur
1908 2164 2002 2208 spatii
2015 2165 2100 2197 inter
2110 2174 2187 2197 ven-

1173 2212 1284 2245 triculi
1308 2211 1417 2254 quarti
1440 2211 1536 2242 latera
1561 2208 1638 2242 adeo
1662 2208 1904 2251 prominentia;
1926 2210 2068 2252 itemque
2101 2207 2186 2240 inter

1174 2266 1265 2288 cavas
1288 2253 1382 2287 facies
1405 2252 1596 2291 anterioris,
1628 2254 1660 2284 &
1693 2251 1879 2294 posterioris
1911 2252 2011 2293 partis
2043 2249 2183 2293 ejusdem

1174 2298 1368 2336 ventriculi5
1390 2296 1474 2329 nihil
1497 2297 1531 2328 in
1553 2294 1654 2328 canali
1668 2296 1725 2337 qui
1739 2293 1910 2329 Transitus
1921 2294 2042 2329 dicitur
2054 2293 2093 2328 ad
2106 2305 2185 2327 eun-

1176 2342 1249 2375 dem
1271 2340 1507 2377 ventriculum3
1533 2338 1617 2371 nihil
1640 2336 1769 2372 demum
1791 2349 1854 2381 qua
1877 2349 1980 2370 meare
2004 2337 2097 2380 poffit
2122 2336 2186 2371 hu-

1175 2386 1274 2418 moris
1297 2381 1471 2427 quidquam
1495 2394 1509 2414 a
1545 2382 1731 2414 ventriculis
1762 2381 1800 2414 ad
1837 2380 2084 2415 Infundibulum
2105 2403 2117 2420 ,
2152 2384 2186 2415 δε

1175 2428 1361 2471 glandulam
1387 2426 1614 2464 Pituitariam,
1638 2436 1776 2466 quorum
1800 2433 1972 2467 utrumque
1997 2425 2088 2457 aliter
2112 2425 2186 2467 pos-

1174 2472 1219 2505 set
1254 2470 1367 2504 frustra
1400 2479 1542 2501 creatum
1588 2467 1689 2500 videri
1713 2493 1720 2499 .
1763 2470 1814 2501 De
1859 2466 1909 2500 his
1956 2476 2062 2501 autern
2094 2479 2184 2511 qucr-

1172 2525 1239 2548 rere
1264 2513 1316 2547 hic
1339 2513 1547 2552 omittimus,
1568 2522 1642 2545 cum
1666 2510 1741 2544 satis
1765 2511 1798 2543 in
1822 2511 1985 2553 praesentia
2008 2510 2065 2545 effe
2089 2512 2184 2554 potiit

1175 2557 1263 2601 quod
1285 2556 1398 2590 diserte
1421 2555 1519 2589 iidem
1542 2553 1703 2594 fatentur,
1727 2554 1888 2587 cerebrum
1911 2555 2068 2588 cavitates
2091 2554 2184 2588 habe-

1176 2612 1234 2641 re,
1254 2608 1291 2633 ut
1315 2599 1481 2641 aliquando
1503 2598 1607 2631 laxari
1629 2598 1760 2631 inanius
1782 2598 1871 2631 cavis
1881 2621 1894 2638 ‚
1912 2597 2076 2640 aliquando
2098 2610 2180 2632 com-

1171 2644 1275 2686 primi
1292 2643 1406 2686 poffit,
1429 2642 1548 2684 quando
1572 2651 1606 2674 ea
1631 2650 1710 2673 cava
1730 2639 1871 2682 pleniora
1890 2641 1990 2683 sunt,
2013 2644 2046 2674 &
2071 2641 2148 2674 alibi
2168 2665 2182 2683 ,

1177 2687 1282 2720 nullas
1304 2687 1440 2720 arterias
1460 2685 1561 2727 magis
1583 2683 1762 2717 dilatabiles
1785 2681 1858 2726 effe,
1883 2695 1974 2726 quam
1997 2695 2061 2726 quae
2075 2686 2180 2719 cram'o

1177 2730 1395 2769 continentur,
1416 2738 1524 2762 verum
1546 2728 1663 2761 eadem
1686 2726 1839 2760 martia-ri
1861 2738 1879 2759 a
1903 2727 2004 2760 cranio
2017 2751 2026 2759 .
2054 2729 2181 2761 Ouando

1178 2773 1252 2807 adeo
1268 2772 1397 2815 sanguis
1420 2771 1534 2813 majori
1554 2771 1641 2812 copia
1663 2770 1797 2803 arterias
1814 2770 1875 2811 piae
1896 2759 2178 2813 menz'ngis—R’plet‚

1178 2816 1235 2850 has
1258 2827 1361 2857 marsus
1376 2814 1519 2858 spatium
1542 2812 1681 2855 replere,
1702 2813 1746 2846 ψ
1768 2812 1802 2846 id
1816 2811 1959 2855 spatium
1991 2814 2072 2847 demi
2105 2814 2179 2848 reli-

1177 2860 1249 2901 quis
1267 2858 1415 2900 partibus
1437 2856 1596 2899 encephali
1607 2880 1616 2889 .
1640 2856 1729 2888 Hinc
1752 2867 1771 2888 a
1788 2863 1867 2897 potu
1890 2855 2080 2898 liquidorum
2103 2856 2178 2899 spi-

1176 2902 1367 2944 rituosorum
1383 2901 1526 2944 somnum
1549 2898 1637 2932 fieri.
1676 2897 1778 2935 Quod
1811 2899 1913 2941 igitur
1948 2898 2085 2942 spatium
2116 2900 2178 2943 ipsi

1175 2956 1303 2988 quoque
1327 2943 1524 2986 agnoscunt,
1547 2944 1695 2986 intraque
1719 2951 1837 2975 naturae
1860 2941 2179 2985 modumimminui,

1176 2991 1209 3022 δε
1232 2987 1365 3021 viciffim
1388 2987 1508 3020 restitui
1521 2985 1628 3029 posse,
1650 2984 1783 3022 dicunt,
1806 2984 1865 3027 id,
1888 2994 2064 3026 utcaetera,
2088 2988 2178 3021 aliud

1174 3033 1210 3065 in
1233 3031 1304 3064 aliis
1327 3029 1384 3064 esse
1406 3030 1618 3072 corporibus,
1650 3040 1715 3062 non
1746 3028 1932 3063 dubitamus
1955 3041 1963 3062 :
1998 3033 2030 3063 δε
2060 3030 2175 3072 quibus

1176 3075 1279 3117 igitur
1304 3074 1400 3116 paulo
1424 3074 1559 3116 amplius
1581 3073 1646 3113 est,
1669 3074 1702 3105 in
1725 3072 1766 3106 iis
1789 3073 1831 3106 ab
1854 3072 1961 3106 eadem
1975 3072 2076 3107 effusae
2088 3086 2176 3116 aquae

1178 3120 1274 3160 copia
1297 3127 1362 3149 non
1385 3117 1514 3150 eandem
1538 3116 1656 3149 cerebri
1680 3116 1935 3159 compressionem
1954 3139 1967 3156 ,
1990 3128 2089 3159 neque
2121 3116 2176 3151 de·
2221 3135 2224 3138 ⁴

1179 3162 1369 3194 trimentum
1393 3160 1476 3193 idem
1499 3160 1645 3195 futurum
1667 3158 1755 3203 quod
1778 3161 1812 3194 in
1837 3161 1878 3193 iis
1898 3160 2011 3203 quibus
2032 3161 2176 3204 aliquan-

1178 3214 1215 3239 to
1237 3203 1394 3247 angustius
1415 3202 1472 3236 sit.
2103 3198 2107 3205 ¹

1220 3258 1272 3290 33.
1296 3246 1355 3281 Sed
1378 3255 1413 3281 tu
1436 3246 1563 3281 fortaffe
1585 3258 1659 3282 cum
1681 3247 1722 3281 iis
1754 3246 1856 3286 facis,
1887 3246 1945 3288 qui
1976 3257 2064 3288 aquae
2095 3244 2174 3281 effu-

1179 3291 1297 3324 sionem
1320 3291 1444 3335 malunt
1469 3301 1630 3334 nunquam
1654 3290 1828 3333 apoplexiae
1850 3289 1975 3323 causam
1998 3287 2055 3323 esse
2078 3312 2088 3328 ‚
2121 3289 2174 3323 sed

1179 3332 1325 3367 effeetum
1347 3332 1484 3376 ejusdem
1507 3334 1605 3367 causae
1628 3345 1697 3377 quae
1709 3333 1909 3374 apoplexiam
1920 3331 2023 3373 facit,
2046 3343 2082 3365 ut
2095 3343 2172 3375 puta

1180 3378 1340 3420 sanguinis
1361 3379 1394 3409 in
1418 3375 1493 3410 vasis
1514 3388 1584 3419 quae
1606 3378 1640 3410 in
1662 3376 1809 3413 cerebro,
1832 3378 1865 3408 &
1895 3377 1978 3410 circa
2009 3376 2170 3409 cerebrum

1179 3421 1250 3454 sunt
1266 3445 1273 3457 .
1297 3419 1465 3454 restitantis
1479 3421 1627 3460 ,Qubus
1649 3431 1706 3461 ego
1728 3418 1928 3455 Dofflffimis
1952 3420 2042 3453 Viris
2064 3419 2174 3453 haete-

1180 3475 1238 3497 nus
1261 3464 1294 3495 in
1317 3465 1343 3496 Ι.
1368 3462 1404 3496 ad
1428 3472 1459 3495 te
1474 3463 1617 3506 Epistola
1638 3464 1721 3502 (i),
1743 3462 1908 3505 multoque
1919 3462 2127 3505 etiammagis
2139 3464 2172 3495 in

1173 3506 1375 3541 Adversariis
1397 3506 1487 3547 (4),
1509 3505 1638 3540 assensus
1660 3505 1754 3546 sum,
1775 3514 1811 3540 ut
1834 3514 1938 3538 tamen
1962 3515 2025 3538 non
2036 3505 2108 3547 plus
2119 3504 2175 3539 de-

1175 3550 1280 3584 derim
1302 3561 1395 3593 quam
1419 3549 1508 3594 quod
1532 3550 1602 3582 aliis
1627 3548 1865 3592 Sapientiffimis
1889 3549 1979 3581 Viris
2003 3547 2077 3582 satis
2109 3548 2172 3587 est,

1694 3592 1724 3625 E
1767 3603 1785 3624 2
2064 3591 2133 3634 ple-

123 3650 2176 3674 w

181 3691 245 3722 (s)
264 3689 316 3714 Αξὶ.
333 3691 392 3714 Nat.
408 3690 466 3713 Cur.
483 3688 515 3710 T.
531 3693 554 3713 4.
574 3683 630 3708 Obs.
647 3691 700 3715 ¹35·
717 3692 773 3710 cum
789 3682 871 3708 schol.

181 3725 223 3746 (x
238 3722 251 3749 )
270 3728 293 3744 n.
310 3729 331 3747 4.
347 3723 368 3744 6.
389 3726 410 3747 9.
429 3726 465 3743 ιι.
485 3721 522 3741 ι6.
539 3723 575 3738 21.
593 3718 629 3738 26.
647 3720 686 3739 ιε,

183 3753 199 3781 ζ
214 3760 230 3775 a
246 3752 258 3780 2
276 3752 349 3774 Anat.
366 3748 475 3774 Praelest-
494 3747 509 3771 Ι.
524 3754 547 3776 5.
565 3745 633 3770 Lest.
653 3753 674 3769 ι.

182 3783 192 3811 ί
210 3791 222 3806 e
239 3782 396 3812 >Coma-nere.
418 3779 504 3803 Litter.
520 3779 554 3801 A.
573 3779 640 3806 1736-
658 3775 792 3837 Plebis-46.

184 3816 202 3840 Ι.
216 3813 230 3836 h
740 3812 750 3828 ι
766 3809 778 3831 J
795 3811 818 3830 n.
836 3813 859 3833 5.

247 3811 261 3840 )
277 3811 370 3836 Advert
389 3809 462 3835 indic.
480 3807 594 3833 Animad.
612 3813 651 3831 ιο.

931 3682 939 3713 (
962 3688 973 3705 e
987 3682 1001 3709 )
1019 3682 1108 3704 Annot.
1124 3679 1149 3703 in
1166 3679 1279 3707 Hippocr.
1297 3680 1303 3702 1
1323 3686 1345 3700 2-
1362 3679 1391 3701 de
1408 3677 1489 3702 Morb.
1508 3679 1563 3703 vers.
1581 3682 1618 3707 64.

747 3719 752 3742 (
771 3722 790 3744 y
805 3713 853 3742 )rl.
873 3720 892 3736 1.
909 3714 931 3737 S.
949 3720 962 3735 ²
988 3712 1012 3735 in
1031 3711 1113 3734 Addit.
1129 3709 1185 3733 Obs.
1203 3716 1238 3733 ιι.

737 3747 747 3770 ‘
763 3744 777 3768 ⁶
793 3743 802 3775 )
817 3744 896 3802 T‘z‘}
910 3743 1171 3804 revisimus„
1255 3800 1257 3803 ¹

920 3804 935 3833 (
950 3802 966 3826 k
983 3802 996 3831 )
1011 3800 1105 3826 Advers.
1122 3801 1194 3825 indie.
1213 3799 1323 3823 Ammad.
1341 3801 1377 3827 84.

1680 3678 1694 3706 (
1710 3685 1726 3700 u
1741 3677 1755 3705 )
1771 3685 1795 3700 n.
1815 3684 1853 3701 ιι.
1870 3684 1908 3701 20.
1926 3687 1962 3707 ²4—

1299 3707 1307 3737 (
1325 3717 1343 3736 z
1361 3712 1368 3737 )
1383 3709 1522 3734 Commetc.
1542 3709 1626 3733 Littera
1644 3709 1673 3731 A.
1691 3715 1756 3735 ¹74¹·
1775 3707 1852 3731 Hebd.
1872 3715 1909 3738 44.
1928 3717 1952 3733 n.
1973 3716 1995 3734 ι.

1212 3742 1368 3771 (c)n.ifz.
1429 3740 1601 3768 (d)n.31.

1227 3772 1238 3793 (
1252 3777 1270 3798 g
1286 3768 1299 3796 )
1316 3768 1375 3792 Hist.
1393 3767 1421 3793 de
1438 3769 1534 3795 l'Aead.
1554 3771 1583 3793 R.
1600 3769 1640 3794 des
1656 3770 1692 3793 Sc.
1710 3769 1740 3793 Α.
1760 3775 1827 3798 ¹734-
