2498 4075
454 130 548 183 116

381 212 420 240 ro
441 210 456 245 (
478 218 493 240 r
514 210 550 247 )‚
573 202 662 247 cujus
684 215 815 248 quoque
840 204 1040 240 Observatio
1063 208 1091 241 ei
1123 208 1213 251 signo
1236 209 1382 243 adversa-

378 256 451 285 tur,
475 249 583 283 malim
598 271 605 283 ‚
629 250 780 289 inquam,
805 250 929 283 credere
950 272 959 287 ,
983 261 1056 283 cum
1079 252 1280 295 propositum
1303 252 1345 285 est
1367 274 1381 291 ,

379 291 467 326 casus
490 292 642 333 quosdam
668 289 757 323 fuisse
783 293 936 334 speetatos
969 295 1002 326 in
1024 295 1143 335 quibus
1166 306 1221 329 aut
1244 296 1380 328 necdum

380 334 558 376 progressus
582 332 659 366 esset
684 335 836 371 morbus,
859 345 912 368 aut
936 346 1018 368 certe
1043 348 1123 377 aqua
1148 350 1246 380 pauca
1269 338 1344 371 eslet
1370 363 1378 371 .

380 377 478 411 Unde
503 377 666 423 intelligas
690 378 787 417 licet,
810 377 935 413 tametsi
961 379 1034 412 huic
1058 379 1147 420 signo
1163 393 1196 414 ea
1219 392 1290 423 quae
1302 392 1379 422 pau-

378 420 411 453 lo
434 429 505 453 ante
527 420 654 461 objecta
683 420 776 458 sunt,
802 419 906 462 objici
930 432 994 454 non
1019 421 1165 463 possent,
1189 424 1304 457 inutile
1329 434 1378 456 ta-

374 474 446 497 men
471 462 574 505 ipsum
597 460 687 500 fore,
710 474 783 498 cum
807 463 952 506 hydrops
976 467 1143 507 peritonaei
1167 467 1205 500 ad
1230 468 1377 500 umbilici

374 507 541 547 regionem
566 516 630 539 non
657 507 684 540 se
705 507 913 545 extenderet,
938 508 1082 550 itemque
1106 521 1144 542 eo
1168 519 1313 551 tempore
1336 510 1374 543 ad

373 549 447 582 illos
471 549 550 583 alios
573 548 743 582 conclusos
765 547 927 592 hydropes
950 574 963 591 ,
998 552 1119 594 quippe
1141 553 1223 585 inter
1246 552 1370 586 muscu-

373 592 444 632 los,
467 594 498 625 &
521 593 734 635 peritonaeum
758 594 892 626 minime
919 594 1017 633 sitos,
1042 595 1081 626 ab
1104 593 1165 628 hoc
1183 595 1222 629 de
1244 599 1372 637 quolo-

371 635 524 677 quimur‚
547 634 827 669 intel-noscendos.
851 636 950 677 Qod
975 639 1005 670 δι
1030 637 1067 670 de
1092 637 1313 679 aliisejusdem
1339 638 1374 671 fi-

371 679 444 721 gnis
476 689 585 711 vereor
606 701 614 717 ,
651 690 723 721 quae
747 691 763 712 a
787 680 879 713 Viris
901 701 911 716 ,
943 681 1141 723 caeteroquin
1174 681 1372 715 Doffiffimis

369 732 615 764 proponuntur.
640 723 721 755 Sunt
744 721 810 756 haec
832 748 840 757 .
864 724 895 754 Si
921 733 1029 756 venter
1053 723 1184 757 eandem
1206 722 1273 758 fere
1295 737 1374 758 con-

369 764 474 799 servat
498 763 635 806 figuram
655 787 664 803 ‚
699 765 822 799 tametsi
846 766 993 807 corporis
1026 764 1101 800 situs
1132 777 1276 802 mutetur
1297 793 1304 801 .
1341 769 1372 801 Si

368 816 480 840 tumor
503 807 694 849 peculiarem
718 809 815 842 habet
837 809 1173 850 circumscriptionem
1199 834 1207 842 .
1239 812 1270 843 Si
1295 823 1371 844 ven-

367 851 426 884 tris
450 850 493 883 est
518 850 607 885 locus
631 851 746 893 aliquis
768 853 801 884 in
824 863 890 894 quo
911 877 920 892 ‚
945 851 965 885 si
991 853 1030 885 ab
1053 853 1156 887 altero
1179 855 1276 887 latere
1301 866 1372 897 per-

367 894 511 928 cutiatur
535 916 549 934 ,
580 894 686 927 nullus
711 897 745 928 in
768 893 919 937 oppofito
944 896 1027 929 ifius
1049 921 1061 937 ‚
1084 897 1172 930 nulla
1196 897 1367 931 fluctuatio

364 937 563 979 percipitur.
589 939 713 972 Verum
732 960 741 976 ‚
775 949 811 972 ut
836 939 875 978 ab
898 937 960 972 hoc
984 939 1101 973 ultimo
1124 941 1278 982 incipiam
1299 965 1307 978 ,
1337 943 1367 973 &

365 982 539 1018 omittam,
564 980 736 1015 Nuckium
759 981 839 1025 (s)
862 982 945 1015 inter
971 981 1056 1023 signa
1071 1009 1081 1025 ‚
1106 995 1159 1018 aut
1183 994 1269 1017 certe
1282 985 1367 1016 inter

364 1024 449 1057 bona
472 1024 562 1065 figna
586 1025 693 1058 morbi
717 1024 812 1068 hujus
836 1023 869 1058 id
894 1024 1026 1068 posuisse
1048 1054 1058 1067 ,
1085 1026 1114 1068 fi
1130 1027 1368 1069 flubluatr'onem

354 1064 427 1108 fere
450 1067 569 1100 nullam
587 1065 762 1109 persentiat
784 1075 934 1111 aegrotans
952 1082 962 1106 3
995 1069 1259 1104 Hoechstetterus
1282 1072 1295 1108 (
1317 1077 1332 1102 τ
1348 1069 1366 1111 )

363 1110 402 1142 de
426 1120 507 1153 aegra
532 1111 584 1145 sua
609 1112 642 1144 in
666 1121 811 1145 extremo
834 1110 966 1145 Scholio
991 1112 1160 1147 adnotavit
1181 1136 1190 1150 ‚
1216 1123 1367 1155 magnam

364 1156 485 1189 ventris
510 1154 631 1188 molem
657 1154 796 1188 sonitum
821 1155 952 1197 quidem
975 1155 1090 1189 dedisse
1107 1156 1253 1199 pulsam,
1279 1165 1364 1197 tym-

361 1198 437 1241 pani
462 1196 579 1235 instar3
596 1197 831 1239 fluduationem
855 1209 963 1232 autem
985 1209 1067 1241 aquae
1089 1210 1243 1241 nunquam
1276 1196 1366 1232 fuisse

362 1249 567 1282 perceptam,
592 1244 622 1274 δε
647 1241 857 1274 Camerarius
882 1251 969 1283 pater
994 1247 1004 1281 (
1027 1254 1047 1275 u
1069 1246 1082 1283 )
1106 1254 1144 1275 ne
1166 1244 1200 1274 in
1236 1252 1365 1275 mortua

360 1284 491 1325 quidem
506 1309 516 1325 ,
539 1293 614 1317 cum
639 1293 781 1317 ventrem
806 1285 962 1318 nimirum
977 1285 1014 1317 ’δε
1039 1286 1171 1319 liberius
1194 1286 1268 1319 licet
1283 1296 1365 1319 con-

362 1328 500 1360 trestare
522 1351 530 1366 ‚
565 1329 595 1361 δι
621 1328 757 1361 validius
782 1337 969 1368 percutere,
993 1328 1097 1363 visum
1121 1328 1179 1362 esse
1201 1329 1280 1372 quid
1305 1341 1365 1371 po-

362 1372 427 1404 tius
451 1370 604 1410 humidi,
626 1383 723 1414 quam
747 1371 868 1408 solidi,
891 1373 1059 1405 continere
1076 1398 1085 1412 ,
1110 1372 1230 1416 scripsit
1246 1397 1253 1409 ‚
1278 1371 1365 1404 nulla

361 1414 514 1451 videlicet
534 1414 731 1456 percipienda
748 1412 955 1456 finft'uatione
980 1439 987 1447 .
1023 1416 1104 1449 Non
1137 1416 1279 1458 proderit
1301 1416 1367 1457 igi-

358 1466 414 1493 tur
446 1457 508 1492 hoc
532 1458 665 1491 tertium
698 1457 823 1500 signum
844 1479 852 1495 ‚
887 1456 944 1491 nifi
970 1459 1025 1492 ubi
1057 1459 1151 1494 liceat
1175 1458 1367 1493 fluduatio-

359 1512 433 1535 nem
467 1501 719 1536 animadvertere
745 1526 752 1534 .
800 1501 952 1536 Alterum
985 1513 1091 1537 autem
1116 1524 1125 1540 ‚
1159 1514 1174 1536 a
1210 1501 1366 1545 peculiari

357 1546 501 1581 tumoris
524 1545 826 1587 circumscriptione
848 1546 986 1586 petitum
1006 1569 1016 1584 ,
1050 1545 1159 1588 juvare
1185 1557 1250 1579 non
1275 1555 1368 1588 pote-

359 1590 425 1629 rit,
449 1600 522 1623 cum
546 1588 598 1622 hic
622 1588 767 1630 hydrops
792 1588 949 1622 abdomen
980 1599 1087 1623 totum
1110 1588 1266 1624 distendet
1291 1587 1332 1621 sic
1357 1609 1366 1625 ‚

330 1646 336 1648 s
360 1642 397 1667 ut
419 1640 528 1666 venter
543 1631 627 1674 satis
648 1631 808 1673 aequaliter
830 1633 970 1664 tumidus
993 1631 1054 1672 fit,
1078 1642 1111 1666 ut
1135 1632 1221 1666 idem
1246 1633 1368 1666 Came-

359 1677 463 1712 rarius
487 1675 656 1717 loquitur,
682 1673 744 1707 sive
767 1699 777 1714 ,
801 1683 837 1707 ut
861 1676 1105 1709 Drelincurtius
1129 1678 1142 1714 (
1165 1675 1220 1717 x)
1242 1674 1327 1708 vidit
1352 1696 1362 1712 ‚

358 1719 486 1762 ,equalis
509 1717 569 1758 sit,
591 1728 649 1751 non
672 1719 869 1750 acuminatus
883 1740 892 1755 ‚
917 1717 1068 1760 nullasque
1090 1718 1163 1752 hinc
1186 1718 1254 1751 inde
1277 1728 1364 1751 mon-

356 1760 469 1799 ticulis
492 1761 700 1795 extuberans.
726 1759 815 1794 Cum
840 1772 915 1794 vero
939 1771 1024 1794 certa
1047 1763 1179 1804 regione
1202 1771 1362 1794 tumorem

357 1805 640 1848 circumscriptum
663 1804 836 1838 ostenderit
861 1818 869 1840 3
905 1815 1007 1846 neque
1029 1816 1069 1838 an
1104 1816 1142 1838 ex
1164 1803 1312 1847 hydrope
1338 1806 1364 1837 is

358 1849 398 1886 fit
416 1870 428 1888 ,
452 1853 482 1882 &
508 1848 529 1881 si
555 1860 592 1882 ex
617 1847 764 1890 hydrope
786 1869 796 1885 ‚
833 1859 870 1880 an
896 1848 1066 1890 peritonaei
1091 1870 1100 1886 ‚
1128 1859 1166 1881 an
1190 1859 1299 1880 earum
1323 1847 1363 1880 de

357 1893 477 1938 quibus
491 1891 643 1927 Nuckius
668 1891 800 1933 ajebat,
824 1890 993 1931 Partium,
1018 1891 1093 1924 satis
1116 1900 1292 1934 propterea>
1309 1901 1366 1932 ap-

360 1938 486 1982 parebit
510 1959 519 1974 ‚
555 1936 612 1969 ubi
637 1944 746 1969 tumor
770 1933 924 1968 inferiora
948 1944 1075 1968 teneat:
1101 1945 1285 1977 quanquam
1311 1933 1361 1966 vel

359 1980 446 2016 tubae
472 1980 565 2013 unius
596 1978 740 2024 hydrops
764 1988 863 2021 quam
888 1977 949 2011 alte
980 1988 1214 2020 nonnunquam
1237 1975 1330 2018 poffit
1354 1996 1365 2013 ,

360 2022 490 2067 lateque
514 2023 542 2059 se
566 2022 732 2057 extendere
756 2046 766 2062 ,
800 2021 870 2063 plus
894 2021 967 2054 satis
991 2021 1127 2055 ostendit
1150 2022 1205 2055 illa
1230 2019 1367 2054 Munni-

360 2068 431 2103 ckii
464 2065 660 2102 Observatio
683 2077 755 2109 quae
779 2066 814 2098 in
846 2063 1038 2097 Bibliotheca
1059 2064 1254 2098 ,Anatomiccz
1276 2066 1329 2104 (y
1350 2065 1366 2102 )

363 2112 450 2146 edita
472 2110 513 2145 est
536 2137 542 2144 .
582 2110 744 2144 Postremo
767 2107 855 2152 quod
888 2108 925 2141 ad
950 2109 1093 2150 primum
1126 2107 1209 2141 illud
1240 2107 1369 2148 fignum

360 2157 504 2192 attiners
528 2153 609 2188 utile
633 2156 695 2187 erit
718 2151 849 2186 fortaffe
870 2162 947 2185 cum
968 2162 1059 2193 aquae
1084 2152 1261 2194 peritonaeo
1277 2160 1369 2183 coer-

362 2201 435 2234 citae
461 2200 568 2232 minor
592 2197 694 2231 adhuc
719 2196 781 2229 erit
805 2195 919 2238 copia.
944 2194 1004 2227 Sed
1026 2206 1100 2228 cum
1122 2193 1192 2228 haec
1216 2192 1294 2227 adeo
1317 2194 1368 2242 in-

365 2242 502 2277 creverit
522 2266 533 2282 ,
565 2250 601 2275 ut
636 2248 775 2276 venter,
810 2238 1084 2283 quemadmodum
1118 2238 1152 2270 in
1188 2236 1367 2270 Meekrenii

366 2291 376 2327 ζ
402 2299 426 2330 z
447 2289 461 2328 >
484 2286 610 2329 pfflura
635 2283 743 2323 vides,
768 2282 806 2316 ad
831 2281 933 2315 media
956 2279 1100 2322 femora,
1125 2290 1180 2314 aut
1205 2279 1242 2314 ad
1267 2290 1370 2322 genua

366 2328 432 2364 fere
456 2355 465 2369 ‚
499 2328 580 2363 ficut
604 2328 787 2370 Helwigius
811 2330 821 2365 (
845 2338 862 2359 a
884 2329 899 2366 >
921 2324 1072 2360 describit
1095 2347 1104 2363 ‚
1137 2324 1335 2366 propendeat
1359 2343 1368 2360 ‚

366 2376 434 2408 imo
469 2369 545 2407 hinc
569 2384 662 2405 crura
687 2393 695 2408 ‚
730 2369 804 2402 inde
836 2378 945 2402 totum
978 2369 1118 2411 ρεᾶυς,
1154 2377 1190 2401 ut
1215 2366 1370 2400 Palfinius

368 2422 379 2457 (
403 2417 421 2449 b
444 2419 458 2457 )
483 2414 579 2449 refert
595 2438 604 2454 ,
625 2414 751 2456 operiat
771 2424 783 2451 ,·
817 2422 894 2445 tunc
918 2421 1002 2444 certe
1027 2421 1091 2443 non
1115 2410 1158 2443 est
1182 2409 1338 2443 credibile
1359 2434 1371 2449 ,

366 2460 391 2496 fi
417 2468 558 2494 mutetur
583 2458 729 2499 corporis
753 2455 851 2495 situs,
875 2457 994 2487 ventris
1016 2453 1152 2495 figuram
1177 2464 1240 2485 non
1266 2463 1373 2486 muta-

369 2505 420 2540 xi.
446 2505 574 2537 Caetera
599 2510 707 2534 autern
730 2509 801 2542 quae
826 2497 1012 2534 adduntur,
1037 2497 1123 2538 ligna
1147 2496 1316 2539 postquam
1339 2507 1373 2528 a-

367 2560 432 2590 qua
455 2547 569 2581 educta
595 2556 610 2577 a
633 2543 803 2583 chirurgo
824 2540 889 2580 est,
912 2552 966 2583 per
990 2539 1153 2583 specillum
1176 2562 1185 2576 ‚
1218 2551 1272 2581 per
1293 2549 1373 2573 con-

366 2591 615 2626 trefiationem2
640 2597 693 2629 per
718 2585 923 2628 injefflonem
945 2583 1136 2627 quaerenda,
1162 2592 1375 2625 praeterquam

368 2635 436 2670 sera
460 2634 554 2674 sunt,
580 2629 737 2674 ejusmodi
763 2629 858 2662 etiam
883 2627 979 2668 sunt,
1001 2636 1037 2660 ut
1062 2627 1212 2659 morbum
1236 2625 1322 2660 hunc
1336 2626 1375 2659 ab

370 2678 469 2713 ascite
491 2676 623 2720 quidem
638 2699 647 2715 ‚
671 2673 723 2708 sed
748 2683 812 2706 non
837 2672 877 2706 ab
900 2672 969 2705 aliis
993 2670 1057 2704 illis
1080 2669 1375 2714 hydropisgeneri-

366 2721 428 2759 bus
452 2722 630 2756 secernant.
1116 2757 1122 2764 ,

415 2770 468 2800 60.
493 2766 582 2799 Cave
608 2771 720 2805 putes,
744 2772 816 2802 quae
842 2756 995 2793 hae'tenus
1019 2765 1201 2791 examinata
1225 2757 1298 2790 sunt
1318 2778 1331 2796 ,
1355 2767 1371 2789 a

370 2823 423 2847 me
447 2807 532 2850 signa
556 2805 754 2848 improbari.
779 2802 880 2836 Casus
904 2804 991 2836 enim
1014 2801 1184 2834 dumtaxat
1205 2803 1316 2842 excepi
1335 2801 1370 2832 in

372 2854 492 2899 quibus
515 2852 662 2893 pleraque
686 2848 818 2881 inutilia
842 2844 901 2880 esse
924 2844 1041 2887 poffint
1067 2868 1074 2878 .
1099 2843 1240 2891 Difficile
1263 2853 1370 2878 autem

371 2895 493 2932 accidet
517 2918 526 2933 ,
552 2904 588 2928 ut
612 2891 770 2934 plerisque
794 2893 827 2924 in
851 2888 973 2923 casibus
996 2887 1126 2922 inutilia
1151 2888 1211 2920 sint
1234 2888 1369 2924 omnia,

369 2937 548 2986 praesertim
573 2936 594 2969 si
620 2936 720 2977 prima
745 2935 851 2968 morbi
877 2943 1021 2973 tempora
1054 2931 1242 2973 diligentius
1264 2939 1371 2964 atten-

369 2985 483 3019 damus
508 3004 516 3019 ‚
553 2983 582 3014 &
604 2989 675 3022 quae
707 2987 778 3011 tum
802 2987 905 3010 rerum
942 2974 1039 3008 facies
1062 2974 1162 3009 fuerit
1180 2996 1190 3012 ,
1224 2985 1370 3008 accurare

370 3027 570 3071 spectemus,
594 3031 631 3056 ut
656 3030 733 3064 puta
755 3020 776 3053 si
802 3021 841 3053 ab
863 3019 1033 3062 epigastrio
1057 3028 1168 3052 tumor
1190 3019 1367 3060 inceperit,

368 3079 424 3106 aut
448 3070 472 3103 sl
497 3069 536 3102 ab
559 3064 792 3108 hypogastrio,
815 3062 994 3096 immobilis
1017 3071 1121 3095 tamen
1146 3058 1245 3094 fuerit
1260 3085 1270 3101 ‚
1292 3061 1369 3094 dum

368 3115 490 3149 cubans
513 3109 649 3145 foemina
672 3109 707 3141 in
732 3108 869 3141 alterum
894 3106 922 3138 se
944 3115 1145 3139 converteret
1170 3104 1252 3138 latus
1273 3128 1283 3143 ,
1313 3115 1368 3136 ne-

367 3170 431 3203 que
465 3156 558 3190 stanti
581 3153 700 3187 interni
733 3150 771 3184 acl
795 3149 913 3192 pubem
944 3148 1092 3191 ponderis
1126 3147 1247 3181 sensum
1270 3169 1279 3184 ‚
1313 3156 1366 3180 aut

366 3198 534 3244 mingendi
566 3195 788 3231 difficultatem
812 3192 956 3225 attulerit
981 3206 991 3225 :
1024 3202 1208 3235 quanquam
1240 3200 1369 3232 progre-

368 3247 477 3280 diente
501 3242 598 3275 etiarn
623 3241 739 3273 morbo
759 3262 768 3276 ‚
802 3236 921 3269 indicia
945 3234 1001 3269 ess'e
1025 3235 1139 3277 poffint
1164 3233 1245 3268 unde
1268 3244 1368 3268 certas

368 3291 496 3323 Partes,
521 3283 659 3325 exempli
683 3283 788 3323 gratia
803 3289 953 3317 uterum,
976 3279 1115 3313 insontes
1127 3278 1362 3314 existimemus,

369 3342 406 3366 ut
430 3330 451 3364 si
477 3330 539 3362 rite
563 3335 696 3370 pergant
721 3324 879 3358 menstrua
905 3321 1088 3364 respondere
1111 3347 1120 3360 ,
1145 3330 1200 3354 aut
1224 3319 1326 3363 ipsum
1350 3343 1362 3360 ‚

370 3378 401 3409 &
424 3374 517 3407 tubas
541 3393 550 3409 ‚
587 3373 617 3403 &
641 3370 749 3401 ovaria
774 3367 953 3409 hydropico
976 3390 984 3403 ‚
1019 3366 1122 3398 aliove
1145 3374 1272 3397 tumore
1297 3375 1362 3397 non

369 3417 521 3461 gravari,
544 3411 756 3454 conjiciamus
776 3433 785 3447 ,
808 3420 844 3444 ut
867 3410 888 3442 fi
916 3409 1030 3442 mulier
1054 3408 1137 3442 nihil
1162 3418 1272 3441 eorum
1297 3407 1363 3440 sen-

367 3463 430 3495 tiat
453 3470 524 3503 quae
548 3456 647 3491 modo
667 3455 808 3490 diximus
831 3478 839 3488 .
871 3454 909 3486 In
934 3452 1054 3486 summa
1085 3451 1279 3487 laudandum
1310 3462 1365 3484 eo-

1010 129 1167 184 Liber
1200 130 1306 184 111.
1340 131 1425 184 De
1462 129 1668 183 Morbis
1708 131 1918 185 Ventris

1435 219 1505 243 rum
1529 207 1730 251 propositum
1753 234 1761 247 ‚
1793 211 1822 242 δε
1846 208 2014 249 ingenium
2048 207 2092 241 est
2116 209 2172 251 qui
2204 209 2301 251 primi
2334 211 2428 246 nobis

1435 252 1632 286 tradiderunt
1658 251 1844 285 morborum
1870 252 1955 293 signa
1973 276 1980 283 .
2006 249 2199 285 Nostrarum
2223 262 2328 288 tamen
2356 268 2428 297 par-

1434 296 1517 328 tium
1541 293 1583 328 est
1601 320 1608 333 ,
1641 304 1676 327 ut
1700 295 1825 329 collatis
1859 295 2004 337 pluribus
2027 305 2123 335 quam
2146 295 2203 337 ipsi
2229 300 2393 337 potuerint
2418 322 2426 337 ‚

1430 341 1460 371 &
1485 338 1695 373 morborum,
1719 339 1750 370 δι
1774 336 1997 371 ἀὶΙῖεᾶίοηυῑῑι
2011 336 2173 374 historiis,
2198 338 2426 380 dispiciamus,

1429 393 1497 422 quo
1520 380 1609 423 signo
1635 382 1758 419 tutius,
1781 383 1811 413 &
1833 380 1988 422 quando,
2013 391 2078 421 quo
2105 390 2212 414 autem
2237 382 2320 417 secus
2337 409 2346 423 ,
2369 381 2427 417 uec

1429 424 1492 457 sine
1515 425 1629 457 erroris
1654 424 1799 464 periculo
1821 425 1867 456 uti
1890 422 2058 466 poffimus.

1472 470 1524 500 61.
1553 467 1603 499 Sic
1624 467 1723 499 etiam
1747 466 1781 498 in
1805 464 1902 507 hujus
1914 465 2093 508 hydropis,
2118 467 2152 500 id
2174 466 2217 500 est
2229 469 2425 509 perstonaei,

1426 511 1613 545 curatione3
1638 519 1672 542 ut
1694 509 1733 543 de
1757 508 1815 542 hac
1837 520 1966 553 quoque
1990 534 1999 548 ‚
2024 510 2071 542 uti
2096 509 2301 548 promisimus
2320 536 2330 549 ,
2364 513 2428 545 ali,

1425 555 1504 596 quid
1530 554 1727 594 attingamus
1751 566 1760 588 3
1795 553 1872 593 quid
1898 552 2010 586 melius
2040 564 2055 585 a
2080 553 2205 595 Tulpio
2241 558 2251 593 (
2276 558 2326 594 c)
2347 577 2359 594 ,
2394 557 2426 587 δε

1423 595 1615 629 Meekrenio
1638 600 1648 634 (
1672 596 1690 628 d
1711 599 1725 634 )
1750 595 1820 628 fieri
1844 599 1972 637 potuit,
1996 607 2092 638 quam
2113 606 2147 628 ut
2172 596 2423 637 paracenrefim,

1425 652 1441 672 a
1466 639 1610 677 Walaeo,
1634 641 1664 671 &
1686 638 1850 677 costero,
1874 638 1999 672 vivente
2022 640 2152 673 muliere
2178 665 2186 679 ,
2217 640 2424 674 commenda-

1424 693 1513 718 tam,
1536 681 1631 722 hujus
1655 681 1793 723 inspec'ta
1818 692 1871 722 per
1894 691 2062 715 anatomen
2087 683 2192 716 morbi
2215 695 2328 717 natura
2348 705 2356 719 ‚
2393 685 2424 716 &

1425 725 1519 760 sede,
1544 724 1689 758 adversus
1712 724 1878 766 peritonaei
1903 723 2084 767 hydropem
2108 727 2200 760 unice
2226 724 2423 760 laudarent?

1423 770 1552 804 Scilicet
1576 766 1650 801 hine
1673 768 1804 800 inutilia
1829 768 1968 801 remedia
1994 778 2127 806 caetera,
2153 769 2227 802 inde
2252 780 2357 804 autem
2380 769 2424 801 il-

1424 813 1488 845 lam
1512 811 1665 845 videbant
1690 814 1721 843 Sc
1744 811 1922 852 expeditius
1938 833 1951 850 ,
1974 814 2004 843 ὅτ
2026 813 2131 846 tutius
2153 812 2279 846 institui
2303 810 2389 857 posse
2412 833 2423 849 ,

1425 856 1546 897 quippe
1570 854 1745 887 visceribus
1770 855 1809 887 ab
1832 865 1913 896 aqua
1936 855 2062 895 penitus
2087 855 2231 893 seclum,
2258 857 2423 899 eoquein-

1421 901 1540 940 tegris,
1565 898 1648 931 unde
1671 898 1706 930 in
1732 895 1794 930 hoc
1817 896 1964 938 hydrope
1987 896 2111 931 diutius
2135 899 2273 932 servatus
2288 924 2297 939 ‚
2320 908 2356 932 ut
2369 897 2423 933 di-

1421 944 1527 976 ximus
1551 945 1561 980 (
1586 952 1600 973 e
1617 940 1655 982 )‚
1679 940 1820 983 corporis
1844 943 1938 981 vigor
1960 952 2032 973 cum
2060 942 2222 977 acftionum
2248 943 2424 976 incolumi-

1422 994 1507 1023 tate,
1534 985 1647 1026 procul
1673 984 1773 1016 dubio
1798 982 1840 1015 est
1864 983 2068 1024 repetendus.
2096 985 2213 1018 Iisdem
2236 986 2421 1018 rationibus

1419 1028 1559 1072 permoti
1583 1028 1690 1060 caeteri
1713 1025 1902 1066 &Medici,
1925 1027 2124 1073 &Chirurgi
2148 1030 2181 1061 iu
2205 1029 2335 1062 eandem
2352 1028 2423 1061 sen-

1420 1074 1557 1105 tentiam
1579 1071 1724 1108 iverunt‚
1752 1069 1891 1102 Nuckio
1914 1068 1964 1111 (f
1987 1073 1997 1107 )
2024 1072 2198 1111 praesertim
2235 1083 2299 1104 non
2321 1072 2418 1105 dubi-

1420 1115 1511 1148 tante
1527 1140 1535 1153 ‚
1560 1115 1639 1155 quin
1663 1112 1921 1156 lymphaedut'stus
1942 1112 2102 1155 disrupti,
2129 1115 2245 1148 iterum
2268 1115 2421 1148 claudan-

1417 1167 1470 1192 tur
1494 1156 1663 1199 postquam
1687 1156 1798 1189 ednota
1823 1166 1925 1198 aqua,
1948 1157 2035 1189 inter
2058 1155 2087 1189 se
2110 1159 2339 1192 contrahentes
2363 1159 2421 1192 ab-

1418 1201 1561 1234 dominis
1585 1198 1761 1237 musculos,
1785 1201 1817 1231 &
1841 1201 2009 1240 peritonaei
2035 1199 2167 1233 laminas
2201 1203 2420 1243 comprimun-

1419 1254 1494 1281 tur,
1517 1243 1606 1285 quod
1630 1245 1662 1275 in
1686 1241 1785 1275 ascite
1809 1264 1818 1278 ,
1848 1240 1873 1273 li
1900 1241 1940 1274 ab
1973 1244 2080 1283 ruptis
2104 1243 2181 1277 vafis
2205 1243 2422 1287 lymphaticis

1416 1296 1509 1321 ortus
1533 1286 1592 1324 sit,
1619 1287 1753 1319 minime
1776 1284 1892 1318 habeat
1917 1285 2044 1321 locum,
2067 1289 2098 1319 δε
2118 1287 2276 1321 absolutas
2300 1287 2358 1321 hac
2371 1300 2421 1321 ra-

1416 1332 1506 1365 tione
1529 1328 1606 1363 duas
1628 1328 1787 1372 hydropis
1812 1330 1979 1370 peritonaei
2003 1329 2186 1363 curationes
2198 1334 2421 1372 producente,

1417 1375 1534 1408 Amici
1559 1385 1680 1412 unam,
1705 1372 1837 1405 alteram
1860 1394 1872 1411 ,
1895 1382 1992 1414 quam
2016 1372 2153 1406 attinere
2177 1372 2239 1407 huc
2263 1373 2388 1408 censuit
2411 1396 2422 1411 ‚

1418 1429 1457 1450 ex
1481 1415 1614 1450 Thoma
1640 1413 1834 1450 Bartholino
1858 1427 1867 1446 .·
1902 1414 1939 1447 ad
1963 1426 2040 1456 quas
2064 1416 2139 1449 alias
2163 1428 2259 1458 porro
2284 1416 2424 1451 addidis-

1419 1460 1484 1497 set,
1512 1460 1531 1492 si
1557 1457 1859 1496 tuneextitissent,
1886 1466 1922 1490 ut
1944 1469 2041 1499 quam
2066 1459 2118 1492 Cl.
2144 1461 2310 1500 Degnerus
2331 1464 2385 1503 (g
2409 1463 2422 1498 )

1418 1505 1452 1537 in
1475 1502 1604 1537 dextera
1637 1502 1793 1536 inferiore
1817 1500 1997 1534 abdominis
2029 1512 2117 1541 parte
2140 1523 2149 1539 ,
2182 1505 2212 1534 &
2238 1505 2284 1538 vel
2321 1505 2423 1545 magis

1418 1558 1516 1590 quam
1540 1547 1572 1580 in
1598 1546 1769 1580 abdomine
1792 1544 1941 1578 universo
1963 1567 1972 1581 ,
1998 1544 2129 1578 laudato
2154 1546 2307 1580 Brehmio
2332 1546 2386 1590 (h
2411 1551 2422 1584 )

1419 1589 1575 1623 referente
1594 1614 1606 1630 ,
1637 1588 1704 1632 ipsa
1730 1599 1784 1630 per
1817 1586 1844 1620 se
1869 1597 1980 1621 natura
2005 1587 2139 1630 perfecit
2164 1610 2173 1625 ,
2197 1590 2281 1623 clara
2304 1591 2338 1623 in
2362 1591 2422 1623 illo

1418 1633 1490 1667 casu
1514 1645 1595 1676 aqua
1616 1658 1622 1670 ,
1655 1634 1688 1665 in
1712 1630 1774 1666 hoc
1798 1640 1904 1665 autem
1928 1629 1996 1664 sero
2019 1632 2160 1673 limpido
2187 1659 2195 1671 ,
2226 1636 2256 1666 δε
2282 1632 2423 1667 inodoro

1418 1675 1573 1718 profuso.
1598 1676 1656 1709 Sed
1681 1674 1887 1717 posteaquam
1911 1674 2165 1708 animadversum
2190 1674 2235 1709 est
2254 1700 2266 1716 2
2288 1687 2352 1709 non
2376 1677 2422 1708 ira

1415 1719 1538 1761 semper
1571 1718 1688 1752 habere
1714 1718 1741 1750 se
1777 1718 1945 1759 peritonaei
1969 1716 2092 1750 saccum
2110 1741 2123 1757 ,
2147 1727 2182 1751 ut
2207 1718 2270 1752 fuit
2294 1731 2311 1753 a
2335 1719 2422 1752 Tul.

1415 1763 1489 1804 pio,
1513 1765 1545 1795 δε
1571 1762 1758 1795 Meekrenio
1769 1759 1977 1802 confluentis,
2004 1759 2053 1793 sed
2067 1762 2274 1802 tumoribus,
2298 1762 2423 1795 absces-

1415 1806 1522 1846 sibus,
1545 1805 1705 1839 ulceribus
1728 1804 1774 1838 ita
1798 1803 1879 1837 affici
1904 1803 2080 1846 aliquando
2102 1825 2114 1850 ³.
2136 1814 2170 1837 ut
2196 1806 2322 1839 detrahi
2345 1808 2424 1846 qui-

1413 1849 1488 1882 dem
1513 1861 1593 1890 aqua
1617 1849 1732 1891 potiit,
1758 1856 1791 1880 at
1815 1857 1880 1879 non
1904 1856 2073 1888 propterea
2085 1859 2174 1889 ejus,
2200 1852 2231 1881 δε
2252 1850 2345 1891 puris
2356 1848 2424 1882 sca-

1416 1893 1578 1934 turigines
1614 1892 1721 1925 siccari
1743 1917 1752 1930 ,
1795 1893 1826 1923 ὃς
1848 1889 1932 1922 hanc
1955 1890 1999 1923 ob
2022 1890 2149 1924 causam
2173 1891 2361 1925 Matronam
2385 1892 2424 1925 de

1417 1947 1480 1978 qua
1514 1935 1654 1968 Littrius
1676 1938 1691 1974 (
1712 1934 1788 1974 i),
1819 1936 1851 1966 &
1886 1933 2106 1967 mulierculam
2139 1932 2178 1967 de
2213 1946 2276 1977 qua
2310 1935 2425 1970 scribit

1419 1978 1561 2012 Laubius
1585 1982 1599 2018 (
1621 1977 1673 2019 k)
1695 2002 1703 2016 ‚
1738 1977 1855 2010 servari
1878 1987 1941 2009 non
1967 1975 2103 2017 potuisse
2123 2000 2132 2015 ,
2159 1977 2238 2011 licet
2262 1979 2311 2012 illi
2335 1981 2422 2013 intra

1417 2022 1585 2055 biennium
1611 2021 1766 2055 tredecies
1787 2043 1799 2060 ,
1830 2019 1906 2054 huic
1940 2020 2023 2053 intra
2045 2020 2154 2053 decem
2178 2021 2296 2055 menses
2319 2022 2425 2057 sexde.

1420 2066 1483 2098 cies
1507 2076 1586 2106 aqua
1609 2063 1721 2098 edufta
1744 2063 1782 2096 fit
1802 2086 1811 2101 ‚
1849 2072 1884 2097 ut
1908 2062 2030 2096 summa
2063 2064 2096 2096 in
2122 2062 2180 2097 hac
2202 2063 2301 2099 fuerit
2323 2067 2425 2100 libra-

1419 2119 1493 2142 rum
1518 2108 1603 2141 ultra
1629 2107 1842 2150 septingentas
1864 2107 2007 2148 viginti‚·
2029 2115 2100 2140 tum
2124 2118 2199 2140 vero
2223 2119 2287 2142 non
2309 2110 2355 2143 ita
2369 2121 2425 2144 ex-

1421 2150 1527 2194 pedita
1552 2150 1693 2193 semper,
1721 2153 1753 2183 &
1775 2148 1903 2189 secura,
1927 2158 1962 2183 ut
1986 2162 2001 2183 a
2026 2151 2132 2192 primo
2156 2173 2167 2190 ‚
2200 2150 2268 2185 haec
2290 2154 2424 2187 curandi

1419 2198 1504 2228 ratio
1526 2193 1595 2235 jure
1618 2194 1798 2235 meritoque
1823 2192 1888 2227 visa
1910 2192 1969 2226 est.
1994 2193 2095 2232 Quod
2120 2202 2212 2228 tanto
2237 2198 2337 2238 magis
2361 2197 2425 2234 tibi

1420 2237 1525 2271 visum
1549 2238 1611 2275 iri,
1637 2248 1702 2270 non
1724 2236 1867 2275 dubito,
1888 2245 2013 2278 quanto
2037 2239 2164 2279 plures,
2188 2249 2226 2278 ex
2250 2238 2425 2282 superiori-

1422 2283 1483 2315 bus
1505 2281 1605 2314 etiam
1629 2281 1852 2322 temporibus,
1877 2291 1894 2312 a
1920 2291 1968 2312 me
1984 2280 2237 2315 Observationes
2259 2283 2424 2324 produftae

1422 2325 1496 2358 sunt
1520 2347 1531 2363 ‚
1563 2325 1596 2356 in
1618 2325 1735 2367 quibus
1767 2324 1823 2357 illa
1847 2323 2017 2366 peritonaei
2051 2325 2132 2358 vitia
2167 2336 2230 2358 non
2262 2324 2388 2360 defuere
2414 2350 2423 2359 .

1421 2369 1539 2409 Itaque
1562 2377 1677 2408 praeter
1701 2378 1749 2400 eas
1771 2365 1944 2403 foeminas,
1966 2378 2044 2408 quas
2062 2368 2234 2401 dumtaxat
2259 2378 2424 2412 exceperat

1422 2411 1590 2452 Tulpius,
1612 2421 1749 2453 quarum
1772 2412 1855 2444 vires
1876 2410 1942 2453 jam
1965 2410 2075 2444 fratstae
2099 2410 2180 2451 sint,
2203 2413 2235 2445 δε
2258 2424 2337 2454 quas
2362 2425 2422 2455 po-

1425 2454 1507 2491 stea,
1531 2454 1575 2487 ob
1599 2453 1707 2488 causas
1741 2455 1841 2487 varias
1864 2453 1997 2495 quidem
2030 2454 2204 2489 excluserat
2236 2455 2389 2489 Nuckius
2416 2481 2426 2496 ,

1424 2495 1475 2530 sed
1501 2495 1565 2530 fere
1596 2508 1707 2530 omnes
1730 2498 1771 2531 ad
1805 2497 1892 2530 idem
1915 2507 2011 2539 caput
2034 2496 2210 2532 referendas
2230 2521 2242 2538 ‚
2276 2499 2354 2533 bene
2379 2499 2426 2533 sa-

1424 2541 1612 2584 pienterque
1637 2541 1712 2573 alias
1736 2540 1865 2583 insuper
1889 2539 2010 2576 addidit
2036 2542 2195 2582 Littrius,
2217 2542 2389 2576 admonens
2411 2566 2425 2583 ,

1426 2593 1550 2625 quanto
1582 2595 1657 2618 cum
1681 2593 1768 2617 metu
1801 2582 1941 2616 infelicis
1966 2584 2068 2617 exitus
2098 2584 2249 2618 curandas
2274 2586 2425 2629 suscipia-

1426 2639 1497 2661 mus
1535 2628 1640 2660 casin
1673 2627 1790 2669 quibus
1814 2637 1877 2659 non
1912 2627 2010 2661 inodo
2034 2628 2230 2662 inveteratus
2262 2629 2350 2664 valde
2385 2629 2424 2663 sit

1425 2669 1557 2705 morbus
1575 2693 1588 2711 ,
1619 2674 1651 2705 δι
1674 2670 1765 2704 valde
1787 2668 1932 2704 extensus
1950 2697 1959 2710 ‚
1992 2681 2102 2704 verum
2125 2671 2224 2704 etiam
2246 2673 2280 2705 in
2304 2673 2424 2715 quibus

1424 2714 1569 2748 detraeta
1591 2725 1673 2757 aqua
1697 2714 1792 2748 crassa
1808 2736 1817 2751 ,
1840 2716 1871 2747 &
1893 2713 2078 2755 grav-eolens
2101 2714 2138 2747 sit
2159 2736 2169 2752 ,
2200 2717 2231 2747 δι
2254 2718 2345 2757 pravi
2367 2728 2425 2749 co-

1425 2758 1526 2798 loris,
1550 2759 1580 2791 &
1604 2759 1638 2790 in
1662 2758 1781 2800 quibus
1805 2767 1914 2791 tumor
1927 2758 2063 2800 aliquis,
2087 2767 2140 2791 aut
2153 2758 2306 2796 durities,
2329 2759 2424 2793 emis-

1421 2800 1452 2835 sa
1476 2801 1627 2834 videlicet
1652 2812 1732 2843 aqua
1757 2824 1768 2841 ‚
1802 2802 1836 2833 in
1860 2810 1950 2843 parte
1983 2801 2086 2844 aliqua
2121 2802 2318 2843 percipiatur
2341 2802 2422 2837 sacci

1420 2845 1592 2887 peritonaei
1616 2869 1624 2877 .
1657 2845 1757 2885 Quod
1782 2844 1905 2886 signum
1941 2846 2046 2885 postea
2078 2845 2111 2877 in
2138 2845 2255 2878 Laubii
2289 2845 2423 2880 foemina

1421 2887 1626 2921 manifestum
1650 2887 1714 2921 fuit
1736 2910 1745 2925 ‚
1779 2899 1836 2921 nec
1860 2898 1923 2920 non
1947 2887 2032 2921 aliud
2053 2911 2064 2927 ,
2088 2887 2150 2921 huc
2175 2888 2389 2929 adjiciendum
2412 2912 2422 2927 ‚

1422 2930 1544 2965 scilicet
1568 2931 1691 2973 ρυηᾶο
1713 2931 1829 2965 dextro
1852 2931 1950 2963 latere
1974 2954 1983 2969 ‚
2016 2930 2097 2964 nihil
2121 2930 2178 2964 nisi
2203 2943 2259 2974 pus
2280 2931 2423 2967 effluxis-

1422 2974 1472 3014 se,
1499 2979 1575 3008 dum
1598 2984 1637 3007 ex
1660 2975 1760 3008 altero
1777 3000 1785 3012 ‚
1807 2974 2003 3015 compunsto
2027 2976 2137 3008 eodem
2150 2984 2316 3018 tempore,
2340 2989 2421 3020 aqua

1422 3017 1638 3060 profluebat.
1675 3018 1801 3053 Verum
1825 3018 1909 3060 ligna
1940 3015 2007 3051 haec
2031 3017 2146 3051 ultima
2172 3018 2209 3050 ad
2233 3029 2421 3062 praecogno-

1423 3060 1572 3094 scendum
1598 3061 1724 3095 exitum
1749 3061 1913 3104 speciant,
1936 3071 2002 3095 non
2026 3059 2230 3104 suscipiendae
2248 3085 2262 3103 ,
2292 3062 2343 3098 sed
2368 3064 2421 3099 su—

1422 3103 1536 3146 sceptae
1559 3103 1623 3146 jam
1646 3106 1822 3138 curationis
1837 3130 1845 3139 .
1987 3145 1993 3148 χ

1464 3151 1515 3180 62.
1538 3149 1586 3181 At
1611 3146 1796 3189 priusquam
1829 3160 1842 3180 a
1868 3157 1899 3181 te
1923 3147 2111 3191 suscipiatur
2130 3172 2142 3188 ‚
2175 3150 2320 3192 exquiras
2342 3150 2418 3186 dili.

1420 3201 1550 3234 genter,
1574 3192 1694 3230 velim,
1719 3203 1796 3225 num
1820 3190 1954 3226 durities
1979 3217 1988 3232 ,
2013 3201 2066 3226 aut
2090 3201 2200 3225 tumor
2223 3193 2338 3236 aliquis
2362 3207 2418 3228 an-

1419 3245 1470 3269 tea
1493 3233 1613 3274 fuerit,
1635 3245 1730 3276 quem
1755 3246 1838 3268 nunc
1862 3246 1975 3277 magna
1985 3233 2137 3270 distentio
2160 3235 2342 3271 abdominis
2362 3250 2416 3271 oer-

1413 3280 1537 3315 cultet;
1561 3286 1709 3320 praeterea
1734 3289 1810 3311 num
1833 3278 1949 3317 dolor,
1973 3289 2038 3312 non
2061 3290 2132 3313 eum
2155 3278 2230 3312 dico
2253 3291 2349 3322 quem
2372 3281 2414 3314 il-

1413 3323 1443 3355 la
1467 3320 1534 3363 ipsa
1555 3320 1708 3355 distentio
1731 3323 1837 3364 parit,
1862 3320 1913 3356 sed
1937 3320 2094 3357 ulcerosus
2109 3347 2117 3361 ,
2141 3322 2226 3356 testis
2238 3322 2412 3361 mulionis,

1413 3376 1531 3407 aegram
1555 3370 1704 3406 torqueat
1727 3389 1735 3403 ‚
1767 3375 1819 3399 aut
1844 3374 1930 3399 certe
1954 3365 2059 3407 aliqua
2082 3366 2116 3398 in
2140 3376 2228 3406 parte
2254 3366 2368 3399 arffius
2391 3379 2408 3400 a

1415 3417 1447 3440 te
1469 3409 1663 3442 contre&ati
1686 3408 1870 3443 abdominis
1893 3408 2053 3441 excitetur
2073 3434 2079 3439 .
2115 3409 2196 3441 Non
2221 3420 2270 3443 me
2291 3407 2376 3450 fugit
2400 3432 2411 3447 ‚

1414 3463 1510 3494 quam
1533 3449 1670 3485 feliciter
1693 3452 1727 3486 in
1750 3463 1862 3495 magna
1885 3452 1982 3485 etiam
1996 3451 2247 3495 suppuratione,
2269 3454 2300 3487 δε
2321 3463 2410 3487 certa

2298 3507 2369 3528 ero-

370 3584 2410 3604 ffl—*ffl—fi———m———ss———ffl

437 3658 791 3693 (r)(s)cit.adn.5o.
852 3658 1062 3688 (t)adn.47.
1123 3654 1414 3691 (u)(xlqdn.50.

433 3690 704 3720 (zjert.adn.49.
766 3688 1087 3722 (ajcb2adn.5o.·
1123 3688 1470 3718 (c)(d)cit.adn.49.

431 3721 478 3751 (g
496 3724 503 3750 )
520 3719 574 3745 Aft-
591 3722 625 3747 N.
643 3722 670 3745 C.
686 3722 759 3746 Torn.
776 3729 798 3752 5.
815 3719 875 3745 Obs.
892 3726 913 3743 a.
974 3719 1112 3749 (Ιιὶνιά.
1130 3719 1214 3750 supra,
1232 3727 1256 3744 n.
1274 3726 1311 3749 59.

1476 3659 1490 3688 (
1502 3666 1518 3689 y
1534 3658 1546 3687 )
1562 3659 1637 3682 Tom.
1657 3665 1675 3683 ι.
1688 3658 1713 3682 in
1730 3659 1820 3685 Adnot.
1831 3659 1861 3693 ad
1877 3657 1998 3683 Graafide
2013 3661 2111 3687 Mulier.
2130 3661 2238 3693 org.ubi
2255 3661 2284 3688 de
2295 3663 2402 3692 Ovidu&

1530 3689 1693 3717 (e)n.58.
1755 3689 2012 3722 (f)eit.adn-50.

1377 3718 1733 3750 (i)(k>cit.adn.5o.
