<?xml version="1.0" encoding="UTF-8"?>
<!DOCTYPE html PUBLIC "-//W3C//DTD XHTML 1.0 Transitional//EN"
    "http://www.w3.org/TR/xhtml1/DTD/xhtml1-transitional.dtd">
<html xmlns="http://www.w3.org/1999/xhtml" xml:lang="en" lang="en">
 <head>
  <title>
</title>
<meta http-equiv="Content-Type" content="text/html;charset=utf-8" />
  <meta name='ocr-system' content='tesseract 3.04.00' />
  <meta name='ocr-capabilities' content='ocr_page ocr_carea ocr_par ocr_line ocrx_word'/>
</head>
<body>
  <div class='ocr_page' id='page_1' title='image "./desedibusetcausi00morg_0565.png"; bbox 0 0 2498 4075; ppageno 0'>
   <div class='ocr_carea' id='block_1_1' title="bbox 508 188 1580 256">
    <p class='ocr_par' dir='ltr' id='par_1_1' title="bbox 508 188 1580 256">
     <span class='ocr_line' id='line_1_1' title="bbox 508 188 1580 256; baseline 0.001 -14"><span class='ocrx_word' id='word_1_1' title='bbox 508 192 660 256; x_wconf 84' lang='lat' dir='ltr'>Epist.</span> <span class='ocrx_word' id='word_1_2' title='bbox 700 192 863 246; x_wconf 83' lang='lat' dir='ltr'>Anat.</span> <span class='ocrx_word' id='word_1_3' title='bbox 900 191 1114 246; x_wconf 83' lang='lat' dir='ltr'>Medica</span> <span class='ocrx_word' id='word_1_4' title='bbox 1147 188 1312 243; x_wconf 83' lang='lat' dir='ltr'><strong>XLII.</strong></span> <span class='ocrx_word' id='word_1_5' title='bbox 1349 189 1467 246; x_wconf 87' lang='lat' dir='ltr'><strong>Art.</strong></span> <span class='ocrx_word' id='word_1_6' title='bbox 1502 207 1580 256; x_wconf 86' lang='lat'>24.</span> 
     </span>
    </p>
   </div>
   <div class='ocr_carea' id='block_1_2' title="bbox 34 254 1092 3437">
    <p class='ocr_par' dir='ltr' id='par_1_2' title="bbox 65 254 1082 2222">
     <span class='ocr_line' id='line_1_2' title="bbox 73 254 1071 316; baseline 0.002 -11"><span class='ocrx_word' id='word_1_7' title='bbox 73 254 194 308; x_wconf 69' lang='lat' dir='ltr'>tialtur.</span> <span class='ocrx_word' id='word_1_8' title='bbox 219 273 270 308; x_wconf 88' lang='lat' dir='ltr'>Sic</span> <span class='ocrx_word' id='word_1_9' title='bbox 293 273 363 316; x_wconf 84' lang='lat' dir='ltr'>post</span> <span class='ocrx_word' id='word_1_10' title='bbox 386 273 558 308; x_wconf 88' lang='lat' dir='ltr'>ischuriam</span> <span class='ocrx_word' id='word_1_11' title='bbox 574 298 581 311; x_wconf 92' lang='lat'>,</span> <span class='ocrx_word' id='word_1_12' title='bbox 605 273 707 314; x_wconf 80' lang='lat' dir='ltr'>Sylvii</span> <span class='ocrx_word' id='word_1_13' title='bbox 720 274 991 309; x_wconf 81' lang='lat' dir='ltr'>observationem</span> <span class='ocrx_word' id='word_1_14' title='bbox 1015 274 1071 307; x_wconf 86' lang='lat' dir='ltr'>ha-</span> 
     </span>
     <span class='ocr_line' id='line_1_3' title="bbox 73 315 1072 358; baseline 0 -9"><span class='ocrx_word' id='word_1_15' title='bbox 73 316 127 350; x_wconf 91' lang='lat' dir='ltr'>bes</span> <span class='ocrx_word' id='word_1_16' title='bbox 149 315 182 349; x_wconf 82' lang='lat' dir='ltr'>in</span> <span class='ocrx_word' id='word_1_17' title='bbox 206 316 417 358; x_wconf 84' lang='lat' dir='ltr'>Sepulchreto</span> <span class='ocrx_word' id='word_1_18' title='bbox 450 322 458 357; x_wconf 98' lang='lat'>(</span> <span class='ocrx_word' id='word_1_19' title='bbox 483 324 498 350; x_wconf 78' lang='lat' dir='ltr'>t</span> <span class='ocrx_word' id='word_1_20' title='bbox 521 320 530 355; x_wconf 96' lang='lat'><em>)</em></span> <span class='ocrx_word' id='word_1_21' title='bbox 564 326 724 349; x_wconf 85' lang='lat' dir='ltr'>ureterum</span> <span class='ocrx_word' id='word_1_22' title='bbox 743 316 888 358; x_wconf 75' lang='lat' dir='ltr'><em>pollicem</em></span> <span class='ocrx_word' id='word_1_23' title='bbox 921 328 977 352; x_wconf 88' lang='lat' dir='ltr'>non</span> <span class='ocrx_word' id='word_1_24' title='bbox 1002 327 1072 350; x_wconf 84' lang='lat' dir='ltr'>raro</span> 
     </span>
     <span class='ocr_line' id='line_1_4' title="bbox 73 357 1073 403; baseline 0.001 -11"><span class='ocrx_word' id='word_1_25' title='bbox 73 360 327 401; x_wconf 78' lang='lat' dir='ltr'><em>admittentium,</em></span> <span class='ocrx_word' id='word_1_26' title='bbox 350 368 442 402; x_wconf 82' lang='lat' dir='ltr'>atque</span> <span class='ocrx_word' id='word_1_27' title='bbox 465 360 588 393; x_wconf 78' lang='lat' dir='ltr'>urinam</span> <span class='ocrx_word' id='word_1_28' title='bbox 611 357 703 401; x_wconf 78' lang='lat' dir='ltr'>usque</span> <span class='ocrx_word' id='word_1_29' title='bbox 725 361 763 393; x_wconf 83' lang='lat' dir='ltr'>ad</span> <span class='ocrx_word' id='word_1_30' title='bbox 783 371 867 395; x_wconf 84' lang='lat' dir='ltr'>renes</span> <span class='ocrx_word' id='word_1_31' title='bbox 890 361 969 403; x_wconf 83' lang='lat' dir='ltr'>ipsos</span> <span class='ocrx_word' id='word_1_32' title='bbox 991 361 1023 393; x_wconf 88' lang='lat' dir='ltr'>in</span> <span class='ocrx_word' id='word_1_33' title='bbox 1039 359 1073 401; x_wconf 87' lang='lat' dir='ltr'>se</span> 
     </span>
     <span class='ocr_line' id='line_1_5' title="bbox 73 402 1071 445; baseline 0 -10"><span class='ocrx_word' id='word_1_34' title='bbox 73 403 297 437; x_wconf 82' lang='lat' dir='ltr'>continentium</span> <span class='ocrx_word' id='word_1_35' title='bbox 319 429 328 445; x_wconf 90' lang='lat'>‚</span> <span class='ocrx_word' id='word_1_36' title='bbox 362 415 394 437; x_wconf 89' lang='lat' dir='ltr'>ut</span> <span class='ocrx_word' id='word_1_37' title='bbox 420 402 530 437; x_wconf 86' lang='lat' dir='ltr'>scribit</span> <span class='ocrx_word' id='word_1_38' title='bbox 555 427 564 442; x_wconf 93' lang='lat'><strong>,</strong></span> <span class='ocrx_word' id='word_1_39' title='bbox 596 413 659 435; x_wconf 85' lang='lat' dir='ltr'>non</span> <span class='ocrx_word' id='word_1_40' title='bbox 685 413 714 435; x_wconf 88' lang='lat'>2.</span> <span class='ocrx_word' id='word_1_41' title='bbox 739 402 789 436; x_wconf 86' lang='lat' dir='ltr'>sed</span> <span class='ocrx_word' id='word_1_42' title='bbox 817 414 842 437; x_wconf 92' lang='lat'>1.</span> <span class='ocrx_word' id='word_1_43' title='bbox 869 405 958 437; x_wconf 80' lang='lat' dir='ltr'>Prax.</span> <span class='ocrx_word' id='word_1_44' title='bbox 984 403 1071 437; x_wconf 88' lang='lat' dir='ltr'>Med.</span> 
     </span>
     <span class='ocr_line' id='line_1_6' title="bbox 74 446 1073 488; baseline 0.001 -10"><span class='ocrx_word' id='word_1_45' title='bbox 74 446 162 478; x_wconf 88' lang='lat' dir='ltr'>libro</span> <span class='ocrx_word' id='word_1_46' title='bbox 184 458 252 488; x_wconf 87' lang='lat' dir='ltr'>cap.</span> <span class='ocrx_word' id='word_1_47' title='bbox 268 449 318 487; x_wconf 84' lang='lat'>56.</span> <span class='ocrx_word' id='word_1_48' title='bbox 345 457 416 480; x_wconf 88' lang='lat' dir='ltr'>tum</span> <span class='ocrx_word' id='word_1_49' title='bbox 439 447 527 480; x_wconf 77' lang='lat' dir='ltr'>illam</span> <span class='ocrx_word' id='word_1_50' title='bbox 550 457 620 488; x_wconf 80' lang='lat' dir='ltr'>quae</span> <span class='ocrx_word' id='word_1_51' title='bbox 644 448 885 481; x_wconf 84' lang='lat' dir='ltr'>communicata</span> <span class='ocrx_word' id='word_1_52' title='bbox 901 459 974 482; x_wconf 90' lang='lat' dir='ltr'>cum</span> <span class='ocrx_word' id='word_1_53' title='bbox 989 448 1073 480; x_wconf 81' lang='lat' dir='ltr'>Rio-</span> 
     </span>
     <span class='ocr_line' id='line_1_7' title="bbox 75 489 1077 534; baseline 0.002 -12"><span class='ocrx_word' id='word_1_54' title='bbox 75 490 152 522; x_wconf 90' lang='lat' dir='ltr'>lano</span> <span class='ocrx_word' id='word_1_55' title='bbox 174 489 366 524; x_wconf 74' lang='lat' dir='ltr'>describitur</span> <span class='ocrx_word' id='word_1_56' title='bbox 389 490 407 531; x_wconf 68' lang='grc'>(’</span> <span class='ocrx_word' id='word_1_57' title='bbox 422 489 475 532; x_wconf 84' lang='lat' dir='ltr'>u)</span> <span class='ocrx_word' id='word_1_58' title='bbox 500 500 609 523; x_wconf 85' lang='lat' dir='ltr'>renum</span> <span class='ocrx_word' id='word_1_59' title='bbox 632 489 761 523; x_wconf 74' lang='lat' dir='ltr'>dimidio</span> <span class='ocrx_word' id='word_1_60' title='bbox 784 491 937 530; x_wconf 80' lang='lat' dir='ltr'>majorum</span> <span class='ocrx_word' id='word_1_61' title='bbox 953 490 1077 534; x_wconf 76' lang='lat' dir='ltr'>solito,</span> 
     </span>
     <span class='ocr_line' id='line_1_8' title="bbox 67 531 1078 576; baseline -0.001 -10"><span class='ocrx_word' id='word_1_62' title='bbox 67 531 139 574; x_wconf 76' lang='lat' dir='ltr'>fero</span> <span class='ocrx_word' id='word_1_63' title='bbox 161 532 343 575; x_wconf 64' lang='lat' dir='ltr'>refer-rorum</span> <span class='ocrx_word' id='word_1_64' title='bbox 365 533 626 575; x_wconf 55' lang='lat' dir='ltr'>&amp;turgentium</span> <span class='ocrx_word' id='word_1_65' title='bbox 653 542 748 575; x_wconf 85' lang='lat' dir='ltr'>atque</span> <span class='ocrx_word' id='word_1_66' title='bbox 772 541 926 567; x_wconf 70' lang='lat' dir='ltr'>urei-‘erum</span> <span class='ocrx_word' id='word_1_67' title='bbox 950 533 1078 576; x_wconf 67' lang='lat' dir='ltr'>amplif-</span> 
     </span>
     <span class='ocr_line' id='line_1_9' title="bbox 67 575 1077 619; baseline 0.002 -11"><span class='ocrx_word' id='word_1_68' title='bbox 67 575 219 618; x_wconf 81' lang='lat' dir='ltr'>fimorum</span> <span class='ocrx_word' id='word_1_69' title='bbox 243 599 251 613; x_wconf 93' lang='lat'>,</span> <span class='ocrx_word' id='word_1_70' title='bbox 282 579 322 610; x_wconf 55' lang='grc' dir='ltr'>Θ*</span> <span class='ocrx_word' id='word_1_71' title='bbox 347 578 394 609; x_wconf 77' lang='lat' dir='ltr'>ita</span> <span class='ocrx_word' id='word_1_72' title='bbox 419 576 487 611; x_wconf 87' lang='lat' dir='ltr'>sero</span> <span class='ocrx_word' id='word_1_73' title='bbox 509 576 705 614; x_wconf 68' lang='lat' dir='ltr'>distentorum</span> <span class='ocrx_word' id='word_1_74' title='bbox 729 601 736 613; x_wconf 82' lang='grc'>,</span> <span class='ocrx_word' id='word_1_75' title='bbox 768 585 805 609; x_wconf 77' lang='lat' dir='ltr'>ut</span> <span class='ocrx_word' id='word_1_76' title='bbox 826 577 974 610; x_wconf 79' lang='lat' dir='ltr'><em>minorem</em></span> <span class='ocrx_word' id='word_1_77' title='bbox 997 577 1077 619; x_wconf 78' lang='lat' dir='ltr'>digi-</span> 
     </span>
     <span class='ocr_line' id='line_1_10' title="bbox 75 617 1076 663; baseline 0 -11"><span class='ocrx_word' id='word_1_78' title='bbox 75 627 144 652; x_wconf 88' lang='lat' dir='ltr'>tum</span> <span class='ocrx_word' id='word_1_79' title='bbox 159 617 259 661; x_wconf 82' lang='lat' dir='ltr'>facile</span> <span class='ocrx_word' id='word_1_80' title='bbox 280 618 396 663; x_wconf 77' lang='lat' dir='ltr'><em>possent</em></span> <span class='ocrx_word' id='word_1_81' title='bbox 418 619 601 653; x_wconf 78' lang='lat' dir='ltr'><em>admittere.</em></span> <span class='ocrx_word' id='word_1_82' title='bbox 628 619 699 653; x_wconf 81' lang='lat' dir='ltr'>Post</span> <span class='ocrx_word' id='word_1_83' title='bbox 723 619 934 662; x_wconf 80' lang='lat' dir='ltr'>stranguriam</span> <span class='ocrx_word' id='word_1_84' title='bbox 968 630 1076 653; x_wconf 86' lang='lat' dir='ltr'>autem</span> 
     </span>
     <span class='ocr_line' id='line_1_11' title="bbox 73 661 1076 704; baseline 0.001 -9"><span class='ocrx_word' id='word_1_85' title='bbox 73 663 258 695; x_wconf 79' lang='lat' dir='ltr'>Catticrum</span> <span class='ocrx_word' id='word_1_86' title='bbox 280 663 399 696; x_wconf 82' lang='lat' dir='ltr'>ibidem</span> <span class='ocrx_word' id='word_1_87' title='bbox 423 666 437 702; x_wconf 92' lang='lat'>(</span> <span class='ocrx_word' id='word_1_88' title='bbox 457 673 478 695; x_wconf 91' lang='lat' dir='ltr'><em>x</em></span> <span class='ocrx_word' id='word_1_89' title='bbox 500 665 514 700; x_wconf 82' lang='grc'>&gt;</span> <span class='ocrx_word' id='word_1_90' title='bbox 538 663 619 704; x_wconf 81' lang='lat' dir='ltr'>leges</span> <span class='ocrx_word' id='word_1_91' title='bbox 642 661 794 696; x_wconf 84' lang='lat' dir='ltr'>invenisse</span> <span class='ocrx_word' id='word_1_92' title='bbox 808 673 893 696; x_wconf 81' lang='lat' dir='ltr'>renes</span> <span class='ocrx_word' id='word_1_93' title='bbox 916 664 1005 695; x_wconf 70' lang='lat' dir='ltr'>urina</span> <span class='ocrx_word' id='word_1_94' title='bbox 1029 664 1076 696; x_wconf 82' lang='lat' dir='ltr'>di-</span> 
     </span>
     <span class='ocr_line' id='line_1_12' title="bbox 66 703 1074 752; baseline 0 -14"><span class='ocrx_word' id='word_1_95' title='bbox 66 704 184 744; x_wconf 78' lang='lat' dir='ltr'>stentos</span> <span class='ocrx_word' id='word_1_96' title='bbox 206 709 248 739; x_wconf 64' lang='lat' dir='ltr'>CT</span> <span class='ocrx_word' id='word_1_97' title='bbox 270 706 409 748; x_wconf 82' lang='lat' dir='ltr'>turgidos</span> <span class='ocrx_word' id='word_1_98' title='bbox 435 731 443 743; x_wconf 79' lang='grc'>,</span> <span class='ocrx_word' id='word_1_99' title='bbox 480 703 590 746; x_wconf 79' lang='lat' dir='ltr'>quibus</span> <span class='ocrx_word' id='word_1_100' title='bbox 614 706 746 752; x_wconf 70' lang='lat' dir='ltr'>diffefiis</span> <span class='ocrx_word' id='word_1_101' title='bbox 768 705 886 747; x_wconf 71' lang='lat' dir='ltr'>copiosa</span> <span class='ocrx_word' id='word_1_102' title='bbox 910 703 1038 747; x_wconf 79' lang='lat' dir='ltr'>effluxit</span> <span class='ocrx_word' id='word_1_103' title='bbox 1064 729 1074 744; x_wconf 92' lang='lat'>‚</span> 
     </span>
     <span class='ocr_line' id='line_1_13' title="bbox 74 747 1076 790; baseline 0.002 -9"><span class='ocrx_word' id='word_1_104' title='bbox 74 758 210 782; x_wconf 79' lang='lat' dir='ltr'>ureterer</span> <span class='ocrx_word' id='word_1_105' title='bbox 233 749 392 783; x_wconf 81' lang='lat' dir='ltr'><em>admodum</em></span> <span class='ocrx_word' id='word_1_106' title='bbox 417 748 517 781; x_wconf 82' lang='lat' dir='ltr'>latos:</span> <span class='ocrx_word' id='word_1_107' title='bbox 540 760 621 790; x_wconf 86' lang='lat' dir='ltr'>quos</span> <span class='ocrx_word' id='word_1_108' title='bbox 645 751 740 783; x_wconf 83' lang='lat' dir='ltr'>etiam</span> <span class='ocrx_word' id='word_1_109' title='bbox 765 747 834 790; x_wconf 87' lang='lat' dir='ltr'>post</span> <span class='ocrx_word' id='word_1_110' title='bbox 855 748 1022 790; x_wconf 88' lang='lat' dir='ltr'>dysuriam</span> <span class='ocrx_word' id='word_1_111' title='bbox 1037 750 1076 783; x_wconf 88' lang='lat' dir='ltr'>ab</span> 
     </span>
     <span class='ocr_line' id='line_1_14' title="bbox 72 789 1076 834; baseline 0.003 -11"><span class='ocrx_word' id='word_1_112' title='bbox 72 789 302 833; x_wconf 78' lang='lat' dir='ltr'>ejusdemmodi</span> <span class='ocrx_word' id='word_1_113' title='bbox 327 791 417 825; x_wconf 87' lang='lat' dir='ltr'>causa</span> <span class='ocrx_word' id='word_1_114' title='bbox 442 792 587 826; x_wconf 87' lang='lat' dir='ltr'>laudatus</span> <span class='ocrx_word' id='word_1_115' title='bbox 609 794 772 826; x_wconf 77' lang='lat' dir='ltr'>Pantonus</span> <span class='ocrx_word' id='word_1_116' title='bbox 806 795 858 832; x_wconf 88' lang='lat' dir='ltr'>(y</span> <span class='ocrx_word' id='word_1_117' title='bbox 882 797 896 832; x_wconf 88' lang='lat'>)</span> <span class='ocrx_word' id='word_1_118' title='bbox 929 791 1076 834; x_wconf 75' lang='lat' dir='ltr'>amplcffi&#39;-</span> 
     </span>
     <span class='ocr_line' id='line_1_15' title="bbox 72 835 1078 879; baseline 0.003 -13"><span class='ocrx_word' id='word_1_119' title='bbox 72 845 140 867; x_wconf 90' lang='lat' dir='ltr'>mos</span> <span class='ocrx_word' id='word_1_120' title='bbox 163 835 392 877; x_wconf 76' lang='lat' dir='ltr'>deprehendit3</span> <span class='ocrx_word' id='word_1_121' title='bbox 414 847 480 877; x_wconf 88' lang='lat' dir='ltr'>quo</span> <span class='ocrx_word' id='word_1_122' title='bbox 504 836 651 869; x_wconf 86' lang='lat' dir='ltr'>acerbior</span> <span class='ocrx_word' id='word_1_123' title='bbox 674 844 782 869; x_wconf 86' lang='lat' dir='ltr'>autem</span> <span class='ocrx_word' id='word_1_124' title='bbox 806 858 815 873; x_wconf 95' lang='lat'>,</span> <span class='ocrx_word' id='word_1_125' title='bbox 839 844 875 869; x_wconf 90' lang='lat' dir='ltr'>ut</span> <span class='ocrx_word' id='word_1_126' title='bbox 899 835 953 868; x_wconf 85' lang='lat' dir='ltr'>illa</span> <span class='ocrx_word' id='word_1_127' title='bbox 974 858 982 872; x_wconf 93' lang='lat'>,</span> <span class='ocrx_word' id='word_1_128' title='bbox 1018 835 1078 879; x_wconf 70' lang='lat' dir='ltr'>dy·</span> 
     </span>
     <span class='ocr_line' id='line_1_16' title="bbox 75 877 1077 921; baseline 0.003 -11"><span class='ocrx_word' id='word_1_129' title='bbox 75 877 158 910; x_wconf 87' lang='lat' dir='ltr'>suria</span> <span class='ocrx_word' id='word_1_130' title='bbox 172 878 239 917; x_wconf 86' lang='lat' dir='ltr'>est,</span> <span class='ocrx_word' id='word_1_131' title='bbox 265 890 302 911; x_wconf 87' lang='lat' dir='ltr'>eo</span> <span class='ocrx_word' id='word_1_132' title='bbox 316 880 499 921; x_wconf 78' lang='lat' dir='ltr'>graviorem</span> <span class='ocrx_word' id='word_1_133' title='bbox 523 879 602 912; x_wconf 89' lang='lat' dir='ltr'>solet</span> <span class='ocrx_word' id='word_1_134' title='bbox 628 877 839 920; x_wconf 80' lang='lat' dir='ltr'>stranguriam</span> <span class='ocrx_word' id='word_1_135' title='bbox 863 878 976 912; x_wconf 85' lang='lat' dir='ltr'>habere</span> <span class='ocrx_word' id='word_1_136' title='bbox 1001 891 1077 913; x_wconf 82' lang='lat' dir='ltr'>con-</span> 
     </span>
     <span class='ocr_line' id='line_1_17' title="bbox 74 918 1076 964; baseline 0.002 -10"><span class='ocrx_word' id='word_1_137' title='bbox 74 918 218 962; x_wconf 56' lang='lat' dir='ltr'>junc-“tam</span> <span class='ocrx_word' id='word_1_138' title='bbox 243 948 249 954; x_wconf 96' lang='lat'>.</span> <span class='ocrx_word' id='word_1_139' title='bbox 284 924 373 956; x_wconf 90' lang='lat' dir='ltr'>Cum</span> <span class='ocrx_word' id='word_1_140' title='bbox 397 923 499 963; x_wconf 81' lang='lat' dir='ltr'>igitur</span> <span class='ocrx_word' id='word_1_141' title='bbox 534 924 567 955; x_wconf 89' lang='lat' dir='ltr'>in</span> <span class='ocrx_word' id='word_1_142' title='bbox 592 923 705 964; x_wconf 81' lang='lat' dir='ltr'>puellis</span> <span class='ocrx_word' id='word_1_143' title='bbox 741 921 862 955; x_wconf 82' lang='lat' dir='ltr'>duabus</span> <span class='ocrx_word' id='word_1_144' title='bbox 898 934 1036 963; x_wconf 88' lang='lat' dir='ltr'>quarum</span> <span class='ocrx_word' id='word_1_145' title='bbox 1060 936 1076 956; x_wconf 94' lang='lat' dir='ltr'>a</span> 
     </span>
     <span class='ocr_line' id='line_1_18' title="bbox 74 963 1076 1008; baseline 0.002 -10"><span class='ocrx_word' id='word_1_146' title='bbox 74 964 169 998; x_wconf 81' lang='lat' dir='ltr'>nobis</span> <span class='ocrx_word' id='word_1_147' title='bbox 192 965 265 999; x_wconf 89' lang='lat' dir='ltr'>sunt</span> <span class='ocrx_word' id='word_1_148' title='bbox 289 965 426 1007; x_wconf 64' lang='lat' dir='ltr'>inspecta</span> <span class='ocrx_word' id='word_1_149' title='bbox 449 966 599 999; x_wconf 85' lang='lat' dir='ltr'>cadavera</span> <span class='ocrx_word' id='word_1_150' title='bbox 614 990 623 1005; x_wconf 94' lang='lat'>‚</span> <span class='ocrx_word' id='word_1_151' title='bbox 646 963 956 1000; x_wconf 66' lang='lat' dir='ltr'>acerbiffimafuisset</span> <span class='ocrx_word' id='word_1_152' title='bbox 979 965 1076 1008; x_wconf 89' lang='lat' dir='ltr'>dysu-</span> 
     </span>
     <span class='ocr_line' id='line_1_19' title="bbox 73 1008 1075 1052; baseline 0 -11"><span class='ocrx_word' id='word_1_153' title='bbox 73 1010 119 1041; x_wconf 79' lang='lat' dir='ltr'>ria</span> <span class='ocrx_word' id='word_1_154' title='bbox 146 1031 153 1043; x_wconf 73' lang='grc'>,</span> <span class='ocrx_word' id='word_1_155' title='bbox 189 1008 290 1042; x_wconf 85' lang='lat' dir='ltr'>vesica</span> <span class='ocrx_word' id='word_1_156' title='bbox 312 1019 417 1042; x_wconf 87' lang='lat' dir='ltr'>autem</span> <span class='ocrx_word' id='word_1_157' title='bbox 443 1009 533 1042; x_wconf 86' lang='lat' dir='ltr'>valde</span> <span class='ocrx_word' id='word_1_158' title='bbox 556 1011 722 1044; x_wconf 70' lang='lat' dir='ltr'>contracta</span> <span class='ocrx_word' id='word_1_159' title='bbox 749 1032 756 1044; x_wconf 88' lang='lat'>,</span> <span class='ocrx_word' id='word_1_160' title='bbox 793 1012 823 1041; x_wconf 72' lang='grc' dir='ltr'>δεῖ</span> <span class='ocrx_word' id='word_1_161' title='bbox 847 1008 973 1042; x_wconf 85' lang='lat' dir='ltr'>calculo</span> <span class='ocrx_word' id='word_1_162' title='bbox 998 1021 1075 1052; x_wconf 86' lang='lat' dir='ltr'>pene</span> 
     </span>
     <span class='ocr_line' id='line_1_20' title="bbox 72 1051 1076 1095; baseline 0.002 -12"><span class='ocrx_word' id='word_1_163' title='bbox 72 1060 142 1084; x_wconf 90' lang='lat' dir='ltr'>tota</span> <span class='ocrx_word' id='word_1_164' title='bbox 165 1063 344 1095; x_wconf 59' lang='lat' dir='ltr'>occupatam</span> <span class='ocrx_word' id='word_1_165' title='bbox 368 1052 550 1086; x_wconf 86' lang='lat' dir='ltr'>mirandum</span> <span class='ocrx_word' id='word_1_166' title='bbox 575 1064 640 1086; x_wconf 87' lang='lat' dir='ltr'>non</span> <span class='ocrx_word' id='word_1_167' title='bbox 664 1052 705 1086; x_wconf 86' lang='lat' dir='ltr'>est</span> <span class='ocrx_word' id='word_1_168' title='bbox 727 1051 815 1094; x_wconf 89' lang='lat' dir='ltr'>quod</span> <span class='ocrx_word' id='word_1_169' title='bbox 839 1053 958 1085; x_wconf 89' lang='lat' dir='ltr'>lotium</span> <span class='ocrx_word' id='word_1_170' title='bbox 972 1052 1076 1094; x_wconf 88' lang='lat' dir='ltr'>prius-</span> 
     </span>
     <span class='ocr_line' id='line_1_21' title="bbox 72 1095 1075 1137; baseline 0.004 -11"><span class='ocrx_word' id='word_1_171' title='bbox 72 1105 169 1137; x_wconf 80' lang='lat' dir='ltr'>quam</span> <span class='ocrx_word' id='word_1_172' title='bbox 196 1099 247 1129; x_wconf 87' lang='lat' dir='ltr'>via</span> <span class='ocrx_word' id='word_1_173' title='bbox 273 1108 325 1137; x_wconf 85' lang='lat' dir='ltr'>per</span> <span class='ocrx_word' id='word_1_174' title='bbox 351 1107 442 1129; x_wconf 85' lang='lat' dir='ltr'>acum</span> <span class='ocrx_word' id='word_1_175' title='bbox 470 1096 554 1129; x_wconf 63' lang='lat' dir='ltr'>fafia</span> <span class='ocrx_word' id='word_1_176' title='bbox 576 1121 585 1136; x_wconf 92' lang='lat'><em>‚</em></span> <span class='ocrx_word' id='word_1_177' title='bbox 620 1096 658 1129; x_wconf 86' lang='lat' dir='ltr'>ab</span> <span class='ocrx_word' id='word_1_178' title='bbox 682 1095 736 1128; x_wconf 87' lang='lat' dir='ltr'>illa</span> <span class='ocrx_word' id='word_1_179' title='bbox 768 1096 876 1136; x_wconf 78' lang='lat' dir='ltr'>egredi</span> <span class='ocrx_word' id='word_1_180' title='bbox 909 1096 1075 1135; x_wconf 86' lang='lat' dir='ltr'>aliquanto</span> 
     </span>
     <span class='ocr_line' id='line_1_22' title="bbox 71 1137 1076 1184; baseline 0.004 -14"><span class='ocrx_word' id='word_1_181' title='bbox 71 1137 205 1172; x_wconf 86' lang='lat' dir='ltr'>liberius</span> <span class='ocrx_word' id='word_1_182' title='bbox 230 1138 331 1180; x_wconf 76' lang='lat' dir='ltr'>posset</span> <span class='ocrx_word' id='word_1_183' title='bbox 356 1163 365 1177; x_wconf 88' lang='lat'>,</span> <span class='ocrx_word' id='word_1_184' title='bbox 398 1152 432 1172; x_wconf 82' lang='lat' dir='ltr'>ea</span> <span class='ocrx_word' id='word_1_185' title='bbox 465 1143 556 1180; x_wconf 82' lang='lat' dir='ltr'>copia</span> <span class='ocrx_word' id='word_1_186' title='bbox 582 1141 614 1173; x_wconf 86' lang='lat' dir='ltr'>in</span> <span class='ocrx_word' id='word_1_187' title='bbox 650 1139 828 1173; x_wconf 82' lang='lat' dir='ltr'>ureteribus</span> <span class='ocrx_word' id='word_1_188' title='bbox 854 1163 861 1177; x_wconf 91' lang='lat'><strong><em>,</em></strong></span> <span class='ocrx_word' id='word_1_189' title='bbox 883 1139 1076 1184; x_wconf 74' lang='lat' dir='ltr'>renibusque</span> 
     </span>
     <span class='ocr_line' id='line_1_23' title="bbox 73 1180 1077 1219; baseline 0.003 -5"><span class='ocrx_word' id='word_1_190' title='bbox 73 1180 272 1218; x_wconf 66' lang='lat' dir='ltr'>subsiste-et,</span> <span class='ocrx_word' id='word_1_191' title='bbox 297 1192 331 1215; x_wconf 77' lang='lat' dir='ltr'>ut</span> <span class='ocrx_word' id='word_1_192' title='bbox 355 1182 428 1215; x_wconf 85' lang='lat' dir='ltr'>illos</span> <span class='ocrx_word' id='word_1_193' title='bbox 450 1182 607 1219; x_wconf 85' lang='lat' dir='ltr'>dilatare,</span> <span class='ocrx_word' id='word_1_194' title='bbox 631 1182 690 1216; x_wconf 89' lang='lat' dir='ltr'>hos</span> <span class='ocrx_word' id='word_1_195' title='bbox 714 1191 820 1216; x_wconf 85' lang='lat' dir='ltr'>autem</span> <span class='ocrx_word' id='word_1_196' title='bbox 844 1186 941 1215; x_wconf 86' lang='lat' dir='ltr'>etiam</span> <span class='ocrx_word' id='word_1_197' title='bbox 964 1186 1077 1217; x_wconf 85' lang='lat' dir='ltr'>vitiare</span> 
     </span>
     <span class='ocr_line' id='line_1_24' title="bbox 74 1224 1077 1270; baseline 0.003 -13"><span class='ocrx_word' id='word_1_198' title='bbox 74 1227 153 1258; x_wconf 86' lang='lat' dir='ltr'>adeo</span> <span class='ocrx_word' id='word_1_199' title='bbox 177 1226 337 1262; x_wconf 82' lang='lat' dir='ltr'>valuerit,</span> <span class='ocrx_word' id='word_1_200' title='bbox 363 1224 539 1266; x_wconf 72' lang='lat' dir='ltr'>praesertim</span> <span class='ocrx_word' id='word_1_201' title='bbox 552 1238 626 1262; x_wconf 87' lang='lat' dir='ltr'>cum</span> <span class='ocrx_word' id='word_1_202' title='bbox 651 1238 725 1268; x_wconf 87' lang='lat' dir='ltr'>pure</span> <span class='ocrx_word' id='word_1_203' title='bbox 749 1226 972 1262; x_wconf 70' lang='lat' dir='ltr'>commistum,</span> <span class='ocrx_word' id='word_1_204' title='bbox 989 1228 1077 1270; x_wconf 81' lang='lat' dir='ltr'>quod</span> 
     </span>
     <span class='ocr_line' id='line_1_25' title="bbox 74 1268 1079 1305; baseline 0.003 -4"><span class='ocrx_word' id='word_1_205' title='bbox 74 1279 113 1301; x_wconf 87' lang='lat' dir='ltr'>ex</span> <span class='ocrx_word' id='word_1_206' title='bbox 150 1268 256 1302; x_wconf 76' lang='lat' dir='ltr'>vesicae</span> <span class='ocrx_word' id='word_1_207' title='bbox 291 1268 409 1302; x_wconf 85' lang='lat' dir='ltr'>tunicis</span> <span class='ocrx_word' id='word_1_208' title='bbox 441 1271 632 1304; x_wconf 66' lang='lat' dir='ltr'>exulceratis</span> <span class='ocrx_word' id='word_1_209' title='bbox 667 1271 817 1303; x_wconf 86' lang='lat' dir='ltr'>manabat</span> <span class='ocrx_word' id='word_1_210' title='bbox 842 1293 850 1305; x_wconf 78' lang='grc'>.</span> <span class='ocrx_word' id='word_1_211' title='bbox 883 1269 1079 1305; x_wconf 79' lang='lat' dir='ltr'>Eustachius</span> 
     </span>
     <span class='ocr_line' id='line_1_26' title="bbox 75 1313 1078 1355; baseline 0.003 -10"><span class='ocrx_word' id='word_1_212' title='bbox 75 1315 86 1351; x_wconf 86' lang='lat'>(</span> <span class='ocrx_word' id='word_1_213' title='bbox 111 1322 135 1354; x_wconf 61' lang='grc' dir='ltr'>’ζ</span> <span class='ocrx_word' id='word_1_214' title='bbox 159 1316 169 1349; x_wconf 87' lang='grc'>)</span> <span class='ocrx_word' id='word_1_215' title='bbox 195 1323 331 1355; x_wconf 87' lang='lat' dir='ltr'>namque</span> <span class='ocrx_word' id='word_1_216' title='bbox 355 1336 365 1351; x_wconf 92' lang='lat'>‚</span> <span class='ocrx_word' id='word_1_217' title='bbox 403 1322 437 1346; x_wconf 90' lang='lat' dir='ltr'>ut</span> <span class='ocrx_word' id='word_1_218' title='bbox 461 1314 554 1348; x_wconf 80' lang='lat' dir='ltr'>rebus</span> <span class='ocrx_word' id='word_1_219' title='bbox 590 1314 765 1348; x_wconf 84' lang='lat' dir='ltr'>secundum</span> <span class='ocrx_word' id='word_1_220' title='bbox 789 1323 936 1346; x_wconf 86' lang='lat' dir='ltr'>naturam</span> <span class='ocrx_word' id='word_1_221' title='bbox 969 1313 997 1347; x_wconf 91' lang='lat' dir='ltr'>se</span> <span class='ocrx_word' id='word_1_222' title='bbox 1021 1313 1078 1348; x_wconf 79' lang='lat' dir='ltr'>ha-</span> 
     </span>
     <span class='ocr_line' id='line_1_27' title="bbox 73 1355 1079 1400; baseline 0.002 -11"><span class='ocrx_word' id='word_1_223' title='bbox 73 1355 226 1389; x_wconf 78' lang='lat' dir='ltr'>bentibus</span> <span class='ocrx_word' id='word_1_224' title='bbox 245 1378 254 1393; x_wconf 89' lang='lat'>,</span> <span class='ocrx_word' id='word_1_225' title='bbox 291 1355 371 1388; x_wconf 84' lang='lat' dir='ltr'>nihil</span> <span class='ocrx_word' id='word_1_226' title='bbox 395 1366 431 1390; x_wconf 87' lang='lat' dir='ltr'>ex</span> <span class='ocrx_word' id='word_1_227' title='bbox 453 1357 551 1399; x_wconf 70' lang='lat' dir='ltr'>vefica</span> <span class='ocrx_word' id='word_1_228' title='bbox 571 1367 627 1399; x_wconf 86' lang='lat' dir='ltr'>per</span> <span class='ocrx_word' id='word_1_229' title='bbox 650 1359 804 1390; x_wconf 71' lang='lat' dir='ltr'>urinarios</span> <span class='ocrx_word' id='word_1_230' title='bbox 833 1364 954 1390; x_wconf 64' lang='lat' dir='ltr'>intactis</span> <span class='ocrx_word' id='word_1_231' title='bbox 976 1358 1079 1400; x_wconf 84' lang='lat' dir='ltr'>egredi</span> 
     </span>
     <span class='ocr_line' id='line_1_28' title="bbox 69 1397 1077 1443; baseline -0.001 -13"><span class='ocrx_word' id='word_1_232' title='bbox 69 1397 153 1440; x_wconf 78' lang='lat' dir='ltr'>poffe</span> <span class='ocrx_word' id='word_1_233' title='bbox 178 1423 185 1436; x_wconf 94' lang='lat'>,</span> <span class='ocrx_word' id='word_1_234' title='bbox 210 1400 450 1441; x_wconf 75' lang='lat' dir='ltr'>corisirmabat;</span> <span class='ocrx_word' id='word_1_235' title='bbox 472 1411 577 1433; x_wconf 80' lang='lat' dir='ltr'>tamen</span> <span class='ocrx_word' id='word_1_236' title='bbox 600 1400 634 1433; x_wconf 86' lang='lat' dir='ltr'>in</span> <span class='ocrx_word' id='word_1_237' title='bbox 656 1410 767 1442; x_wconf 71' lang='lat' dir='ltr'>magna</span> <span class='ocrx_word' id='word_1_238' title='bbox 789 1422 802 1440; x_wconf 80' lang='lat'>‚</span> <span class='ocrx_word' id='word_1_239' title='bbox 831 1400 872 1432; x_wconf 65' lang='grc' dir='ltr'>(φ</span> <span class='ocrx_word' id='word_1_240' title='bbox 894 1399 982 1442; x_wconf 78' lang='lat' dir='ltr'>longa</span> <span class='ocrx_word' id='word_1_241' title='bbox 999 1400 1077 1443; x_wconf 79' lang='lat' dir='ltr'>sup-</span> 
     </span>
     <span class='ocr_line' id='line_1_29' title="bbox 68 1440 1069 1486; baseline 0.002 -12"><span class='ocrx_word' id='word_1_242' title='bbox 68 1440 215 1483; x_wconf 70' lang='lat' dir='ltr'>pr;ffione</span> <span class='ocrx_word' id='word_1_243' title='bbox 240 1443 356 1482; x_wconf 61' lang='lat' dir='ltr'>urinae,</span> <span class='ocrx_word' id='word_1_244' title='bbox 379 1444 567 1477; x_wconf 72' lang='lat' dir='ltr'>contrarium</span> <span class='ocrx_word' id='word_1_245' title='bbox 589 1443 725 1477; x_wconf 84' lang='lat' dir='ltr'>accidere</span> <span class='ocrx_word' id='word_1_246' title='bbox 748 1444 779 1476; x_wconf 88' lang='lat' dir='ltr'>in</span> <span class='ocrx_word' id='word_1_247' title='bbox 816 1442 961 1484; x_wconf 82' lang='lat' dir='ltr'>pluribus</span> <span class='ocrx_word' id='word_1_248' title='bbox 982 1455 1069 1486; x_wconf 66' lang='lat' dir='ltr'>aegro-</span> 
     </span>
     <span class='ocr_line' id='line_1_30' title="bbox 70 1485 1076 1530; baseline 0.005 -14"><span class='ocrx_word' id='word_1_249' title='bbox 70 1486 118 1518; x_wconf 62' lang='lat' dir='ltr'>tia</span> <span class='ocrx_word' id='word_1_250' title='bbox 142 1487 322 1527; x_wconf 76' lang='lat' dir='ltr'>quandoque</span> <span class='ocrx_word' id='word_1_251' title='bbox 345 1486 395 1523; x_wconf 84' lang='lat' dir='ltr'>se,</span> <span class='ocrx_word' id='word_1_252' title='bbox 419 1485 521 1528; x_wconf 80' lang='lat' dir='ltr'>ajebat</span> <span class='ocrx_word' id='word_1_253' title='bbox 537 1515 544 1526; x_wconf 80' lang='grc'><em>,</em></span> <span class='ocrx_word' id='word_1_254' title='bbox 568 1486 770 1530; x_wconf 67' lang='lat' dir='ltr'>observamfle</span> <span class='ocrx_word' id='word_1_255' title='bbox 789 1512 796 1519; x_wconf 91' lang='lat'>.</span> <span class='ocrx_word' id='word_1_256' title='bbox 831 1485 960 1519; x_wconf 82' lang='lat' dir='ltr'>Scilicet</span> <span class='ocrx_word' id='word_1_257' title='bbox 987 1487 1076 1521; x_wconf 85' lang='lat' dir='ltr'>valde</span> 
     </span>
     <span class='ocr_line' id='line_1_31' title="bbox 76 1528 1074 1572; baseline 0.002 -10"><span class='ocrx_word' id='word_1_258' title='bbox 76 1528 283 1569; x_wconf 82' lang='lat' dir='ltr'>amplificatis</span> <span class='ocrx_word' id='word_1_259' title='bbox 305 1530 398 1564; x_wconf 87' lang='lat' dir='ltr'>simul</span> <span class='ocrx_word' id='word_1_260' title='bbox 420 1542 494 1565; x_wconf 88' lang='lat' dir='ltr'>cum</span> <span class='ocrx_word' id='word_1_261' title='bbox 519 1531 698 1564; x_wconf 81' lang='lat' dir='ltr'>ureteribus</span> <span class='ocrx_word' id='word_1_262' title='bbox 722 1530 863 1572; x_wconf 85' lang='lat' dir='ltr'>ipsorum</span> <span class='ocrx_word' id='word_1_263' title='bbox 886 1541 1017 1572; x_wconf 59' lang='lat' dir='ltr'>quoque</span> <span class='ocrx_word' id='word_1_264' title='bbox 1041 1532 1074 1564; x_wconf 89' lang='lat' dir='ltr'>in</span> 
     </span>
     <span class='ocr_line' id='line_1_32' title="bbox 72 1571 1078 1616; baseline 0.004 -12"><span class='ocrx_word' id='word_1_265' title='bbox 72 1572 171 1605; x_wconf 72' lang='lat' dir='ltr'>vesica</span> <span class='ocrx_word' id='word_1_266' title='bbox 195 1571 361 1614; x_wconf 80' lang='lat' dir='ltr'>orificiis,</span> <span class='ocrx_word' id='word_1_267' title='bbox 383 1574 469 1607; x_wconf 84' lang='lat' dir='ltr'>nulla</span> <span class='ocrx_word' id='word_1_268' title='bbox 494 1572 558 1613; x_wconf 80' lang='lat' dir='ltr'>jam</span> <span class='ocrx_word' id='word_1_269' title='bbox 582 1573 712 1607; x_wconf 84' lang='lat' dir='ltr'>illorum</span> <span class='ocrx_word' id='word_1_270' title='bbox 737 1584 804 1613; x_wconf 86' lang='lat' dir='ltr'>pars</span> <span class='ocrx_word' id='word_1_271' title='bbox 831 1572 972 1615; x_wconf 87' lang='lat' dir='ltr'>superest</span> <span class='ocrx_word' id='word_1_272' title='bbox 1004 1585 1078 1616; x_wconf 78' lang='lat' dir='ltr'>quae</span> 
     </span>
     <span class='ocr_line' id='line_1_33' title="bbox 71 1615 1077 1659; baseline 0.003 -11"><span class='ocrx_word' id='word_1_273' title='bbox 71 1616 157 1648; x_wconf 82' lang='lat' dir='ltr'>inter</span> <span class='ocrx_word' id='word_1_274' title='bbox 180 1616 289 1650; x_wconf 62' lang='lat' dir='ltr'>vesicae</span> <span class='ocrx_word' id='word_1_275' title='bbox 314 1618 442 1650; x_wconf 84' lang='lat' dir='ltr'>tunic-as</span> <span class='ocrx_word' id='word_1_276' title='bbox 462 1617 599 1659; x_wconf 82' lang='lat' dir='ltr'>oblique</span> <span class='ocrx_word' id='word_1_277' title='bbox 623 1615 807 1659; x_wconf 71' lang='lat' dir='ltr'>trajiciatur</span> <span class='ocrx_word' id='word_1_278' title='bbox 834 1628 844 1648; x_wconf 91' lang='lat'>:</span> <span class='ocrx_word' id='word_1_279' title='bbox 881 1620 988 1658; x_wconf 86' lang='lat' dir='ltr'>itaque</span> <span class='ocrx_word' id='word_1_280' title='bbox 1012 1628 1077 1651; x_wconf 90' lang='lat' dir='ltr'>non</span> 
     </span>
     <span class='ocr_line' id='line_1_34' title="bbox 72 1659 1081 1701; baseline 0.003 -9"><span class='ocrx_word' id='word_1_281' title='bbox 72 1659 173 1692; x_wconf 86' lang='lat' dir='ltr'>modo</span> <span class='ocrx_word' id='word_1_282' title='bbox 196 1671 272 1692; x_wconf 91' lang='lat' dir='ltr'>tunc</span> <span class='ocrx_word' id='word_1_283' title='bbox 297 1660 398 1701; x_wconf 84' lang='lat' dir='ltr'>potest</span> <span class='ocrx_word' id='word_1_284' title='bbox 422 1660 495 1692; x_wconf 84' lang='lat' dir='ltr'>illac</span> <span class='ocrx_word' id='word_1_285' title='bbox 519 1672 620 1693; x_wconf 80' lang='lat' dir='ltr'>urinae</span> <span class='ocrx_word' id='word_1_286' title='bbox 645 1662 756 1701; x_wconf 56' lang='lat' dir='ltr'>portio</span> <span class='ocrx_word' id='word_1_287' title='bbox 791 1661 893 1694; x_wconf 85' lang='lat' dir='ltr'>redire</span> <span class='ocrx_word' id='word_1_288' title='bbox 917 1670 926 1697; x_wconf 80' lang='lat'>3</span> <span class='ocrx_word' id='word_1_289' title='bbox 963 1660 1013 1694; x_wconf 87' lang='lat' dir='ltr'>sed</span> <span class='ocrx_word' id='word_1_290' title='bbox 1050 1666 1081 1695; x_wconf 85' lang='lat'>&amp;</span> 
     </span>
     <span class='ocr_line' id='line_1_35' title="bbox 70 1702 1079 1746; baseline 0.002 -11"><span class='ocrx_word' id='word_1_291' title='bbox 70 1704 183 1736; x_wconf 80' lang='lat' dir='ltr'>cedere</span> <span class='ocrx_word' id='word_1_292' title='bbox 205 1704 403 1744; x_wconf 75' lang='lat' dir='ltr'>incipiente,</span> <span class='ocrx_word' id='word_1_293' title='bbox 430 1714 486 1736; x_wconf 82' lang='lat' dir='ltr'>ant</span> <span class='ocrx_word' id='word_1_294' title='bbox 511 1702 935 1746; x_wconf 66' lang='lat' dir='ltr'>solutajamsuppreffione,</span> <span class='ocrx_word' id='word_1_295' title='bbox 962 1704 991 1737; x_wconf 92' lang='lat' dir='ltr'>se</span> <span class='ocrx_word' id='word_1_296' title='bbox 1003 1715 1079 1737; x_wconf 84' lang='lat' dir='ltr'>con-</span> 
     </span>
     <span class='ocr_line' id='line_1_36' title="bbox 72 1745 1082 1790; baseline 0.003 -12"><span class='ocrx_word' id='word_1_297' title='bbox 72 1745 204 1779; x_wconf 71' lang='lat' dir='ltr'>trahens</span> <span class='ocrx_word' id='word_1_298' title='bbox 226 1746 263 1779; x_wconf 85' lang='lat' dir='ltr'>ad</span> <span class='ocrx_word' id='word_1_299' title='bbox 297 1746 506 1790; x_wconf 80' lang='lat' dir='ltr'>mingendum</span> <span class='ocrx_word' id='word_1_300' title='bbox 540 1747 639 1780; x_wconf 85' lang='lat' dir='ltr'>vesica</span> <span class='ocrx_word' id='word_1_301' title='bbox 666 1757 759 1781; x_wconf 84' lang='lat' dir='ltr'>tanto</span> <span class='ocrx_word' id='word_1_302' title='bbox 784 1749 854 1789; x_wconf 90' lang='lat' dir='ltr'>plus</span> <span class='ocrx_word' id='word_1_303' title='bbox 890 1749 991 1780; x_wconf 77' lang='lat' dir='ltr'>urinae</span> <span class='ocrx_word' id='word_1_304' title='bbox 1024 1760 1082 1789; x_wconf 88' lang='lat' dir='ltr'>per</span> 
     </span>
     <span class='ocr_line' id='line_1_37' title="bbox 70 1788 1080 1833; baseline 0 -10"><span class='ocrx_word' id='word_1_305' title='bbox 70 1788 267 1831; x_wconf 79' lang='lat' dir='ltr'>amplificata</span> <span class='ocrx_word' id='word_1_306' title='bbox 292 1791 348 1823; x_wconf 67' lang='lat' dir='ltr'>ilia</span> <span class='ocrx_word' id='word_1_307' title='bbox 374 1789 496 1824; x_wconf 65' lang='lat' dir='ltr'>:silicia</span> <span class='ocrx_word' id='word_1_308' title='bbox 522 1789 644 1824; x_wconf 88' lang='lat' dir='ltr'>sursum</span> <span class='ocrx_word' id='word_1_309' title='bbox 656 1792 848 1831; x_wconf 78' lang='lat' dir='ltr'>compellit,</span> <span class='ocrx_word' id='word_1_310' title='bbox 871 1800 995 1833; x_wconf 88' lang='lat' dir='ltr'>quanto</span> <span class='ocrx_word' id='word_1_311' title='bbox 1021 1793 1080 1823; x_wconf 91' lang='lat' dir='ltr'>mi-</span> 
     </span>
     <span class='ocr_line' id='line_1_38' title="bbox 65 1833 1080 1876; baseline 0 -9"><span class='ocrx_word' id='word_1_312' title='bbox 65 1844 128 1867; x_wconf 88' lang='lat' dir='ltr'>nus</span> <span class='ocrx_word' id='word_1_313' title='bbox 152 1834 255 1876; x_wconf 82' lang='lat' dir='ltr'>potest</span> <span class='ocrx_word' id='word_1_314' title='bbox 281 1833 451 1870; x_wconf 81' lang='lat' dir='ltr'>deorsum,</span> <span class='ocrx_word' id='word_1_315' title='bbox 478 1834 622 1867; x_wconf 84' lang='lat' dir='ltr'>obstante</span> <span class='ocrx_word' id='word_1_316' title='bbox 635 1834 766 1868; x_wconf 81' lang='lat' dir='ltr'>subinde</span> <span class='ocrx_word' id='word_1_317' title='bbox 778 1834 902 1868; x_wconf 88' lang='lat' dir='ltr'>calculo</span> <span class='ocrx_word' id='word_1_318' title='bbox 927 1845 980 1875; x_wconf 87' lang='lat' dir='ltr'>per</span> <span class='ocrx_word' id='word_1_319' title='bbox 1007 1846 1080 1867; x_wconf 90' lang='lat' dir='ltr'>ure-</span> 
     </span>
     <span class='ocr_line' id='line_1_39' title="bbox 71 1875 1080 1919; baseline 0.004 -11"><span class='ocrx_word' id='word_1_320' title='bbox 71 1875 156 1909; x_wconf 82' lang='lat' dir='ltr'>thrae</span> <span class='ocrx_word' id='word_1_321' title='bbox 179 1876 348 1910; x_wconf 81' lang='lat' dir='ltr'>orificium</span> <span class='ocrx_word' id='word_1_322' title='bbox 373 1877 528 1918; x_wconf 76' lang='lat' dir='ltr'>expellere</span> <span class='ocrx_word' id='word_1_323' title='bbox 552 1901 559 1908; x_wconf 92' lang='lat'><em>.</em></span> <span class='ocrx_word' id='word_1_324' title='bbox 596 1877 696 1919; x_wconf 83' lang='lat' dir='ltr'>Qod</span> <span class='ocrx_word' id='word_1_325' title='bbox 730 1876 752 1910; x_wconf 87' lang='lat' dir='ltr'>si</span> <span class='ocrx_word' id='word_1_326' title='bbox 776 1876 860 1911; x_wconf 87' lang='lat' dir='ltr'>forte</span> <span class='ocrx_word' id='word_1_327' title='bbox 885 1877 982 1919; x_wconf 85' lang='lat' dir='ltr'>paulo</span> <span class='ocrx_word' id='word_1_328' title='bbox 1005 1889 1080 1912; x_wconf 82' lang='lat' dir='ltr'>ante</span> 
     </span>
     <span class='ocr_line' id='line_1_40' title="bbox 68 1919 1078 1963; baseline 0.001 -9"><span class='ocrx_word' id='word_1_329' title='bbox 68 1919 210 1954; x_wconf 78' lang='lat' dir='ltr'>calculus</span> <span class='ocrx_word' id='word_1_330' title='bbox 235 1921 345 1955; x_wconf 82' lang='lat' dir='ltr'>minus</span> <span class='ocrx_word' id='word_1_331' title='bbox 371 1921 522 1962; x_wconf 87' lang='lat' dir='ltr'>obstitit,</span> <span class='ocrx_word' id='word_1_332' title='bbox 545 1919 726 1963; x_wconf 83' lang='lat' dir='ltr'>majorique</span> <span class='ocrx_word' id='word_1_333' title='bbox 751 1922 824 1954; x_wconf 86' lang='lat' dir='ltr'>ideo</span> <span class='ocrx_word' id='word_1_334' title='bbox 849 1922 948 1954; x_wconf 83' lang='lat' dir='ltr'>urinae</span> <span class='ocrx_word' id='word_1_335' title='bbox 983 1923 1078 1963; x_wconf 84' lang='lat' dir='ltr'>copia</span> 
     </span>
     <span class='ocr_line' id='line_1_41' title="bbox 69 1962 1078 2006; baseline 0.001 -10"><span class='ocrx_word' id='word_1_336' title='bbox 69 1975 125 2006; x_wconf 87' lang='lat' dir='ltr'>per</span> <span class='ocrx_word' id='word_1_337' title='bbox 148 1962 312 1997; x_wconf 62' lang='lat' dir='ltr'>ure-tiaram</span> <span class='ocrx_word' id='word_1_338' title='bbox 336 1962 436 2006; x_wconf 56' lang='lat' dir='ltr'>ejecia</span> <span class='ocrx_word' id='word_1_339' title='bbox 452 1986 460 2001; x_wconf 85' lang='lat'>‚</span> <span class='ocrx_word' id='word_1_340' title='bbox 483 1974 548 1997; x_wconf 87' lang='lat' dir='ltr'>non</span> <span class='ocrx_word' id='word_1_341' title='bbox 574 1963 674 1997; x_wconf 86' lang='lat' dir='ltr'>multa</span> <span class='ocrx_word' id='word_1_342' title='bbox 697 1962 761 2005; x_wconf 84' lang='lat' dir='ltr'>jam</span> <span class='ocrx_word' id='word_1_343' title='bbox 784 1964 874 1997; x_wconf 82' lang='lat' dir='ltr'>restat</span> <span class='ocrx_word' id='word_1_344' title='bbox 899 1966 932 1996; x_wconf 89' lang='lat' dir='ltr'>in</span> <span class='ocrx_word' id='word_1_345' title='bbox 957 1963 1078 2005; x_wconf 74' lang='lat' dir='ltr'>dilata-</span> 
     </span>
     <span class='ocr_line' id='line_1_42' title="bbox 69 2006 1076 2050; baseline 0.001 -9"><span class='ocrx_word' id='word_1_346' title='bbox 69 2009 113 2041; x_wconf 90' lang='lat' dir='ltr'>tis</span> <span class='ocrx_word' id='word_1_347' title='bbox 135 2007 337 2046; x_wconf 57' lang='lat' dir='ltr'>uter-eribus5</span> <span class='ocrx_word' id='word_1_348' title='bbox 363 2008 519 2050; x_wconf 82' lang='lat' dir='ltr'>intelligis</span> <span class='ocrx_word' id='word_1_349' title='bbox 544 2018 649 2044; x_wconf 88' lang='lat' dir='ltr'>certe,</span> <span class='ocrx_word' id='word_1_350' title='bbox 672 2006 693 2040; x_wconf 87' lang='lat' dir='ltr'>si</span> <span class='ocrx_word' id='word_1_351' title='bbox 719 2019 796 2041; x_wconf 83' lang='lat' dir='ltr'>mox</span> <span class='ocrx_word' id='word_1_352' title='bbox 818 2011 935 2041; x_wconf 86' lang='lat' dir='ltr'>iterum</span> <span class='ocrx_word' id='word_1_353' title='bbox 960 2007 987 2040; x_wconf 89' lang='lat' dir='ltr'>se</span> <span class='ocrx_word' id='word_1_354' title='bbox 1009 2006 1076 2042; x_wconf 79' lang='lat' dir='ltr'>ca‘l-</span> 
     </span>
     <span class='ocr_line' id='line_1_43' title="bbox 69 2050 1069 2094; baseline 0.002 -10"><span class='ocrx_word' id='word_1_355' title='bbox 69 2050 163 2084; x_wconf 82' lang='lat' dir='ltr'>culus</span> <span class='ocrx_word' id='word_1_356' title='bbox 195 2051 231 2084; x_wconf 86' lang='lat' dir='ltr'>ad</span> <span class='ocrx_word' id='word_1_357' title='bbox 266 2050 431 2085; x_wconf 83' lang='lat' dir='ltr'>urethram</span> <span class='ocrx_word' id='word_1_358' title='bbox 465 2060 609 2093; x_wconf 88' lang='lat' dir='ltr'>opponat</span> <span class='ocrx_word' id='word_1_359' title='bbox 632 2076 641 2091; x_wconf 96' lang='lat'><em>,</em></span> <span class='ocrx_word' id='word_1_360' title='bbox 675 2053 803 2084; x_wconf 88' lang='lat' dir='ltr'>urinam</span> <span class='ocrx_word' id='word_1_361' title='bbox 827 2074 839 2091; x_wconf 86' lang='lat'><em>,</em></span> <span class='ocrx_word' id='word_1_362' title='bbox 871 2062 945 2084; x_wconf 90' lang='lat' dir='ltr'>cum</span> <span class='ocrx_word' id='word_1_363' title='bbox 969 2062 1069 2094; x_wconf 87' lang='lat' dir='ltr'>eaque</span> 
     </span>
     <span class='ocr_line' id='line_1_44' title="bbox 67 2092 1078 2137; baseline 0.003 -11"><span class='ocrx_word' id='word_1_364' title='bbox 67 2105 126 2137; x_wconf 86' lang='lat' dir='ltr'>pus</span> <span class='ocrx_word' id='word_1_365' title='bbox 142 2116 151 2132; x_wconf 65' lang='lat' dir='ltr'>s</span> <span class='ocrx_word' id='word_1_366' title='bbox 179 2092 199 2126; x_wconf 86' lang='lat' dir='ltr'>si</span> <span class='ocrx_word' id='word_1_367' title='bbox 224 2093 310 2127; x_wconf 89' lang='lat' dir='ltr'>forte</span> <span class='ocrx_word' id='word_1_368' title='bbox 334 2094 430 2133; x_wconf 86' lang='lat' dir='ltr'>insit,</span> <span class='ocrx_word' id='word_1_369' title='bbox 453 2105 509 2136; x_wconf 89' lang='lat' dir='ltr'>per</span> <span class='ocrx_word' id='word_1_370' title='bbox 533 2103 674 2127; x_wconf 85' lang='lat' dir='ltr'>ureteres</span> <span class='ocrx_word' id='word_1_371' title='bbox 698 2095 735 2128; x_wconf 86' lang='lat' dir='ltr'>ad</span> <span class='ocrx_word' id='word_1_372' title='bbox 761 2106 847 2127; x_wconf 85' lang='lat' dir='ltr'>renes</span> <span class='ocrx_word' id='word_1_373' title='bbox 871 2093 968 2137; x_wconf 86' lang='lat' dir='ltr'>usque</span> <span class='ocrx_word' id='word_1_374' title='bbox 986 2117 995 2133; x_wconf 84' lang='lat'>,</span> <span class='ocrx_word' id='word_1_375' title='bbox 1019 2107 1078 2129; x_wconf 78' lang='lat' dir='ltr'>cu-</span> 
     </span>
     <span class='ocr_line' id='line_1_45' title="bbox 70 2137 1079 2180; baseline 0.001 -9"><span class='ocrx_word' id='word_1_376' title='bbox 70 2138 171 2171; x_wconf 85' lang='lat' dir='ltr'>bante</span> <span class='ocrx_word' id='word_1_377' title='bbox 196 2138 394 2179; x_wconf 68' lang='lat' dir='ltr'>praesertim,</span> <span class='ocrx_word' id='word_1_378' title='bbox 417 2137 497 2170; x_wconf 89' lang='lat' dir='ltr'>dum</span> <span class='ocrx_word' id='word_1_379' title='bbox 519 2139 829 2180; x_wconf 77' lang='lat' dir='ltr'>mingereconatur,</span> <span class='ocrx_word' id='word_1_380' title='bbox 853 2148 1000 2180; x_wconf 74' lang='lat' dir='ltr'>aegroto,</span> <span class='ocrx_word' id='word_1_381' title='bbox 1014 2150 1079 2172; x_wconf 89' lang='lat' dir='ltr'>non</span> 
     </span>
     <span class='ocr_line' id='line_1_46' title="bbox 70 2180 517 2222; baseline -0.011 -7"><span class='ocrx_word' id='word_1_382' title='bbox 70 2180 203 2215; x_wconf 79' lang='lat' dir='ltr'>difficile</span> <span class='ocrx_word' id='word_1_383' title='bbox 227 2181 431 2222; x_wconf 84' lang='lat' dir='ltr'>compulsum</span> <span class='ocrx_word' id='word_1_384' title='bbox 456 2181 517 2213; x_wconf 86' lang='lat' dir='ltr'>iri.</span> 
     </span>
    </p>

    <p class='ocr_par' dir='ltr' id='par_1_3' title="bbox 34 2221 1092 3437">
     <span class='ocr_line' id='line_1_47' title="bbox 117 2221 1077 2267; baseline 0.002 -11"><span class='ocrx_word' id='word_1_385' title='bbox 117 2234 171 2266; x_wconf 85' lang='lat'>24.</span> <span class='ocrx_word' id='word_1_386' title='bbox 197 2224 277 2257; x_wconf 76' lang='lat' dir='ltr'>Haec</span> <span class='ocrx_word' id='word_1_387' title='bbox 302 2234 434 2264; x_wconf 85' lang='lat' dir='ltr'>autem,</span> <span class='ocrx_word' id='word_1_388' title='bbox 458 2233 493 2257; x_wconf 91' lang='lat' dir='ltr'>ut</span> <span class='ocrx_word' id='word_1_389' title='bbox 518 2221 605 2257; x_wconf 88' lang='lat' dir='ltr'>vides</span> <span class='ocrx_word' id='word_1_390' title='bbox 628 2247 638 2262; x_wconf 94' lang='lat'>‚</span> <span class='ocrx_word' id='word_1_391' title='bbox 675 2224 819 2258; x_wconf 83' lang='lat' dir='ltr'>maribus</span> <span class='ocrx_word' id='word_1_392' title='bbox 840 2235 930 2267; x_wconf 87' lang='lat' dir='ltr'>aeque</span> <span class='ocrx_word' id='word_1_393' title='bbox 953 2236 987 2258; x_wconf 87' lang='lat' dir='ltr'>ac</span> <span class='ocrx_word' id='word_1_394' title='bbox 1012 2224 1077 2258; x_wconf 82' lang='lat' dir='ltr'>soe-</span> 
     </span>
     <span class='ocr_line' id='line_1_48' title="bbox 72 2266 1075 2310; baseline 0.002 -11"><span class='ocrx_word' id='word_1_395' title='bbox 72 2268 172 2302; x_wconf 86' lang='lat' dir='ltr'>minis</span> <span class='ocrx_word' id='word_1_396' title='bbox 194 2270 380 2301; x_wconf 82' lang='lat' dir='ltr'>communia</span> <span class='ocrx_word' id='word_1_397' title='bbox 404 2267 498 2303; x_wconf 81' lang='lat' dir='ltr'>sunt,</span> <span class='ocrx_word' id='word_1_398' title='bbox 522 2266 715 2309; x_wconf 61' lang='lat' dir='ltr'>passumque</span> <span class='ocrx_word' id='word_1_399' title='bbox 738 2269 777 2301; x_wconf 86' lang='lat' dir='ltr'>ab</span> <span class='ocrx_word' id='word_1_400' title='bbox 802 2269 839 2299; x_wconf 86' lang='lat' dir='ltr'>iis</span> <span class='ocrx_word' id='word_1_401' title='bbox 863 2279 994 2310; x_wconf 86' lang='lat' dir='ltr'>quoque</span> <span class='ocrx_word' id='word_1_402' title='bbox 1027 2268 1075 2301; x_wconf 90' lang='lat' dir='ltr'>la-</span> 
     </span>
     <span class='ocr_line' id='line_1_49' title="bbox 74 2310 1073 2354; baseline 0.002 -11"><span class='ocrx_word' id='word_1_403' title='bbox 74 2311 207 2354; x_wconf 86' lang='lat' dir='ltr'>pidibus</span> <span class='ocrx_word' id='word_1_404' title='bbox 230 2311 357 2345; x_wconf 85' lang='lat' dir='ltr'>tandem</span> <span class='ocrx_word' id='word_1_405' title='bbox 382 2310 543 2353; x_wconf 65' lang='lat' dir='ltr'>expeffiri</span> <span class='ocrx_word' id='word_1_406' title='bbox 570 2334 579 2349; x_wconf 89' lang='lat'><strong>‚</strong></span> <span class='ocrx_word' id='word_1_407' title='bbox 610 2311 668 2353; x_wconf 83' lang='lat' dir='ltr'>qui</span> <span class='ocrx_word' id='word_1_408' title='bbox 693 2321 757 2344; x_wconf 92' lang='lat' dir='ltr'>non</span> <span class='ocrx_word' id='word_1_409' title='bbox 780 2311 902 2344; x_wconf 87' lang='lat' dir='ltr'>circum</span> <span class='ocrx_word' id='word_1_410' title='bbox 927 2323 1016 2345; x_wconf 86' lang='lat' dir='ltr'>acum</span> <span class='ocrx_word' id='word_1_411' title='bbox 1040 2313 1073 2344; x_wconf 92' lang='lat' dir='ltr'>in</span> 
     </span>
     <span class='ocr_line' id='line_1_50' title="bbox 73 2353 1081 2398; baseline 0.001 -11"><span class='ocrx_word' id='word_1_412' title='bbox 73 2355 177 2388; x_wconf 84' lang='lat' dir='ltr'>vesica</span> <span class='ocrx_word' id='word_1_413' title='bbox 201 2354 407 2388; x_wconf 80' lang='lat' dir='ltr'>concrescant</span> <span class='ocrx_word' id='word_1_414' title='bbox 434 2379 442 2391; x_wconf 90' lang='lat'>,</span> <span class='ocrx_word' id='word_1_415' title='bbox 467 2362 502 2387; x_wconf 91' lang='lat' dir='ltr'>ut</span> <span class='ocrx_word' id='word_1_416' title='bbox 527 2363 642 2394; x_wconf 83' lang='lat' dir='ltr'>praeter</span> <span class='ocrx_word' id='word_1_417' title='bbox 665 2365 734 2387; x_wconf 87' lang='lat' dir='ltr'>earn</span> <span class='ocrx_word' id='word_1_418' title='bbox 759 2365 856 2396; x_wconf 84' lang='lat' dir='ltr'>quam</span> <span class='ocrx_word' id='word_1_419' title='bbox 879 2353 971 2396; x_wconf 89' lang='lat' dir='ltr'>supra</span> <span class='ocrx_word' id='word_1_420' title='bbox 995 2360 1006 2396; x_wconf 95' lang='lat'><strong>(</strong></span> <span class='ocrx_word' id='word_1_421' title='bbox 1029 2356 1081 2398; x_wconf 71' lang='grc'>*)</span> 
     </span>
     <span class='ocr_line' id='line_1_51' title="bbox 73 2396 1084 2440; baseline -0.001 -8"><span class='ocrx_word' id='word_1_422' title='bbox 73 2397 319 2440; x_wconf 78' lang='lat' dir='ltr'>descripfimus,</span> <span class='ocrx_word' id='word_1_423' title='bbox 340 2396 567 2431; x_wconf 78' lang='lat' dir='ltr'>adolescentuli</span> <span class='ocrx_word' id='word_1_424' title='bbox 590 2396 759 2430; x_wconf 85' lang='lat' dir='ltr'>historiam</span> <span class='ocrx_word' id='word_1_425' title='bbox 774 2419 783 2433; x_wconf 88' lang='lat'>‚</span> <span class='ocrx_word' id='word_1_426' title='bbox 808 2406 858 2430; x_wconf 91' lang='lat' dir='ltr'>tot</span> <span class='ocrx_word' id='word_1_427' title='bbox 883 2398 952 2431; x_wconf 72' lang='lat' dir='ltr'>aliae</span> <span class='ocrx_word' id='word_1_428' title='bbox 976 2399 1084 2433; x_wconf 89' lang='lat' dir='ltr'>osten-</span> 
     </span>
     <span class='ocr_line' id='line_1_52' title="bbox 73 2439 1080 2484; baseline 0.001 -10"><span class='ocrx_word' id='word_1_429' title='bbox 73 2443 324 2483; x_wconf 76' lang='lat' dir='ltr'>dunt,quarum</span> <span class='ocrx_word' id='word_1_430' title='bbox 348 2441 494 2482; x_wconf 83' lang='lat' dir='ltr'>aliquot,</span> <span class='ocrx_word' id='word_1_431' title='bbox 513 2449 550 2473; x_wconf 89' lang='lat' dir='ltr'>ut</span> <span class='ocrx_word' id='word_1_432' title='bbox 575 2440 782 2480; x_wconf 85' lang='lat' dir='ltr'>Sepulchreto</span> <span class='ocrx_word' id='word_1_433' title='bbox 806 2439 897 2480; x_wconf 79' lang='lat' dir='ltr'>possis</span> <span class='ocrx_word' id='word_1_434' title='bbox 921 2441 1056 2484; x_wconf 77' lang='lat' dir='ltr'>adjicere</span> <span class='ocrx_word' id='word_1_435' title='bbox 1071 2468 1080 2482; x_wconf 96' lang='lat'>,</span> 
     </span>
     <span class='ocr_line' id='line_1_53' title="bbox 70 2483 1076 2527; baseline 0 -9"><span class='ocrx_word' id='word_1_436' title='bbox 70 2484 126 2518; x_wconf 89' lang='lat' dir='ltr'>hic</span> <span class='ocrx_word' id='word_1_437' title='bbox 153 2484 256 2527; x_wconf 84' lang='lat' dir='ltr'>placet</span> <span class='ocrx_word' id='word_1_438' title='bbox 280 2494 559 2518; x_wconf 80' lang='lat' dir='ltr'>commemorare.</span> <span class='ocrx_word' id='word_1_439' title='bbox 583 2483 744 2517; x_wconf 85' lang='lat' dir='ltr'>Henricus</span> <span class='ocrx_word' id='word_1_440' title='bbox 767 2484 906 2517; x_wconf 80' lang='lat' dir='ltr'>Henrici</span> <span class='ocrx_word' id='word_1_441' title='bbox 941 2488 973 2518; x_wconf 90' lang='lat' dir='ltr'>in</span> <span class='ocrx_word' id='word_1_442' title='bbox 1001 2485 1076 2520; x_wconf 85' lang='lat' dir='ltr'>Dis-</span> 
     </span>
     <span class='ocr_line' id='line_1_54' title="bbox 71 2525 1078 2572; baseline 0.001 -11"><span class='ocrx_word' id='word_1_443' title='bbox 71 2529 246 2562; x_wconf 77' lang='lat' dir='ltr'>sertatione</span> <span class='ocrx_word' id='word_1_444' title='bbox 277 2528 317 2561; x_wconf 90' lang='lat' dir='ltr'>de</span> <span class='ocrx_word' id='word_1_445' title='bbox 330 2525 482 2560; x_wconf 80' lang='lat' dir='ltr'>Absceffu</span> <span class='ocrx_word' id='word_1_446' title='bbox 494 2525 745 2569; x_wconf 87' lang='lat' dir='ltr'>Mesenterii(a</span> <span class='ocrx_word' id='word_1_447' title='bbox 768 2531 782 2567; x_wconf 92' lang='lat'>)</span> <span class='ocrx_word' id='word_1_448' title='bbox 804 2527 842 2561; x_wconf 84' lang='lat' dir='ltr'>de</span> <span class='ocrx_word' id='word_1_449' title='bbox 873 2530 1078 2572; x_wconf 83' lang='lat' dir='ltr'>quinquenni</span> 
     </span>
     <span class='ocr_line' id='line_1_55' title="bbox 71 2571 1082 2615; baseline 0.001 -11"><span class='ocrx_word' id='word_1_450' title='bbox 71 2571 178 2615; x_wconf 82' lang='lat' dir='ltr'>puella</span> <span class='ocrx_word' id='word_1_451' title='bbox 198 2572 350 2604; x_wconf 82' lang='lat' dir='ltr'>meminit</span> <span class='ocrx_word' id='word_1_452' title='bbox 371 2592 381 2609; x_wconf 92' lang='lat'>‚</span> <span class='ocrx_word' id='word_1_453' title='bbox 404 2573 496 2612; x_wconf 83' lang='lat' dir='ltr'>cujus</span> <span class='ocrx_word' id='word_1_454' title='bbox 518 2580 622 2603; x_wconf 85' lang='lat' dir='ltr'>urerer</span> <span class='ocrx_word' id='word_1_455' title='bbox 645 2582 684 2603; x_wconf 85' lang='lat' dir='ltr'>ex</span> <span class='ocrx_word' id='word_1_456' title='bbox 706 2571 921 2613; x_wconf 77' lang='lat' dir='ltr'>restagnante,</span> <span class='ocrx_word' id='word_1_457' title='bbox 946 2575 991 2606; x_wconf 87' lang='lat' dir='ltr'>ob</span> <span class='ocrx_word' id='word_1_458' title='bbox 1014 2574 1082 2605; x_wconf 86' lang='lat' dir='ltr'>cal-</span> 
     </span>
     <span class='ocr_line' id='line_1_56' title="bbox 70 2612 1072 2654; baseline 0 -5"><span class='ocrx_word' id='word_1_459' title='bbox 70 2615 183 2649; x_wconf 82' lang='lat' dir='ltr'>culum</span> <span class='ocrx_word' id='word_1_460' title='bbox 219 2614 328 2649; x_wconf 82' lang='lat' dir='ltr'>vesicae</span> <span class='ocrx_word' id='word_1_461' title='bbox 352 2636 361 2651; x_wconf 85' lang='lat'>‚</span> <span class='ocrx_word' id='word_1_462' title='bbox 393 2615 517 2651; x_wconf 17' lang='lat' dir='ltr'>urinas,</span> <span class='ocrx_word' id='word_1_463' title='bbox 555 2612 732 2652; x_wconf 76' lang='lat' dir='ltr'>intestinum</span> <span class='ocrx_word' id='word_1_464' title='bbox 754 2613 962 2648; x_wconf 76' lang='lat' dir='ltr'>menciebatur</span> <span class='ocrx_word' id='word_1_465' title='bbox 985 2639 995 2654; x_wconf 94' lang='lat'>‚</span> <span class='ocrx_word' id='word_1_466' title='bbox 1019 2628 1072 2650; x_wconf 91' lang='lat' dir='ltr'>ren</span> 
     </span>
     <span class='ocr_line' id='line_1_57' title="bbox 71 2656 1076 2700; baseline 0.001 -9"><span class='ocrx_word' id='word_1_467' title='bbox 71 2668 180 2692; x_wconf 87' lang='lat' dir='ltr'>autem</span> <span class='ocrx_word' id='word_1_468' title='bbox 212 2659 345 2692; x_wconf 86' lang='lat' dir='ltr'>alterius</span> <span class='ocrx_word' id='word_1_469' title='bbox 374 2656 631 2698; x_wconf 81' lang='lat' dir='ltr'>magnitudinem</span> <span class='ocrx_word' id='word_1_470' title='bbox 663 2658 766 2700; x_wconf 85' lang='lat' dir='ltr'>triplo</span> <span class='ocrx_word' id='word_1_471' title='bbox 790 2658 979 2700; x_wconf 85' lang='lat' dir='ltr'>superabat.</span> <span class='ocrx_word' id='word_1_472' title='bbox 1005 2661 1076 2693; x_wconf 85' lang='lat' dir='ltr'>Ex-</span> 
     </span>
     <span class='ocr_line' id='line_1_58' title="bbox 70 2698 1077 2743; baseline 0.001 -8"><span class='ocrx_word' id='word_1_473' title='bbox 70 2710 118 2735; x_wconf 90' lang='lat' dir='ltr'>tat</span> <span class='ocrx_word' id='word_1_474' title='bbox 151 2702 186 2733; x_wconf 88' lang='lat' dir='ltr'>in</span> <span class='ocrx_word' id='word_1_475' title='bbox 218 2702 315 2735; x_wconf 68' lang='lat' dir='ltr'>Astis</span> <span class='ocrx_word' id='word_1_476' title='bbox 346 2701 563 2735; x_wconf 84' lang='lat' dir='ltr'>Eruditorum</span> <span class='ocrx_word' id='word_1_477' title='bbox 597 2698 811 2743; x_wconf 86' lang='lat' dir='ltr'>Lipsiensibus</span> <span class='ocrx_word' id='word_1_478' title='bbox 844 2699 931 2743; x_wconf 80' lang='lat' dir='ltr'>(b)</span> <span class='ocrx_word' id='word_1_479' title='bbox 965 2703 1077 2737; x_wconf 86' lang='lat' dir='ltr'>Groe-</span> 
     </span>
     <span class='ocr_line' id='line_1_59' title="bbox 72 2743 1082 2786; baseline 0 -7"><span class='ocrx_word' id='word_1_480' title='bbox 72 2744 207 2779; x_wconf 88' lang='lat' dir='ltr'>neveltii</span> <span class='ocrx_word' id='word_1_481' title='bbox 230 2745 427 2778; x_wconf 87' lang='lat' dir='ltr'>Observatio</span> <span class='ocrx_word' id='word_1_482' title='bbox 461 2747 495 2778; x_wconf 88' lang='lat' dir='ltr'>in</span> <span class='ocrx_word' id='word_1_483' title='bbox 531 2744 643 2785; x_wconf 86' lang='lat' dir='ltr'>puello</span> <span class='ocrx_word' id='word_1_484' title='bbox 674 2744 833 2778; x_wconf 82' lang='lat' dir='ltr'>calculoso</span> <span class='ocrx_word' id='word_1_485' title='bbox 857 2767 867 2782; x_wconf 92' lang='lat'>‚</span> <span class='ocrx_word' id='word_1_486' title='bbox 892 2743 983 2786; x_wconf 70' lang='lat' dir='ltr'>cuius</span> <span class='ocrx_word' id='word_1_487' title='bbox 1008 2758 1082 2779; x_wconf 88' lang='lat' dir='ltr'>ure-</span> 
     </span>
     <span class='ocr_line' id='line_1_60' title="bbox 75 2786 1081 2831; baseline -0.002 -10"><span class='ocrx_word' id='word_1_488' title='bbox 75 2797 157 2821; x_wconf 88' lang='lat' dir='ltr'>teres</span> <span class='ocrx_word' id='word_1_489' title='bbox 188 2787 376 2822; x_wconf 87' lang='lat' dir='ltr'>intestinum</span> <span class='ocrx_word' id='word_1_490' title='bbox 405 2786 570 2831; x_wconf 78' lang='lat' dir='ltr'>quoddam</span> <span class='ocrx_word' id='word_1_491' title='bbox 601 2787 716 2821; x_wconf 85' lang='lat' dir='ltr'>Tenue</span> <span class='ocrx_word' id='word_1_492' title='bbox 747 2789 925 2829; x_wconf 82' lang='lat' dir='ltr'>capacitate</span> <span class='ocrx_word' id='word_1_493' title='bbox 964 2788 1081 2823; x_wconf 81' lang='lat' dir='ltr'>refere-</span> 
     </span>
     <span class='ocr_line' id='line_1_61' title="bbox 74 2829 1084 2874; baseline 0 -9"><span class='ocrx_word' id='word_1_494' title='bbox 74 2831 154 2865; x_wconf 78' lang='lat' dir='ltr'>bant</span> <span class='ocrx_word' id='word_1_495' title='bbox 178 2856 186 2863; x_wconf 88' lang='lat'>.</span> <span class='ocrx_word' id='word_1_496' title='bbox 221 2830 359 2864; x_wconf 84' lang='lat' dir='ltr'>Eosdem</span> <span class='ocrx_word' id='word_1_497' title='bbox 382 2833 416 2865; x_wconf 87' lang='lat' dir='ltr'>in</span> <span class='ocrx_word' id='word_1_498' title='bbox 438 2831 508 2865; x_wconf 88' lang='lat' dir='ltr'>sene</span> <span class='ocrx_word' id='word_1_499' title='bbox 532 2843 548 2864; x_wconf 86' lang='lat' dir='ltr'>a</span> <span class='ocrx_word' id='word_1_500' title='bbox 571 2829 679 2864; x_wconf 82' lang='lat' dir='ltr'>veficae</span> <span class='ocrx_word' id='word_1_501' title='bbox 701 2831 826 2865; x_wconf 86' lang='lat' dir='ltr'>calculo</span> <span class='ocrx_word' id='word_1_502' title='bbox 848 2830 960 2874; x_wconf 85' lang='lat' dir='ltr'>saepius</span> <span class='ocrx_word' id='word_1_503' title='bbox 984 2832 1084 2866; x_wconf 88' lang='lat' dir='ltr'>stran-</span> 
     </span>
     <span class='ocr_line' id='line_1_62' title="bbox 34 2872 1083 2918; baseline 0.002 -11"><span class='ocrx_word' id='word_1_504' title='bbox 34 2891 36 2893; x_wconf 79' lang='grc'><strong>-</strong></span> <span class='ocrx_word' id='word_1_505' title='bbox 77 2885 171 2918; x_wconf 80' lang='lat' dir='ltr'>gurra</span> <span class='ocrx_word' id='word_1_506' title='bbox 201 2872 398 2908; x_wconf 65' lang='lat' dir='ltr'>conflictata</span> <span class='ocrx_word' id='word_1_507' title='bbox 428 2874 641 2908; x_wconf 66' lang='lat' dir='ltr'>Mauchartus</span> <span class='ocrx_word' id='word_1_508' title='bbox 664 2878 674 2913; x_wconf 97' lang='lat'>(</span> <span class='ocrx_word' id='word_1_509' title='bbox 698 2878 747 2913; x_wconf 90' lang='lat' dir='ltr'>c)</span> <span class='ocrx_word' id='word_1_510' title='bbox 780 2874 863 2907; x_wconf 82' lang='lat' dir='ltr'>vidit</span> <span class='ocrx_word' id='word_1_511' title='bbox 897 2875 938 2908; x_wconf 87' lang='lat' dir='ltr'>ab</span> <span class='ocrx_word' id='word_1_512' title='bbox 959 2877 1048 2909; x_wconf 88' lang='lat' dir='ltr'>urina</span> <span class='ocrx_word' id='word_1_513' title='bbox 1073 2899 1083 2914; x_wconf 94' lang='lat'>,</span> 
     </span>
     <span class='ocr_line' id='line_1_63' title="bbox 76 2917 1081 2962; baseline 0.002 -11"><span class='ocrx_word' id='word_1_514' title='bbox 76 2928 179 2961; x_wconf 82' lang='lat' dir='ltr'>quam</span> <span class='ocrx_word' id='word_1_515' title='bbox 209 2918 425 2951; x_wconf 85' lang='lat' dir='ltr'>continebant</span> <span class='ocrx_word' id='word_1_516' title='bbox 455 2917 529 2951; x_wconf 71' lang='lat' dir='ltr'>lasti</span> <span class='ocrx_word' id='word_1_517' title='bbox 565 2917 744 2959; x_wconf 86' lang='lat' dir='ltr'>ebutyrato</span> <span class='ocrx_word' id='word_1_518' title='bbox 774 2917 911 2951; x_wconf 82' lang='lat' dir='ltr'>similem</span> <span class='ocrx_word' id='word_1_519' title='bbox 936 2941 946 2956; x_wconf 91' lang='lat'><strong><em>‚</em></strong></span> <span class='ocrx_word' id='word_1_520' title='bbox 992 2918 1081 2962; x_wconf 80' lang='lat' dir='ltr'>infia-</span> 
     </span>
     <span class='ocr_line' id='line_1_64' title="bbox 78 2960 1081 3004; baseline 0 -9"><span class='ocrx_word' id='word_1_521' title='bbox 78 2969 128 2995; x_wconf 78' lang='grc' dir='ltr'>τω</span> <span class='ocrx_word' id='word_1_522' title='bbox 173 2961 267 3001; x_wconf 73' lang='lat' dir='ltr'>instar</span> <span class='ocrx_word' id='word_1_523' title='bbox 316 2960 453 2999; x_wconf 66' lang='lat' dir='ltr'>intestini</span> <span class='ocrx_word' id='word_1_524' title='bbox 505 2960 564 2995; x_wconf 85' lang='lat' dir='ltr'>ilei</span> <span class='ocrx_word' id='word_1_525' title='bbox 603 2972 676 2994; x_wconf 84' lang='lat' dir='ltr'>curn</span> <span class='ocrx_word' id='word_1_526' title='bbox 724 2961 853 2994; x_wconf 86' lang='lat' dir='ltr'>renibus</span> <span class='ocrx_word' id='word_1_527' title='bbox 899 2964 1047 2996; x_wconf 85' lang='lat' dir='ltr'>maximis</span> <span class='ocrx_word' id='word_1_528' title='bbox 1071 2988 1081 3004; x_wconf 87' lang='lat'>‚</span> 
     </span>
     <span class='ocr_line' id='line_1_65' title="bbox 80 3004 1085 3048; baseline 0.003 -11"><span class='ocrx_word' id='word_1_529' title='bbox 80 3007 112 3037; x_wconf 74' lang='grc' dir='ltr'>δι</span> <span class='ocrx_word' id='word_1_530' title='bbox 158 3004 375 3046; x_wconf 77' lang='lat' dir='ltr'>inaequalibus</span> <span class='ocrx_word' id='word_1_531' title='bbox 395 3027 407 3044; x_wconf 89' lang='lat'>‚</span> <span class='ocrx_word' id='word_1_532' title='bbox 450 3015 591 3046; x_wconf 83' lang='lat' dir='ltr'>quorum</span> <span class='ocrx_word' id='word_1_533' title='bbox 638 3005 742 3046; x_wconf 85' lang='lat' dir='ltr'>pelves</span> <span class='ocrx_word' id='word_1_534' title='bbox 771 3004 824 3037; x_wconf 82' lang='lat' dir='ltr'>ad</span> <span class='ocrx_word' id='word_1_535' title='bbox 867 3006 923 3037; x_wconf 87' lang='lat' dir='ltr'>ovi</span> <span class='ocrx_word' id='word_1_536' title='bbox 958 3008 1085 3048; x_wconf 82' lang='lat' dir='ltr'>magni·</span> 
     </span>
     <span class='ocr_line' id='line_1_66' title="bbox 82 3046 1082 3089; baseline 0.002 -9"><span class='ocrx_word' id='word_1_537' title='bbox 82 3048 231 3082; x_wconf 86' lang='lat' dir='ltr'>tudinem</span> <span class='ocrx_word' id='word_1_538' title='bbox 276 3057 367 3081; x_wconf 88' lang='lat' dir='ltr'>erant</span> <span class='ocrx_word' id='word_1_539' title='bbox 411 3046 539 3081; x_wconf 86' lang='lat' dir='ltr'>distenti</span> <span class='ocrx_word' id='word_1_540' title='bbox 564 3072 572 3080; x_wconf 92' lang='lat'><strong>.</strong></span> <span class='ocrx_word' id='word_1_541' title='bbox 620 3049 658 3080; x_wconf 89' lang='lat' dir='ltr'>In</span> <span class='ocrx_word' id='word_1_542' title='bbox 704 3054 801 3081; x_wconf 89' lang='lat' dir='ltr'>nauta</span> <span class='ocrx_word' id='word_1_543' title='bbox 827 3048 971 3081; x_wconf 84' lang='lat' dir='ltr'>Laubius</span> <span class='ocrx_word' id='word_1_544' title='bbox 992 3054 1006 3089; x_wconf 89' lang='lat'>(</span> <span class='ocrx_word' id='word_1_545' title='bbox 1027 3050 1047 3082; x_wconf 85' lang='lat' dir='ltr'>d</span> <span class='ocrx_word' id='word_1_546' title='bbox 1069 3054 1082 3088; x_wconf 93' lang='lat'>)</span> 
     </span>
     <span class='ocr_line' id='line_1_67' title="bbox 81 3090 1081 3133; baseline 0.001 -9"><span class='ocrx_word' id='word_1_547' title='bbox 81 3092 122 3124; x_wconf 86' lang='lat' dir='ltr'>ab</span> <span class='ocrx_word' id='word_1_548' title='bbox 166 3090 279 3124; x_wconf 87' lang='lat' dir='ltr'>eodem·</span> <span class='ocrx_word' id='word_1_549' title='bbox 311 3091 426 3125; x_wconf 85' lang='lat' dir='ltr'>morbo</span> <span class='ocrx_word' id='word_1_550' title='bbox 450 3113 460 3127; x_wconf 90' lang='lat'>,</span> <span class='ocrx_word' id='word_1_551' title='bbox 502 3101 577 3124; x_wconf 88' lang='lat' dir='ltr'>cum</span> <span class='ocrx_word' id='word_1_552' title='bbox 609 3090 826 3133; x_wconf 85' lang='lat' dir='ltr'>symptomate</span> <span class='ocrx_word' id='word_1_553' title='bbox 859 3092 972 3125; x_wconf 87' lang='lat' dir='ltr'>eodem</span> <span class='ocrx_word' id='word_1_554' title='bbox 1005 3104 1081 3126; x_wconf 88' lang='lat' dir='ltr'>con-</span> 
     </span>
     <span class='ocr_line' id='line_1_68' title="bbox 83 3133 1085 3177; baseline 0.001 -9"><span class='ocrx_word' id='word_1_555' title='bbox 83 3134 197 3176; x_wconf 67' lang='lat' dir='ltr'>juncto</span> <span class='ocrx_word' id='word_1_556' title='bbox 220 3158 233 3175; x_wconf 90' lang='lat'><em>,</em></span> <span class='ocrx_word' id='word_1_557' title='bbox 277 3146 341 3168; x_wconf 86' lang='lat' dir='ltr'>non</span> <span class='ocrx_word' id='word_1_558' title='bbox 385 3133 483 3167; x_wconf 85' lang='lat' dir='ltr'>modo</span> <span class='ocrx_word' id='word_1_559' title='bbox 526 3145 599 3168; x_wconf 88' lang='lat' dir='ltr'>cum</span> <span class='ocrx_word' id='word_1_560' title='bbox 643 3135 791 3177; x_wconf 83' lang='lat' dir='ltr'>pelvibus</span> <span class='ocrx_word' id='word_1_561' title='bbox 836 3145 973 3168; x_wconf 84' lang='lat' dir='ltr'>ureteres</span> <span class='ocrx_word' id='word_1_562' title='bbox 1003 3137 1085 3170; x_wconf 63' lang='lat' dir='ltr'>wal-</span> 
     </span>
     <span class='ocr_line' id='line_1_69' title="bbox 74 3177 1092 3215; baseline 0.002 -4"><span class='ocrx_word' id='word_1_563' title='bbox 74 3178 120 3211; x_wconf 87' lang='lat' dir='ltr'>·de</span> <span class='ocrx_word' id='word_1_564' title='bbox 163 3177 316 3212; x_wconf 87' lang='lat' dir='ltr'>dilatatos</span> <span class='ocrx_word' id='word_1_565' title='bbox 341 3204 347 3215; x_wconf 79' lang='lat'>,</span> <span class='ocrx_word' id='word_1_566' title='bbox 394 3177 443 3210; x_wconf 86' lang='lat' dir='ltr'>sed</span> <span class='ocrx_word' id='word_1_567' title='bbox 487 3179 520 3210; x_wconf 87' lang='lat'>&amp;</span> <span class='ocrx_word' id='word_1_568' title='bbox 560 3189 637 3211; x_wconf 89' lang='lat' dir='ltr'>cum</span> <span class='ocrx_word' id='word_1_569' title='bbox 679 3179 811 3213; x_wconf 82' lang='lat' dir='ltr'>renibus</span> <span class='ocrx_word' id='word_1_570' title='bbox 834 3200 844 3215; x_wconf 90' lang='lat'>,</span> <span class='ocrx_word' id='word_1_571' title='bbox 887 3179 989 3212; x_wconf 87' lang='lat' dir='ltr'>altero</span> <span class='ocrx_word' id='word_1_572' title='bbox 1023 3191 1092 3214; x_wconf 79' lang='lat' dir='ltr'>ma-</span> 
     </span>
     <span class='ocr_line' id='line_1_70' title="bbox 82 3220 1092 3263; baseline 0.003 -9"><span class='ocrx_word' id='word_1_573' title='bbox 82 3231 149 3263; x_wconf 79' lang='lat' dir='ltr'>gno</span> <span class='ocrx_word' id='word_1_574' title='bbox 193 3224 224 3255; x_wconf 89' lang='lat'>&amp;</span> <span class='ocrx_word' id='word_1_575' title='bbox 268 3220 412 3255; x_wconf 87' lang='lat' dir='ltr'>ulceroso</span> <span class='ocrx_word' id='word_1_576' title='bbox 436 3243 445 3258; x_wconf 88' lang='lat'>,</span> <span class='ocrx_word' id='word_1_577' title='bbox 500 3221 601 3254; x_wconf 85' lang='lat' dir='ltr'>altero</span> <span class='ocrx_word' id='word_1_578' title='bbox 644 3230 758 3255; x_wconf 86' lang='lat' dir='ltr'>contra</span> <span class='ocrx_word' id='word_1_579' title='bbox 803 3221 951 3261; x_wconf 84' lang='lat' dir='ltr'>atrophia</span> <span class='ocrx_word' id='word_1_580' title='bbox 995 3223 1092 3257; x_wconf 85' lang='lat' dir='ltr'>labo-</span> 
     </span>
     <span class='ocr_line' id='line_1_71' title="bbox 83 3262 1085 3307; baseline 0.001 -9"><span class='ocrx_word' id='word_1_581' title='bbox 83 3275 176 3298; x_wconf 84' lang='lat' dir='ltr'>rante</span> <span class='ocrx_word' id='word_1_582' title='bbox 199 3288 209 3297; x_wconf 73' lang='lat'><em>.</em></span> <span class='ocrx_word' id='word_1_583' title='bbox 256 3264 330 3298; x_wconf 89' lang='lat' dir='ltr'>Post</span> <span class='ocrx_word' id='word_1_584' title='bbox 375 3262 496 3298; x_wconf 83' lang='lat' dir='ltr'>easdem</span> <span class='ocrx_word' id='word_1_585' title='bbox 532 3263 715 3298; x_wconf 73' lang='lat' dir='ltr'>affeffiones</span> <span class='ocrx_word' id='word_1_586' title='bbox 751 3264 978 3306; x_wconf 86' lang='lat' dir='ltr'>Lospichlerus</span> <span class='ocrx_word' id='word_1_587' title='bbox 1001 3271 1011 3305; x_wconf 89' lang='lat'><strong>(</strong></span> <span class='ocrx_word' id='word_1_588' title='bbox 1035 3271 1085 3307; x_wconf 90' lang='lat' dir='ltr'>e)</span> 
     </span>
     <span class='ocr_line' id='line_1_72' title="bbox 82 3308 1084 3351; baseline 0 -9"><span class='ocrx_word' id='word_1_589' title='bbox 82 3309 116 3342; x_wconf 84' lang='lat' dir='ltr'>in</span> <span class='ocrx_word' id='word_1_590' title='bbox 184 3318 358 3342; x_wconf 85' lang='lat' dir='ltr'>mercatore</span> <span class='ocrx_word' id='word_1_591' title='bbox 415 3314 553 3341; x_wconf 33' lang='lat' dir='ltr'>ureteresv</span> <span class='ocrx_word' id='word_1_592' title='bbox 603 3308 728 3342; x_wconf 84' lang='lat' dir='ltr'>invenit</span> <span class='ocrx_word' id='word_1_593' title='bbox 786 3309 946 3351; x_wconf 80' lang='lat' dir='ltr'>stagnante</span> <span class='ocrx_word' id='word_1_594' title='bbox 1001 3311 1084 3343; x_wconf 87' lang='lat' dir='ltr'>lotio</span> 
     </span>
     <span class='ocr_line' id='line_1_73' title="bbox 83 3349 1083 3392; baseline 0.001 -8"><span class='ocrx_word' id='word_1_595' title='bbox 83 3351 162 3384; x_wconf 89' lang='lat' dir='ltr'>adeo</span> <span class='ocrx_word' id='word_1_596' title='bbox 216 3351 368 3385; x_wconf 86' lang='lat' dir='ltr'>distentos</span> <span class='ocrx_word' id='word_1_597' title='bbox 410 3373 420 3389; x_wconf 84' lang='lat'>‚</span> <span class='ocrx_word' id='word_1_598' title='bbox 475 3360 510 3384; x_wconf 90' lang='lat' dir='ltr'>ut</span> <span class='ocrx_word' id='word_1_599' title='bbox 550 3349 678 3391; x_wconf 85' lang='lat' dir='ltr'>pollicis</span> <span class='ocrx_word' id='word_1_600' title='bbox 734 3352 863 3392; x_wconf 84' lang='lat' dir='ltr'>majoris</span> <span class='ocrx_word' id='word_1_601' title='bbox 916 3353 1083 3386; x_wconf 76' lang='lat' dir='ltr'>introitum</span> 
     </span>
     <span class='ocr_line' id='line_1_74' title="bbox 83 3393 1081 3437; baseline 0.001 -9"><span class='ocrx_word' id='word_1_602' title='bbox 83 3393 178 3429; x_wconf 80' lang='lat' dir='ltr'>facile</span> <span class='ocrx_word' id='word_1_603' title='bbox 220 3394 427 3429; x_wconf 83' lang='lat' dir='ltr'>admitterent</span> <span class='ocrx_word' id='word_1_604' title='bbox 452 3406 462 3425; x_wconf 90' lang='grc'>.-</span> <span class='ocrx_word' id='word_1_605' title='bbox 505 3393 689 3427; x_wconf 85' lang='lat' dir='ltr'>Brunnerus</span> <span class='ocrx_word' id='word_1_606' title='bbox 745 3398 759 3434; x_wconf 87' lang='lat'><strong>(</strong></span> <span class='ocrx_word' id='word_1_607' title='bbox 783 3393 811 3437; x_wconf 87' lang='lat' dir='ltr'><strong><em>f</em></strong></span> <span class='ocrx_word' id='word_1_608' title='bbox 841 3399 852 3434; x_wconf 90' lang='lat'><em>)</em></span> <span class='ocrx_word' id='word_1_609' title='bbox 898 3406 1005 3429; x_wconf 88' lang='lat' dir='ltr'>autem</span> <span class='ocrx_word' id='word_1_610' title='bbox 1046 3397 1081 3429; x_wconf 87' lang='lat' dir='ltr'>in</span> 
     </span>
    </p>
   </div>
   <div class='ocr_carea' id='block_1_3' title="bbox 232 3610 604 3644">
    <p class='ocr_par' dir='ltr' id='par_1_4' title="bbox 232 3610 604 3644">
     <span class='ocr_line' id='line_1_75' title="bbox 232 3610 604 3644; baseline -0.016 -3"><span class='ocrx_word' id='word_1_611' title='bbox 232 3616 293 3640; x_wconf 56' lang='lat' dir='ltr'>siet.</span> <span class='ocrx_word' id='word_1_612' title='bbox 309 3622 347 3644; x_wconf 82' lang='lat'>²4.</span> <span class='ocrx_word' id='word_1_613' title='bbox 364 3612 407 3636; x_wconf 69' lang='lat' dir='ltr'>eit.</span> <span class='ocrx_word' id='word_1_614' title='bbox 424 3611 485 3637; x_wconf 76' lang='lat' dir='ltr'>obs.</span> <span class='ocrx_word' id='word_1_615' title='bbox 502 3614 528 3635; x_wconf 84' lang='lat'>6.</span> <span class='ocrx_word' id='word_1_616' title='bbox 544 3610 565 3641; x_wconf 66' lang='grc' dir='ltr'>ς.</span> <span class='ocrx_word' id='word_1_617' title='bbox 582 3612 604 3635; x_wconf 75' lang='lat' dir='ltr'>a.</span> 
     </span>
    </p>
   </div>
   <div class='ocr_carea' id='block_1_4' title="bbox 129 3612 1064 3797">
    <p class='ocr_par' dir='ltr' id='par_1_5' title="bbox 129 3612 1064 3797">
     <span class='ocr_line' id='line_1_76' title="bbox 129 3612 946 3646; baseline 0.001 -7"><span class='ocrx_word' id='word_1_618' title='bbox 129 3616 164 3645; x_wconf 37' lang='grc' dir='ltr'>μ(</span> <span class='ocrx_word' id='word_1_619' title='bbox 179 3622 190 3639; x_wconf 77' lang='lat' dir='ltr'>t</span> <span class='ocrx_word' id='word_1_620' title='bbox 204 3618 216 3644; x_wconf 86' lang='lat'>)</span> <span class='ocrx_word' id='word_1_621' title='bbox 662 3616 678 3646; x_wconf 88' lang='lat'><strong>(</strong></span> <span class='ocrx_word' id='word_1_622' title='bbox 691 3613 737 3643; x_wconf 79' lang='grc' dir='ltr'>υ)</span> <span class='ocrx_word' id='word_1_623' title='bbox 754 3612 817 3639; x_wconf 80' lang='lat' dir='ltr'>Ibid.</span> <span class='ocrx_word' id='word_1_624' title='bbox 832 3615 891 3640; x_wconf 74' lang='grc' dir='ltr'>ΟΜ.</span> <span class='ocrx_word' id='word_1_625' title='bbox 911 3618 946 3640; x_wconf 82' lang='lat'>16.</span> 
     </span>
     <span class='ocr_line' id='line_1_77' title="bbox 174 3642 836 3676; baseline -0.003 -5"><span class='ocrx_word' id='word_1_626' title='bbox 174 3655 191 3674; x_wconf 69' lang='lat' dir='ltr'>,v</span> <span class='ocrx_word' id='word_1_627' title='bbox 211 3649 218 3674; x_wconf 93' lang='lat'><em>)</em></span> <span class='ocrx_word' id='word_1_628' title='bbox 233 3649 269 3671; x_wconf 83' lang='lat' dir='ltr'>De</span> <span class='ocrx_word' id='word_1_629' title='bbox 285 3646 386 3670; x_wconf 80' lang='lat' dir='ltr'>Observ-</span> <span class='ocrx_word' id='word_1_630' title='bbox 405 3642 472 3667; x_wconf 69' lang='lat' dir='ltr'>Med·</span> <span class='ocrx_word' id='word_1_631' title='bbox 489 3643 514 3666; x_wconf 60' lang='grc' dir='ltr'><strong>ἃ</strong></span> <span class='ocrx_word' id='word_1_632' title='bbox 527 3643 602 3667; x_wconf 61' lang='lat' dir='ltr'>Anat·</span> <span class='ocrx_word' id='word_1_633' title='bbox 620 3644 693 3674; x_wconf 73' lang='lat' dir='ltr'>Epist.</span> <span class='ocrx_word' id='word_1_634' title='bbox 713 3645 738 3668; x_wconf 87' lang='lat'>8.</span> <span class='ocrx_word' id='word_1_635' title='bbox 755 3653 780 3669; x_wconf 87' lang='lat' dir='ltr'>n.</span> <span class='ocrx_word' id='word_1_636' title='bbox 800 3653 836 3676; x_wconf 83' lang='lat'>¹5-</span> 
     </span>
     <span class='ocr_line' id='line_1_78' title="bbox 145 3649 1064 3706; baseline -0.002 -5"><span class='ocrx_word' id='word_1_637' title='bbox 145 3649 190 3705; x_wconf 57' lang='grc' dir='ltr'><strong><em>ἑὸ</em></strong></span> <span class='ocrx_word' id='word_1_638' title='bbox 206 3677 219 3706; x_wconf 80' lang='grc'>)</span> <span class='ocrx_word' id='word_1_639' title='bbox 237 3680 265 3701; x_wconf 67' lang='grc' dir='ltr'>Α.</span> <span class='ocrx_word' id='word_1_640' title='bbox 286 3678 351 3706; x_wconf 76' lang='lat'>1685.</span> <span class='ocrx_word' id='word_1_641' title='bbox 368 3674 407 3697; x_wconf 90' lang='lat' dir='ltr'>M.</span> <span class='ocrx_word' id='word_1_642' title='bbox 427 3674 503 3697; x_wconf 79' lang='lat' dir='ltr'>Mart.</span> <span class='ocrx_word' id='word_1_643' title='bbox 564 3673 599 3703; x_wconf 79' lang='lat' dir='ltr'>(c</span> <span class='ocrx_word' id='word_1_644' title='bbox 614 3677 629 3705; x_wconf 70' lang='lat'>2</span> <span class='ocrx_word' id='word_1_645' title='bbox 645 3677 706 3706; x_wconf 82' lang='lat' dir='ltr'>Eph.</span> <span class='ocrx_word' id='word_1_646' title='bbox 723 3677 749 3699; x_wconf 89' lang='lat' dir='ltr'>N</span> <span class='ocrx_word' id='word_1_647' title='bbox 775 3677 804 3700; x_wconf 89' lang='lat' dir='ltr'>C.</span> <span class='ocrx_word' id='word_1_648' title='bbox 821 3679 891 3701; x_wconf 82' lang='lat' dir='ltr'>cent.</span> <span class='ocrx_word' id='word_1_649' title='bbox 909 3679 930 3701; x_wconf 86' lang='lat'>8.</span> <span class='ocrx_word' id='word_1_650' title='bbox 951 3676 1008 3701; x_wconf 88' lang='lat' dir='ltr'>Obs.</span> <span class='ocrx_word' id='word_1_651' title='bbox 1030 3684 1064 3706; x_wconf 48' lang='lat'>¹5⁴</span> 
     </span>
     <span class='ocr_line' id='line_1_79' title="bbox 149 3703 1062 3737; baseline -0.001 -7"><span class='ocrx_word' id='word_1_652' title='bbox 149 3707 164 3735; x_wconf 68' lang='grc' dir='ltr'>ί</span> <span class='ocrx_word' id='word_1_653' title='bbox 176 3716 194 3737; x_wconf 80' lang='lat' dir='ltr'><em>g</em></span> <span class='ocrx_word' id='word_1_654' title='bbox 210 3708 223 3736; x_wconf 69' lang='lat'><em>3</em></span> <span class='ocrx_word' id='word_1_655' title='bbox 242 3710 296 3731; x_wconf 80' lang='lat' dir='ltr'>Dec.</span> <span class='ocrx_word' id='word_1_656' title='bbox 316 3714 333 3736; x_wconf 48' lang='lat'>3*</span> <span class='ocrx_word' id='word_1_657' title='bbox 353 3709 380 3730; x_wconf 82' lang='grc' dir='ltr'>Α.</span> <span class='ocrx_word' id='word_1_658' title='bbox 397 3712 420 3732; x_wconf 90' lang='lat'>7.</span> <span class='ocrx_word' id='word_1_659' title='bbox 438 3705 460 3727; x_wconf 69' lang='grc' dir='ltr'><strong>ἃ</strong></span> <span class='ocrx_word' id='word_1_660' title='bbox 477 3703 573 3737; x_wconf 50' lang='lat' dir='ltr'>8201&gt;ss</span> <span class='ocrx_word' id='word_1_661' title='bbox 591 3715 630 3736; x_wconf 86' lang='lat'>²7-</span> <span class='ocrx_word' id='word_1_662' title='bbox 1057 3707 1062 3711; x_wconf 94' lang='lat'>&#39;</span> 
     </span>
     <span class='ocr_line' id='line_1_80' title="bbox 151 3733 811 3767; baseline -0.003 -4"><span class='ocrx_word' id='word_1_663' title='bbox 151 3738 158 3763; x_wconf 98' lang='lat'>(</span> <span class='ocrx_word' id='word_1_664' title='bbox 176 3746 185 3759; x_wconf 67' lang='grc' dir='ltr'><em>τ</em></span> <span class='ocrx_word' id='word_1_665' title='bbox 204 3742 212 3766; x_wconf 88' lang='grc'><em>)</em></span> <span class='ocrx_word' id='word_1_666' title='bbox 229 3738 321 3761; x_wconf 79' lang='lat' dir='ltr'>Differt.</span> <span class='ocrx_word' id='word_1_667' title='bbox 339 3738 369 3761; x_wconf 81' lang='lat' dir='ltr'>de</span> <span class='ocrx_word' id='word_1_668' title='bbox 386 3733 485 3759; x_wconf 73' lang='lat' dir='ltr'>Valvul,</span> <span class='ocrx_word' id='word_1_669' title='bbox 501 3737 655 3767; x_wconf 50' lang='lat' dir='ltr'>morereris).</span> <span class='ocrx_word' id='word_1_670' title='bbox 674 3737 695 3767; x_wconf 85' lang='lat'>§.</span> <span class='ocrx_word' id='word_1_671' title='bbox 714 3746 735 3766; x_wconf 81' lang='grc' dir='ltr'>ς.</span> <span class='ocrx_word' id='word_1_672' title='bbox 753 3736 776 3759; x_wconf 70' lang='grc'>8(</span> <span class='ocrx_word' id='word_1_673' title='bbox 788 3745 811 3766; x_wconf 84' lang='grc'>7.</span> 
     </span>
     <span class='ocr_line' id='line_1_81' title="bbox 151 3764 972 3797; baseline 0 -6"><span class='ocrx_word' id='word_1_674' title='bbox 151 3770 158 3796; x_wconf 85' lang='grc'><strong>(</strong></span> <span class='ocrx_word' id='word_1_675' title='bbox 181 3775 204 3789; x_wconf 86' lang='lat' dir='ltr'>m</span> <span class='ocrx_word' id='word_1_676' title='bbox 223 3772 231 3796; x_wconf 65' lang='lat'>1¹</span> <span class='ocrx_word' id='word_1_677' title='bbox 247 3770 282 3791; x_wconf 87' lang='lat' dir='ltr'>De</span> <span class='ocrx_word' id='word_1_678' title='bbox 298 3767 361 3796; x_wconf 70' lang='lat' dir='ltr'>Sign.</span> <span class='ocrx_word' id='word_1_679' title='bbox 383 3768 406 3790; x_wconf 75' lang='lat' dir='ltr'>sir.</span> <span class='ocrx_word' id='word_1_680' title='bbox 423 3764 492 3788; x_wconf 71' lang='lat' dir='ltr'>Caus.</span> <span class='ocrx_word' id='word_1_681' title='bbox 506 3766 620 3790; x_wconf 81' lang='lat' dir='ltr'>Diuturn.</span> <span class='ocrx_word' id='word_1_682' title='bbox 638 3768 721 3792; x_wconf 70' lang='lat' dir='ltr'>Morb.</span> <span class='ocrx_word' id='word_1_683' title='bbox 737 3767 754 3792; x_wconf 89' lang='lat' dir='ltr'>l.</span> <span class='ocrx_word' id='word_1_684' title='bbox 770 3774 793 3790; x_wconf 86' lang='lat'>2.</span> <span class='ocrx_word' id='word_1_685' title='bbox 809 3774 829 3791; x_wconf 83' lang='lat' dir='ltr'>c.</span> <span class='ocrx_word' id='word_1_686' title='bbox 849 3775 870 3797; x_wconf 78' lang='lat'>3.</span> <span class='ocrx_word' id='word_1_687' title='bbox 888 3776 913 3791; x_wconf 84' lang='lat' dir='ltr'>in</span> <span class='ocrx_word' id='word_1_688' title='bbox 931 3769 972 3792; x_wconf 86' lang='lat' dir='ltr'>fin.</span> 
     </span>
    </p>
   </div>
   <div class='ocr_carea' id='block_1_5' title="bbox 159 3795 712 3827">
    <p class='ocr_par' dir='ltr' id='par_1_6' title="bbox 159 3795 712 3827">
     <span class='ocr_line' id='line_1_82' title="bbox 159 3795 712 3827; baseline 0 -4"><span class='ocrx_word' id='word_1_689' title='bbox 159 3795 199 3826; x_wconf 79' lang='grc' dir='ltr'>(ρ</span> <span class='ocrx_word' id='word_1_690' title='bbox 216 3797 229 3826; x_wconf 90' lang='grc'>)</span> <span class='ocrx_word' id='word_1_691' title='bbox 245 3800 282 3823; x_wconf 87' lang='lat' dir='ltr'>De</span> <span class='ocrx_word' id='word_1_692' title='bbox 298 3797 381 3821; x_wconf 88' lang='lat' dir='ltr'>Morb.</span> <span class='ocrx_word' id='word_1_693' title='bbox 399 3796 514 3824; x_wconf 76' lang='lat' dir='ltr'>popular.</span> <span class='ocrx_word' id='word_1_694' title='bbox 531 3795 549 3820; x_wconf 77' lang='lat'>¹-</span> <span class='ocrx_word' id='word_1_695' title='bbox 567 3799 589 3822; x_wconf 75' lang='grc' dir='ltr'>ό.</span> <span class='ocrx_word' id='word_1_696' title='bbox 607 3798 669 3824; x_wconf 65' lang='lat' dir='ltr'>Stet.</span> <span class='ocrx_word' id='word_1_697' title='bbox 687 3806 712 3827; x_wconf 85' lang='lat'>7.</span> 
     </span>
    </p>
   </div>
   <div class='ocr_carea' id='block_1_6' title="bbox 773 3766 1466 3828">
    <p class='ocr_par' dir='ltr' id='par_1_7' title="bbox 773 3766 1466 3828">
     <span class='ocr_line' id='line_1_83' title="bbox 1037 3766 1466 3796; baseline -0.016 0"><span class='ocrx_word' id='word_1_698' title='bbox 1037 3778 1043 3796; x_wconf 68' lang='grc' dir='ltr'>ι</span> <span class='ocrx_word' id='word_1_699' title='bbox 1063 3776 1078 3790; x_wconf 76' lang='lat'>&#39;²</span> <span class='ocrx_word' id='word_1_700' title='bbox 1094 3768 1107 3795; x_wconf 92' lang='lat'>)</span> <span class='ocrx_word' id='word_1_701' title='bbox 1125 3770 1162 3792; x_wconf 72' lang='lat' dir='ltr'>De</span> <span class='ocrx_word' id='word_1_702' title='bbox 1178 3769 1266 3792; x_wconf 77' lang='lat' dir='ltr'>imern-</span> <span class='ocrx_word' id='word_1_703' title='bbox 1282 3766 1369 3792; x_wconf 61' lang='lat' dir='ltr'>Adest.</span> <span class='ocrx_word' id='word_1_704' title='bbox 1385 3775 1410 3791; x_wconf 91' lang='lat' dir='ltr'>n.</span> <span class='ocrx_word' id='word_1_705' title='bbox 1429 3771 1466 3791; x_wconf 88' lang='lat'>16.</span> 
     </span>
     <span class='ocr_line' id='line_1_84' title="bbox 773 3797 1266 3828; baseline -0.01 -4"><span class='ocrx_word' id='word_1_706' title='bbox 773 3798 788 3826; x_wconf 82' lang='lat'>(</span> <span class='ocrx_word' id='word_1_707' title='bbox 803 3806 817 3827; x_wconf 84' lang='lat' dir='ltr'><strong><em>q</em></strong></span> <span class='ocrx_word' id='word_1_708' title='bbox 834 3797 850 3826; x_wconf 83' lang='grc'>)</span> <span class='ocrx_word' id='word_1_709' title='bbox 865 3798 925 3823; x_wconf 71' lang='lat' dir='ltr'>Sest.</span> <span class='ocrx_word' id='word_1_710' title='bbox 942 3798 1016 3827; x_wconf 80' lang='lat' dir='ltr'>supet.</span> <span class='ocrx_word' id='word_1_711' title='bbox 1034 3805 1071 3827; x_wconf 75' lang='lat'>23.</span> <span class='ocrx_word' id='word_1_712' title='bbox 1087 3798 1169 3828; x_wconf 82' lang='lat' dir='ltr'>Obs.4</span> <span class='ocrx_word' id='word_1_713' title='bbox 1197 3799 1266 3828; x_wconf 58' lang='lat'>913·</span> 
     </span>
    </p>
   </div>
   <div class='ocr_carea' id='block_1_7' title="bbox 1965 195 2056 256">
    <p class='ocr_par' dir='ltr' id='par_1_8' title="bbox 1965 195 2056 256">
     <span class='ocr_line' id='line_1_85' title="bbox 1965 195 2056 256; baseline 0 -13"><span class='ocrx_word' id='word_1_714' title='bbox 1965 195 2056 256; x_wconf 82' lang='lat'>167</span> 
     </span>
    </p>
   </div>
   <div class='ocr_carea' id='block_1_8' title="bbox 1124 271 2161 3476">
    <p class='ocr_par' dir='ltr' id='par_1_9' title="bbox 1124 271 2161 3476">
     <span class='ocr_line' id='line_1_86' title="bbox 1125 271 2124 316; baseline 0.002 -12"><span class='ocrx_word' id='word_1_715' title='bbox 1125 271 1210 305; x_wconf 90' lang='lat' dir='ltr'>Viro</span> <span class='ocrx_word' id='word_1_716' title='bbox 1257 271 1404 315; x_wconf 81' lang='lat' dir='ltr'>Principe</span> <span class='ocrx_word' id='word_1_717' title='bbox 1449 273 1541 308; x_wconf 82' lang='lat' dir='ltr'>fuisse</span> <span class='ocrx_word' id='word_1_718' title='bbox 1589 298 1597 313; x_wconf 92' lang='lat'>‚</span> <span class='ocrx_word' id='word_1_719' title='bbox 1644 274 1741 308; x_wconf 79' lang='lat' dir='ltr'>refert</span> <span class='ocrx_word' id='word_1_720' title='bbox 1774 274 1894 307; x_wconf 85' lang='lat' dir='ltr'>‘minus</span> <span class='ocrx_word' id='word_1_721' title='bbox 1938 274 2087 316; x_wconf 77' lang='lat' dir='ltr'>turgidos</span> <span class='ocrx_word' id='word_1_722' title='bbox 2115 291 2124 306; x_wconf 74' lang='grc'><em>,</em></span> 
     </span>
     <span class='ocr_line' id='line_1_87' title="bbox 1125 315 2125 359; baseline 0 -11"><span class='ocrx_word' id='word_1_723' title='bbox 1125 315 1176 349; x_wconf 85' lang='lat' dir='ltr'>sed</span> <span class='ocrx_word' id='word_1_724' title='bbox 1199 326 1311 349; x_wconf 88' lang='lat' dir='ltr'>renum</span> <span class='ocrx_word' id='word_1_725' title='bbox 1334 315 1427 349; x_wconf 89' lang='lat' dir='ltr'>dorso</span> <span class='ocrx_word' id='word_1_726' title='bbox 1451 317 1553 351; x_wconf 90' lang='lat' dir='ltr'>inciso</span> <span class='ocrx_word' id='word_1_727' title='bbox 1576 340 1585 355; x_wconf 91' lang='lat'>‚</span> <span class='ocrx_word' id='word_1_728' title='bbox 1616 320 1741 351; x_wconf 74' lang='lat' dir='ltr'>urinam</span> <span class='ocrx_word' id='word_1_729' title='bbox 1762 317 1849 358; x_wconf 76' lang='lat' dir='ltr'>pleno</span> <span class='ocrx_word' id='word_1_730' title='bbox 1866 315 1996 359; x_wconf 73' lang='lat' dir='ltr'>flumine</span> <span class='ocrx_word' id='word_1_731' title='bbox 2028 315 2125 357; x_wconf 76' lang='lat' dir='ltr'>prosi-</span> 
     </span>
     <span class='ocr_line' id='line_1_88' title="bbox 1124 357 2126 403; baseline 0.002 -12"><span class='ocrx_word' id='word_1_732' title='bbox 1124 357 1222 402; x_wconf 76' lang='lat' dir='ltr'>liisse,</span> <span class='ocrx_word' id='word_1_733' title='bbox 1353 361 1449 392; x_wconf 87' lang='lat' dir='ltr'>Dices</span> <span class='ocrx_word' id='word_1_734' title='bbox 1473 360 1622 397; x_wconf 79' lang='lat' dir='ltr'>fortasse,</span> <span class='ocrx_word' id='word_1_735' title='bbox 1647 373 1720 403; x_wconf 67' lang='lat' dir='ltr'>quae</span> <span class='ocrx_word' id='word_1_736' title='bbox 1747 362 1829 394; x_wconf 85' lang='lat' dir='ltr'>labes</span> <span class='ocrx_word' id='word_1_737' title='bbox 1853 361 1885 392; x_wconf 85' lang='lat' dir='ltr'>in</span> <span class='ocrx_word' id='word_1_738' title='bbox 1909 361 2037 393; x_wconf 85' lang='lat' dir='ltr'>renibus</span> <span class='ocrx_word' id='word_1_739' title='bbox 2063 383 2071 397; x_wconf 95' lang='lat'><em>‚</em></span> <span class='ocrx_word' id='word_1_740' title='bbox 2096 360 2126 389; x_wconf 88' lang='lat'>&amp;</span> 
     </span>
     <span class='ocr_line' id='line_1_89' title="bbox 1125 400 2126 446; baseline -0.003 -12"><span class='ocrx_word' id='word_1_741' title='bbox 1125 400 1301 435; x_wconf 85' lang='lat' dir='ltr'>ureteribus</span> <span class='ocrx_word' id='word_1_742' title='bbox 1323 414 1434 436; x_wconf 89' lang='lat' dir='ltr'>eorum</span> <span class='ocrx_word' id='word_1_743' title='bbox 1458 404 1639 446; x_wconf 65' lang='lat' dir='ltr'>spe-&amp;antur</span> <span class='ocrx_word' id='word_1_744' title='bbox 1662 406 1720 446; x_wconf 88' lang='lat' dir='ltr'>qui</span> <span class='ocrx_word' id='word_1_745' title='bbox 1753 404 1900 437; x_wconf 85' lang='lat' dir='ltr'>laborant</span> <span class='ocrx_word' id='word_1_746' title='bbox 1934 403 2041 436; x_wconf 83' lang='lat' dir='ltr'>vesicae</span> <span class='ocrx_word' id='word_1_747' title='bbox 2063 400 2126 434; x_wconf 79' lang='lat' dir='ltr'>cal-</span> 
     </span>
     <span class='ocr_line' id='line_1_90' title="bbox 1128 444 2126 490; baseline 0 -13"><span class='ocrx_word' id='word_1_748' title='bbox 1128 445 1202 478; x_wconf 88' lang='lat' dir='ltr'>culo</span> <span class='ocrx_word' id='word_1_749' title='bbox 1220 470 1228 485; x_wconf 88' lang='lat'>,</span> <span class='ocrx_word' id='word_1_750' title='bbox 1254 444 1330 479; x_wconf 84' lang='lat' dir='ltr'>huic</span> <span class='ocrx_word' id='word_1_751' title='bbox 1354 453 1418 479; x_wconf 86' lang='lat' dir='ltr'>non</span> <span class='ocrx_word' id='word_1_752' title='bbox 1442 448 1570 489; x_wconf 87' lang='lat' dir='ltr'>quando</span> <span class='ocrx_word' id='word_1_753' title='bbox 1593 449 1660 490; x_wconf 85' lang='lat' dir='ltr'>jam</span> <span class='ocrx_word' id='word_1_754' title='bbox 1685 450 1718 479; x_wconf 91' lang='lat' dir='ltr'>in</span> <span class='ocrx_word' id='word_1_755' title='bbox 1742 446 1842 481; x_wconf 83' lang='lat' dir='ltr'>vesica</span> <span class='ocrx_word' id='word_1_756' title='bbox 1865 446 1928 483; x_wconf 84' lang='lat' dir='ltr'>est,</span> <span class='ocrx_word' id='word_1_757' title='bbox 1952 445 2000 480; x_wconf 89' lang='lat' dir='ltr'>sed</span> <span class='ocrx_word' id='word_1_758' title='bbox 2024 455 2126 487; x_wconf 86' lang='lat' dir='ltr'>quan-</span> 
     </span>
     <span class='ocr_line' id='line_1_91' title="bbox 1128 487 2126 531; baseline 0 -10"><span class='ocrx_word' id='word_1_759' title='bbox 1128 488 1171 521; x_wconf 89' lang='lat' dir='ltr'>do</span> <span class='ocrx_word' id='word_1_760' title='bbox 1194 490 1227 522; x_wconf 87' lang='lat' dir='ltr'>in</span> <span class='ocrx_word' id='word_1_761' title='bbox 1253 490 1404 527; x_wconf 88' lang='lat' dir='ltr'>renibus,</span> <span class='ocrx_word' id='word_1_762' title='bbox 1428 499 1483 523; x_wconf 86' lang='lat' dir='ltr'>aut</span> <span class='ocrx_word' id='word_1_763' title='bbox 1507 491 1687 525; x_wconf 88' lang='lat' dir='ltr'>ureteribus</span> <span class='ocrx_word' id='word_1_764' title='bbox 1709 487 1868 528; x_wconf 69' lang='lat' dir='ltr'>haerebat,</span> <span class='ocrx_word' id='word_1_765' title='bbox 1892 489 2126 531; x_wconf 80' lang='lat' dir='ltr'>effeimputan-</span> 
     </span>
     <span class='ocr_line' id='line_1_92' title="bbox 1127 530 2127 578; baseline 0.001 -14"><span class='ocrx_word' id='word_1_766' title='bbox 1127 531 1209 572; x_wconf 78' lang='lat' dir='ltr'>dos,</span> <span class='ocrx_word' id='word_1_767' title='bbox 1232 530 1336 573; x_wconf 83' lang='lat' dir='ltr'>sicque</span> <span class='ocrx_word' id='word_1_768' title='bbox 1358 533 1595 568; x_wconf 89' lang='lat' dir='ltr'>Butzmannum</span> <span class='ocrx_word' id='word_1_769' title='bbox 1620 534 1685 578; x_wconf 82' lang='lat' dir='ltr'>(g)</span> <span class='ocrx_word' id='word_1_770' title='bbox 1708 532 1881 574; x_wconf 79' lang='lat' dir='ltr'>censuisse,</span> <span class='ocrx_word' id='word_1_771' title='bbox 1904 532 2026 566; x_wconf 84' lang='lat' dir='ltr'>cumin</span> <span class='ocrx_word' id='word_1_772' title='bbox 2050 541 2127 574; x_wconf 87' lang='lat' dir='ltr'>pue-</span> 
     </span>
     <span class='ocr_line' id='line_1_93' title="bbox 1128 573 2127 622; baseline 0.001 -15"><span class='ocrx_word' id='word_1_773' title='bbox 1128 586 1188 614; x_wconf 89' lang='lat' dir='ltr'>ro,</span> <span class='ocrx_word' id='word_1_774' title='bbox 1211 573 1432 610; x_wconf 69' lang='lat' dir='ltr'>affectionibus</span> <span class='ocrx_word' id='word_1_775' title='bbox 1456 576 1493 609; x_wconf 90' lang='lat' dir='ltr'>de</span> <span class='ocrx_word' id='word_1_776' title='bbox 1516 579 1633 618; x_wconf 85' lang='lat' dir='ltr'>quibus</span> <span class='ocrx_word' id='word_1_777' title='bbox 1656 578 1845 622; x_wconf 69' lang='lat' dir='ltr'>loquimur,</span> <span class='ocrx_word' id='word_1_778' title='bbox 1868 578 1924 610; x_wconf 90' lang='lat' dir='ltr'>diu</span> <span class='ocrx_word' id='word_1_779' title='bbox 1947 576 2092 609; x_wconf 85' lang='lat' dir='ltr'>cruciato</span> <span class='ocrx_word' id='word_1_780' title='bbox 2115 593 2127 611; x_wconf 69' lang='lat'><strong><em>³</em></strong></span> 
     </span>
     <span class='ocr_line' id='line_1_94' title="bbox 1128 618 2126 662; baseline 0.002 -13"><span class='ocrx_word' id='word_1_781' title='bbox 1128 619 1211 651; x_wconf 82' lang='lat' dir='ltr'>renis</span> <span class='ocrx_word' id='word_1_782' title='bbox 1235 618 1306 651; x_wconf 84' lang='lat' dir='ltr'>loco</span> <span class='ocrx_word' id='word_1_783' title='bbox 1330 620 1489 653; x_wconf 81' lang='lat' dir='ltr'>sacculum</span> <span class='ocrx_word' id='word_1_784' title='bbox 1512 620 1721 662; x_wconf 83' lang='lat' dir='ltr'>deprehendit</span> <span class='ocrx_word' id='word_1_785' title='bbox 1754 621 1842 661; x_wconf 87' lang='lat' dir='ltr'>puris</span> <span class='ocrx_word' id='word_1_786' title='bbox 1877 621 2007 661; x_wconf 82' lang='lat' dir='ltr'>plenum</span> <span class='ocrx_word' id='word_1_787' title='bbox 2032 643 2039 650; x_wconf 91' lang='lat'>.</span> <span class='ocrx_word' id='word_1_788' title='bbox 2074 618 2126 650; x_wconf 87' lang='lat' dir='ltr'>Sic</span> 
     </span>
     <span class='ocr_line' id='line_1_95' title="bbox 1131 658 2126 706; baseline 0 -12"><span class='ocrx_word' id='word_1_789' title='bbox 1131 662 1309 704; x_wconf 73' lang='lat' dir='ltr'>Rudolplio</span> <span class='ocrx_word' id='word_1_790' title='bbox 1326 663 1396 706; x_wconf 83' lang='lat' dir='ltr'>Jac.</span> <span class='ocrx_word' id='word_1_791' title='bbox 1422 664 1608 697; x_wconf 75' lang='lat' dir='ltr'>camerario</span> <span class='ocrx_word' id='word_1_792' title='bbox 1633 664 1721 706; x_wconf 81' lang='lat' dir='ltr'>(h)</span> <span class='ocrx_word' id='word_1_793' title='bbox 1746 665 1778 696; x_wconf 89' lang='lat' dir='ltr'>in</span> <span class='ocrx_word' id='word_1_794' title='bbox 1804 663 1910 704; x_wconf 89' lang='lat' dir='ltr'>puello</span> <span class='ocrx_word' id='word_1_795' title='bbox 1937 664 2057 703; x_wconf 74' lang='lat' dir='ltr'>pariter.</span> <span class='ocrx_word' id='word_1_796' title='bbox 2080 658 2126 694; x_wconf 76' lang='lat' dir='ltr'>af-</span> 
     </span>
     <span class='ocr_line' id='line_1_96' title="bbox 1128 703 2130 747; baseline -0.007 -4"><span class='ocrx_word' id='word_1_797' title='bbox 1128 703 1211 736; x_wconf 66' lang='lat' dir='ltr'>fectO</span> <span class='ocrx_word' id='word_1_798' title='bbox 1234 727 1244 742; x_wconf 75' lang='grc'>,</span> <span class='ocrx_word' id='word_1_799' title='bbox 1279 706 1439 746; x_wconf 73' lang='lat' dir='ltr'>purulenti</span> <span class='ocrx_word' id='word_1_800' title='bbox 1475 708 1557 740; x_wconf 86' lang='lat' dir='ltr'>renis</span> <span class='ocrx_word' id='word_1_801' title='bbox 1585 732 1593 747; x_wconf 92' lang='lat'>,</span> <span class='ocrx_word' id='word_1_802' title='bbox 1628 710 1658 740; x_wconf 89' lang='lat'><strong>&amp;</strong></span> <span class='ocrx_word' id='word_1_803' title='bbox 1681 707 1809 740; x_wconf 80' lang='lat' dir='ltr'>dilatati</span> <span class='ocrx_word' id='word_1_804' title='bbox 1833 704 1976 747; x_wconf 86' lang='lat' dir='ltr'>erosique</span> <span class='ocrx_word' id='word_1_805' title='bbox 2000 706 2130 738; x_wconf 71' lang='lat' dir='ltr'>areu-ris</span> 
     </span>
     <span class='ocr_line' id='line_1_97' title="bbox 1127 747 2130 791; baseline 0.001 -12"><span class='ocrx_word' id='word_1_806' title='bbox 1127 747 1255 780; x_wconf 84' lang='lat' dir='ltr'>causam</span> <span class='ocrx_word' id='word_1_807' title='bbox 1281 747 1379 783; x_wconf 87' lang='lat' dir='ltr'>visam</span> <span class='ocrx_word' id='word_1_808' title='bbox 1405 748 1463 783; x_wconf 85' lang='lat' dir='ltr'>effe</span> <span class='ocrx_word' id='word_1_809' title='bbox 1487 750 1632 783; x_wconf 83' lang='lat' dir='ltr'>indidem</span> <span class='ocrx_word' id='word_1_810' title='bbox 1657 749 1858 791; x_wconf 76' lang='lat' dir='ltr'>repetendam</span> <span class='ocrx_word' id='word_1_811' title='bbox 1884 773 1891 780; x_wconf 90' lang='lat'><strong><em>.</em></strong></span> <span class='ocrx_word' id='word_1_812' title='bbox 1925 749 2018 790; x_wconf 81' lang='lat' dir='ltr'>Qin</span> <span class='ocrx_word' id='word_1_813' title='bbox 2051 749 2130 780; x_wconf 86' lang='lat' dir='ltr'>duas</span> 
     </span>
     <span class='ocr_line' id='line_1_98' title="bbox 1128 791 2130 835; baseline 0.002 -13"><span class='ocrx_word' id='word_1_814' title='bbox 1128 791 1343 826; x_wconf 76' lang='lat' dir='ltr'>Coschwitzii</span> <span class='ocrx_word' id='word_1_815' title='bbox 1370 797 1380 833; x_wconf 95' lang='lat'>(</span> <span class='ocrx_word' id='word_1_816' title='bbox 1405 794 1417 826; x_wconf 82' lang='lat' dir='ltr'>i</span> <span class='ocrx_word' id='word_1_817' title='bbox 1438 797 1474 833; x_wconf 83' lang='lat'>),</span> <span class='ocrx_word' id='word_1_818' title='bbox 1498 796 1527 826; x_wconf 88' lang='lat'>&amp;</span> <span class='ocrx_word' id='word_1_819' title='bbox 1552 805 1646 827; x_wconf 88' lang='lat' dir='ltr'>unam</span> <span class='ocrx_word' id='word_1_820' title='bbox 1659 794 1799 828; x_wconf 72' lang='lat' dir='ltr'>Schulzii</span> <span class='ocrx_word' id='word_1_821' title='bbox 1825 791 1911 835; x_wconf 61' lang='grc' dir='ltr'>(Α)</span> <span class='ocrx_word' id='word_1_822' title='bbox 1934 800 2041 825; x_wconf 84' lang='lat' dir='ltr'>extare</span> <span class='ocrx_word' id='word_1_823' title='bbox 2054 791 2130 823; x_wconf 87' lang='lat' dir='ltr'>Ob-</span> 
     </span>
     <span class='ocr_line' id='line_1_99' title="bbox 1130 832 2129 882; baseline 0 -16"><span class='ocrx_word' id='word_1_824' title='bbox 1130 834 1344 875; x_wconf 80' lang='lat' dir='ltr'>servationes,</span> <span class='ocrx_word' id='word_1_825' title='bbox 1368 838 1402 870; x_wconf 88' lang='lat' dir='ltr'>in</span> <span class='ocrx_word' id='word_1_826' title='bbox 1425 847 1560 878; x_wconf 82' lang='lat' dir='ltr'>quatum</span> <span class='ocrx_word' id='word_1_827' title='bbox 1585 837 1671 871; x_wconf 79' lang='lat' dir='ltr'>nulla</span> <span class='ocrx_word' id='word_1_828' title='bbox 1695 837 1733 870; x_wconf 87' lang='lat' dir='ltr'>de</span> <span class='ocrx_word' id='word_1_829' title='bbox 1758 835 1864 869; x_wconf 79' lang='lat' dir='ltr'>veficae</span> <span class='ocrx_word' id='word_1_830' title='bbox 1889 836 2013 869; x_wconf 82' lang='lat' dir='ltr'>calculo</span> <span class='ocrx_word' id='word_1_831' title='bbox 2036 847 2045 871; x_wconf 81' lang='lat'>3</span> <span class='ocrx_word' id='word_1_832' title='bbox 2077 832 2129 882; x_wconf 82' lang='lat' dir='ltr'>sed</span> 
     </span>
     <span class='ocr_line' id='line_1_100' title="bbox 1129 876 2127 914; baseline 0 -4"><span class='ocrx_word' id='word_1_833' title='bbox 1129 879 1161 910; x_wconf 90' lang='lat' dir='ltr'>in</span> <span class='ocrx_word' id='word_1_834' title='bbox 1186 880 1337 912; x_wconf 86' lang='lat' dir='ltr'>omnibus</span> <span class='ocrx_word' id='word_1_835' title='bbox 1359 880 1398 914; x_wconf 85' lang='lat' dir='ltr'>de</span> <span class='ocrx_word' id='word_1_836' title='bbox 1432 880 1597 914; x_wconf 76' lang='lat' dir='ltr'>calculosis</span> <span class='ocrx_word' id='word_1_837' title='bbox 1629 880 1798 913; x_wconf 79' lang='lat' dir='ltr'>doloribus</span> <span class='ocrx_word' id='word_1_838' title='bbox 1834 880 1957 912; x_wconf 81' lang='lat' dir='ltr'>mentio</span> <span class='ocrx_word' id='word_1_839' title='bbox 1990 876 2060 911; x_wconf 79' lang='lat' dir='ltr'>fit:</span> <span class='ocrx_word' id='word_1_840' title='bbox 2093 888 2127 909; x_wconf 83' lang='lat' dir='ltr'>m</span> 
     </span>
     <span class='ocr_line' id='line_1_101' title="bbox 1127 921 2132 965; baseline -0.001 -11"><span class='ocrx_word' id='word_1_841' title='bbox 1127 921 1250 955; x_wconf 77' lang='lat' dir='ltr'>duabus</span> <span class='ocrx_word' id='word_1_842' title='bbox 1277 932 1385 956; x_wconf 87' lang='lat' dir='ltr'>autem</span> <span class='ocrx_word' id='word_1_843' title='bbox 1420 925 1532 965; x_wconf 83' lang='lat' dir='ltr'>primis</span> <span class='ocrx_word' id='word_1_844' title='bbox 1565 926 1752 964; x_wconf 83' lang='lat' dir='ltr'>purulentos</span> <span class='ocrx_word' id='word_1_845' title='bbox 1789 934 1876 956; x_wconf 83' lang='lat' dir='ltr'>renes</span> <span class='ocrx_word' id='word_1_846' title='bbox 1902 946 1910 962; x_wconf 95' lang='lat'>,</span> <span class='ocrx_word' id='word_1_847' title='bbox 1945 922 2063 955; x_wconf 83' lang='lat' dir='ltr'>mirum</span> <span class='ocrx_word' id='word_1_848' title='bbox 2095 921 2132 953; x_wconf 83' lang='lat' dir='ltr'>in</span> 
     </span>
     <span class='ocr_line' id='line_1_102' title="bbox 1130 963 2131 1005; baseline 0 -9"><span class='ocrx_word' id='word_1_849' title='bbox 1130 963 1263 998; x_wconf 89' lang='lat' dir='ltr'>modum</span> <span class='ocrx_word' id='word_1_850' title='bbox 1287 965 1439 999; x_wconf 83' lang='lat' dir='ltr'>dilatatos</span> <span class='ocrx_word' id='word_1_851' title='bbox 1463 967 1552 1000; x_wconf 75' lang='lat' dir='ltr'>fuisse</span> <span class='ocrx_word' id='word_1_852' title='bbox 1577 969 1737 1005; x_wconf 74' lang='lat' dir='ltr'>ureteres&#39;,</span> <span class='ocrx_word' id='word_1_853' title='bbox 1762 967 1795 999; x_wconf 90' lang='lat' dir='ltr'>in</span> <span class='ocrx_word' id='word_1_854' title='bbox 1820 967 1913 999; x_wconf 85' lang='lat' dir='ltr'>tertia</span> <span class='ocrx_word' id='word_1_855' title='bbox 1937 975 2000 998; x_wconf 89' lang='lat' dir='ltr'>non</span> <span class='ocrx_word' id='word_1_856' title='bbox 2026 963 2131 997; x_wconf 82' lang='lat' dir='ltr'>solum</span> 
     </span>
     <span class='ocr_line' id='line_1_103' title="bbox 1129 1006 2135 1054; baseline 0.001 -14"><span class='ocrx_word' id='word_1_857' title='bbox 1129 1006 1303 1047; x_wconf 86' lang='lat' dir='ltr'>dilatatos,</span> <span class='ocrx_word' id='word_1_858' title='bbox 1336 1020 1445 1043; x_wconf 88' lang='lat' dir='ltr'>verum</span> <span class='ocrx_word' id='word_1_859' title='bbox 1470 1013 1566 1043; x_wconf 88' lang='lat' dir='ltr'>etiam</span> <span class='ocrx_word' id='word_1_860' title='bbox 1590 1011 1621 1043; x_wconf 86' lang='lat' dir='ltr'>in</span> <span class='ocrx_word' id='word_1_861' title='bbox 1645 1009 1764 1045; x_wconf 82' lang='lat' dir='ltr'>crebros</span> <span class='ocrx_word' id='word_1_862' title='bbox 1787 1008 1873 1043; x_wconf 82' lang='lat' dir='ltr'>orbes</span> <span class='ocrx_word' id='word_1_863' title='bbox 1895 1009 2061 1054; x_wconf 71' lang='lat' dir='ltr'>Tenuium</span> <span class='ocrx_word' id='word_1_864' title='bbox 2084 1007 2135 1041; x_wconf 56' lang='lat' dir='ltr'>inu</span> 
     </span>
     <span class='ocr_line' id='line_1_104' title="bbox 1130 1050 2133 1093; baseline 0 -10"><span class='ocrx_word' id='word_1_865' title='bbox 1130 1053 1188 1084; x_wconf 81' lang='lat' dir='ltr'>star</span> <span class='ocrx_word' id='word_1_866' title='bbox 1212 1052 1437 1087; x_wconf 81' lang='lat' dir='ltr'>intestinorum</span> <span class='ocrx_word' id='word_1_867' title='bbox 1462 1061 1563 1086; x_wconf 75' lang='lat' dir='ltr'>tortos</span> <span class='ocrx_word' id='word_1_868' title='bbox 1586 1052 1685 1087; x_wconf 87' lang='lat' dir='ltr'>ferme</span> <span class='ocrx_word' id='word_1_869' title='bbox 1724 1063 1760 1088; x_wconf 87' lang='lat' dir='ltr'>ut</span> <span class='ocrx_word' id='word_1_870' title='bbox 1783 1055 1816 1085; x_wconf 89' lang='lat' dir='ltr'>in</span> <span class='ocrx_word' id='word_1_871' title='bbox 1842 1053 2025 1086; x_wconf 83' lang='lat' dir='ltr'>Stabulario</span> <span class='ocrx_word' id='word_1_872' title='bbox 2050 1050 2096 1093; x_wconf 84' lang='lat' dir='ltr'>(l</span> <span class='ocrx_word' id='word_1_873' title='bbox 2119 1054 2133 1090; x_wconf 89' lang='lat'>)</span> 
     </span>
     <span class='ocr_line' id='line_1_105' title="bbox 1127 1093 2135 1136; baseline -0.002 -8"><span class='ocrx_word' id='word_1_874' title='bbox 1127 1093 1280 1136; x_wconf 82' lang='lat' dir='ltr'>descripti</span> <span class='ocrx_word' id='word_1_875' title='bbox 1308 1094 1403 1134; x_wconf 83' lang='lat' dir='ltr'>sunt3</span> <span class='ocrx_word' id='word_1_876' title='bbox 1427 1105 1515 1129; x_wconf 83' lang='lat' dir='ltr'>tanta</span> <span class='ocrx_word' id='word_1_877' title='bbox 1541 1098 1587 1130; x_wconf 90' lang='lat' dir='ltr'>vis</span> <span class='ocrx_word' id='word_1_878' title='bbox 1610 1097 1685 1130; x_wconf 83' lang='lat' dir='ltr'>lotii</span> <span class='ocrx_word' id='word_1_879' title='bbox 1710 1097 1814 1130; x_wconf 85' lang='lat' dir='ltr'>fuerat</span> <span class='ocrx_word' id='word_1_880' title='bbox 1836 1098 1871 1129; x_wconf 90' lang='lat' dir='ltr'>in</span> <span class='ocrx_word' id='word_1_881' title='bbox 1884 1094 2064 1130; x_wconf 87' lang='lat' dir='ltr'>ureteribus</span> <span class='ocrx_word' id='word_1_882' title='bbox 2088 1093 2135 1126; x_wconf 87' lang='lat' dir='ltr'>se-</span> 
     </span>
     <span class='ocr_line' id='line_1_106' title="bbox 1130 1138 2133 1183; baseline -0.002 -12"><span class='ocrx_word' id='word_1_883' title='bbox 1130 1138 1271 1172; x_wconf 80' lang='lat' dir='ltr'>cundum</span> <span class='ocrx_word' id='word_1_884' title='bbox 1297 1139 1534 1180; x_wconf 57' lang='lat' dir='ltr'>longitudinem</span> <span class='ocrx_word' id='word_1_885' title='bbox 1545 1152 1676 1182; x_wconf 88' lang='lat' dir='ltr'>quoque</span> <span class='ocrx_word' id='word_1_886' title='bbox 1689 1138 1927 1183; x_wconf 83' lang='lat' dir='ltr'>amplificandis</span> <span class='ocrx_word' id='word_1_887' title='bbox 1941 1162 1948 1168; x_wconf 87' lang='lat'><em>.</em></span> <span class='ocrx_word' id='word_1_888' title='bbox 1974 1138 2073 1178; x_wconf 89' lang='lat' dir='ltr'>Quod</span> <span class='ocrx_word' id='word_1_889' title='bbox 2087 1146 2133 1169; x_wconf 86' lang='lat' dir='ltr'>ta-</span> 
     </span>
     <span class='ocr_line' id='line_1_107' title="bbox 1133 1181 2136 1225; baseline -0.003 -10"><span class='ocrx_word' id='word_1_890' title='bbox 1133 1192 1202 1215; x_wconf 85' lang='lat' dir='ltr'>men</span> <span class='ocrx_word' id='word_1_891' title='bbox 1228 1193 1292 1216; x_wconf 86' lang='lat' dir='ltr'>non</span> <span class='ocrx_word' id='word_1_892' title='bbox 1315 1194 1352 1216; x_wconf 86' lang='lat' dir='ltr'>ex</span> <span class='ocrx_word' id='word_1_893' title='bbox 1377 1184 1476 1216; x_wconf 79' lang='lat' dir='ltr'>vesica</span> <span class='ocrx_word' id='word_1_894' title='bbox 1501 1183 1624 1217; x_wconf 86' lang='lat' dir='ltr'>sursum</span> <span class='ocrx_word' id='word_1_895' title='bbox 1651 1181 1880 1225; x_wconf 52' lang='lat' dir='ltr'>tegminum,</span> <span class='ocrx_word' id='word_1_896' title='bbox 1906 1193 2016 1216; x_wconf 88' lang='lat' dir='ltr'>eorum</span> <span class='ocrx_word' id='word_1_897' title='bbox 2041 1191 2136 1213; x_wconf 89' lang='lat' dir='ltr'>mon-</span> 
     </span>
     <span class='ocr_line' id='line_1_108' title="bbox 1131 1223 2138 1269; baseline -0.001 -12"><span class='ocrx_word' id='word_1_898' title='bbox 1131 1225 1272 1258; x_wconf 85' lang='lat' dir='ltr'>strabant</span> <span class='ocrx_word' id='word_1_899' title='bbox 1295 1227 1420 1260; x_wconf 83' lang='lat' dir='ltr'>orificia</span> <span class='ocrx_word' id='word_1_900' title='bbox 1446 1250 1456 1266; x_wconf 83' lang='lat'><strong><em>,</em></strong></span> <span class='ocrx_word' id='word_1_901' title='bbox 1490 1227 1609 1269; x_wconf 86' lang='lat' dir='ltr'>quippe</span> <span class='ocrx_word' id='word_1_902' title='bbox 1635 1228 1732 1260; x_wconf 86' lang='lat' dir='ltr'>ambo</span> <span class='ocrx_word' id='word_1_903' title='bbox 1755 1228 1788 1260; x_wconf 89' lang='lat' dir='ltr'>in</span> <span class='ocrx_word' id='word_1_904' title='bbox 1813 1225 1872 1260; x_wconf 83' lang='lat' dir='ltr'>hac</span> <span class='ocrx_word' id='word_1_905' title='bbox 1897 1227 1992 1259; x_wconf 77' lang='lat' dir='ltr'>tertia</span> <span class='ocrx_word' id='word_1_906' title='bbox 2015 1223 2138 1258; x_wconf 79' lang='lat' dir='ltr'>Obser-</span> 
     </span>
     <span class='ocr_line' id='line_1_109' title="bbox 1133 1270 2139 1313; baseline 0.001 -13"><span class='ocrx_word' id='word_1_907' title='bbox 1133 1270 1283 1307; x_wconf 84' lang='lat' dir='ltr'>vatione,</span> <span class='ocrx_word' id='word_1_908' title='bbox 1309 1270 1445 1304; x_wconf 77' lang='lat' dir='ltr'>alterum</span> <span class='ocrx_word' id='word_1_909' title='bbox 1469 1280 1576 1303; x_wconf 88' lang='lat' dir='ltr'>autem</span> <span class='ocrx_word' id='word_1_910' title='bbox 1599 1271 1631 1303; x_wconf 90' lang='lat' dir='ltr'>in</span> <span class='ocrx_word' id='word_1_911' title='bbox 1656 1271 1758 1313; x_wconf 90' lang='lat' dir='ltr'>prima</span> <span class='ocrx_word' id='word_1_912' title='bbox 1782 1270 2013 1304; x_wconf 69' lang='lat' dir='ltr'>inhaerentibus</span> <span class='ocrx_word' id='word_1_913' title='bbox 2038 1275 2139 1310; x_wconf 74' lang='lat' dir='ltr'>angu-</span> 
     </span>
     <span class='ocr_line' id='line_1_110' title="bbox 1132 1311 2138 1356; baseline 0 -12"><span class='ocrx_word' id='word_1_914' title='bbox 1132 1311 1204 1346; x_wconf 82' lang='lat' dir='ltr'>losis</span> <span class='ocrx_word' id='word_1_915' title='bbox 1229 1313 1369 1355; x_wconf 88' lang='lat' dir='ltr'>lapillis,</span> <span class='ocrx_word' id='word_1_916' title='bbox 1394 1323 1450 1348; x_wconf 87' lang='lat' dir='ltr'>aut</span> <span class='ocrx_word' id='word_1_917' title='bbox 1473 1312 1615 1346; x_wconf 79' lang='lat' dir='ltr'>frustulis</span> <span class='ocrx_word' id='word_1_918' title='bbox 1638 1313 1727 1356; x_wconf 85' lang='lat' dir='ltr'>quali</span> <span class='ocrx_word' id='word_1_919' title='bbox 1752 1313 1893 1348; x_wconf 79' lang='lat' dir='ltr'>testaceis</span> <span class='ocrx_word' id='word_1_920' title='bbox 1916 1339 1925 1353; x_wconf 88' lang='lat'><em>,</em></span> <span class='ocrx_word' id='word_1_921' title='bbox 1959 1311 2138 1356; x_wconf 81' lang='lat' dir='ltr'>spasmodi-</span> 
     </span>
     <span class='ocr_line' id='line_1_111' title="bbox 1129 1355 2138 1397; baseline -0.002 -7"><span class='ocrx_word' id='word_1_922' title='bbox 1129 1367 1200 1390; x_wconf 88' lang='lat' dir='ltr'>cam</span> <span class='ocrx_word' id='word_1_923' title='bbox 1225 1355 1287 1390; x_wconf 88' lang='lat' dir='ltr'>suis</span> <span class='ocrx_word' id='word_1_924' title='bbox 1312 1358 1427 1391; x_wconf 86' lang='lat' dir='ltr'>aculeis</span> <span class='ocrx_word' id='word_1_925' title='bbox 1450 1356 1714 1391; x_wconf 70' lang='lat' dir='ltr'>const&#39;rifflonem</span> <span class='ocrx_word' id='word_1_926' title='bbox 1737 1357 1968 1391; x_wconf 84' lang='lat' dir='ltr'>inducentibus</span> <span class='ocrx_word' id='word_1_927' title='bbox 1992 1380 2005 1397; x_wconf 86' lang='lat'><em>,</em></span> <span class='ocrx_word' id='word_1_928' title='bbox 2026 1356 2138 1391; x_wconf 87' lang='lat' dir='ltr'>occlu-</span> 
     </span>
     <span class='ocr_line' id='line_1_112' title="bbox 1129 1398 2138 1446; baseline -0.002 -14"><span class='ocrx_word' id='word_1_929' title='bbox 1129 1398 1179 1433; x_wconf 87' lang='lat' dir='ltr'>sa.</span> <span class='ocrx_word' id='word_1_930' title='bbox 1316 1401 1388 1442; x_wconf 78' lang='lat' dir='ltr'>Ego</span> <span class='ocrx_word' id='word_1_931' title='bbox 1415 1412 1490 1435; x_wconf 91' lang='lat' dir='ltr'>vero</span> <span class='ocrx_word' id='word_1_932' title='bbox 1516 1399 1573 1434; x_wconf 82' lang='lat' dir='ltr'>ista</span> <span class='ocrx_word' id='word_1_933' title='bbox 1596 1401 1656 1434; x_wconf 84' lang='lat' dir='ltr'>alia</span> <span class='ocrx_word' id='word_1_934' title='bbox 1681 1412 1810 1446; x_wconf 69' lang='lat' dir='ltr'>quoque</span> <span class='ocrx_word' id='word_1_935' title='bbox 1832 1402 1957 1435; x_wconf 89' lang='lat' dir='ltr'>ratione</span> <span class='ocrx_word' id='word_1_936' title='bbox 1980 1410 2069 1434; x_wconf 83' lang='lat' dir='ltr'>renes</span> <span class='ocrx_word' id='word_1_937' title='bbox 2080 1398 2138 1431; x_wconf 84' lang='lat' dir='ltr'>ali-</span> 
     </span>
     <span class='ocr_line' id='line_1_113' title="bbox 1128 1441 2140 1485; baseline 0 -10"><span class='ocrx_word' id='word_1_938' title='bbox 1128 1442 1279 1485; x_wconf 83' lang='lat' dir='ltr'>quando,</span> <span class='ocrx_word' id='word_1_939' title='bbox 1304 1445 1337 1477; x_wconf 88' lang='lat'>&amp;</span> <span class='ocrx_word' id='word_1_940' title='bbox 1353 1469 1361 1482; x_wconf 82' lang='lat'><em>,</em></span> <span class='ocrx_word' id='word_1_941' title='bbox 1385 1446 1408 1478; x_wconf 87' lang='lat' dir='ltr'>si</span> <span class='ocrx_word' id='word_1_942' title='bbox 1435 1445 1482 1477; x_wconf 80' lang='lat' dir='ltr'>vis</span> <span class='ocrx_word' id='word_1_943' title='bbox 1497 1465 1506 1481; x_wconf 90' lang='lat'><strong>,</strong></span> <span class='ocrx_word' id='word_1_944' title='bbox 1530 1443 1641 1485; x_wconf 83' lang='lat' dir='ltr'>saepius</span> <span class='ocrx_word' id='word_1_945' title='bbox 1657 1468 1667 1483; x_wconf 94' lang='lat'><em>,</em></span> <span class='ocrx_word' id='word_1_946' title='bbox 1692 1445 1805 1478; x_wconf 83' lang='lat' dir='ltr'>vitiari</span> <span class='ocrx_word' id='word_1_947' title='bbox 1826 1467 1836 1483; x_wconf 85' lang='lat'>‚</span> <span class='ocrx_word' id='word_1_948' title='bbox 1871 1447 1901 1478; x_wconf 76' lang='grc' dir='ltr'>δι</span> <span class='ocrx_word' id='word_1_949' title='bbox 1924 1453 2065 1477; x_wconf 84' lang='lat' dir='ltr'>ureteres</span> <span class='ocrx_word' id='word_1_950' title='bbox 2087 1441 2140 1476; x_wconf 87' lang='lat' dir='ltr'>di-</span> 
     </span>
     <span class='ocr_line' id='line_1_114' title="bbox 1130 1486 2141 1530; baseline -0.001 -11"><span class='ocrx_word' id='word_1_951' title='bbox 1130 1486 1230 1519; x_wconf 81' lang='lat' dir='ltr'>stendi</span> <span class='ocrx_word' id='word_1_952' title='bbox 1246 1509 1254 1524; x_wconf 93' lang='lat'>‚</span> <span class='ocrx_word' id='word_1_953' title='bbox 1281 1490 1397 1530; x_wconf 63' lang='lat' dir='ltr'>negavi</span> <span class='ocrx_word' id='word_1_954' title='bbox 1422 1498 1609 1529; x_wconf 81' lang='lat' dir='ltr'>nunquam.</span> <span class='ocrx_word' id='word_1_955' title='bbox 1636 1488 1710 1523; x_wconf 85' lang='lat' dir='ltr'>Imo</span> <span class='ocrx_word' id='word_1_956' title='bbox 1735 1488 1797 1521; x_wconf 89' lang='lat' dir='ltr'>hoc</span> <span class='ocrx_word' id='word_1_957' title='bbox 1821 1486 1874 1530; x_wconf 85' lang='lat' dir='ltr'>ajo</span> <span class='ocrx_word' id='word_1_958' title='bbox 1900 1512 1909 1526; x_wconf 91' lang='lat'>,</span> <span class='ocrx_word' id='word_1_959' title='bbox 1931 1487 1953 1519; x_wconf 86' lang='lat' dir='ltr'>fi</span> <span class='ocrx_word' id='word_1_960' title='bbox 1977 1487 2034 1520; x_wconf 89' lang='lat' dir='ltr'>ista</span> <span class='ocrx_word' id='word_1_961' title='bbox 2058 1496 2141 1528; x_wconf 78' lang='lat' dir='ltr'>prae-</span> 
     </span>
     <span class='ocr_line' id='line_1_115' title="bbox 1129 1529 2141 1572; baseline 0 -10"><span class='ocrx_word' id='word_1_962' title='bbox 1129 1530 1250 1563; x_wconf 84' lang='lat' dir='ltr'>cesserit</span> <span class='ocrx_word' id='word_1_963' title='bbox 1273 1553 1284 1569; x_wconf 83' lang='lat'><em>‚</em></span> <span class='ocrx_word' id='word_1_964' title='bbox 1307 1540 1375 1564; x_wconf 87' lang='lat' dir='ltr'>turn</span> <span class='ocrx_word' id='word_1_965' title='bbox 1398 1530 1512 1564; x_wconf 82' lang='lat' dir='ltr'>deinde</span> <span class='ocrx_word' id='word_1_966' title='bbox 1535 1531 1667 1564; x_wconf 86' lang='lat' dir='ltr'>calculis</span> <span class='ocrx_word' id='word_1_967' title='bbox 1691 1533 1724 1564; x_wconf 92' lang='lat' dir='ltr'>in</span> <span class='ocrx_word' id='word_1_968' title='bbox 1738 1531 1874 1564; x_wconf 83' lang='lat' dir='ltr'>vesicam</span> <span class='ocrx_word' id='word_1_969' title='bbox 1888 1529 2028 1572; x_wconf 84' lang='lat' dir='ltr'>illapsis,</span> <span class='ocrx_word' id='word_1_970' title='bbox 2052 1539 2141 1562; x_wconf 84' lang='lat' dir='ltr'>eam-</span> 
     </span>
     <span class='ocr_line' id='line_1_116' title="bbox 1131 1572 2140 1618; baseline -0.001 -13"><span class='ocrx_word' id='word_1_971' title='bbox 1131 1585 1191 1615; x_wconf 88' lang='lat' dir='ltr'>que</span> <span class='ocrx_word' id='word_1_972' title='bbox 1215 1573 1454 1608; x_wconf 85' lang='lat' dir='ltr'>obstruentibus</span> <span class='ocrx_word' id='word_1_973' title='bbox 1470 1597 1482 1614; x_wconf 91' lang='lat'><em>,</em></span> <span class='ocrx_word' id='word_1_974' title='bbox 1506 1583 1560 1607; x_wconf 83' lang='lat' dir='ltr'>aut</span> <span class='ocrx_word' id='word_1_975' title='bbox 1583 1574 1877 1616; x_wconf 84' lang='lat' dir='ltr'>compungentibus</span> <span class='ocrx_word' id='word_1_976' title='bbox 1895 1596 1903 1611; x_wconf 83' lang='lat'><em>,</em></span> <span class='ocrx_word' id='word_1_977' title='bbox 1927 1572 2062 1618; x_wconf 80' lang='lat' dir='ltr'>secunda</span> <span class='ocrx_word' id='word_1_978' title='bbox 2090 1584 2140 1605; x_wconf 89' lang='lat' dir='ltr'>ra-</span> 
     </span>
     <span class='ocr_line' id='line_1_117' title="bbox 1132 1617 2139 1660; baseline -0.001 -11"><span class='ocrx_word' id='word_1_979' title='bbox 1132 1618 1180 1649; x_wconf 87' lang='lat' dir='ltr'>tio</span> <span class='ocrx_word' id='word_1_980' title='bbox 1204 1617 1408 1654; x_wconf 81' lang='lat' dir='ltr'>successerit3</span> <span class='ocrx_word' id='word_1_981' title='bbox 1434 1626 1528 1650; x_wconf 82' lang='lat' dir='ltr'>tanto</span> <span class='ocrx_word' id='word_1_982' title='bbox 1554 1620 1656 1660; x_wconf 83' lang='lat' dir='ltr'>magis</span> <span class='ocrx_word' id='word_1_983' title='bbox 1679 1629 1695 1650; x_wconf 89' lang='lat' dir='ltr'>a</span> <span class='ocrx_word' id='word_1_984' title='bbox 1722 1619 1941 1660; x_wconf 75' lang='lat' dir='ltr'>regurgitante</span> <span class='ocrx_word' id='word_1_985' title='bbox 1965 1617 2139 1659; x_wconf 86' lang='lat' dir='ltr'>purulenta</span> 
     </span>
     <span class='ocr_line' id='line_1_118' title="bbox 1136 1661 2142 1702; baseline -0.001 -10"><span class='ocrx_word' id='word_1_986' title='bbox 1136 1661 1228 1693; x_wconf 86' lang='lat' dir='ltr'>urina</span> <span class='ocrx_word' id='word_1_987' title='bbox 1250 1661 1354 1694; x_wconf 85' lang='lat' dir='ltr'>labem</span> <span class='ocrx_word' id='word_1_988' title='bbox 1379 1671 1514 1698; x_wconf 85' lang='lat' dir='ltr'>renum,</span> <span class='ocrx_word' id='word_1_989' title='bbox 1539 1663 1571 1694; x_wconf 61' lang='grc' dir='ltr'>ὃ(</span> <span class='ocrx_word' id='word_1_990' title='bbox 1597 1671 1757 1695; x_wconf 86' lang='lat' dir='ltr'>ureterum</span> <span class='ocrx_word' id='word_1_991' title='bbox 1783 1662 1911 1696; x_wconf 60' lang='lat' dir='ltr'>aueum</span> <span class='ocrx_word' id='word_1_992' title='bbox 1935 1661 1999 1698; x_wconf 90' lang='lat' dir='ltr'>iri,</span> <span class='ocrx_word' id='word_1_993' title='bbox 2017 1667 2142 1702; x_wconf 84' lang='lat' dir='ltr'>quanto</span> 
     </span>
     <span class='ocr_line' id='line_1_119' title="bbox 1135 1703 2144 1746; baseline -0.002 -10"><span class='ocrx_word' id='word_1_994' title='bbox 1135 1705 1237 1744; x_wconf 87' lang='lat' dir='ltr'>magis</span> <span class='ocrx_word' id='word_1_995' title='bbox 1262 1713 1352 1738; x_wconf 88' lang='lat' dir='ltr'>antea</span> <span class='ocrx_word' id='word_1_996' title='bbox 1379 1705 1480 1746; x_wconf 85' lang='lat' dir='ltr'>prima</span> <span class='ocrx_word' id='word_1_997' title='bbox 1503 1703 1558 1737; x_wconf 88' lang='lat' dir='ltr'>ista</span> <span class='ocrx_word' id='word_1_998' title='bbox 1585 1707 1667 1738; x_wconf 88' lang='lat' dir='ltr'>ratio</span> <span class='ocrx_word' id='word_1_999' title='bbox 1691 1704 1936 1739; x_wconf 66' lang='lat' dir='ltr'>labefactaverit</span> <span class='ocrx_word' id='word_1_1000' title='bbox 1961 1728 1968 1735; x_wconf 95' lang='lat'>.</span> <span class='ocrx_word' id='word_1_1001' title='bbox 1993 1704 2144 1736; x_wconf 75' lang='lat' dir='ltr'>Praeciare</span> 
     </span>
     <span class='ocr_line' id='line_1_120' title="bbox 1134 1746 2144 1790; baseline 0 -12"><span class='ocrx_word' id='word_1_1002' title='bbox 1134 1747 1236 1788; x_wconf 80' lang='lat' dir='ltr'>igitur</span> <span class='ocrx_word' id='word_1_1003' title='bbox 1260 1749 1349 1782; x_wconf 86' lang='lat' dir='ltr'>vides</span> <span class='ocrx_word' id='word_1_1004' title='bbox 1372 1759 1443 1790; x_wconf 84' lang='lat' dir='ltr'>quae</span> <span class='ocrx_word' id='word_1_1005' title='bbox 1466 1746 1658 1789; x_wconf 81' lang='lat' dir='ltr'>‘prudentem</span> <span class='ocrx_word' id='word_1_1006' title='bbox 1684 1749 1903 1782; x_wconf 81' lang='lat' dir='ltr'>lithotomum</span> <span class='ocrx_word' id='word_1_1007' title='bbox 1938 1747 2059 1781; x_wconf 82' lang='lat' dir='ltr'>morari</span> <span class='ocrx_word' id='word_1_1008' title='bbox 2090 1747 2144 1779; x_wconf 89' lang='lat' dir='ltr'>de-</span> 
     </span>
     <span class='ocr_line' id='line_1_121' title="bbox 1134 1791 2144 1835; baseline 0.002 -12"><span class='ocrx_word' id='word_1_1009' title='bbox 1134 1791 1251 1828; x_wconf 85' lang='lat' dir='ltr'>beant,</span> <span class='ocrx_word' id='word_1_1010' title='bbox 1278 1791 1316 1825; x_wconf 85' lang='lat' dir='ltr'>ad</span> <span class='ocrx_word' id='word_1_1011' title='bbox 1341 1791 1458 1825; x_wconf 84' lang='lat' dir='ltr'>calculi</span> <span class='ocrx_word' id='word_1_1012' title='bbox 1482 1792 1715 1825; x_wconf 63' lang='lat' dir='ltr'>extraetionem</span> <span class='ocrx_word' id='word_1_1013' title='bbox 1739 1791 1809 1835; x_wconf 82' lang='lat' dir='ltr'>post</span> <span class='ocrx_word' id='word_1_1014' title='bbox 1834 1794 1954 1835; x_wconf 80' lang='lat' dir='ltr'>longa,</span> <span class='ocrx_word' id='word_1_1015' title='bbox 1977 1794 2008 1824; x_wconf 66' lang='grc' dir='ltr'>ὃ(</span> <span class='ocrx_word' id='word_1_1016' title='bbox 2032 1791 2144 1833; x_wconf 76' lang='lat' dir='ltr'>gravia</span> 
     </span>
     <span class='ocr_line' id='line_1_122' title="bbox 1134 1833 2145 1878; baseline 0.001 -13"><span class='ocrx_word' id='word_1_1017' title='bbox 1134 1836 1321 1875; x_wconf 81' lang='lat' dir='ltr'>aegrorantis</span> <span class='ocrx_word' id='word_1_1018' title='bbox 1346 1835 1426 1867; x_wconf 83' lang='lat' dir='ltr'>mala</span> <span class='ocrx_word' id='word_1_1019' title='bbox 1451 1834 1659 1869; x_wconf 80' lang='lat' dir='ltr'>accersitum:</span> <span class='ocrx_word' id='word_1_1020' title='bbox 1685 1846 1739 1869; x_wconf 85' lang='lat' dir='ltr'>aut</span> <span class='ocrx_word' id='word_1_1021' title='bbox 1764 1835 1786 1868; x_wconf 83' lang='lat' dir='ltr'>fi</span> <span class='ocrx_word' id='word_1_1022' title='bbox 1812 1835 1901 1869; x_wconf 83' lang='lat' dir='ltr'>forte</span> <span class='ocrx_word' id='word_1_1023' title='bbox 1922 1833 2016 1878; x_wconf 87' lang='lat' dir='ltr'>hujus</span> <span class='ocrx_word' id='word_1_1024' title='bbox 2042 1838 2145 1876; x_wconf 86' lang='lat' dir='ltr'>impa-</span> 
     </span>
     <span class='ocr_line' id='line_1_123' title="bbox 1133 1876 2144 1921; baseline 0.001 -13"><span class='ocrx_word' id='word_1_1025' title='bbox 1133 1878 1248 1910; x_wconf 85' lang='lat' dir='ltr'>tientia</span> <span class='ocrx_word' id='word_1_1026' title='bbox 1272 1876 1415 1911; x_wconf 82' lang='lat' dir='ltr'>exsecare</span> <span class='ocrx_word' id='word_1_1027' title='bbox 1439 1877 1601 1912; x_wconf 85' lang='lat' dir='ltr'>interdum</span> <span class='ocrx_word' id='word_1_1028' title='bbox 1626 1888 1763 1921; x_wconf 80' lang='lat' dir='ltr'>cogatur</span> <span class='ocrx_word' id='word_1_1029' title='bbox 1789 1901 1799 1917; x_wconf 88' lang='lat'>‚</span> <span class='ocrx_word' id='word_1_1030' title='bbox 1824 1878 1904 1921; x_wconf 89' lang='lat' dir='ltr'>quid</span> <span class='ocrx_word' id='word_1_1031' title='bbox 1928 1879 2036 1912; x_wconf 86' lang='lat' dir='ltr'>saltem</span> <span class='ocrx_word' id='word_1_1032' title='bbox 2062 1888 2144 1920; x_wconf 72' lang='lat' dir='ltr'>prae-</span> 
     </span>
     <span class='ocr_line' id='line_1_124' title="bbox 1132 1919 2145 1964; baseline 0 -11"><span class='ocrx_word' id='word_1_1033' title='bbox 1132 1919 1236 1953; x_wconf 83' lang='lat' dir='ltr'>dicere</span> <span class='ocrx_word' id='word_1_1034' title='bbox 1268 1931 1418 1962; x_wconf 83' lang='lat' dir='ltr'>oporteat</span> <span class='ocrx_word' id='word_1_1035' title='bbox 1454 1922 1503 1954; x_wconf 89' lang='lat' dir='ltr'>vel</span> <span class='ocrx_word' id='word_1_1036' title='bbox 1538 1921 1608 1963; x_wconf 85' lang='lat' dir='ltr'>post</span> <span class='ocrx_word' id='word_1_1037' title='bbox 1641 1922 1771 1957; x_wconf 84' lang='lat' dir='ltr'>felicem</span> <span class='ocrx_word' id='word_1_1038' title='bbox 1807 1922 2023 1956; x_wconf 73' lang='lat' dir='ltr'>exseffionern</span> <span class='ocrx_word' id='word_1_1039' title='bbox 2057 1919 2145 1964; x_wconf 78' lang='lat' dir='ltr'>posse</span> 
     </span>
     <span class='ocr_line' id='line_1_125' title="bbox 1133 1964 2146 2008; baseline 0.001 -12"><span class='ocrx_word' id='word_1_1040' title='bbox 1133 1965 1209 1997; x_wconf 86' lang='lat' dir='ltr'>mali</span> <span class='ocrx_word' id='word_1_1041' title='bbox 1232 1987 1242 2001; x_wconf 92' lang='lat'><em>,</em></span> <span class='ocrx_word' id='word_1_1042' title='bbox 1268 1967 1299 1997; x_wconf 66' lang='grc' dir='ltr'>δε</span> <span class='ocrx_word' id='word_1_1043' title='bbox 1324 1965 1461 2007; x_wconf 86' lang='lat' dir='ltr'>periculi</span> <span class='ocrx_word' id='word_1_1044' title='bbox 1489 1964 1662 2006; x_wconf 80' lang='lat' dir='ltr'>superesse.</span> <span class='ocrx_word' id='word_1_1045' title='bbox 1690 1967 1725 2000; x_wconf 83' lang='lat' dir='ltr'>Si</span> <span class='ocrx_word' id='word_1_1046' title='bbox 1746 1977 1765 1999; x_wconf 83' lang='lat' dir='ltr'>a</span> <span class='ocrx_word' id='word_1_1047' title='bbox 1787 1965 1939 2006; x_wconf 74' lang='lat' dir='ltr'>calculis,</span> <span class='ocrx_word' id='word_1_1048' title='bbox 1962 1966 2071 2008; x_wconf 85' lang='lat' dir='ltr'>inquit</span> <span class='ocrx_word' id='word_1_1049' title='bbox 2097 1965 2146 1997; x_wconf 90' lang='lat' dir='ltr'>A-</span> 
     </span>
     <span class='ocr_line' id='line_1_126' title="bbox 1132 2008 2145 2052; baseline 0 -13"><span class='ocrx_word' id='word_1_1050' title='bbox 1132 2018 1245 2041; x_wconf 85' lang='lat' dir='ltr'>retaeus</span> <span class='ocrx_word' id='word_1_1051' title='bbox 1270 2012 1367 2048; x_wconf 79' lang='lat' dir='ltr'>(m),</span> <span class='ocrx_word' id='word_1_1052' title='bbox 1395 2019 1505 2041; x_wconf 87' lang='lat' dir='ltr'>renum</span> <span class='ocrx_word' id='word_1_1053' title='bbox 1530 2008 1631 2042; x_wconf 73' lang='lat' dir='ltr'>ulcera</span> <span class='ocrx_word' id='word_1_1054' title='bbox 1648 2008 1739 2051; x_wconf 55' lang='lat' dir='ltr'>faeie</span> <span class='ocrx_word' id='word_1_1055' title='bbox 1757 2008 1842 2052; x_wconf 79' lang='lat' dir='ltr'>sint,</span> <span class='ocrx_word' id='word_1_1056' title='bbox 1866 2008 2052 2052; x_wconf 77' lang='lat' dir='ltr'>insanabiles</span> <span class='ocrx_word' id='word_1_1057' title='bbox 2075 2008 2145 2041; x_wconf 85' lang='lat' dir='ltr'>inde</span> 
     </span>
     <span class='ocr_line' id='line_1_127' title="bbox 1130 2050 2146 2095; baseline 0 -12"><span class='ocrx_word' id='word_1_1058' title='bbox 1130 2050 1230 2083; x_wconf 81' lang='lat' dir='ltr'>morbi</span> <span class='ocrx_word' id='word_1_1059' title='bbox 1252 2051 1441 2093; x_wconf 73' lang='lat' dir='ltr'>nascuntur.</span> <span class='ocrx_word' id='word_1_1060' title='bbox 1468 2052 1531 2085; x_wconf 77' lang='lat' dir='ltr'>cita</span> <span class='ocrx_word' id='word_1_1061' title='bbox 1564 2052 1764 2095; x_wconf 79' lang='lat' dir='ltr'>colliquatio,</span> <span class='ocrx_word' id='word_1_1062' title='bbox 1789 2052 1930 2095; x_wconf 81' lang='lat' dir='ltr'>morsque</span> <span class='ocrx_word' id='word_1_1063' title='bbox 1951 2052 2146 2091; x_wconf 69' lang='lat' dir='ltr'>adveniunt,</span> 
     </span>
     <span class='ocr_line' id='line_1_128' title="bbox 1133 2094 2145 2139; baseline 0 -13"><span class='ocrx_word' id='word_1_1064' title='bbox 1133 2103 1295 2135; x_wconf 78' lang='lat' dir='ltr'>praeeunte</span> <span class='ocrx_word' id='word_1_1065' title='bbox 1329 2095 1535 2137; x_wconf 81' lang='lat' dir='ltr'>Hippocrate</span> <span class='ocrx_word' id='word_1_1066' title='bbox 1560 2097 1572 2138; x_wconf 96' lang='lat'>(</span> <span class='ocrx_word' id='word_1_1067' title='bbox 1594 2105 1613 2127; x_wconf 87' lang='lat' dir='ltr'>n</span> <span class='ocrx_word' id='word_1_1068' title='bbox 1636 2100 1672 2135; x_wconf 86' lang='lat'>)‚</span> <span class='ocrx_word' id='word_1_1069' title='bbox 1697 2098 1756 2139; x_wconf 88' lang='lat' dir='ltr'>qui</span> <span class='ocrx_word' id='word_1_1070' title='bbox 1778 2096 1817 2129; x_wconf 89' lang='lat' dir='ltr'>de</span> <span class='ocrx_word' id='word_1_1071' title='bbox 1840 2096 2023 2139; x_wconf 77' lang='lat' dir='ltr'>suppuratis</span> <span class='ocrx_word' id='word_1_1072' title='bbox 2057 2094 2145 2129; x_wconf 91' lang='lat' dir='ltr'>reni-</span> 
     </span>
     <span class='ocr_line' id='line_1_129' title="bbox 1133 2137 2143 2181; baseline 0.001 -11"><span class='ocrx_word' id='word_1_1073' title='bbox 1133 2139 1191 2170; x_wconf 90' lang='lat' dir='ltr'>bus</span> <span class='ocrx_word' id='word_1_1074' title='bbox 1225 2137 1274 2170; x_wconf 67' lang='lat' dir='ltr'>ve‹l</span> <span class='ocrx_word' id='word_1_1075' title='bbox 1311 2138 1344 2171; x_wconf 87' lang='lat' dir='ltr'>in</span> <span class='ocrx_word' id='word_1_1076' title='bbox 1382 2138 1567 2172; x_wconf 83' lang='lat' dir='ltr'>universum</span> <span class='ocrx_word' id='word_1_1077' title='bbox 1591 2141 1823 2181; x_wconf 83' lang='lat' dir='ltr'>pronunciavit</span> <span class='ocrx_word' id='word_1_1078' title='bbox 1847 2165 1856 2178; x_wconf 82' lang='lat'>,</span> <span class='ocrx_word' id='word_1_1079' title='bbox 1887 2139 1967 2173; x_wconf 89' lang='lat' dir='ltr'>hunc</span> <span class='ocrx_word' id='word_1_1080' title='bbox 2001 2137 2143 2172; x_wconf 84' lang='lat' dir='ltr'>morbum</span> 
     </span>
     <span class='ocr_line' id='line_1_130' title="bbox 1127 2179 2145 2225; baseline 0.002 -14"><span class='ocrx_word' id='word_1_1081' title='bbox 1127 2190 1256 2221; x_wconf 71' lang='lat' dir='ltr'>gravem</span> <span class='ocrx_word' id='word_1_1082' title='bbox 1279 2179 1336 2223; x_wconf 65' lang='lat' dir='ltr'>effi?</span> <span class='ocrx_word' id='word_1_1083' title='bbox 1353 2206 1362 2221; x_wconf 93' lang='lat'>,</span> <span class='ocrx_word' id='word_1_1084' title='bbox 1383 2184 1427 2216; x_wconf 56' lang='grc' dir='ltr'>Θ*</span> <span class='ocrx_word' id='word_1_1085' title='bbox 1453 2182 1569 2215; x_wconf 81' lang='lat' dir='ltr'>multos</span> <span class='ocrx_word' id='word_1_1086' title='bbox 1591 2192 1629 2216; x_wconf 85' lang='lat' dir='ltr'>ex</span> <span class='ocrx_word' id='word_1_1087' title='bbox 1650 2181 1714 2225; x_wconf 80' lang='lat' dir='ltr'>ipso</span> <span class='ocrx_word' id='word_1_1088' title='bbox 1737 2184 1776 2216; x_wconf 84' lang='lat' dir='ltr'>ad</span> <span class='ocrx_word' id='word_1_1089' title='bbox 1798 2182 1900 2216; x_wconf 76' lang='lat' dir='ltr'>tabem</span> <span class='ocrx_word' id='word_1_1090' title='bbox 1924 2183 2058 2216; x_wconf 79' lang='lat' dir='ltr'>renalem</span> <span class='ocrx_word' id='word_1_1091' title='bbox 2092 2181 2145 2214; x_wconf 77' lang='lat' dir='ltr'>dc-</span> 
     </span>
     <span class='ocr_line' id='line_1_131' title="bbox 1131 2221 2144 2268; baseline 0.003 -14"><span class='ocrx_word' id='word_1_1092' title='bbox 1131 2221 1265 2265; x_wconf 68' lang='lat' dir='ltr'>veniffe:</span> <span class='ocrx_word' id='word_1_1093' title='bbox 1291 2228 1321 2256; x_wconf 62' lang='grc' dir='ltr'>ὃς</span> <span class='ocrx_word' id='word_1_1094' title='bbox 1346 2227 1369 2258; x_wconf 83' lang='lat' dir='ltr'>si</span> <span class='ocrx_word' id='word_1_1095' title='bbox 1393 2234 1469 2258; x_wconf 85' lang='lat' dir='ltr'>aetas</span> <span class='ocrx_word' id='word_1_1096' title='bbox 1493 2226 1621 2258; x_wconf 83' lang='lat' dir='ltr'>accedat</span> <span class='ocrx_word' id='word_1_1097' title='bbox 1647 2228 1779 2267; x_wconf 78' lang='lat' dir='ltr'>gravior</span> <span class='ocrx_word' id='word_1_1098' title='bbox 1803 2251 1812 2264; x_wconf 83' lang='lat'><strong>‚</strong></span> <span class='ocrx_word' id='word_1_1099' title='bbox 1845 2237 1910 2259; x_wconf 91' lang='lat' dir='ltr'>non</span> <span class='ocrx_word' id='word_1_1100' title='bbox 1935 2226 2033 2260; x_wconf 88' lang='lat' dir='ltr'>modo</span> <span class='ocrx_word' id='word_1_1101' title='bbox 2057 2225 2108 2268; x_wconf 87' lang='lat' dir='ltr'>(o</span> <span class='ocrx_word' id='word_1_1102' title='bbox 2129 2227 2144 2263; x_wconf 91' lang='lat'>)</span> 
     </span>
     <span class='ocr_line' id='line_1_132' title="bbox 1131 2267 2161 2312; baseline 0.006 -14"><span class='ocrx_word' id='word_1_1103' title='bbox 1131 2276 1237 2299; x_wconf 86' lang='lat' dir='ltr'>renum</span> <span class='ocrx_word' id='word_1_1104' title='bbox 1261 2289 1271 2304; x_wconf 89' lang='lat'><em>,</em></span> <span class='ocrx_word' id='word_1_1105' title='bbox 1306 2268 1348 2300; x_wconf 55' lang='grc' dir='ltr'>Θ·</span> <span class='ocrx_word' id='word_1_1106' title='bbox 1369 2267 1472 2310; x_wconf 65' lang='lat' dir='ltr'>veficae</span> <span class='ocrx_word' id='word_1_1107' title='bbox 1493 2269 1577 2301; x_wconf 67' lang='lat' dir='ltr'>vitia</span> <span class='ocrx_word' id='word_1_1108' title='bbox 1601 2269 1767 2312; x_wconf 79' lang='lat' dir='ltr'>difficulter</span> <span class='ocrx_word' id='word_1_1109' title='bbox 1782 2269 1892 2312; x_wconf 82' lang='lat' dir='ltr'>sanari</span> <span class='ocrx_word' id='word_1_1110' title='bbox 1911 2281 1925 2310; x_wconf 87' lang='lat'>,·</span> <span class='ocrx_word' id='word_1_1111' title='bbox 1958 2281 2071 2304; x_wconf 83' lang='lat' dir='ltr'>verum</span> <span class='ocrx_word' id='word_1_1112' title='bbox 2095 2277 2161 2309; x_wconf 35' lang='lat' dir='ltr'>et-‚</span> 
     </span>
     <span class='ocr_line' id='line_1_133' title="bbox 1130 2309 2140 2357; baseline 0.004 -16"><span class='ocrx_word' id='word_1_1113' title='bbox 1130 2310 1194 2342; x_wconf 84' lang='lat' dir='ltr'>iam</span> <span class='ocrx_word' id='word_1_1114' title='bbox 1234 2310 1326 2352; x_wconf 86' lang='lat' dir='ltr'>(p)</span> <span class='ocrx_word' id='word_1_1115' title='bbox 1370 2321 1476 2344; x_wconf 78' lang='lat' dir='ltr'>renum</span> <span class='ocrx_word' id='word_1_1116' title='bbox 1522 2309 1699 2354; x_wconf 73' lang='lat' dir='ltr'>affec‘iiones</span> <span class='ocrx_word' id='word_1_1117' title='bbox 1735 2312 1770 2355; x_wconf 87' lang='lat' dir='ltr'>se</span> <span class='ocrx_word' id='word_1_1118' title='bbox 1814 2323 1872 2345; x_wconf 88' lang='lat' dir='ltr'>non</span> <span class='ocrx_word' id='word_1_1119' title='bbox 1914 2313 2023 2357; x_wconf 62' lang='lat' dir='ltr'>ridzffe</span> <span class='ocrx_word' id='word_1_1120' title='bbox 2045 2312 2140 2356; x_wconf 77' lang='lat' dir='ltr'>sana-</span> 
     </span>
     <span class='ocr_line' id='line_1_134' title="bbox 1131 2353 2140 2401; baseline 0.007 -16"><span class='ocrx_word' id='word_1_1121' title='bbox 1131 2359 1182 2385; x_wconf 80' lang='lat' dir='ltr'>tas</span> <span class='ocrx_word' id='word_1_1122' title='bbox 1219 2353 1315 2394; x_wconf 81' lang='lat' dir='ltr'>supra</span> <span class='ocrx_word' id='word_1_1123' title='bbox 1359 2355 1641 2397; x_wconf 81' lang='lat' dir='ltr'>quinquagesimum</span> <span class='ocrx_word' id='word_1_1124' title='bbox 1673 2366 1788 2390; x_wconf 79' lang='lat' dir='ltr'>annum</span> <span class='ocrx_word' id='word_1_1125' title='bbox 1813 2381 1820 2387; x_wconf 94' lang='lat'><em>.</em></span> <span class='ocrx_word' id='word_1_1126' title='bbox 1854 2356 1953 2391; x_wconf 88' lang='lat' dir='ltr'>Haud</span> <span class='ocrx_word' id='word_1_1127' title='bbox 1987 2357 2140 2401; x_wconf 88' lang='lat' dir='ltr'>equidem</span> 
     </span>
     <span class='ocr_line' id='line_1_135' title="bbox 1130 2398 2142 2443; baseline 0.006 -15"><span class='ocrx_word' id='word_1_1128' title='bbox 1130 2398 1267 2438; x_wconf 83' lang='lat' dir='ltr'>ignoro,</span> <span class='ocrx_word' id='word_1_1129' title='bbox 1292 2407 1472 2440; x_wconf 85' lang='lat' dir='ltr'>quantum,</span> <span class='ocrx_word' id='word_1_1130' title='bbox 1498 2408 1533 2431; x_wconf 91' lang='lat' dir='ltr'>ut</span> <span class='ocrx_word' id='word_1_1131' title='bbox 1556 2401 1589 2431; x_wconf 88' lang='lat' dir='ltr'>in</span> <span class='ocrx_word' id='word_1_1132' title='bbox 1614 2398 1771 2441; x_wconf 88' lang='lat' dir='ltr'>plerisque</span> <span class='ocrx_word' id='word_1_1133' title='bbox 1797 2400 1867 2433; x_wconf 83' lang='lat' dir='ltr'>aliis</span> <span class='ocrx_word' id='word_1_1134' title='bbox 1893 2402 1986 2435; x_wconf 79' lang='lat' dir='ltr'>rebus</span> <span class='ocrx_word' id='word_1_1135' title='bbox 2002 2427 2011 2443; x_wconf 88' lang='lat'><em>,</em></span> <span class='ocrx_word' id='word_1_1136' title='bbox 2036 2402 2082 2434; x_wconf 81' lang='lat' dir='ltr'>ita</span> <span class='ocrx_word' id='word_1_1137' title='bbox 2108 2402 2142 2434; x_wconf 91' lang='lat' dir='ltr'>in</span> 
     </span>
     <span class='ocr_line' id='line_1_136' title="bbox 1131 2438 2140 2486; baseline 0.006 -14"><span class='ocrx_word' id='word_1_1138' title='bbox 1131 2438 1181 2472; x_wconf 89' lang='lat' dir='ltr'>his</span> <span class='ocrx_word' id='word_1_1139' title='bbox 1205 2451 1335 2483; x_wconf 89' lang='lat' dir='ltr'>quoque</span> <span class='ocrx_word' id='word_1_1140' title='bbox 1368 2439 1499 2474; x_wconf 90' lang='lat' dir='ltr'>fortuna</span> <span class='ocrx_word' id='word_1_1141' title='bbox 1534 2444 1637 2475; x_wconf 81' lang='lat' dir='ltr'>valeat</span> <span class='ocrx_word' id='word_1_1142' title='bbox 1663 2466 1673 2481; x_wconf 92' lang='lat'>‚</span> <span class='ocrx_word' id='word_1_1143' title='bbox 1706 2445 1764 2485; x_wconf 90' lang='lat' dir='ltr'>qui</span> <span class='ocrx_word' id='word_1_1144' title='bbox 1798 2442 1852 2476; x_wconf 83' lang='lat' dir='ltr'>hic</span> <span class='ocrx_word' id='word_1_1145' title='bbox 1876 2445 1917 2476; x_wconf 89' lang='lat' dir='ltr'>A.</span> <span class='ocrx_word' id='word_1_1146' title='bbox 1948 2445 2039 2486; x_wconf 82' lang='lat'>1708.</span> <span class='ocrx_word' id='word_1_1147' title='bbox 2075 2455 2140 2478; x_wconf 87' lang='lat' dir='ltr'>non</span> 
     </span>
     <span class='ocr_line' id='line_1_137' title="bbox 1131 2484 2140 2531; baseline 0.007 -16"><span class='ocrx_word' id='word_1_1148' title='bbox 1131 2493 1192 2515; x_wconf 88' lang='lat' dir='ltr'>una</span> <span class='ocrx_word' id='word_1_1149' title='bbox 1208 2508 1217 2521; x_wconf 85' lang='lat'>,</span> <span class='ocrx_word' id='word_1_1150' title='bbox 1241 2494 1297 2517; x_wconf 84' lang='lat' dir='ltr'>nec</span> <span class='ocrx_word' id='word_1_1151' title='bbox 1322 2485 1385 2517; x_wconf 86' lang='lat' dir='ltr'>levi</span> <span class='ocrx_word' id='word_1_1152' title='bbox 1406 2485 1446 2518; x_wconf 86' lang='lat' dir='ltr'>de</span> <span class='ocrx_word' id='word_1_1153' title='bbox 1468 2484 1561 2518; x_wconf 83' lang='lat' dir='ltr'>causa</span> <span class='ocrx_word' id='word_1_1154' title='bbox 1584 2485 1781 2527; x_wconf 85' lang='lat' dir='ltr'>desperatam</span> <span class='ocrx_word' id='word_1_1155' title='bbox 1808 2487 1847 2519; x_wconf 83' lang='lat' dir='ltr'>ab</span> <span class='ocrx_word' id='word_1_1156' title='bbox 1870 2488 2020 2531; x_wconf 73' lang='lat' dir='ltr'>Alghifio</span> <span class='ocrx_word' id='word_1_1157' title='bbox 2037 2488 2140 2523; x_wconf 83' lang='lat' dir='ltr'>Patri-</span> 
     </span>
     <span class='ocr_line' id='line_1_138' title="bbox 1130 2527 2139 2573; baseline 0.008 -15"><span class='ocrx_word' id='word_1_1158' title='bbox 1130 2527 1175 2559; x_wconf 88' lang='lat' dir='ltr'>cii</span> <span class='ocrx_word' id='word_1_1159' title='bbox 1200 2527 1321 2560; x_wconf 84' lang='lat' dir='ltr'>Veneti</span> <span class='ocrx_word' id='word_1_1160' title='bbox 1345 2550 1357 2567; x_wconf 86' lang='lat'><em>‚</em></span> <span class='ocrx_word' id='word_1_1161' title='bbox 1390 2538 1489 2561; x_wconf 87' lang='lat' dir='ltr'>annos</span> <span class='ocrx_word' id='word_1_1162' title='bbox 1513 2530 1649 2572; x_wconf 87' lang='lat' dir='ltr'>amplius</span> <span class='ocrx_word' id='word_1_1163' title='bbox 1674 2530 1836 2571; x_wconf 80' lang='lat' dir='ltr'>sexaginta</span> <span class='ocrx_word' id='word_1_1164' title='bbox 1860 2535 1928 2564; x_wconf 85' lang='lat' dir='ltr'>nati</span> <span class='ocrx_word' id='word_1_1165' title='bbox 1954 2558 1963 2573; x_wconf 87' lang='lat'>,</span> <span class='ocrx_word' id='word_1_1166' title='bbox 1995 2535 2139 2566; x_wconf 80' lang='lat' dir='ltr'>curatio-</span> 
     </span>
     <span class='ocr_line' id='line_1_139' title="bbox 1132 2569 2139 2614; baseline 0.007 -12"><span class='ocrx_word' id='word_1_1167' title='bbox 1132 2581 1229 2607; x_wconf 88' lang='lat' dir='ltr'>nem,</span> <span class='ocrx_word' id='word_1_1168' title='bbox 1257 2582 1334 2603; x_wconf 80' lang='lat' dir='ltr'>mox</span> <span class='ocrx_word' id='word_1_1169' title='bbox 1358 2569 1556 2614; x_wconf 86' lang='lat' dir='ltr'>susceptam,</span> <span class='ocrx_word' id='word_1_1170' title='bbox 1581 2575 1610 2604; x_wconf 73' lang='grc' dir='ltr'>ἅτ</span> <span class='ocrx_word' id='word_1_1171' title='bbox 1635 2570 1812 2607; x_wconf 76' lang='lat' dir='ltr'>feliciffime</span> <span class='ocrx_word' id='word_1_1172' title='bbox 1838 2574 2017 2609; x_wconf 88' lang='lat' dir='ltr'>absolutam</span> <span class='ocrx_word' id='word_1_1173' title='bbox 2041 2576 2080 2609; x_wconf 85' lang='lat' dir='ltr'>ab</span> <span class='ocrx_word' id='word_1_1174' title='bbox 2096 2577 2139 2609; x_wconf 75' lang='grc' dir='ltr'>ΙΞ-</span> 
     </span>
     <span class='ocr_line' id='line_1_140' title="bbox 1131 2614 2139 2662; baseline 0.006 -15"><span class='ocrx_word' id='word_1_1175' title='bbox 1131 2615 1244 2647; x_wconf 88' lang='lat' dir='ltr'>remita</span> <span class='ocrx_word' id='word_1_1176' title='bbox 1269 2614 1464 2658; x_wconf 85' lang='lat' dir='ltr'>illoJacobo</span> <span class='ocrx_word' id='word_1_1177' title='bbox 1475 2615 1623 2649; x_wconf 85' lang='lat' dir='ltr'>Beaulieu</span> <span class='ocrx_word' id='word_1_1178' title='bbox 1641 2615 1754 2656; x_wconf 82' lang='lat' dir='ltr'>fuisse,</span> <span class='ocrx_word' id='word_1_1179' title='bbox 1779 2620 1979 2660; x_wconf 86' lang='lat' dir='ltr'>meminerim</span> <span class='ocrx_word' id='word_1_1180' title='bbox 1994 2645 2001 2658; x_wconf 93' lang='lat'>,</span> <span class='ocrx_word' id='word_1_1181' title='bbox 2025 2631 2139 2662; x_wconf 87' lang='lat' dir='ltr'>quem-</span> 
     </span>
     <span class='ocr_line' id='line_1_141' title="bbox 1128 2655 2136 2697; baseline 0.007 -7"><span class='ocrx_word' id='word_1_1182' title='bbox 1128 2655 1302 2691; x_wconf 88' lang='lat' dir='ltr'>admodum</span> <span class='ocrx_word' id='word_1_1183' title='bbox 1340 2658 1515 2692; x_wconf 84' lang='lat' dir='ltr'>sciscitanti</span> <span class='ocrx_word' id='word_1_1184' title='bbox 1550 2660 1604 2692; x_wconf 89' lang='lat' dir='ltr'>Cl.</span> <span class='ocrx_word' id='word_1_1185' title='bbox 1642 2660 1728 2693; x_wconf 90' lang='lat' dir='ltr'>Viro</span> <span class='ocrx_word' id='word_1_1186' title='bbox 1751 2661 1914 2696; x_wconf 83' lang='lat' dir='ltr'>Morando</span> <span class='ocrx_word' id='word_1_1187' title='bbox 1946 2663 2013 2696; x_wconf 71' lang='lat' dir='ltr'>fnfe</span> <span class='ocrx_word' id='word_1_1188' title='bbox 2054 2664 2136 2697; x_wconf 90' lang='lat' dir='ltr'>olim</span> 
     </span>
     <span class='ocr_line' id='line_1_142' title="bbox 1128 2700 2138 2749; baseline 0.007 -16"><span class='ocrx_word' id='word_1_1189' title='bbox 1128 2711 1183 2743; x_wconf 86' lang='lat' dir='ltr'>per</span> <span class='ocrx_word' id='word_1_1190' title='bbox 1207 2702 1331 2734; x_wconf 85' lang='lat' dir='ltr'>litteras</span> <span class='ocrx_word' id='word_1_1191' title='bbox 1356 2700 1535 2744; x_wconf 80' lang='lat' dir='ltr'>significavi</span> <span class='ocrx_word' id='word_1_1192' title='bbox 1559 2727 1569 2742; x_wconf 91' lang='lat'>,</span> <span class='ocrx_word' id='word_1_1193' title='bbox 1602 2705 1633 2735; x_wconf 88' lang='lat'>&amp;</span> <span class='ocrx_word' id='word_1_1194' title='bbox 1657 2704 1761 2737; x_wconf 88' lang='lat' dir='ltr'>multo</span> <span class='ocrx_word' id='word_1_1195' title='bbox 1786 2706 1872 2738; x_wconf 87' lang='lat' dir='ltr'>inter</span> <span class='ocrx_word' id='word_1_1196' title='bbox 1893 2707 1987 2740; x_wconf 86' lang='lat' dir='ltr'>initia</span> <span class='ocrx_word' id='word_1_1197' title='bbox 2012 2708 2138 2749; x_wconf 84' lang='lat' dir='ltr'>plenio-</span> 
     </span>
     <span class='ocr_line' id='line_1_143' title="bbox 1132 2744 2136 2788; baseline 0.007 -11"><span class='ocrx_word' id='word_1_1198' title='bbox 1132 2755 1197 2777; x_wconf 88' lang='lat' dir='ltr'>rem</span> <span class='ocrx_word' id='word_1_1199' title='bbox 1226 2754 1334 2782; x_wconf 86' lang='lat' dir='ltr'>metu‚</span> <span class='ocrx_word' id='word_1_1200' title='bbox 1358 2757 1462 2788; x_wconf 88' lang='lat' dir='ltr'>neque</span> <span class='ocrx_word' id='word_1_1201' title='bbox 1485 2744 1624 2779; x_wconf 89' lang='lat' dir='ltr'>infelicis</span> <span class='ocrx_word' id='word_1_1202' title='bbox 1646 2756 1750 2779; x_wconf 85' lang='lat' dir='ltr'>tamen</span> <span class='ocrx_word' id='word_1_1203' title='bbox 1775 2750 1878 2783; x_wconf 84' lang='lat' dir='ltr'>exitus</span> <span class='ocrx_word' id='word_1_1204' title='bbox 1901 2773 1910 2788; x_wconf 90' lang='lat'>,</span> <span class='ocrx_word' id='word_1_1205' title='bbox 1933 2751 2136 2784; x_wconf 81' lang='lat' dir='ltr'>curationem</span> 
     </span>
     <span class='ocr_line' id='line_1_144' title="bbox 1134 2788 2132 2837; baseline 0.008 -17"><span class='ocrx_word' id='word_1_1206' title='bbox 1134 2789 1268 2821; x_wconf 88' lang='lat' dir='ltr'>alteram</span> <span class='ocrx_word' id='word_1_1207' title='bbox 1294 2790 1327 2821; x_wconf 91' lang='lat' dir='ltr'>in</span> <span class='ocrx_word' id='word_1_1208' title='bbox 1351 2788 1563 2830; x_wconf 87' lang='lat' dir='ltr'>Sepulchreto</span> <span class='ocrx_word' id='word_1_1209' title='bbox 1586 2792 1600 2828; x_wconf 94' lang='lat'><strong>(</strong></span> <span class='ocrx_word' id='word_1_1210' title='bbox 1622 2800 1640 2830; x_wconf 80' lang='lat' dir='ltr'><em>q</em></span> <span class='ocrx_word' id='word_1_1211' title='bbox 1662 2793 1678 2829; x_wconf 82' lang='grc'>&gt;</span> <span class='ocrx_word' id='word_1_1212' title='bbox 1699 2790 1832 2832; x_wconf 74' lang='lat' dir='ltr'>legerim</span> <span class='ocrx_word' id='word_1_1213' title='bbox 1858 2805 1867 2825; x_wconf 92' lang='grc'>.·</span> <span class='ocrx_word' id='word_1_1214' title='bbox 1898 2794 1932 2826; x_wconf 89' lang='lat' dir='ltr'>in</span> <span class='ocrx_word' id='word_1_1215' title='bbox 1956 2805 2022 2837; x_wconf 87' lang='lat' dir='ltr'>quo</span> <span class='ocrx_word' id='word_1_1216' title='bbox 2047 2798 2057 2832; x_wconf 93' lang='lat'>(</span> <span class='ocrx_word' id='word_1_1217' title='bbox 2081 2805 2097 2826; x_wconf 86' lang='lat' dir='ltr'>r</span> <span class='ocrx_word' id='word_1_1218' title='bbox 2121 2797 2132 2833; x_wconf 92' lang='lat'><em>)</em></span> 
     </span>
     <span class='ocr_line' id='line_1_145' title="bbox 1135 2831 2136 2879; baseline 0.007 -15"><span class='ocrx_word' id='word_1_1219' title='bbox 1135 2833 1233 2865; x_wconf 85' lang='lat' dir='ltr'>etiam</span> <span class='ocrx_word' id='word_1_1220' title='bbox 1258 2833 1412 2865; x_wconf 82' lang='lat' dir='ltr'>Foeminae</span> <span class='ocrx_word' id='word_1_1221' title='bbox 1439 2833 1597 2874; x_wconf 83' lang='lat' dir='ltr'>Principis</span> <span class='ocrx_word' id='word_1_1222' title='bbox 1620 2831 1752 2866; x_wconf 82' lang='lat' dir='ltr'>historia</span> <span class='ocrx_word' id='word_1_1223' title='bbox 1776 2844 1862 2869; x_wconf 86' lang='lat' dir='ltr'>extat</span> <span class='ocrx_word' id='word_1_1224' title='bbox 1884 2858 1896 2876; x_wconf 90' lang='lat'>‚</span> <span class='ocrx_word' id='word_1_1225' title='bbox 1919 2848 1990 2879; x_wconf 82' lang='lat' dir='ltr'>quae</span> <span class='ocrx_word' id='word_1_1226' title='bbox 2014 2837 2136 2879; x_wconf 78' lang='lat' dir='ltr'>gravis-</span> 
     </span>
     <span class='ocr_line' id='line_1_146' title="bbox 1134 2873 2135 2922; baseline 0.006 -15"><span class='ocrx_word' id='word_1_1227' title='bbox 1134 2873 1220 2908; x_wconf 87' lang='lat' dir='ltr'>fimis</span> <span class='ocrx_word' id='word_1_1228' title='bbox 1244 2886 1358 2908; x_wconf 89' lang='lat' dir='ltr'>renum</span> <span class='ocrx_word' id='word_1_1229' title='bbox 1381 2875 1549 2909; x_wconf 87' lang='lat' dir='ltr'>doloribus</span> <span class='ocrx_word' id='word_1_1230' title='bbox 1571 2887 1645 2909; x_wconf 91' lang='lat' dir='ltr'>cum</span> <span class='ocrx_word' id='word_1_1231' title='bbox 1670 2876 1897 2919; x_wconf 79' lang='lat' dir='ltr'>sanguinis‚&amp;</span> <span class='ocrx_word' id='word_1_1232' title='bbox 1921 2881 2007 2922; x_wconf 81' lang='lat' dir='ltr'>puris</span> <span class='ocrx_word' id='word_1_1233' title='bbox 2030 2882 2135 2916; x_wconf 60' lang='lat' dir='ltr'>miehi</span> 
     </span>
     <span class='ocr_line' id='line_1_147' title="bbox 1135 2918 2134 2960; baseline 0.003 -9"><span class='ocrx_word' id='word_1_1234' title='bbox 1135 2928 1225 2952; x_wconf 86' lang='lat' dir='ltr'>antea</span> <span class='ocrx_word' id='word_1_1235' title='bbox 1248 2922 1413 2956; x_wconf 84' lang='lat' dir='ltr'>cruciata,</span> <span class='ocrx_word' id='word_1_1236' title='bbox 1435 2920 1552 2952; x_wconf 88' lang='lat' dir='ltr'>deinde</span> <span class='ocrx_word' id='word_1_1237' title='bbox 1576 2920 1614 2957; x_wconf 77' lang='lat' dir='ltr'>ab</span> <span class='ocrx_word' id='word_1_1238' title='bbox 1637 2918 1686 2952; x_wconf 85' lang='lat' dir='ltr'>his</span> <span class='ocrx_word' id='word_1_1239' title='bbox 1713 2920 1831 2960; x_wconf 86' lang='lat' dir='ltr'>libera,</span> <span class='ocrx_word' id='word_1_1240' title='bbox 1856 2924 1972 2958; x_wconf 86' lang='lat' dir='ltr'>morbo</span> <span class='ocrx_word' id='word_1_1241' title='bbox 1995 2923 2134 2959; x_wconf 67' lang='lat' dir='ltr'>denique</span> 
     </span>
     <span class='ocr_line' id='line_1_148' title="bbox 1134 2961 2133 3006; baseline 0.006 -12"><span class='ocrx_word' id='word_1_1242' title='bbox 1134 2963 1199 2996; x_wconf 87' lang='lat' dir='ltr'>alio</span> <span class='ocrx_word' id='word_1_1243' title='bbox 1222 2961 1371 2996; x_wconf 63' lang='lat' dir='ltr'>consec&#39;m</span> <span class='ocrx_word' id='word_1_1244' title='bbox 1398 2983 1407 2999; x_wconf 93' lang='lat'>‚</span> <span class='ocrx_word' id='word_1_1245' title='bbox 1445 2963 1478 2995; x_wconf 91' lang='lat' dir='ltr'>in</span> <span class='ocrx_word' id='word_1_1246' title='bbox 1501 2971 1574 2996; x_wconf 88' lang='lat' dir='ltr'>rene</span> <span class='ocrx_word' id='word_1_1247' title='bbox 1604 2962 1741 2996; x_wconf 76' lang='lat' dir='ltr'>ostendit</span> <span class='ocrx_word' id='word_1_1248' title='bbox 1772 2976 1907 3006; x_wconf 85' lang='lat' dir='ltr'>parvum</span> <span class='ocrx_word' id='word_1_1249' title='bbox 1934 2961 2099 3002; x_wconf 74' lang='lat' dir='ltr'>&#39;calculum</span> <span class='ocrx_word' id='word_1_1250' title='bbox 2124 2989 2133 3005; x_wconf 90' lang='lat'>‚</span> 
     </span>
     <span class='ocr_line' id='line_1_149' title="bbox 1134 3004 2132 3050; baseline 0.002 -12"><span class='ocrx_word' id='word_1_1251' title='bbox 1134 3006 1216 3039; x_wconf 83' lang='lat' dir='ltr'>circa</span> <span class='ocrx_word' id='word_1_1252' title='bbox 1239 3016 1327 3048; x_wconf 81' lang='lat' dir='ltr'>quem</span> <span class='ocrx_word' id='word_1_1253' title='bbox 1350 3006 1485 3038; x_wconf 81' lang='lat' dir='ltr'>cicatrix</span> <span class='ocrx_word' id='word_1_1254' title='bbox 1504 3004 1633 3046; x_wconf 81' lang='lat' dir='ltr'>pulchra</span> <span class='ocrx_word' id='word_1_1255' title='bbox 1654 3028 1666 3046; x_wconf 86' lang='lat'><em>‚</em></span> <span class='ocrx_word' id='word_1_1256' title='bbox 1690 3006 1769 3050; x_wconf 85' lang='lat' dir='ltr'>sana</span> <span class='ocrx_word' id='word_1_1257' title='bbox 1800 3012 1842 3042; x_wconf 67' lang='grc' dir='ltr'>(φ’</span> <span class='ocrx_word' id='word_1_1258' title='bbox 1864 3012 1979 3044; x_wconf 78' lang='lat' dir='ltr'>munda</span> <span class='ocrx_word' id='word_1_1259' title='bbox 2011 3008 2132 3045; x_wconf 62' lang='lat' dir='ltr'>dimidii</span> 
     </span>
     <span class='ocr_line' id='line_1_150' title="bbox 1134 3048 2132 3098; baseline 0.008 -18"><span class='ocrx_word' id='word_1_1260' title='bbox 1134 3049 1229 3090; x_wconf 78' lang='lat' dir='ltr'>digiti</span> <span class='ocrx_word' id='word_1_1261' title='bbox 1251 3048 1440 3090; x_wconf 73' lang='lat' dir='ltr'>longitudine</span> <span class='ocrx_word' id='word_1_1262' title='bbox 1462 3049 1590 3082; x_wconf 77' lang='lat' dir='ltr'>inducta</span> <span class='ocrx_word' id='word_1_1263' title='bbox 1615 3059 1682 3083; x_wconf 83' lang='lat' dir='ltr'>erat</span> <span class='ocrx_word' id='word_1_1264' title='bbox 1707 3076 1714 3083; x_wconf 92' lang='lat'>.</span> <span class='ocrx_word' id='word_1_1265' title='bbox 1749 3051 1841 3092; x_wconf 80' lang='lat' dir='ltr'>Qin</span> <span class='ocrx_word' id='word_1_1266' title='bbox 1874 3054 2001 3098; x_wconf 80' lang='lat' dir='ltr'>perlege</span> <span class='ocrx_word' id='word_1_1267' title='bbox 2035 3065 2132 3097; x_wconf 82' lang='lat' dir='ltr'>quarn</span> 
     </span>
     <span class='ocr_line' id='line_1_151' title="bbox 1136 3090 2132 3141; baseline 0.006 -16"><span class='ocrx_word' id='word_1_1268' title='bbox 1136 3093 1232 3135; x_wconf 85' lang='lat' dir='ltr'>paulo</span> <span class='ocrx_word' id='word_1_1269' title='bbox 1256 3101 1329 3125; x_wconf 89' lang='lat' dir='ltr'>ante</span> <span class='ocrx_word' id='word_1_1270' title='bbox 1349 3090 1567 3131; x_wconf 77' lang='lat' dir='ltr'>laudavimus,</span> <span class='ocrx_word' id='word_1_1271' title='bbox 1589 3092 1744 3127; x_wconf 89' lang='lat' dir='ltr'>Brunneri</span> <span class='ocrx_word' id='word_1_1272' title='bbox 1757 3097 1790 3128; x_wconf 81' lang='lat' dir='ltr'>in</span> <span class='ocrx_word' id='word_1_1273' title='bbox 1805 3097 1888 3131; x_wconf 85' lang='lat' dir='ltr'>Viro</span> <span class='ocrx_word' id='word_1_1274' title='bbox 1900 3099 2048 3141; x_wconf 83' lang='lat' dir='ltr'>Principe</span> <span class='ocrx_word' id='word_1_1275' title='bbox 2059 3098 2132 3131; x_wconf 90' lang='lat' dir='ltr'>Ob-</span> 
     </span>
     <span class='ocr_line' id='line_1_152' title="bbox 1140 3134 2134 3180; baseline 0.007 -12"><span class='ocrx_word' id='word_1_1276' title='bbox 1140 3135 1368 3168; x_wconf 78' lang='lat' dir='ltr'>servationem.</span> <span class='ocrx_word' id='word_1_1277' title='bbox 1395 3134 1476 3167; x_wconf 79' lang='lat' dir='ltr'>Non</span> <span class='ocrx_word' id='word_1_1278' title='bbox 1499 3136 1596 3168; x_wconf 83' lang='lat' dir='ltr'>modo</span> <span class='ocrx_word' id='word_1_1279' title='bbox 1608 3138 1749 3172; x_wconf 82' lang='lat' dir='ltr'>eamdem</span> <span class='ocrx_word' id='word_1_1280' title='bbox 1767 3138 1969 3180; x_wconf 69' lang='lat' dir='ltr'>palliativam</span> <span class='ocrx_word' id='word_1_1281' title='bbox 1982 3140 2134 3175; x_wconf 85' lang='lat' dir='ltr'>medendi</span> 
     </span>
     <span class='ocr_line' id='line_1_153' title="bbox 1140 3177 2131 3220; baseline 0.005 -9"><span class='ocrx_word' id='word_1_1282' title='bbox 1140 3181 1301 3212; x_wconf 79' lang='lat' dir='ltr'>rationem</span> <span class='ocrx_word' id='word_1_1283' title='bbox 1325 3190 1385 3219; x_wconf 83' lang='lat' dir='ltr'>qua</span> <span class='ocrx_word' id='word_1_1284' title='bbox 1408 3177 1524 3219; x_wconf 85' lang='lat' dir='ltr'>supra(</span> <span class='ocrx_word' id='word_1_1285' title='bbox 1541 3178 1747 3220; x_wconf 84' lang='lat' dir='ltr'>f)diximus</span> <span class='ocrx_word' id='word_1_1286' title='bbox 1771 3183 1957 3217; x_wconf 83' lang='lat' dir='ltr'>Valsalvam</span> <span class='ocrx_word' id='word_1_1287' title='bbox 1981 3185 2030 3217; x_wconf 88' lang='lat' dir='ltr'>uti</span> <span class='ocrx_word' id='word_1_1288' title='bbox 2054 3195 2131 3217; x_wconf 91' lang='lat' dir='ltr'>con-</span> 
     </span>
     <span class='ocr_line' id='line_1_154' title="bbox 1139 3222 2130 3269; baseline 0.006 -15"><span class='ocrx_word' id='word_1_1289' title='bbox 1139 3222 1268 3255; x_wconf 81' lang='lat' dir='ltr'>suevisse</span> <span class='ocrx_word' id='word_1_1290' title='bbox 1291 3245 1299 3258; x_wconf 83' lang='lat'>‚</span> <span class='ocrx_word' id='word_1_1291' title='bbox 1334 3229 1461 3255; x_wconf 87' lang='lat' dir='ltr'>tantum</span> <span class='ocrx_word' id='word_1_1292' title='bbox 1485 3222 1515 3254; x_wconf 81' lang='lat' dir='ltr'>ei</span> <span class='ocrx_word' id='word_1_1293' title='bbox 1538 3222 1625 3256; x_wconf 88' lang='lat' dir='ltr'>Viro</span> <span class='ocrx_word' id='word_1_1294' title='bbox 1648 3223 1800 3266; x_wconf 85' lang='lat' dir='ltr'>profuisse</span> <span class='ocrx_word' id='word_1_1295' title='bbox 1822 3249 1832 3265; x_wconf 95' lang='lat'>‚</span> <span class='ocrx_word' id='word_1_1296' title='bbox 1867 3227 2026 3269; x_wconf 82' lang='lat' dir='ltr'>intelliges</span> <span class='ocrx_word' id='word_1_1297' title='bbox 2050 3249 2059 3265; x_wconf 78' lang='lat'>,</span> <span class='ocrx_word' id='word_1_1298' title='bbox 2094 3230 2130 3260; x_wconf 83' lang='lat' dir='ltr'>ut</span> 
     </span>
     <span class='ocr_line' id='line_1_155' title="bbox 1138 3265 2130 3311; baseline 0.003 -12"><span class='ocrx_word' id='word_1_1299' title='bbox 1138 3268 1317 3299; x_wconf 76' lang='lat' dir='ltr'>Brunnerus</span> <span class='ocrx_word' id='word_1_1300' title='bbox 1340 3275 1403 3298; x_wconf 86' lang='lat' dir='ltr'>non</span> <span class='ocrx_word' id='word_1_1301' title='bbox 1429 3265 1595 3299; x_wconf 88' lang='lat' dir='ltr'>immerito</span> <span class='ocrx_word' id='word_1_1302' title='bbox 1619 3267 1651 3300; x_wconf 91' lang='lat' dir='ltr'>id</span> <span class='ocrx_word' id='word_1_1303' title='bbox 1675 3266 1834 3310; x_wconf 85' lang='lat' dir='ltr'>scripserit</span> <span class='ocrx_word' id='word_1_1304' title='bbox 1850 3292 1859 3307; x_wconf 93' lang='lat'>,</span> <span class='ocrx_word' id='word_1_1305' title='bbox 1882 3270 1973 3311; x_wconf 89' lang='lat' dir='ltr'>quod</span> <span class='ocrx_word' id='word_1_1306' title='bbox 2005 3272 2130 3304; x_wconf 79' lang='lat' dir='ltr'>utinam</span> 
     </span>
     <span class='ocr_line' id='line_1_156' title="bbox 1135 3307 2130 3354; baseline 0.003 -12"><span class='ocrx_word' id='word_1_1307' title='bbox 1135 3310 1168 3342; x_wconf 92' lang='lat' dir='ltr'>in</span> <span class='ocrx_word' id='word_1_1308' title='bbox 1194 3308 1376 3350; x_wconf 80' lang='lat' dir='ltr'>periculosis</span> <span class='ocrx_word' id='word_1_1309' title='bbox 1400 3307 1521 3342; x_wconf 85' lang='lat' dir='ltr'>casibus</span> <span class='ocrx_word' id='word_1_1310' title='bbox 1544 3309 1713 3344; x_wconf 84' lang='lat' dir='ltr'>lithotomi</span> <span class='ocrx_word' id='word_1_1311' title='bbox 1737 3312 1951 3346; x_wconf 77' lang='lat' dir='ltr'>meminissent</span> <span class='ocrx_word' id='word_1_1312' title='bbox 1966 3339 1975 3354; x_wconf 88' lang='lat'><strong>,</strong></span> <span class='ocrx_word' id='word_1_1313' title='bbox 1997 3317 2066 3354; x_wconf 60' lang='lat' dir='ltr'>erfo</span> <span class='ocrx_word' id='word_1_1314' title='bbox 2090 3313 2130 3345; x_wconf 80' lang='lat' dir='ltr'>li-</span> 
     </span>
     <span class='ocr_line' id='line_1_157' title="bbox 1134 3350 2132 3398; baseline 0.003 -13"><span class='ocrx_word' id='word_1_1315' title='bbox 1134 3352 1285 3385; x_wconf 79' lang='lat' dir='ltr'>thotomia</span> <span class='ocrx_word' id='word_1_1316' title='bbox 1308 3353 1339 3385; x_wconf 85' lang='lat' dir='ltr'>in</span> <span class='ocrx_word' id='word_1_1317' title='bbox 1363 3350 1480 3384; x_wconf 80' lang='lat' dir='ltr'>calculo</span> <span class='ocrx_word' id='word_1_1318' title='bbox 1501 3352 1603 3395; x_wconf 69' lang='lat' dir='ltr'>veficae</span> <span class='ocrx_word' id='word_1_1319' title='bbox 1624 3363 1681 3385; x_wconf 88' lang='lat' dir='ltr'>non</span> <span class='ocrx_word' id='word_1_1320' title='bbox 1697 3350 1817 3397; x_wconf 75' lang='lat' dir='ltr'>semper</span> <span class='ocrx_word' id='word_1_1321' title='bbox 1839 3353 1973 3398; x_wconf 78' lang='lat' dir='ltr'>absolute</span> <span class='ocrx_word' id='word_1_1322' title='bbox 1998 3358 2058 3389; x_wconf 75' lang='lat' dir='ltr'>erit</span> <span class='ocrx_word' id='word_1_1323' title='bbox 2080 3366 2132 3388; x_wconf 74' lang='lat' dir='ltr'>ne-</span> 
     </span>
     <span class='ocr_line' id='line_1_158' title="bbox 1131 3394 2133 3441; baseline 0.003 -13"><span class='ocrx_word' id='word_1_1324' title='bbox 1131 3394 1255 3439; x_wconf 73' lang='lat' dir='ltr'>ceffizria</span> <span class='ocrx_word' id='word_1_1325' title='bbox 1267 3407 1281 3437; x_wconf 68' lang='lat'>‚⁴</span> <span class='ocrx_word' id='word_1_1326' title='bbox 1303 3405 1417 3428; x_wconf 87' lang='lat' dir='ltr'>verum</span> <span class='ocrx_word' id='word_1_1327' title='bbox 1440 3394 1568 3440; x_wconf 87' lang='lat' dir='ltr'>insuper</span> <span class='ocrx_word' id='word_1_1328' title='bbox 1592 3396 1670 3437; x_wconf 84' lang='lat' dir='ltr'>quod</span> <span class='ocrx_word' id='word_1_1329' title='bbox 1685 3395 1780 3439; x_wconf 78' lang='lat' dir='ltr'>fidem</span> <span class='ocrx_word' id='word_1_1330' title='bbox 1798 3409 1874 3440; x_wconf 85' lang='lat' dir='ltr'>pene</span> <span class='ocrx_word' id='word_1_1331' title='bbox 1890 3399 2017 3441; x_wconf 77' lang='lat' dir='ltr'>superat</span> <span class='ocrx_word' id='word_1_1332' title='bbox 2039 3423 2047 3437; x_wconf 92' lang='lat'>,</span> <span class='ocrx_word' id='word_1_1333' title='bbox 2082 3400 2133 3431; x_wconf 91' lang='lat' dir='ltr'>ul-</span> 
     </span>
     <span class='ocr_line' id='line_1_159' title="bbox 1981 3452 2090 3476; baseline 0 -2"><span class='ocrx_word' id='word_1_1334' title='bbox 1981 3452 2090 3476; x_wconf 87' lang='lat' dir='ltr'>cerum</span> 
     </span>
    </p>
   </div>
   <div class='ocr_carea' id='block_1_9' title="bbox 897 3613 1463 3676">
    <p class='ocr_par' dir='ltr' id='par_1_10' title="bbox 897 3613 1463 3676">
     <span class='ocr_line' id='line_1_160' title="bbox 1008 3613 1463 3648; baseline -0.004 -8"><span class='ocrx_word' id='word_1_1335' title='bbox 1008 3617 1022 3646; x_wconf 88' lang='lat'>(</span> <span class='ocrx_word' id='word_1_1336' title='bbox 1036 3623 1051 3640; x_wconf 77' lang='lat' dir='ltr'><em>x</em></span> <span class='ocrx_word' id='word_1_1337' title='bbox 1066 3615 1084 3644; x_wconf 53' lang='lat'>3*</span> <span class='ocrx_word' id='word_1_1338' title='bbox 1097 3615 1157 3640; x_wconf 74' lang='lat' dir='ltr'>Sest.</span> <span class='ocrx_word' id='word_1_1339' title='bbox 1173 3615 1218 3641; x_wconf 75' lang='lat' dir='ltr'>hac</span> <span class='ocrx_word' id='word_1_1340' title='bbox 1233 3624 1269 3645; x_wconf 82' lang='lat'>25.</span> <span class='ocrx_word' id='word_1_1341' title='bbox 1286 3613 1343 3648; x_wconf 61' lang='lat' dir='ltr'>Obs-</span> <span class='ocrx_word' id='word_1_1342' title='bbox 1360 3616 1381 3639; x_wconf 84' lang='lat'>8.</span> <span class='ocrx_word' id='word_1_1343' title='bbox 1401 3614 1424 3644; x_wconf 85' lang='lat'>§.</span> <span class='ocrx_word' id='word_1_1344' title='bbox 1441 3622 1463 3643; x_wconf 90' lang='lat'>7.</span> 
     </span>
     <span class='ocr_line' id='line_1_161' title="bbox 897 3645 1387 3676; baseline -0.014 0"><span class='ocrx_word' id='word_1_1345' title='bbox 897 3648 912 3676; x_wconf 69' lang='grc' dir='ltr'>ί</span> <span class='ocrx_word' id='word_1_1346' title='bbox 927 3655 944 3675; x_wconf 76' lang='grc' dir='ltr'>ζ</span> <span class='ocrx_word' id='word_1_1347' title='bbox 960 3645 973 3674; x_wconf 88' lang='grc'>)</span> <span class='ocrx_word' id='word_1_1348' title='bbox 990 3646 1073 3671; x_wconf 72' lang='lat' dir='ltr'>Trast.</span> <span class='ocrx_word' id='word_1_1349' title='bbox 1093 3647 1121 3670; x_wconf 84' lang='lat' dir='ltr'>de</span> <span class='ocrx_word' id='word_1_1350' title='bbox 1138 3648 1226 3671; x_wconf 86' lang='lat' dir='ltr'>Renib.</span> <span class='ocrx_word' id='word_1_1351' title='bbox 1243 3655 1265 3670; x_wconf 90' lang='lat' dir='ltr'>c.</span> <span class='ocrx_word' id='word_1_1352' title='bbox 1282 3646 1387 3669; x_wconf 79' lang='lat' dir='ltr'>ultimo.</span> 
     </span>
    </p>
   </div>
   <div class='ocr_carea' id='block_1_10' title="bbox 1449 3642 1824 3675">
    <p class='ocr_par' dir='ltr' id='par_1_11' title="bbox 1449 3642 1824 3675">
     <span class='ocr_line' id='line_1_162' title="bbox 1449 3642 1824 3675; baseline -0.003 -4"><span class='ocrx_word' id='word_1_1353' title='bbox 1449 3642 1617 3675; x_wconf 31' lang='lat' dir='ltr'>(⁴²)n7152</span> <span class='ocrx_word' id='word_1_1354' title='bbox 1678 3644 1824 3675; x_wconf 79' lang='lat' dir='ltr'>(a)§.5.</span> 
     </span>
    </p>
   </div>
   <div class='ocr_carea' id='block_1_11' title="bbox 1128 3676 2135 3711">
    <p class='ocr_par' dir='ltr' id='par_1_12' title="bbox 1128 3676 2135 3711">
     <span class='ocr_line' id='line_1_163' title="bbox 1128 3676 2135 3711; baseline 0 -10"><span class='ocrx_word' id='word_1_1355' title='bbox 1128 3678 1143 3706; x_wconf 73' lang='grc' dir='ltr'>ζ</span> <span class='ocrx_word' id='word_1_1356' title='bbox 1158 3678 1201 3706; x_wconf 71' lang='lat' dir='ltr'>d)</span> <span class='ocrx_word' id='word_1_1357' title='bbox 1220 3677 1278 3701; x_wconf 42' lang='lat' dir='ltr'>lbidi</span> <span class='ocrx_word' id='word_1_1358' title='bbox 1297 3676 1355 3699; x_wconf 84' lang='lat' dir='ltr'>obs.</span> <span class='ocrx_word' id='word_1_1359' title='bbox 1375 3683 1412 3698; x_wconf 79' lang='lat'>22.</span> <span class='ocrx_word' id='word_1_1360' title='bbox 1475 3677 1490 3705; x_wconf 78' lang='grc' dir='ltr'>ζ</span> <span class='ocrx_word' id='word_1_1361' title='bbox 1505 3684 1516 3700; x_wconf 83' lang='lat' dir='ltr'>e</span> <span class='ocrx_word' id='word_1_1362' title='bbox 1531 3677 1545 3705; x_wconf 85' lang='lat'>)</span> <span class='ocrx_word' id='word_1_1363' title='bbox 1561 3679 1632 3702; x_wconf 82' lang='lat' dir='ltr'>cent.</span> <span class='ocrx_word' id='word_1_1364' title='bbox 1649 3683 1673 3701; x_wconf 74' lang='lat'>1.</span> <span class='ocrx_word' id='word_1_1365' title='bbox 1690 3677 1750 3700; x_wconf 87' lang='lat' dir='ltr'>Obs.</span> <span class='ocrx_word' id='word_1_1366' title='bbox 1768 3678 1802 3706; x_wconf 81' lang='lat'>58.</span> <span class='ocrx_word' id='word_1_1367' title='bbox 1863 3677 1917 3709; x_wconf 69' lang='lat' dir='ltr'>(f)</span> <span class='ocrx_word' id='word_1_1368' title='bbox 1933 3681 2003 3705; x_wconf 74' lang='lat' dir='ltr'>Ceut,</span> <span class='ocrx_word' id='word_1_1369' title='bbox 2014 3679 2135 3711; x_wconf 65' lang='lat' dir='ltr'><strong>9·O&#39;⁰s‹²⁶</strong></span> 
     </span>
    </p>
   </div>
   <div class='ocr_carea' id='block_1_12' title="bbox 691 3706 1504 3771">
    <p class='ocr_par' dir='ltr' id='par_1_13' title="bbox 691 3706 1504 3771">
     <span class='ocr_line' id='line_1_164' title="bbox 691 3706 1504 3740; baseline 0.002 -10"><span class='ocrx_word' id='word_1_1370' title='bbox 691 3707 707 3736; x_wconf 83' lang='grc'>(</span> <span class='ocrx_word' id='word_1_1371' title='bbox 721 3706 735 3729; x_wconf 83' lang='lat' dir='ltr'><em>h</em></span> <span class='ocrx_word' id='word_1_1372' title='bbox 751 3706 765 3734; x_wconf 90' lang='grc'>)</span> <span class='ocrx_word' id='word_1_1373' title='bbox 782 3707 884 3735; x_wconf 79' lang='lat' dir='ltr'>specim.</span> <span class='ocrx_word' id='word_1_1374' title='bbox 902 3707 1025 3740; x_wconf 76' lang='lat' dir='ltr'>Experim.</span> <span class='ocrx_word' id='word_1_1375' title='bbox 1041 3714 1104 3731; x_wconf 81' lang='lat' dir='ltr'>circa</span> <span class='ocrx_word' id='word_1_1376' title='bbox 1121 3708 1232 3732; x_wconf 76' lang='lat' dir='ltr'>Generat.</span> <span class='ocrx_word' id='word_1_1377' title='bbox 1250 3710 1274 3732; x_wconf 85' lang='lat' dir='ltr'>S.</span> <span class='ocrx_word' id='word_1_1378' title='bbox 1284 3713 1311 3740; x_wconf 55' lang='grc' dir='ltr'>Δ1.-</span> <span class='ocrx_word' id='word_1_1379' title='bbox 1328 3713 1348 3729; x_wconf 78' lang='grc' dir='ltr'>ο.</span> <span class='ocrx_word' id='word_1_1380' title='bbox 1365 3713 1388 3735; x_wconf 80' lang='lat'>3-</span> <span class='ocrx_word' id='word_1_1381' title='bbox 1406 3706 1466 3730; x_wconf 60' lang='lat' dir='ltr'>Hist„</span> <span class='ocrx_word' id='word_1_1382' title='bbox 1483 3714 1504 3736; x_wconf 80' lang='lat'>3-</span> 
     </span>
     <span class='ocr_line' id='line_1_165' title="bbox 870 3736 1416 3771; baseline -0.005 -9"><span class='ocrx_word' id='word_1_1383' title='bbox 870 3737 916 3771; x_wconf 72' lang='lat' dir='ltr'>(Jz</span> <span class='ocrx_word' id='word_1_1384' title='bbox 933 3738 946 3765; x_wconf 83' lang='lat'><strong>)</strong></span> <span class='ocrx_word' id='word_1_1385' title='bbox 966 3737 1058 3761; x_wconf 78' lang='lat' dir='ltr'>Dissert.</span> <span class='ocrx_word' id='word_1_1386' title='bbox 1077 3737 1105 3761; x_wconf 82' lang='lat' dir='ltr'>de</span> <span class='ocrx_word' id='word_1_1387' title='bbox 1123 3738 1172 3761; x_wconf 87' lang='lat' dir='ltr'>Vas</span> <span class='ocrx_word' id='word_1_1388' title='bbox 1194 3737 1334 3763; x_wconf 84' lang='lat' dir='ltr'>Umbilical.</span> <span class='ocrx_word' id='word_1_1389' title='bbox 1355 3736 1376 3765; x_wconf 83' lang='lat'>§.</span> <span class='ocrx_word' id='word_1_1390' title='bbox 1394 3741 1416 3760; x_wconf 80' lang='lat'>6.</span> 
     </span>
    </p>
   </div>
   <div class='ocr_carea' id='block_1_13' title="bbox 1330 3736 1971 3829">
    <p class='ocr_par' dir='ltr' id='par_1_14' title="bbox 1330 3736 1971 3829">
     <span class='ocr_line' id='line_1_166' title="bbox 1478 3736 1765 3768; baseline -0.007 -7"><span class='ocrx_word' id='word_1_1391' title='bbox 1478 3741 1491 3766; x_wconf 64' lang='grc' dir='ltr'><em>ς</em></span> <span class='ocrx_word' id='word_1_1392' title='bbox 1507 3737 1517 3761; x_wconf 86' lang='lat' dir='ltr'><em>l</em></span> <span class='ocrx_word' id='word_1_1393' title='bbox 1533 3737 1543 3768; x_wconf 89' lang='lat'>)</span> <span class='ocrx_word' id='word_1_1394' title='bbox 1560 3736 1632 3766; x_wconf 74' lang='lat' dir='ltr'>Epist.</span> <span class='ocrx_word' id='word_1_1395' title='bbox 1644 3744 1667 3765; x_wconf 77' lang='grc'>4.</span> <span class='ocrx_word' id='word_1_1396' title='bbox 1686 3744 1709 3760; x_wconf 89' lang='lat' dir='ltr'>n.</span> <span class='ocrx_word' id='word_1_1397' title='bbox 1729 3745 1765 3764; x_wconf 75' lang='grc'>19,</span> 
     </span>
     <span class='ocr_line' id='line_1_167' title="bbox 1330 3767 1971 3829; baseline 0.006 -9"><span class='ocrx_word' id='word_1_1398' title='bbox 1330 3799 1344 3826; x_wconf 83' lang='lat'><strong>(</strong></span> <span class='ocrx_word' id='word_1_1399' title='bbox 1360 3805 1372 3820; x_wconf 80' lang='lat' dir='ltr'><em>r</em></span> <span class='ocrx_word' id='word_1_1400' title='bbox 1388 3799 1398 3827; x_wconf 92' lang='lat'><em>)</em></span> <span class='ocrx_word' id='word_1_1401' title='bbox 1415 3798 1474 3823; x_wconf 69' lang='lat' dir='ltr'>sest.</span> <span class='ocrx_word' id='word_1_1402' title='bbox 1493 3772 1537 3821; x_wconf 62' lang='grc' dir='ltr'>ιι(</span> <span class='ocrx_word' id='word_1_1403' title='bbox 1549 3767 1797 3827; x_wconf 41' lang='lat' dir='ltr'>&amp;deff-§agape</span> <span class='ocrx_word' id='word_1_1404' title='bbox 1810 3772 1876 3829; x_wconf 68' lang='lat' dir='ltr'><strong>(⁶s)</strong></span> <span class='ocrx_word' id='word_1_1405' title='bbox 1892 3808 1916 3825; x_wconf 88' lang='lat' dir='ltr'>n.</span> <span class='ocrx_word' id='word_1_1406' title='bbox 1935 3802 1971 3825; x_wconf 61' lang='grc' dir='ltr'>ιζ’.</span> 
     </span>
    </p>
   </div>
  </div>
 </body>
</html>
