2498 4075
391 317 488 356 dine,
511 319 542 349 &
567 310 685 347 minori
709 308 747 343 ad
771 310 799 344 se
825 308 1058 360 extendendum
1084 310 1242 347 facilitate
1266 315 1392 358 capaci-

387 363 470 394 tatis
493 359 592 391 vesica
638 365 752 396 magna
786 366 821 388 ut
853 355 1030 396 plurimum
1063 356 1292 391 imminutione
1316 380 1325 396 ‚
1359 370 1393 391 ea

390 405 470 439 scire
485 428 493 442 ,
516 405 546 434 δι
572 399 827 432 animadvertere
849 407 913 429 non
936 406 1065 431 tantum
1091 400 1276 434 Lithotomi
1299 427 1308 440 ,
1342 401 1392 434 sed

390 451 422 481 &
446 445 568 479 Medici
592 452 655 475 non
680 453 790 483 parum
815 439 968 473 interest.
993 442 1143 487 Exempli
1166 445 1251 477 enim
1263 446 1389 486 gratia,

391 491 414 526 si
436 489 576 531 dysuriae
599 485 778 519 obnoxium
802 485 901 517 urinae
925 484 959 515 in
983 485 1082 517 vesica
1113 487 1269 528 corripiat
1314 486 1387 529 sup-

387 532 524 576 preffio;
546 540 611 563 non
634 527 729 561 facile
753 527 834 568 fibi,
859 534 893 558 ut
904 525 1086 569 Chirurgus
1112 529 1187 561 alias
1212 533 1225 568 <
1247 529 1265 570 k
1286 534 1299 569 )
1322 542 1387 563 me-

386 583 555 614 moratus,
580 574 706 613 imponi
739 571 818 604 sinet
842 582 857 603 a
883 570 1002 602 minori
1037 571 1237 614 hypogastrii
1269 573 1386 606 tenfio-

386 633 447 660 ne,
472 628 507 652 ut
530 615 661 655 credat,
685 614 820 648 necdum
844 622 969 654 tempus
993 611 1051 647 effe
1075 615 1149 648 lotii
1173 626 1227 657 per
1240 616 1386 650 cathere-

385 676 453 698 rem
476 659 650 695 educendi.
676 660 726 691 Ex
749 658 814 703 levi
837 658 921 690 enim
946 656 1017 696 ibi,
1050 657 1102 690 sed
1134 659 1350 692 molestiffima
1375 682 1385 697 ‚

385 706 528 741 tensione
550 702 723 744 conjiciet,
748 711 814 742 Jam
838 710 969 745 tanturn·
987 700 1064 733 lotii
1087 701 1121 733 in
1147 701 1246 735 vesica
1291 702 1348 736 esl'e
1374 726 1384 741 ,

381 760 540 793 quantum
564 749 621 780 vix
646 756 756 787 capere
780 744 912 786 angusta
936 743 1118 785 ejusmodi,
1140 747 1170 777 &
1194 747 1295 779 minus
1331 758 1386 780 ex-

380 793 502 827 tensilis
527 789 627 824 vesica
652 787 765 830 poffit,
790 787 963 830 praesertim
988 786 1009 818 si
1035 798 1115 828 aeger
1139 787 1241 821 senior
1265 788 1326 829 sit,
1350 799 1385 822 ut

378 839 469 872 illius
492 835 609 868 tunicis
631 832 786 865 duritiem
810 833 990 871 rigoremve
1013 830 1053 862 ab
1076 840 1169 863 aetate
1191 831 1318 874 insuper
1341 833 1386 867 es-

377 884 408 919 se
435 880 601 915 additum,
628 875 701 909 satis
725 874 791 908 veri
815 874 916 907 simile
940 872 1105 912 videatur,
1129 873 1215 917 sique
1232 885 1303 909 ante
1314 876 1386 919 sup-

377 922 566 969 pressionem
590 920 704 963 saepius
725 917 878 960 quidem,
903 916 953 950 sed
988 927 1098 959 parum
1132 920 1276 960 mingere
1307 932 1386 953 con-

378 964 513 1003 suesset.
539 965 619 998 Haec
644 962 726 995 mihi
751 962 790 993 ad
814 969 997 1003 opportune
1035 961 1274 996 accelerandam
1311 962 1385 1005 sup-

378 1009 487 1055 pressae
499 1010 600 1043 urinae
612 1006 814 1040 eduffionem
829 1003 1022 1046 perpendisse
1036 1006 1192 1047 poenituit
1204 1016 1368 1049 nunquam
1381 1032 1390 1042 .

423 1057 475 1101 36.
502 1051 568 1086 Etsi
595 1050 659 1091 jam
683 1049 812 1090 longius
835 1048 902 1081 haec
937 1046 1078 1089 Epistola
1113 1050 1264 1090 prove&a
1300 1050 1342 1083 est
1370 1062 1385 1091 ;

377 1109 485 1134 tamen
510 1097 531 1130 fi
556 1096 679 1136 reliqua
702 1095 804 1126 etiarn
829 1091 1003 1130 volumus,
1027 1100 1063 1124 ut
1087 1093 1187 1125 initio
1234 1093 1382 1135 promisi-

376 1154 472 1182 mus,
494 1151 565 1183 quae
589 1139 626 1172 ad
650 1137 816 1171 mifflonis
841 1135 924 1168 vitia
949 1135 1092 1167 attinent
1120 1160 1130 1174 ‚
1174 1135 1224 1169 his
1269 1137 1381 1171 iisdem

376 1186 513 1221 Litteris
533 1179 972 1227 *comprehendam-multa,
996 1180 1027 1211 ἃ
1051 1179 1138 1212 varia
1174 1177 1300 1220 preffius
1332 1190 1382 1213 at-

375 1234 537 1272 tIngamus
560 1225 678 1259 necesse
703 1223 766 1257 est.
794 1223 937 1270 l'rimum
959 1222 1061 1260 igitur
1084 1221 1123 1254 ad
1145 1231 1275 1256 caeteras
1299 1248 1309 1264 ,
1341 1224 1380 1258 de

374 1274 495 1315 quibus
518 1270 671 1303 haetenus
695 1265 896 1308 scripsimus,
921 1263 1122 1298 difficultatis
1148 1269 1250 1299 urinae
1274 1266 1380 1301 causas

336 1312 339 1314 ’
374 1318 440 1350 illae
464 1324 595 1359 quoque
621 1309 774 1345 addendae
798 1308 870 1341 sunt
892 1319 963 1349 quae
989 1309 1023 1340 in
1041 1308 1170 1342 urethra
1184 1320 1381 1346 occurrunt.

373 1359 484 1402 Hujus
507 1356 624 1391 canalis
647 1355 742 1388 initia
765 1350 1039 1393 comprehendens
1066 1350 1205 1386 Prostata
1229 1354 1381 1395 glandula

372 1413 411 1439 ut
435 1398 694 1438 indurescendo,
717 1394 992 1436 excrescendoque
1016 1397 1115 1428 urinae
1139 1397 1260 1430 exitum
1280 1399 1382 1440 impe.

372 1448 463 1485 diat,
488 1457 553 1479 non
580 1441 677 1476 modo
701 1438 864 1474 difficilem
887 1437 1019 1477 reddat,
1045 1438 1206 1480 superiore
1241 1441 1382 1483 Epistola

375 1496 386 1532 (
410 1490 421 1524 l
444 1494 458 1532 )
479 1487 644 1522 ostensum
667 1484 729 1518 est.
757 1482 816 1517 Sed
839 1493 914 1515 cum
939 1482 978 1514 ab
1011 1482 1115 1516 ulcere
1135 1505 1147 1522 ‚
1191 1484 1379 1528 inclusoque

372 1546 454 1580 pure
478 1532 569 1568 fimul
591 1527 796 1567 Occallescit,
819 1529 850 1559 &
885 1535 1012 1573 tumet3
1037 1525 1181 1560 accidere
1213 1529 1379 1564 interdum

369 1576 500 1623 potest,
525 1586 561 1610 ut
585 1572 683 1608 effuso
708 1583 785 1614 pure
808 1568 988 1612 superficies
1010 1570 1138 1603 interna
1160 1570 1377 1613 detumescat,

367 1625 438 1657 imo
461 1619 621 1654 ulceribus
644 1616 733 1651 erosa
756 1623 849 1648 tanto
872 1614 1086 1655 patentiorem
1109 1613 1195 1648 lotio
1222 1618 1383 1661 relinquat

370 1668 481 1701 viam,
503 1661 591 1706 quod
616 1660 735 1695 callus,
762 1669 827 1691 non
853 1655 938 1690 secus
975 1668 1009 1690 ac
1045 1658 1196 1692 Prostatae
1243 1661 1382 1695 scii-rhus

370 1724 387 1746 a
415 1705 668 1743 Praestantissimo
692 1701 828 1735 Hallero
853 1704 864 1739 (
887 1700 953 1743 m)
977 1699 1170 1740 adnotatus‚·
1205 1703 1380 1746 sphineteri

368 1752 474 1789 obstat
498 1750 606 1784 vesicae
630 1746 793 1781 orificium
817 1744 1051 1777 constrie'turo.
1077 1745 1174 1794 Tunc
1198 1747 1302 1789 igitur
1324 1747 1381 1782 fiet

370 1799 472 1833 urinae
496 1793 717 1829 stillicidium,
748 1800 783 1824 ut
807 1792 840 1821 in
865 1789 919 1821 Cl.
944 1788 1086 1821 Fantoni
1120 1790 1135 1827 <
1156 1790 1211 1832 n)
1259 1791 1380 1825 Obser-

369 1842 527 1877 vatione,
551 1848 649 1881 quam
674 1835 716 1869 sic
741 1833 896 1876 explicari
919 1830 1030 1881 posse?
1056 1842 1144 1865 reor.
1172 1833 1245 1867 Ubi
1272 1844 1379 1870 autem

367 1898 416 1921 res
439 1884 538 1917 modo
561 1883 606 1915 ita
632 1880 661 1913 se
686 1879 803 1914 habet,
829 1876 926 1910 modo
950 1885 1022 1917 puri
1055 1885 1143 1925 novo
1187 1889 1203 1911 e
1236 1877 1381 1913 Prostata

366 1927 599 1965 intercluditur
622 1926 727 1958 exitus
740 1945 748 1959 ,
770 1924 801 1954 δι
813 1918 890 1954 hinc
902 1919 985 1952 infra
998 1918 1194 1960 superiorem
1209 1923 1301 1956 illum
1314 1924 1380 1956 cal-

370 1975 441 2010 lum
452 1968 639 2005 intumescit
655 1966 762 2000 rursus
775 1966 900 1998 interna
911 1961 1070 2009 glandulae
1085 1960 1289 2005 superficie53
1311 1978 1379 1999 mo.

370 2018 416 2053 do
431 2015 636 2050 stillicidium
662 2011 735 2044 lotii
760 2007 901 2045 accidet,
927 2006 1025 2040 modo
1038 2017 1106 2048 ejus
1119 2008 1271 2043 reddendi
1295 2010 1378 2044 diffi-

369 2062 494 2099 cultas,
519 2058 652 2099 haecque
674 2053 839 2088 interdum
863 2060 954 2086 tanta
977 2060 1029 2098 ut·¹
1058 2050 1092 2101 in
1129 2051 1376 2096 suppressionem

370 2106 543 2148 degeneret
568 2098 703 2144 periculi
727 2097 876 2139 plenam,
899 2108 936 2129 eo
960 2105 1112 2137 majoris,
1137 2096 1159 2128 si
1185 2096 1252 2138 ejus
1283 2098 1375 2140 glan-

367 2150 452 2185 dulae
476 2156 530 2181 aut
553 2142 795 2181 inflammatio,
819 2149 874 2175 aut
898 2138 1053 2178 durities,
1077 2141 1108 2173 δι
1132 2149 1242 2174 tumor
1266 2139 1376 2175 cathe-

372 2195 451 2227 teris
472 2191 565 2225 usum
589 2186 802 2230 prohibeant.
828 2184 912 2227 Qae
936 2194 1010 2219 cum
1034 2184 1113 2227 saepe
1138 2185 1229 2224 aliis,
1252 2187 1376 2219 &non-

373 2246 540 2279 nunquam
565 2231 646 2266 mihi
671 2233 704 2263 in
728 2228 888 2263 medicina
911 2226 1055 2262 facienda
1065 2229 1285 2266 occurrerint,
1309 2238 1381 2263 tum

375 2280 537 2314 Valsalvae
560 2278 594 2310 in
619 2275 741 2318 Equite
765 2271 937 2308 occurrisse
960 2273 1056 2307 video
1078 2284 1137 2315 pro
1168 2284 1235 2316 quo
1266 2271 1383 2306 Consi-

375 2325 457 2358 lium
480 2321 619 2356 scribens
643 2321 687 2353 A.
716 2328 810 2362 1714.
834 2316 1022 2359 respondit,
1044 2315 1067 2349 si
1102 2315 1188 2350 forte
1223 2313 1382 2357 eiusmodi

376 2367 550 2408 contingat
573 2361 767 2406 suppremo,
790 2374 848 2395 nec
872 2361 961 2394 lotio-
980 2359 1160 2393 naturalem
1183 2360 1269 2393 viam
1301 2360 1382 2393 rese-

377 2423 447 2446 rare
470 2410 587 2447 liceat·‚
630 2407 698 2442 *uod
720 2406 776 2440 alii
801 2404 1022 2449 proponebant
1049 2428 1058 2443 ,
1090 2403 1130 2436 ab
1177 2403 1205 2435 se
1248 2414 1381 2446 quoque

375 2455 533 2499 probari,
556 2462 591 2487 ut
609 2419 704 2485 cserto
727 2461 780 2491 per
804 2449 981 2489 perinaeum
1002 2447 1078 2480 scite
1103 2445 1235 2486 adac‘to,
1261 2457 1380 2479 novam

377 2499 558 2541 aperirent.
585 2496 677 2537 Qin
701 2491 783 2527 illud
805 2492 933 2533 insuper
959 2489 1112 2527 addebat,
1138 2488 1161 2521 fi
1183 2488 1264 2531 quid
1295 2488 1380 2522 forte

375 2543 411 2577 id
436 2541 536 2576 facere
559 2539 766 2583 prohiberet,
789 2545 858 2569 tum
882 2532 1057 2567 neceffitate
1081 2542 1237 2575 urgente,
1271 2531 1380 2565 eadem

376 2598 437 2620 acu
461 2597 516 2630 per
539 2595 636 2627 quarn
661 2579 849 2624 hydropi-cis
873 2589 955 2619 aqua
991 2577 1154 2611 emittitur
1177 2599 1186 2614 ,
1220 2577 1379 2608 continuo

377 2631 470 2673 supra
495 2627 588 2671 pubis
610 2625 697 2663 offa,
722 2623 856 2665 oblique
878 2620 1025 2654 deorsum
1048 2619 1087 2653 ad
1111 2620 1247 2652 vesicam
1262 2617 1379 2652 demis-

378 2674 431 2711 sa,
454 2675 580 2707 urinam
604 2668 690 2713 posse
714 2669 864 2701 evocari:
888 2664 976 2704 quod
1012 2663 1164 2697 adnotare
1197 2663 1310 2702 volui,
1343 2670 1379 2694 ut

374 2720 471 2754 scires
494 2713 573 2760 quid
595 2713 663 2755 ipse
686 2721 816 2754 quoque
838 2709 882 2748 de⁴
900 2719 1035 2750 ucraque
1060 2705 1117 2739 hac
1141 2705 1273 2739 sentiret
1309 2706 1383 2755 opi7

375 2759 503 2796 tulandi
529 2758 671 2794 ratione,
696 2754 719 2789 fi
744 2754 835 2787 urina
861 2751 955 2785 aliter
966 2751 1232 2792 educinequeat,
1255 2758 1290 2781 ut
1303 2759 1380 2791 :egri

375 2809 500 2842 interea
524 2804 592 2837 vita
617 2800 758 2833 servetur
782 2796 860 2830 dum
884 2806 954 2832 ars,
979 2804 1033 2828 aut
1058 2803 1171 2827 natura
1207 2792 1378 2833 pristinum

379 2848 514 2884 reserent
538 2846 640 2879 urinae
664 2845 726 2875 iter
741 2867 748 2874 .
772 2840 862 2873 Nam
886 2837 974 2880 quod
998 2838 1035 2871 ad
1060 2837 1267 2879 punffionem
1301 2836 1382 2868 atti-

379 2901 436 2927 net
460 2892 493 2924 in
518 2887 746 2931 hypogastrio3
771 2883 851 2917 hanc
876 2882 1057 2923 Petropolis
1071 2882 1104 2912 in
1127 2878 1267 2922 quodam
1292 2880 1379 2912 rnili-

379 2945 414 2969 te
436 2934 635 2969 institutam,
660 2927 904 2961 Weitbrechtus
928 2928 937 2963 (
961 2936 977 2957 o
999 2929 1012 2964 )
1036 2924 1182 2957 Goetzio
1207 2921 1328 2965 scripsit
1363 2933 1380 2955 a

380 2976 539 3012 nonnullis
562 2974 742 3008 laudatam,
766 2970 803 3003 ab
827 2966 902 3003 aliis
924 2967 1238 3008 fuissevituperatam
1253 2991 1265 3013 ,ἡ
1289 2965 1383 3008 seque

380 3023 416 3056 id
441 3019 618 3059 Chirurgis
640 3012 883 3056 dijudicandum
905 3012 1105 3054 relinquere,
1127 3020 1199 3058 n—um
1223 3008 1282 3042 haec
1319 3019 1384 3042 me-

384 3065 497 3099 thodus
517 3060 714 3101 vituperium
724 3081 738 3098 ,
760 3067 799 3089 an
821 3056 941 3089 laudem
963 3056 1005 3089 Θ
1028 3055 1236 3088 imitationem
1268 3062 1383 3086 merca-

378 3117 435 3143 tur
461 3120 470 3140 :
502 3107 533 3139 δι’
558 3112 644 3137 certe
669 3103 808 3135 multum
833 3099 974 3131 levamen
999 3109 1054 3141 per
1076 3096 1186 3130 decem
1207 3095 1274 3130 dies
1298 3104 1386 3128 attu-

380 3153 485 3188 lerat,
510 3149 611 3183 donec
636 3145 790 3180 videlicet
814 3142 884 3176 aliae
907 3143 1038 3179 Partes,
1062 3145 1094 3173 δε
1139 3141 1173 3173 in
1218 3139 1268 3172 his
1311 3150 1385 3180 quae

379 3197 484 3229 utinae
507 3200 638 3235 quoque
662 3186 887 3232 suppreffionis
909 3184 1000 3219 causa
1037 3184 1162 3217 fuerant
1183 3206 1195 3223 ,
1227 3185 1381 3216 interitus

381 3239 503 3281 pariter
527 3235 682 3270 suerunt,
706 3230 895 3266 dissefflone
918 3239 953 3262 ut
978 3229 1092 3261 harum
1116 3228 1220 3263 vitia,
1252 3225 1294 3259 sic
1333 3225 1380 3257 la-

379 3283 454 3316 bem
478 3280 598 3313 nullam
621 3287 684 3320 qua
708 3278 740 3309 &
762 3285 828 3317 quo
851 3283 923 3306 acus
946 3270 1133 3308 transierat,
1164 3269 1346 3303 ostendente
1370 3292 1379 3307 ,

377 3328 410 3359 &
432 3322 520 3369 quod
543 3319 773 3362 consequitur,
797 3317 956 3358 judicium
989 3313 1201 3347 confirmante
1235 3322 1285 3346 tot
1320 3313 1379 3361 qui

378 3378 469 3402 antea
493 3362 796 3400 commendaverant
811 3384 820 3398 ‚
846 3359 896 3393 sed
921 3369 998 3392 tunc
1022 3358 1069 3390 ibi
1093 3355 1221 3390 fortasse
1244 3366 1308 3389 non
1332 3364 1378 3387 ita

377 3412 529 3446 omnibus
553 3408 623 3442 noti
648 3416 758 3445 erant,
783 3402 1010 3450 Praestantium.
1027 3401 1211 3450 Auc‘torum
1238 3425 1259 3449 .’

377 3456 482 3498 Quod
528 3464 603 3486 vero
649 3450 686 3484 ad
731 3449 904 3482 sectionem
950 3453 1068 3478 attinet
1113 3454 1146 3477 in
1193 3452 1333 3484 perinaeo
1366 3463 1375 3478 ,

376 3510 443 3532 non
485 3494 658 3535 ignorabat
683 3519 692 3534 ‚
737 3493 854 3534 opinor
877 3512 886 3527 ,
931 3487 1102 3527 Valsalva‚
1127 3488 1160 3520 in
1185 3487 1241 3520 suo
1265 3484 1376 3517 Bono-

378 3540 477 3576 nienfi
500 3535 685 3582 'Gymnasio
710 3537 875 3571 auctorem
899 3543 997 3576 quem
1020 3532 1225 3575 sequeretur,
1257 3529 1286 3562 se
1318 3527 1375 3561 ha-

976 233 1132 290 Liber
1166 235 1366 288 IIIsDe
1398 235 1604 294 Morbis
1638 236 1846 290 Ventris

1444 313 1518 347 bere
1533 339 1542 353 ,
1567 314 1743 347 Zecchium
1765 314 1862 352 dico,
1899 313 2065 350 Medicum
2088 318 2168 352 olim
2190 319 2443 358 nobilissimum}

1445 360 1500 399 qui
1521 357 1568 402 ‚de
1590 369 1624 389 ea
1648 356 1689 390 sic
1713 356 1752 390 ad
1776 359 1893 390 Rotam
1918 356 2044 400 scripsit
2070 360 2154 403 (p‘)
2173 388 2183 404 ,
2207 373 2242 397 ut
2267 372 2439 406 appareat,

1443 399 1475 432 se
1497 411 1564 442 ejus
1585 402 1789 433 inventorem
1812 399 1915 434 felicis
1939 403 2054 435 auxilii
2077 405 2259 440 credidisse.
2274 408 2316 440 Et
2329 417 2439 448 quarn-

1442 445 1489 475 vis
1515 444 1676 493 l<iolanus
1701 446 1786 485 (q),
1809 443 1866 477 ubi
1889 454 1925 477 ut
1947 445 2036 479 illam
2061 446 2256 489 superiorem
2288 450 2438 491 punffio-

1438 496 1530 523 nem,
1556 496 1602 520 ita
1624 487 1705 533 hanc
1728 497 1856 529 quoque
1879 486 2062 522 inferiorern
2086 491 2260 526 seetionem
2272 493 2440 533 dilaudat,

1439 529 1610 571 hancque,
1634 532 1657 562 si
1679 540 1760 572 opus
1784 529 1845 567 est,
1869 532 1968 564 etiarn
1992 533 2030 566 acl
2066 535 2196 575 perinaei
2241 536 2324 569 latus
2348 558 2358 574 ‚
2403 538 2439 569 in

1436 584 1504 615 quo
1528 572 1653 607 asseclas
1675 585 1758 606 nunc
1781 573 1899 611 habet,
1921 575 1979 616 qui
2002 577 2033 608 δε
2056 578 2104 610 ibi
2130 590 2188 612 acu
2221 579 2329 612 eadem
2374 590 2439 620 qua

1436 617 1469 648 in
1485 616 1718 659 hypogastrio‚
1744 625 1903 656 utuntur;
1924 621 2092 659 quamvis,
2117 624 2274 663 inquam,
2298 621 2439 655 Zecchio

1436 659 1595 702 objiciat,
1616 659 1650 694 id
1673 661 1830 693 auxilium
1855 660 1989 694 Medicis
2011 663 2230 707 ‘Pamfienfibus
2248 667 2317 708 jam
2338 676 2355 697 a
2369 675 2439 698 cen-

1438 712 1507 737 tum
1527 704 1615 736 annis
1639 702 1732 736 fuisse
1755 702 1927 741 ufitatum3
1951 703 2107 740 Zecchius
2153 717 2258 742 tamen
2302 718 2435 741 centum

1437 747 1504 780 illis
1528 748 1616 779 annis
1641 757 1734 784 ante,
1758 746 1869 788 junior
1892 747 2024 788 quidem
2047 760 2133 791 erat,
2158 751 2208 785 sed
2242 764 2275 786 ea
2309 759 2402 784 :etate
2425 773 2436 789 ,

1437 800 1479 824 ut
1502 790 1534 823 id
1556 790 1597 822 ab
1621 800 1733 823 natura
1759 789 1825 832 ipsa
1848 789 1966 823 discere
1990 795 2154 833 potuerit5
2188 796 2228 828 ab
2273 807 2307 828 ea
2351 795 2437 827 enim

1435 833 1572 867 edoffum
1598 832 1627 865 se
1648 833 1750 875 dicit,
1774 845 1847 867 curn
1870 836 1903 866 in
1926 834 2091 869 calculofis
2113 837 2251 880 disrupto
2283 838 2320 872 ad
2355 839 2438 879 peri-

1437 887 1543 924 naeutn
1565 875 1718 920 absceJJu,
1742 876 1789 909 ibi
1805 877 1913 919 sponte
1936 885 2031 918 nato,
2054 881 2203 919 vidisset,
2227 881 2345 915 dolores
2368 892 2434 914 mo-

1436 919 1591 963 lestiasque
1614 930 1716 952 omnes
1739 920 1771 953 in
1795 921 1884 953 urina
1909 921 2056 955 reddenda
2077 923 2206 968 cessare.

1481 974 1534 1007 37.
1561 963 1644 996 Illud
1670 962 1830 996 Valsalvae
1852 962 2052 1005 Responsum
2076 967 2114 1000 de
2137 980 2204 1010 quo
2228 966 2324 1001 modo
2348 966 2436 999 dice..

1440 1007 1553 1041 bamus
1568 1031 1577 1045 ‚
1603 1006 1640 1039 ad
1665 1005 1833 1039 Insubrem
1855 1004 2057 1049 Chirurgum
2081 1010 2146 1048 est,
2171 1012 2227 1053 qui
2251 1011 2329 1052 aegri
2375 1021 2436 1042 no-

1439 1052 1523 1084 mine
1547 1051 1649 1094 ipsum
1673 1048 1863 1089 consulens,
1887 1051 1971 1082 inter
1994 1062 2105 1085 caetera
2130 1054 2191 1087 hoc
2215 1064 2344 1096 quoque
2357 1051 2435 1086 scri-

1435 1093 1538 1137 pserat
1557 1118 1569 1134 ,
1591 1094 1728 1136 dignum
1750 1094 1837 1136 quod
1862 1092 1915 1126 hic
1940 1104 2005 1126 non
2029 1097 2201 1130 omittatur
2225 1119 2247 1135 ‚‚
2278 1097 2436 1129 memoria

1433 1159 1458 1178 2,
1481 1138 1662 1176 se2tenere2,
1685 1136 1922 1178 deprehendisse
1946 1136 2085 1179 lapidem
2110 1143 2143 1174 in
2167 1139 2308 1183 prostata
2342 1140 2435 1182 glan-

1432 1203 1456 1221 „
1481 1181 1577 1217 dala,
1600 1180 1677 1214 dum
1701 1180 1836 1214 cadaver
1848 1180 2002 1214 incideret
2015 1183 2435 1216 EminentiffimiCardina-

1432 1247 1456 1265 ,‚
1479 1226 1516 1258 lis
1542 1225 1679 1267 Morigii
1703 1247 1744 1263 „.
1771 1225 1899 1258 Scilicet
1923 1223 1977 1257 hic
2001 1228 2134 1260 morbus
2157 1229 2199 1260 est
2220 1225 2258 1259 de
2282 1237 2348 1268 quo
2370 1227 2438 1267 egit

1428 1270 1485 1312 J0.
1510 1266 1767 1310 Christophorus
1793 1266 1926 1300 Pohlius
1949 1279 2024 1301 cum
2047 1269 2162 1312 Lipsiae
2183 1271 2223 1303 A.
2252 1279 2345 1312 1737.
2361 1271 2435 1303 Dis-

1433 1313 1638 1346 sertationem
1664 1311 1810 1353 vulgavit
1833 1312 1867 1344 de
1879 1310 2031 1349 'Prostatis
2054 1310 2343 1356 calculostffeffis,
2366 1315 2436 1345 lau-

1432 1356 1536 1390 dabili
1561 1357 1631 1389 sane
1654 1355 1788 1389 consilio
1812 1354 1964 1387 morbum
1988 1358 2194 1395 examinans,
2218 1367 2234 1388 a
2256 1367 2322 1397 quo
2357 1368 2438 1397 prae-

1433 1409 1487 1433 ter>
1506 1398 1695 1441 dysuriam‚
1718 1403 1749 1432 &
1776 1399 1903 1432 crebros
1948 1397 1986 1431 ad
2032 1399 2212 1442 mejendum
2258 1399 2402 1432 stimulos
2423 1421 2437 1438 ‚

1433 1445 1496 1477 alia
1520 1445 1600 1489 oriri
1626 1441 1751 1485 possunt
1776 1442 2006 1481 incommoda,
2030 1446 2060 1476 δι
2084 1445 2117 1476 in
2140 1442 2190 1477 his
2212 1442 2338 1475 dolores
2372 1442 2437 1477 five

1433 1486 1472 1522 ad
1496 1487 1644 1520 aflectum
1667 1487 1800 1526 locum,
1823 1485 1886 1519 five
1911 1487 2007 1519 etiam
2031 1486 2160 1520 urethra
2184 1495 2252 1520 tota
2275 1510 2284 1525 ,
2316 1488 2437 1529 quippe

1430 1529 1578 1565 adversus
1599 1532 1698 1564 urinae
1723 1531 1952 1566 acrimoniam,
1975 1531 2021 1564 ob
2045 1531 2252 1564 imminutam
2274 1529 2439 1563 oblinien-

1431 1576 1474 1609 tis
1497 1575 1643 1608 humoris
1666 1574 1815 1608 Prostatae
1839 1575 1990 1615 copiam,
2014 1585 2069 1608 aut
2093 1576 2245 1607 vitiatam
2268 1583 2437 1615 naturam,

1436 1630 1501 1652 non
1525 1617 1597 1651 satis
1618 1620 1768 1651 munita.
1795 1617 1988 1660 Optandum
2011 1617 2143 1658 suisset,
2169 1628 2204 1652 ut
2232 1617 2322 1650 senex
2347 1618 2437 1660 baju.

1435 1664 1484 1697 lus
1508 1663 1541 1694 in
1564 1673 1630 1704 quo
1643 1660 1773 1695 Pohlius
1795 1672 1848 1694 eos
1870 1661 2008 1694 calculos
2032 1663 2181 1701 invenit,
2205 1661 2309 1694 nullos
2333 1663 2365 1694 in
2389 1673 2437 1694 re-

1433 1706 1553 1744 nibus,
1579 1707 1646 1737 imo
1669 1704 1729 1738 hos
1751 1703 1923 1737 sanissimos
1947 1703 2123 1742 habuisset,
2150 1717 2206 1738 nec
2231 1704 2321 1746 supra
2346 1705 2438 1747 glan-

1431 1750 1542 1783 dulam
1567 1748 1741 1781 Prostatam
1764 1751 1799 1781 in
1821 1746 1888 1789 ipsa
1912 1747 2025 1781 infima
2059 1750 2160 1782 vefica
2204 1747 2288 1781 haud
2332 1748 2436 1782 levem

1432 1793 1704 1827 inflammationis
1726 1800 1858 1828 notam,
1883 1790 2060 1832 praesertim
2087 1802 2162 1825 vero
2185 1802 2223 1824 ne
2246 1793 2330 1825 circa
2365 1804 2437 1826 eum

1433 1838 1540 1872 locum
1565 1845 1693 1874 tumor,
1717 1846 1755 1868 ex
1778 1836 1833 1868 illa
1856 1835 1922 1877 ipsa
1946 1834 2095 1877 glandula
2105 1843 2215 1874 ortus,
2241 1835 2327 1868 intus
2359 1837 2439 1868 erni-

1432 1890 1522 1915 neret
1545 1878 1638 1913 cerasi
1662 1878 1903 1921 magnitudine,
1926 1878 2074 1917 scirrho,
2098 1878 2156 1910 nisi
2180 1888 2256 1919 pute
2281 1878 2440 1920 scateret,

1434 1924 1564 1958 similis.
1589 1922 1760 1955 Nimirum
1784 1923 1871 1963 signa
1895 1933 1967 1964 quae
1991 1921 2121 1955 solerter
2146 1934 2162 1953 a
2187 1923 2309 1955 mortui
2356 1925 2438 1956 ami-

1433 1970 1478 2002 cis
1501 1966 1634 2008 collegit
1661 1965 1813 2002 Pohlius‚
1837 1965 1983 1998 dubitare
2007 1964 2083 1998 licet
2118 1975 2196 1997 num
2241 1966 2352 1999 omnia
2397 1968 2437 2001 iis

1429 2009 1631 2055 potiffimum
1653 2009 1785 2043 calculis
1808 2009 2018 2042 deberentur:
2045 2017 2081 2041 ut
2114 2007 2183 2050 jure
2228 2019 2262 2041 ac
2308 2012 2430 2043 merito

1429 2055 1612 2093 dubitares,
1638 2055 1664 2087 fi
1685 2053 1831 2094 quaedam
1855 2052 2095 2094 symptomata,
2118 2064 2134 2084 a
2160 2062 2210 2084 me
2234 2051 2324 2094 supra
2348 2057 2361 2093 (
2386 2064 2401 2085 ν
2422 2057 2438 2093 )

1429 2100 1465 2132 in
1488 2097 1647 2130 Cortinio
1671 2094 1853 2138 descripta,
1878 2095 1915 2129 ad
1938 2104 2109 2128 tartaream
2133 2096 2246 2135 illam,
2267 2098 2297 2127 δι
2335 2094 2436 2130 ferme

1427 2142 1495 2187 jam
1517 2139 1708 2174 calculosam
1732 2141 1899 2173 materiam
1923 2138 2088 2178 referrem,
2111 2149 2182 2181 quae
2206 2139 2240 2171 in
2264 2138 2331 2172 sinu
2354 2152 2440 2182 quo-

1431 2185 1507 2220 dam
1532 2185 1618 2217 intra
1641 2182 1774 2216 eandem
1797 2183 1983 2225 glandulam
2005 2183 2234 2216 continebatur
2249 2207 2256 2215 .
2291 2184 2330 2215 In
2361 2185 2438 2217 viro

1432 2238 1541 2262 autem
1565 2227 1668 2260 altero
1691 2225 1780 2269 cujus
1802 2227 1928 2260 mentio
1950 2226 2028 2260 alibi
2052 2238 2067 2258 a
2093 2237 2141 2259 me
2165 2224 2221 2259 fiet
2254 2226 2298 2258 ob
2342 2238 2439 2268 pecu-
2476 2225 2481 2227 “

1437 2274 1551 2306 liarem
1575 2271 1751 2314 praeputii,
1775 2272 1805 2303 δι
1827 2269 1951 2312 glandis
1974 2271 2115 2303 nativam
2149 2269 2439 2310 constitutionem,

1437 2327 1512 2350 cum
1536 2311 1637 2348 flavos
1661 2313 1817 2355 quosdam
1842 2312 2019 2356 parvosque
2041 2314 2179 2346 calculos
2202 2312 2369 2346 altiuscule
2402 2314 2439 2346 in

1436 2357 1586 2393 Prostata
1609 2356 1732 2391 defixos
1753 2358 1885 2397 inveni,
1908 2357 1987 2399 quid
2009 2355 2209 2390 incommodi
2234 2356 2410 2391 attulissent
2426 2378 2437 2393 ,

1436 2402 1514 2436 scire
1537 2412 1601 2434 non
1626 2403 1718 2443 potui
1743 2411 1909 2443 propterea
1942 2401 2019 2442 quia
2054 2401 2238 2442 peregrinus
2282 2409 2348 2441 erat
2392 2400 2437 2432 ob

1434 2447 1578 2479 thoracis
1602 2444 1830 2481 acutiffimam‚
1854 2443 2068 2485 lethalemque
2090 2443 2386 2477 inflammationem
2401 2444 2435 2476 iu

1434 2488 1498 2522 hoc
1521 2487 1763 2521 Nosocomium
1787 2497 1933 2529 receptus
1948 2510 1956 2519 .
1982 2487 2069 2521 Illud
2102 2497 2206 2520 tamen
2252 2486 2398 2519 intellexi
2420 2508 2433 2525 ,

1434 2532 1504 2565 fieri
1527 2542 1592 2564 non
1616 2529 1752 2573 potuiffe
1774 2540 1810 2563 ut
1835 2532 1937 2565 semen
1962 2531 2148 2568 emitteret,
2171 2530 2291 2572 quippe
2303 2529 2434 2563 calculis

1434 2576 1481 2608 ibi
1506 2573 1634 2616 positis,
1661 2572 1844 2615 affixisque,
1868 2583 1904 2606 ut
1928 2572 1995 2614 ejus
2017 2576 2142 2608 exitum
2166 2573 2302 2606 omnino
2335 2575 2437 2606 inter-

1434 2619 1619 2652 cluderent.
1644 2617 1734 2651 Fecit
1758 2618 1813 2650 illa
1826 2617 2045 2653 Observatio,
2068 2626 2105 2649 ut
2128 2618 2263 2650 aliarum
2287 2627 2365 2658 quas
2391 2617 2437 2649 le-

1434 2672 1563 2704 geram,
1590 2661 1714 2694 veniret
1737 2660 1770 2692 in
1795 2669 1958 2694 mentem.
1984 2660 2159 2697 Marcellus
2194 2662 2279 2693 euim
2323 2661 2438 2694 Dona-

1434 2715 1487 2738 tus
1507 2707 1520 2744 (
1540 2702 1588 2747 s)
1612 2705 1719 2738 virum
1742 2704 1776 2736 in
1799 2703 1889 2745 cujus
1926 2704 2067 2736 Prostata
2110 2703 2249 2746 lapidem
2295 2702 2434 2738 infixum

1434 2746 1666 2791 deprehendit,
1692 2750 1749 2780 non
1766 2745 1919 2791 potuisse,
1943 2746 2087 2788 scripsit,
2104 2746 2233 2789 semen,
2254 2745 2310 2788 nifi
2351 2756 2432 2787 pau-

1435 2802 1506 2825 cum
1528 2791 1710 2830 admodum,
1733 2789 1937 2832 aquosmnque
1959 2790 2048 2824 valde
2071 2790 2103 2823 in
2127 2791 2210 2823 coitu
2242 2800 2402 2825 excernere
2426 2815 2436 2826 .

1432 2834 1613 2869 Fridericus
1637 2843 1744 2867 autem
1769 2832 1890 2866 Loffius
1914 2839 1923 2872 (
1947 2841 1961 2866 t
1982 2837 1996 2873 )
2018 2832 2193 2867 sterilitatis
2224 2834 2351 2866 causam
2383 2846 2432 2868 re-

1432 2877 1494 2911 fert
1518 2877 1673 2911 calculum
1696 2875 1877 2918 exafflffime
1899 2884 2034 2909 meatum
2076 2876 2166 2910 illum
2210 2876 2401 2911 claudentem
2423 2902 2435 2919 ‚

1433 2922 1488 2964 qui
1510 2933 1527 2954 a
1548 2921 1692 2962 pressaris
1714 2922 1746 2953 in
1769 2918 1927 2953 merbrum
1951 2919 2095 2962 dehiscit.
2110 2920 2241 2963 Quibus
2266 2921 2435 2954 accensen-

1435 2965 1494 2999 dus
1519 2965 1649 2998 videtur
1672 2963 1832 2996 Nicolaus
1854 2962 1891 2995 de
1916 2963 2040 3005 Blegny
2063 2963 2117 3005 (u
2140 2968 2174 3002 )‚
2206 2965 2263 3005 qui
2295 2965 2435 3006 impedi-

1436 3018 1505 3042 tam
1529 3007 1655 3041 seminis
1678 3006 1924 3049 ejaculationem
1948 3008 1981 3038 in
2007 3007 2070 3039 alio
2093 3008 2211 3049 pariter
2222 3005 2312 3040 fuisse
2327 3030 2336 3046 ,
2360 3018 2433 3041 nar-

1436 3061 1508 3089 rat,
1533 3052 1577 3085 ob
1599 3054 1757 3085 tumidam
1778 3049 1955 3091 duramque
1980 3050 2096 3083 fatftam
2118 3051 2321 3084 carunculam
2332 3051 2433 3085 Semi-

1438 3095 1568 3135 nalem,
1590 3096 1666 3138 quia
1690 3095 1790 3128 semen
1814 3092 1859 3126 ibi
1880 3094 1912 3126 in
1934 3092 2067 3134 lapidem
2099 3094 2280 3127 obduruerat
2301 3116 2311 3133 ,
2357 3107 2432 3129 cum

1437 3138 1511 3180 vasa
1535 3136 1840 3179 etiamvejaculantia
1862 3135 2018 3178 lapidibus
2049 3137 2214 3179 duriffimis
2241 3136 2397 3179 scaterent
2421 3163 2431 3179 ‚

1437 3181 1597 3223 plerisque
1621 3182 1679 3224 pisi
1703 3181 1830 3215 forma,
1853 3182 1884 3212 &
1908 3180 2151 3221 magnitudine.
2177 3180 2218 3212 Et
2249 3182 2307 3222 qui
2340 3190 2431 3215 antea

1433 3226 1538 3259 fuerat
1561 3223 1794 3260 nominandus,
1818 3223 1979 3256 Fabricius
2003 3223 2208 3256 Bartholetus
2230 3225 2265 3256 in
2289 3224 2428 3258 Prostra.

1431 3279 1485 3307 ta,
1509 3276 1544 3302 ut
1569 3268 1718 3301 Rhodius
1742 3267 1796 3307 (x
1819 3270 1828 3305 )
1853 3268 1984 3303 retulit,
2010 3266 2213 3303 observavit,
2258 3279 2276 3300 a
2312 3266 2430 3308 semine

1431 3320 1549 3345 retento
1568 3312 1709 3353 genitum
1723 3308 1819 3354 fuiffe
1841 3309 1994 3343 calculum
2007 3331 2016 3347 ,
2041 3321 2099 3351 quo
2131 3307 2232 3350 reficae
2275 3310 2427 3352 orificium

1429 3355 1666 3396 comprimente,
1690 3356 1779 3388 urina
1798 3351 1894 3396 fluere
1915 3352 2020 3394 dcfiit.
2046 3353 2100 3385 Ab
2124 3352 2262 3386 Rhodio
2284 3363 2389 3387 autem
2414 3377 2426 3393 ‚

1428 3400 1459 3430 δε
1484 3396 1677 3430 Bartholino
1702 3402 1753 3439 (y
1777 3401 1786 3436 )
1811 3396 1891 3430 hanc
1913 3396 2182 3432 observationem
2218 3398 2424 3429 memoranti-

1426 3441 1505 3477 bus,
1529 3451 1641 3474 contra
1667 3440 1832 3484 utriusque
1878 3438 2142 3473 consuetudinem
2168 3463 2177 3478 ,
2222 3440 2420 3473 mentionem

1425 3484 1574 3518 omissam
1597 3485 1697 3517 miror
1720 3484 1807 3517 illius
1829 3494 1924 3526 quam
1949 3485 2056 3525 primo
2089 3482 2163 3516 loco
2206 3494 2246 3516 ex
2287 3481 2422 3515 Donato

1422 3527 1665 3565 indicavimus,
1689 3527 1805 3561 nedum
1830 3527 1960 3560 alterius
1983 3537 2054 3569 quae
2079 3526 2162 3569 apud
2187 3525 2318 3559 eundem
2351 3526 2422 3558 Do..

2269 3576 2382 3601 natum

368 3666 2410 3691 w

492 3752 506 3780 )
522 3751 595 3780 Epist.
611 3757 647 3779 4¹.
667 3758 691 3774 n.
710 3759 747 3780 14.
810 3750 849 3780 (1
865 3751 878 3778 )
895 3757 919 3773 n.
938 3756 974 3778 13.
991 3756 1030 3777 14.
1048 3755 1082 3775 ¹7·
1100 3746 1121 3769 81
1138 3745 1199 3774 seqq.

487 3782 501 3810 )
517 3784 653 3806 Commerc.
671 3781 756 3805 Litter.
774 3782 802 3804 Α.
821 3788 888 3810 ¹733·
908 3779 985 3803 Hebd.
1003 3787 1024 3802 2.
1040 3785 1065 3801 n.
1084 3785 1103 3800 1.

485 3815 492 3841 J
512 3814 545 3835 De
561 3812 656 3836 Medica
672 3812 730 3836 Hist.
748 3811 838 3834 Mirab.
858 3813 876 3835 l.
895 3819 915 3839 4.
934 3818 955 3834 c.
974 3817 1009 3838 30.
1165 3836 1169 3840 .

489 3843 500 3874 )
516 3845 588 3869 Cent.
607 3851 627 3873 3.
645 3840 702 3867 Obs.
721 3842 788 3867 Med.
805 3849 842 3871 27.
906 3839 944 3871 (y
959 3840 973 3868 )
991 3841 1063 3865 Cent.
1083 3845 1108 3867 4.
1126 3837 1201 3866 Epist.
1218 3836 1288 3861 Med.
1303 3840 1328 3861 6.

1262 3745 1275 3773 ζ
1291 3753 1314 3768 m
1331 3745 1344 3772 )
1364 3743 1450 3772 opusc.
1469 3741 1565 3766 Pathol.
1583 3741 1642 3765 Obs.
1661 3748 1697 3770 35.

1165 3777 1173 3806 (
1190 3783 1206 3806 p
1221 3775 1234 3803 )
1250 3774 1359 3799 Consult.
1380 3775 1448 3798 Med.
1466 3776 1501 3804 58.

1075 3810 1109 3836 (t
1126 3808 1136 3837 )
1153 3806 1168 3829 l.
1188 3815 1208 3831 1.
1225 3805 1285 3829 obs.
1301 3805 1392 3830 Medic.
1411 3812 1448 3834 33.

1761 3742 1801 3765 (n
1819 3743 1829 3772 )
1847 3741 1920 3771 Epist.
1938 3739 2003 3768 supra
2019 3739 2048 3764 ad
2064 3747 2089 3763 n.
2109 3747 2146 3768 33·
2164 3738 2205 3761 cit.
2222 3737 2243 3760 8.
2262 3745 2286 3762 n.
2302 3740 2343 3764 18..

1562 3772 1575 3800 (
1591 3781 1605 3800 q
1621 3776 1631 3798 )
1650 3770 1788 3795 Encheirid.
1807 3775 1876 3797 Anat.
1895 3773 1911 3795 1.
1928 3779 1949 3794 2.
1965 3778 1985 3794 c.
2003 3778 2041 3799 30.
2104 3772 2114 3793 (
2132 3777 2143 3792 r
2158 3769 2171 3796 )
2186 3776 2209 3793 n.
2227 3775 2265 3797 13-

1510 3804 1525 3833 (
1539 3811 1555 3828 u
1570 3803 1583 3832 2
1599 3801 1694 3854 Z⁰dl³ffss
1710 3802 1779 3826 Med.
1798 3803 1863 3828 Gall.
1881 3804 1910 3826 A.
1928 3809 1950 3826 ².
1968 3802 2044 3826 Mart.
2062 3798 2119 3824 Obs-
2136 3807 2160 3828 4.
