2498 4075
320 289 517 334 pirationem
538 297 600 321 non
624 284 722 319 modo
745 286 921 319 ordinatam
944 284 1177 326 &aequabilem
1189 310 1200 327 ,
1227 296 1261 320 ut
1284 288 1318 319 in

319 333 435 371 altera,
459 345 477 366 a
498 332 551 365 Cl.
577 332 717 364 Veratto
740 329 805 369 (lt)
827 326 955 361 dissefflt
975 338 989 367 ,¹
1009 329 1041 360 &
1061 339 1136 362 cum
1160 329 1217 362 hac
1241 341 1319 363 con-

319 376 466 414 ferenda,
492 373 541 408 sed
564 374 698 407 omnino
721 373 898 407 naturalem
921 368 1034 407 fuisse.-
1057 372 1090 404 in
1115 373 1191 405 Sene
1214 383 1319 407 autem

317 420 356 458 de
376 431 441 463 quo
464 418 621 451 continuo
643 415 821 455 scribetur,
844 425 939 461 quam
961 413 1051 447 tarda
1078 416 1146 456 post
1160 416 1320 458 sanguinis

316 466 403 497 intra
425 461 544 500 cerebri
568 460 760 497 ventriculos
783 458 997 502 profusionem
1020 457 1120 494 secuta
1144 471 1227 493 mors
1250 459 1288 493 fit
1311 482 1322 499 ‚

321 506 414 540 facile
437 506 563 548 poteris
585 503 762 538 existimare
776 525 783 531 .

363 561 412 585 15-
437 549 589 584 SENEX
621 546 753 588 quidam
775 544 879 580 multo
914 553 983 577 ante
1017 545 1146 579 obitum
1179 554 1322 588 tempore

316 592 484 630 ,affeetione
509 591 704 633 apopleffica
724 598 888 628 correptus
898 586 1027 628 fuerat,
1051 588 1089 621 ab
1111 600 1227 631 eaque,
1251 598 1321 622 tota

317 637 466 679 corporis
491 646 559 676 pars
582 634 709 666 dextera
735 631 909 673 paralytica
944 631 1150 666 remanserat.
1240 633 1318 665 CA.

318 679 526 717 DAVERlS
551 677 676 710 exsecto
700 676 810 707 cranio
830 697 843 715 ,
876 675 1001 707 corrosa
1024 676 1151 707 inventa
1183 674 1226 708 est
1248 686 1318 717 pars

316 723 451 756 inferior
472 720 641 755 ventriculi
666 716 778 753 sinistri
794 740 808 757 2
831 729 905 750 cum
928 717 984 749 suo
1008 719 1103 760 plexu
1125 716 1291 751 Choroide
1306 742 1318 758 ,

314 769 398 801 circa
422 776 514 807 quern
537 761 700 806 polyposae
723 771 811 793 erant
834 761 995 801 sanguinis
1018 762 1257 800 concretione85
1280 771 1317 795 ut

316 809 488 852 apoplexia
511 808 567 839 illa
600 806 761 850 originem
784 802 925 838 habuisse
947 802 1107 837 videretur
1137 805 1176 837 ab
1200 805 1317 838 utrius-

313 864 374 896 que
397 850 600 887 corrofione‚
624 850 656 881 δε
679 859 694 880 a
719 849 867 890 sanguine
892 855 1057 889 propterea
1089 849 1123 883 in
1145 849 1316 884 ventriculi

310 907 426 933 cavum
448 892 565 932 effuso.
881 931 883 933 Ι

362 942 407 971 16.
433 939 465 971 Si
490 935 636 970 Valsalva
660 935 693 967 in
709 934 767 967 hac
791 933 924 968 historia
939 933 1101 967 mirabilia
1123 934 1254 969 scribere
1265 936 1318 967 vi-

312 984 431 1019 detum
455 980 563 1013 multo
586 977 779 1012 videbuntur
804 977 1003 1012 mirabiliora
1027 989 1096 1020 quae
1119 989 1158 1011 ex
1180 979 1318 1020 gravissi-

315 1039 370 1061 mo
404 1025 506 1057 altero
531 1024 694 1064 Scriptore
718 1020 873 1063 Wepfero
905 1021 939 1053 in
964 1020 1206 1062 Sepulchretum
1239 1026 1248 1062 (
1271 1022 1283 1056 l
1305 1027 1320 1066 )

313 1072 385 1104 sunt
410 1069 506 1101 relata
529 1079 536 1100 :
571 1066 604 1098 in
628 1065 746 1098 Nobili
770 1065 909 1107 quodam
933 1064 1058 1097 Polono
1092 1067 1174 1099 citra
1197 1065 1319 1111 apople-

313 1115 400 1149 xiam
414 1138 422 1151 ‚
443 1119 501 1144 aut
523 1109 620 1143 aliam
640 1119 823 1152 graviorum
848 1108 1096 1150 symptomatum
1118 1109 1284 1144 colluviem
1307 1133 1319 1149 ‚

313 1168 377 1190 non
401 1155 503 1188 solum
527 1155 611 1186 intra
632 1154 798 1190 cranium,
824 1151 1069 1194 meningesque,
1096 1151 1145 1184 sed
1169 1154 1265 1186 etiam
1287 1153 1320 1187 in

313 1200 436 1242 ipsam,
462 1208 497 1233 ut
522 1199 567 1229 ait
589 1220 601 1236 ‚
639 1195 756 1230 cerebri
771 1194 975 1237 substantiam
1000 1220 1008 1234 ,
1042 1195 1167 1229 innoxie
1189 1193 1319 1239 effusum

308 1242 402 1288 fuiffe
420 1242 603 1284 sanguinem
617 1263 624 1271 .
648 1239 713 1278 221st
733 1239 868 1277 merim,
891 1239 997 1284 inquit
1015 1239 1117 1281 isqui
1129 1237 1292 1283 exscripsit
1306 1261 1319 1281 ,

314 1289 396 1320 inter
418 1283 568 1326 rarissima
591 1305 604 1322 ,
633 1283 713 1316 talia
736 1292 809 1317 cum
842 1283 998 1323 Wepsero
1028 1283 1098 1323 ipso
1131 1280 1294 1325 referimus
1313 1306 1322 1316 .

313 1331 496 1363 Brunnerus
520 1329 598 1365 (m)
622 1336 753 1365 tamen,
777 1326 841 1357 acri
868 1326 930 1358 Vir
951 1323 1076 1367 judicio
1093 1347 1104 1365 ‚
1129 1326 1161 1359 in
1185 1337 1218 1358 ea
1241 1336 1323 1369 quo-

311 1385 372 1416 que
396 1371 529 1404 muliere
553 1368 642 1413 cujus
656 1369 857 1411 apoplexiam
878 1370 967 1403 annis
979 1367 1214 1411 propemodum
1224 1369 1319 1413 quin..

312 1429 371 1459 que
395 1425 465 1450 ante
488 1412 626 1455 ejusdem
649 1421 788 1445 mortem
810 1421 972 1445 curaverat
995 1436 1006 1451 ,
1039 1423 1078 1445 ex
1100 1413 1140 1445 iis
1163 1425 1233 1456 quae
1257 1413 1318 1447 sive

313 1463 347 1492 in
370 1460 497 1492 vivente
519 1455 803 1495 animadverterat,
827 1455 887 1490 sive
911 1457 943 1487 in
969 1465 1105 1489 mortuae
1115 1458 1242 1493 cerebro
1266 1455 1319 1490 de·-

310 1501 501 1546 prehendit,
525 1500 708 1542 argumenta
721 1509 785 1534 non
796 1499 957 1535 dubitavit
968 1500 1137 1541 colligere,
1163 1499 1318 1544 quamob-

312 1558 379 1580 rem
410 1547 443 1578 in
477 1545 597 1590 cerebri
630 1542 768 1586 ejusdem
802 1542 1002 1577 substantiam
1046 1541 1161 1578 effusus
1193 1544 1318 1586 sanguis

312 1590 378 1633 J'am
401 1599 469 1625 tum
496 1588 586 1621 suisle
599 1588 778 1620 videretur.
804 1586 1090 1629 Qemadmodum
1104 1598 1207 1621 autem
1231 1588 1264 1621 in
1277 1587 1321 1618 al·-

310 1645 382 1668 tero
404 1631 632 1673 hemisphaerio
656 1639 721 1664 tres
735 1629 799 1673 ipse
821 1630 1080 1672 cavernulasjam
1101 1630 1176 1664 olim
1192 1629 1321 1673 flebitis,

312 1689 391 1711 nime
424 1677 506 1719 quasi
532 1673 663 1716 callosas
699 1686 735 1707 ac
765 1674 911 1708 cicatrice
943 1671 1090 1710 ohduiias
1122 1674 1322 1711 circumcirca

312 1732 421 1761 corpur
429 1720 579 1761 sirint-um
595 1715 806 1760 deprehendit
820 1742 829 1755 ‚
852 1715 937 1758 quod
951 1726 1113 1760 propterea
1131 1715 1323 1761 flaccidum,

313 1764 436 1806 oissnri
452 1759 590 1807 subflavi
612 1761 721 1794 coloris
745 1783 757 1800 ,
781 1761 823 1793 effi*
845 1760 1031 1795 emarcidum
1054 1761 1201 1802 apparuit
1224 1783 1233 1798 ‚
1268 1770 1322 1793 ceu

315 1805 459 1848 atrophia
483 1804 669 1849 laboraffet3
694 1803 733 1836 sic
759 1814 884 1837 mecum
909 1803 1137 1839 animadvertas
1170 1802 1254 1837 haud
1276 1805 1322 1837 ita

316 1849 473 1884 absimilia
496 1845 664 1884 occurrisse
688 1848 781 1880 Viris
804 1846 991 1880 Clariffimis
1014 1871 1025 1886 ,
1048 1847 1251 1890 nostrumque
1274 1847 1323 1879 A..

320 1895 415 1928 micis
437 1892 587 1927 Antonio
613 1892 795 1934 Leprotto‚
819 1893 851 1923 δέ
870 1891 956 1934 Jano
981 1891 1119 1924 Planco,
1146 1892 1226 1924 Haec
1238 1891 1323 1924 enim

312 1950 383 1978 quae
409 1938 507 1970 latine
530 1934 629 1968 reddo
645 1960 652 1973 ,
674 1936 829 1971 Arimino
842 1936 880 1968 ad
903 1945 952 1966 rne
965 1934 1097 1968 Plancus
1120 1932 1242 1975 scripsit
1255 1934 1323 1966 Ka-

312 1981 382 2015 lend
400 1993 412 2014 s
434 1979 558 2022 Aprilis
580 1980 620 2010 A.
650 1989 740 2020 1721-
757 2002 783 2017 „
810 1979 921 2017 Paucis
946 1977 983 2009 ab
1007 1978 1080 2011 hinc
1097 1976 1207 2010 diebus
1232 1976 1323 2010 cada-

309 2050 336 2068 „
359 2037 411 2058 ver
436 2024 608 2059 incidimus
631 2024 694 2055 viri
719 2023 807 2055 illius
829 2024 882 2064 qui
903 2023 1006 2066 Junio
1029 2020 1185 2064 superiore
1208 2029 1241 2052 te
1266 2022 1322 2052 Pa-

308 2094 334 2110 „
358 2069 437 2101 tavii
462 2065 626 2099 consuluit
650 2064 689 2101 de
712 2065 930 2107 hemiplexia,
954 2076 1023 2107 quae
1047 2076 1062 2096 a
1087 2063 1167 2098 forti
1194 2064 1323 2106 apople—

308 2137 334 2156 ‚,
358 2113 446 2148 etit-o
469 2109 591 2147 insultu
611 2132 623 2149 ,
657 2110 692 2141 in
714 2108 834 2142 sinistra
858 2117 947 2150 parte
970 2108 1082 2143 relieta
1105 2118 1170 2140 erat
1197 2131 1205 2140 .
1243 2106 1323 2139 Non

310 2181 335 2198 „
358 2155 435 2189 hinc
460 2162 606 2190 mortuus
630 2152 671 2185 est
694 2160 823 2192 tamen,
847 2151 897 2184 sed
922 2163 937 2184 a
961 2151 1071 2186 cordis
1094 2177 1103 2190 ‚
1127 2154 1159 2184 &
1185 2161 1324 2192 praecor-—

311 2224 340 2242 ‚,
363 2199 494 2232 diorum
517 2195 711 2231 dilatatione
733 2219 745 2236 ,
768 2206 864 2239 quam
888 2204 924 2231 tu
948 2195 1095 2237 praeclare
1127 2207 1166 2227 ex
1189 2194 1229 2226 iis
1252 2205 1323 2235 quae

313 2269 340 2289 „
364 2242 593 2286 proposueras,
619 2238 766 2275 remediis
790 2261 804 2280 ,
839 2238 901 2281 jam
925 2248 996 2273 tum
1017 2237 1135 2272 videris
1158 2236 1323 2279 dignovis-

314 2312 338 2328 „
363 2287 391 2320 se
407 2311 414 2317 .
439 2287 606 2319 Caeterum
617 2281 879 2323 hemisphaerium
892 2282 1011 2314 cerebri
1025 2281 1220 2327 dexterumz
1242 2289 1323 2312 tern-

312 2326 343 2372 ',·,
368 2340 427 2372 pus
452 2326 577 2366 versus,
600 2326 684 2368 quasi
699 2323 831 2360 abscessu
843 2326 950 2366 aliquo
962 2322 1229 2358 videbatui-fuisse
1251 2335 1323 2369 ero-

316 2398 343 2416 ‚,
367 2376 457 2410 iutn3
481 2372 529 2407 ibi
554 2370 641 2402 enim
664 2367 834 2401 substantia
859 2367 963 2400 deerat
988 2367 1026 2400 ad
1060 2377 1199 2409 quatuor
1223 2368 1323 2401 trans-

316 2442 343 2460 ‚,
364 2416 467 2448 versos
488 2414 615 2456 digitos
640 2413 673 2444 in
699 2411 905 2445 latitudinem
923 2432 935 2449 ,
957 2409 998 2442 ad
1023 2409 1265 2452 sesquidigitum
1289 2411 1323 2441 in

315 2485 339 2504 ,‚
364 2457 641 2502 profunditatem.
669 2457 839 2487 Proximus
863 2463 968 2486 autem
990 2455 1076 2487 nervi
1089 2453 1206 2495 Optici
1230 2451 1326 2485 Tha-

315 2530 342 2546 ,,
368 2504 469 2536 lamus
491 2500 614 2533 duabus
638 2499 741 2531 tertiis
763 2497 904 2540 partibus
928 2498 1036 2539 minor
1058 2506 1145 2535 erat,
1169 2507 1264 2538 quam
1286 2494 1325 2528 si-

318 2573 340 2587 ‚,
367 2545 484 2584 nister,
509 2543 666 2577 subflavus
692 2550 863 2583 praeterea,
888 2552 943 2573 nec
968 2539 1052 2573 secus
1076 2539 1104 2572 se
1123 2539 1267 2586 liabens,
1291 2550 1325 2571 ac

319 2616 345 2632 ‚‚
368 2590 390 2623 si
413 2590 595 2622 cicatricem
620 2584 755 2618 duxisset
781 2608 788 2617 .
813 2607 838 2624 ,‚
873 2585 945 2618 Nec
970 2584 1051 2616 milii
1074 2583 1131 2625 ipsi
1157 2592 1326 2624 antequam

316 2631 372 2670 lias
395 2655 402 2670 ‚
427 2645 442 2665 a
466 2641 496 2664 te
519 2627 656 2666 remissas
676 2651 688 2668 ,
723 2627 881 2673 Epistolas
905 2627 1072 2669 relegerem
1096 2652 1105 2666 ‚
1138 2628 1265 2668 propria
1289 2625 1327 2658 de

318 2679 380 2713 hoc
404 2686 513 2715 genere
538 2671 735 2706 Observatio
757 2669 885 2711 defuit,
909 2682 981 2704 cum
1008 2671 1079 2704 aliis
1102 2669 1263 2702 nonnullis
1287 2668 1328 2704 ad

320 2734 351 2756 te
376 2716 531 2754 mittenda
559 2719 625 2757 (n)
649 2740 655 2747 .
698 2716 790 2751 Quin
813 2715 913 2747 etiam
936 2715 969 2746 in
990 2715 1044 2761 Jo.
1071 2713 1244 2746 Wilhelmi
1267 2713 1328 2746 Al-

317 2764 441 2799 brecliti
467 2765 528 2801 (o)
552 2760 806 2793 observationem
821 2758 944 2795 incidi,
973 2767 1034 2799 qua
1048 2755 1104 2789 sub
1117 2757 1248 2796 cranio,
1272 2767 1327 2788 an-

320 2821 351 2842 te
377 2818 473 2841 annos
496 2806 633 2845 triginta
657 2801 797 2844 depresso
819 2824 831 2841 2
866 2800 917 2836 sed
942 2811 1103 2842 nunquam
1127 2799 1293 2842 perforato
1319 2822 1329 2837 ‚

321 2851 378 2885 sub
400 2847 564 2889 illaesisque
596 2845 800 2887 meningibus
824 2844 949 2880 foveam
984 2845 1018 2876 in
1040 2843 1168 2877 cerebro
1204 2843 1328 2876 invenit

320 2908 390 2934 quaa
412 2894 554 2931 digitum
587 2888 679 2921 facile
701 2898 825 2929 caperet
848 2911 860 2928 ,
891 2887 1027 2922 notabili
1052 2886 1231 2920 substantiae
1263 2897 1329 2918 me-

321 2932 461 2973 dullaris*
477 2933 666 2973 consumpta
690 2932 840 2974 portione
864 2943 872 2964 .-
897 2931 985 2974 quod
1006 2942 1080 2964 cum
1102 2928 1164 2963 fine
1176 2929 1330 2965 dilacera-

322 2986 411 3016 tione
434 2978 579 3013 vasorum
602 2974 853 3017 sanguiferorum
878 2974 943 3009 fieri
968 2985 1030 3007 non
1055 2975 1194 3016 potuerit
1221 2998 1229 3012 ‚
1263 2984 1326 3005 non

323 3027 449 3059 dubitat
471 3045 479 3060 ‚
505 3020 688 3062 sanguinem
711 3016 843 3051 effusum
866 3042 879 3058 ,
902 3018 1138 3059 purulentamve
1163 3017 1328 3049 materiam

325 3070 387 3103 sola
413 3079 472 3110 ope
497 3073 615 3100 naturae
640 3063 674 3096 in
696 3072 787 3095 venas
812 3059 901 3097 ‚fuisse
926 3064 1117 3102 fesor-ptam.
1142 3060 1202 3094 Sed
1226 3070 1292 3092 rara
1315 3083 1328 3100 ,

323 3104 452 3155 inquis,
477 3107 544 3141 haec
568 3107 657 3143 sunt,
683 3108 715 3140 &
740 3115 756 3139 a
779 3105 942 3138 communi
968 3103 1030 3138 fere
1065 3105 1215 3141 sententia
1250 3104 1328 3135 alie-

324 3167 384 3189 na:
409 3163 525 3196 quotus
548 3152 635 3183 enirn
657 3148 789 3192 quisque
813 3147 854 3181 est
878 3147 1104 3193 Medicorum,
1125 3148 1181 3189 qui
1205 3145 1303 3180 effuso
1317 3169 1326 3183 ,

324 3197 534 3238 conclusoque
557 3196 642 3229 intra
667 3192 767 3234 ipsam
789 3191 907 3224 cerebri
931 3191 1132 3226 substantiam
1155 3189 1303 3232 sanguine
1319 3215 1328 3229 ,

325 3253 389 3277 non
413 3239 601 3285 pronunciet
623 3259 632 3275 ‚
664 3234 722 3272 esse
745 3235 947 3270 moriendum
970 3233 982 3266 ?
1013 3235 1096 3270 Rara
1119 3245 1196 3279 vero
1215 3256 1228 3273 ,
1259 3235 1328 3266 imo

329 3294 455 3327 perrara
478 3281 562 3319 sint3
587 3290 768 3323 quanquam
791 3290 854 3312 non
879 3280 923 3311 ita
948 3277 1072 3312 fortasse
1085 3289 1151 3311 rara
1174 3278 1269 3317 sunt,
1292 3285 1328 3309 ut

329 3339 416 3363 antea
441 3324 594 3368 putabas;
615 3322 688 3356 ideo
710 3334 727 3355 a
748 3323 840 3356 nobis
863 3323 950 3356 decet
975 3321 1243 3360 commemorari,
1265 3331 1329 3354 non

329 3381 364 3407 ut
387 3382 456 3413 quae
480 3366 708 3411 pler-umquem
732 3365 894 3401 Medicina
906 3367 1124 3409 contingunt,
1148 3364 1240 3397 nobis
1252 3375 1331 3406 prte-

328 3417 418 3455 cipue
441 3410 608 3456 spectanda
631 3407 687 3443 esse
708 3432 717 3447 ,
743 3409 971 3445 obliviscamur
994 3421 1003 3447 3
1035 3409 1085 3443 sed
1107 3419 1144 3441 ne
1178 3419 1246 3449 quae
1271 3402 1331 3440 ali-

330 3456 455 3493 quando
477 3464 584 3490 tamen
610 3451 693 3487 faeta
716 3452 809 3493 sunt,
832 3451 917 3495 posse
940 3451 1028 3491 fieri,
1050 3462 1197 3495 negemus
1218 3475 1224 3481 .
1261 3451 1329 3483 Eo-

329 3500 402 3537 dem
426 3500 524 3531 ferme
545 3496 682 3533 consilio
706 3497 872 3529 nonnullas
893 3497 970 3529 alibi
993 3499 1043 3537 (p
1063 3500 1076 3536 )
1114 3493 1329 3538 apopleffico-

331 3554 403 3579 rum
427 3541 577 3576 steliones
600 3539 811 3573 indicavimus
829 3562 841 3579 ,
874 3541 941 3572 imo
963 3538 1039 3573 duas
1067 3538 1132 3573 fuse
1162 3535 1329 3579 proposui-

332 3597 423 3624 mus,
447 3583 577 3618 alteram
599 3582 757 3622 nostram,
785 3583 915 3618 alteram
937 3581 1093 3617 Valsalvae
1114 3582 1234 3628 ipsiuS,
1258 3590 1327 3623 quae

976 208 1134 261 Liber
1168 215 1203 260 1.
1241 208 1326 263 De
1361 207 1565 262 Morbis
1595 207 1806 277 ¹Capitis

1367 296 1432 319 non
1454 285 1538 319 secus
1561 296 1596 318 ac
1619 282 1680 318 alia
1703 284 1871 328 lethargici
1893 282 1984 326 pueri
2008 287 2022 323 ,‘
2051 291 2149 327 quarn
2171 293 2210 317 ex
2243 283 2373 319 Foresto

1368 330 1402 362 in
1427 328 1711 371 Sepulchreto(q)
1729 327 1824 362 habes
1835 352 1847 369 ‚
1867 324 2032 362 ostendant
2044 348 2058 368 ,
2080 328 2307 370 nonnunquam
2318 340 2375 362 oc-

1370 384 1493 407 currere
1516 374 1550 405 in
1572 372 1701 405 cerebro
1724 372 1842 412 vitium
1863 372 1901 405 ab
1923 369 2034 405 eodem
2056 369 2153 403 latere
2173 395 2183 409 ‚
2214 382 2230 403 a
2251 381 2317 414 quo
2339 373 2375 404 in

1371 427 1508 458 corpore
1530 415 1573 449 est
1595 415 1775 455 resolutio,
1798 414 1921 450 tametsi
1945 425 2011 448 rem
2032 421 2145 446 contra
2159 412 2186 446 se
2209 412 2375 448 habereut

1375 460 1573 501 plui·imuni;
1596 470 1634 491 ne
1655 458 1760 492 dicam
1788 457 2019 502 propemodum
2043 457 2161 499 semper
2183 469 2193 495 3
2224 468 2265 503 ex
2287 469 2378 491 corn-

1373 504 1557 536 memoratis
1581 502 1737 535 Valsalvae
1759 500 2034 536 observationibus
2058 500 2190 543 planum
2213 500 2253 533 sit
2273 525 2281 532 .
2306 501 2380 542 Qi

1372 546 1428 580 etsi
1450 545 1706 581 observationum
1729 545 1855 579 suarum
1879 555 1976 588 quam
2008 544 2163 587 plurimas
2187 542 2225 576 ad
2249 542 2378 587 sangui-

1371 600 1462 623 neam
1484 589 1688 632 apoplexiam
1710 590 1882 622 attinentes
1904 589 2037 624 minime
2058 587 2179 621 chartis
2214 587 2380 621 concredi-

1368 633 1440 670 dit;
1465 645 1507 666 eae
1531 638 1638 667 tamen
1662 632 1732 666 sunt
1756 631 1859 666 adhuc
1890 632 2069 674 superstites
2091 638 2168 675 quas
2200 629 2291 672 supra
2312 629 2379 665 .de-

1370 674 1548 720 scripsimus
1572 699 1581 713 ‚
1602 684 1637 708 ut
1660 687 1703 708 eae
1726 678 1844 720 pariter
1865 686 1936 719 quae
1960 676 2107 716 proxime
2138 674 2379 709 describentur*

1414 730 1463 762 17.
1489 719 1642 754 SENEX
1664 729 1763 754 annos
1787 719 1986 761 septuaginta
2009 727 2100 753 natus
2124 719 2157 751 in
2170 717 2303 751 humum
2329 718 2379 751 r'e-

1369 773 1462 806 pente
1484 762 1592 799 cadit,
1614 761 1734 796 sinistra
1759 770 1847 805 parte
1870 761 2013 805 corporis
2036 760 2186 796 movendi
2210 785 2222 802 ‚
2255 764 2287 795 ὃ(
2310 760 2379 794 sen-

1369 807 1473 839 tiendi
1498 805 1648 840 facultate
1670 805 1804 842 orbata,
1826 804 1954 839 dextera
1978 814 2084 839 autem
2095 805 2279 846 ingentibus
2302 816 2380 838 con-

1371 848 1499 884 vulfivis
1523 849 1666 885 motibus
1688 850 1827 895 agitata.
1853 849 1959 881 Facies
1983 847 2074 883 rubet
2092 872 2099 880 .
2127 849 2195 882 Vix
2216 859 2282 891 uno
2304 860 2379 883 exa-

1372 895 1428 927 ἃο
1438 893 1509 928 die,
1535 894 1666 926 interit.
1756 892 2005 926 CALVARIA
2029 900 2156 933 aperta,
2181 891 2305 934 sanguis
2328 893 2380 924 in-

1372 946 1420 970 ter
1442 936 1607 971 dexterum
1623 934 1827 977 posteriorem
1839 934 1956 968 cerebri
1973 933 2083 968 loburn
2099 958 2112 975 ‚
2135 936 2303 970 &Duram
2314 943 2380 968 me-

1369 982 1500 1023 ningem
1523 980 1713 1022 coagulatus
1734 980 1916 1016 invenitur3
1941 978 2042 1012 serum
2065 987 2170 1012 autern
2193 978 2279 1021 quasi
2299 990 2379 1012 con-

1368 1033 1490 1059 cretum
1514 1020 1785 1065 intersanguifera
1808 1022 1877 1056 vasa
1887 1021 2017 1056 alterius
2041 1023 2220 1065 meningis:
2243 1033 2304 1067 qua
2326 1022 2390 1056 in-v

1370 1068 1453 1107 cisa,
1478 1067 1644 1110 paululum
1668 1065 1799 1100 effluxit
1823 1066 1898 1099 seri.

1416 1112 1464 1143 18.
1490 1112 1521 1143 Si
1546 1109 1630 1143 forte
1652 1112 1769 1151 quaeris
1794 1135 1802 1149 ‚
1837 1110 1874 1143 de
1897 1111 2038 1153 quinque
2068 1108 2276 1151 apoplefficis
2299 1119 2381 1152 quo-

1372 1166 1444 1189 rum
1467 1153 1609 1189 historiae
1632 1153 1796 1195 descriptae
1818 1153 1910 1191 sunt,
1933 1165 1988 1187 cur
2000 1154 2077 1188 huic
2088 1154 2165 1189 uni,
2188 1154 2244 1195 qui
2262 1151 2302 1186 ad
2325 1164 2379 1186 ce-

1373 1198 1498 1232 rebrum
1523 1199 1632 1240 potius
1655 1206 1753 1238 quam
1766 1200 1799 1230 in
1815 1197 1975 1237 -cerebro,
1998 1199 2123 1230 vitium
2144 1195 2303 1237 ostendit,
2322 1195 2380 1236 jn-

1372 1252 1479 1284 gentes
1495 1239 1627 1281 subjecti
1653 1240 1759 1273 lateris
1769 1240 1944 1274 convulfivi
1963 1249 2075 1275 ,motus
2087 1238 2283 1279 acciderint,
2305 1250 2381 1273 cum

1373 1286 1422 1318 illi
1447 1285 1503 1327 qui
1528 1286 1633 1327 primo
1656 1282 1834 1325 descriptus
1865 1284 1939 1316 loco
1961 1282 2004 1317 est
2025 1305 2035 1320 ,
2067 1285 2212 1324 ingentes
2237 1280 2381 1316 accidiss'e

1373 1340 1438 1364 non
1462 1327 1611 1361 dicantur
1636 1350 1645 1364 ‚
1678 1327 1711 1360 in
1733 1327 1836 1361 tribus
1859 1327 1989 1369 reliquis
2011 1337 2076 1360 non
2098 1325 2198 1360 modo
2219 1336 2284 1359 non
2306 1336 2381 1359 nar-

1373 1382 1504 1410 rentur,
1528 1370 1579 1404 sed
1602 1373 1635 1404 in
1659 1370 1791 1404 muliere
1814 1370 1930 1404 diserte
1942 1379 2123 1412 negentur,
2143 1368 2260 1413 quibus
2274 1372 2381 1404 tamen

1369 1416 1519 1450 omnibus
1542 1424 1636 1447 tanto
1658 1412 1817 1457 majores,
1841 1416 1870 1446 ἃ
1896 1412 2014 1447 cerebri
2038 1413 2166 1456 quidem
2182 1411 2302 1457 ipfiuS,
2326 1413 2383 1447 lae-

1369 1458 1470 1494 {iones
1494 1457 1647 1496 inessent3
1672 1459 1805 1491 minime
1837 1457 1978 1499 proclive
2000 1455 2042 1491 est
2062 1455 2189 1490 causam
2221 1455 2347 1490 reddere
2369 1479 2384 1497 ‚

1370 1501 1427 1537 nisi
1452 1502 1537 1535 forte
1560 1501 1688 1541 credas,
1710 1510 1896 1535 concretum
1922 1500 2125 1543 sanguinem,
2150 1498 2295 1534 &serum
2316 1510 2383 1533 non

1371 1548 1474 1589 magis
1496 1546 1659 1581 cerebrum
1682 1543 1888 1586 compreffisse
1900 1568 1913 1585 ,
1935 1556 2029 1587 quam
2054 1545 2215 1587 meninges
2225 1542 2383 1584 irritasse,

1370 1602 1449 1628 quas
1471 1589 1621 1622 videlicet
1646 1590 1679 1621 in
1710 1587 1773 1623 hoc
1795 1598 1860 1620 uno
1884 1588 2083 1630 apoplec'tico
2114 1587 2346 1629 contingebant
2371 1599 2380 1620 :

1372 1633 1452 1668 ficut
1477 1642 1585 1666 autem
1610 1631 1759 1671 dextera,
1783 1634 1814 1664 δε
1838 1629 1956 1663 sinistra
1970 1632 2155 1673 meningum
2181 1640 2284 1673 partes
2295 1641 2382 1669 non,

1373 1686 1410 1711 ut
1433 1675 1520 1709 fibrae
1553 1674 1673 1708 cerebri
1697 1674 1895 1709 decussantur
1914 1699 1923 1713 ,
1956 1674 2006 1707 sed
2029 1675 2114 1708 recta
2147 1686 2223 1708 cum
2256 1675 2382 1716 Spinali

1372 1719 1531 1758 medulla,
1555 1722 1587 1752 &
1612 1719 1715 1751 nervis
1742 1720 1774 1750 in
1797 1716 1887 1751 suum
1910 1729 2041 1760 quaeque
2063 1718 2146 1751 latus
2167 1716 2383 1754 descendunt,

1372 1767 1417 1797 ita
1440 1762 1527 1805 quod
1551 1763 1633 1795 latus
1655 1762 1802 1804 corporis
1825 1762 1959 1794 irritatae
1982 1762 2167 1804 meningum
2200 1763 2284 1803 parti
2309 1760 2383 1795 sub—

1373 1806 1544 1850 jiciebatur
1559 1829 1571 1845 ,
1593 1804 1784 1838 convulsivis
1807 1805 1950 1838 motibus
1974 1806 2134 1846 agitatum
2156 1804 2238 1839 esse:
2261 1813 2316 1838 aut
2339 1804 2381 1838 fi-

1373 1862 1433 1894 qua
1457 1850 1651 1883 irritationis
1675 1849 1869 1891 propagatio
1892 1846 1981 1881 fieret
2004 1851 2037 1881 in
2048 1848 2234 1891 oppofitum
2257 1859 2385 1891 quoque

1374 1896 1481 1932 latu53
1506 1891 1601 1934 hujus
1624 1890 1785 1928 musculos
1806 1914 1815 1929 ,
1851 1892 1970 1934 quippe
1993 1891 2148 1927 resolutos
2176 1915 2188 1931 ,
2219 1893 2253 1925 in
2277 1900 2386 1925 motus

1374 1938 1451 1971 cieri
1475 1947 1538 1969 non
1564 1933 1721 1977 potuisse.
1746 1937 1797 1969 At
1821 1933 1842 1967 si
1867 1936 2011 1976 cogitare
2034 1934 2075 1968 sic
2099 1935 2221 1979 placeat
2243 1947 2254 1975 3
2277 1934 2349 1970 vide
2372 1957 2386 1975 ,

1374 1981 1457 2015 unde
1489 1981 1676 2021 meningurn
1702 1978 1920 2011 irritationem
1956 1988 2077 2021 repetas
2111 1980 2145 2012 in
2180 1978 2386 2022 apoplestico

1376 2026 1484 2067 primo
1500 2049 1507 2060 τ
1532 2024 1565 2054 in
1577 2034 1665 2064 quo,
1688 2022 1708 2055 si
1724 2033 1787 2055 non
1813 2024 1916 2059 tanti,
1943 2025 1974 2055 at
1997 2023 2097 2065 aliqui
2123 2020 2297 2056 convulfivi
2314 2033 2387 2054 mo—

1375 2078 1427 2100 tus
1454 2065 1605 2099 suerunt.-
1627 2065 1717 2098 simul
1744 2066 1865 2106 aliquas
1889 2077 1927 2097 ex
1951 2065 2001 2099 his
2023 2078 2092 2109 quae
2117 2066 2310 2109 sequuntur,
2334 2065 2388 2099 hi-

1375 2110 1487 2144 storias
1511 2108 1638 2142 attende
1657 2132 1670 2148 ‚
1701 2110 1736 2141 in
1758 2110 1875 2150 quibus
1897 2108 1952 2142 etsi
1985 2119 2050 2142 non
2072 2108 2179 2142 deerat
2202 2108 2292 2143 causa
2315 2120 2387 2151 quae

1375 2154 1537 2194 meninges
1567 2153 1707 2186 irritaret
1729 2176 1738 2190 ‚
1771 2152 1851 2185 nulli
1885 2160 1990 2185 tamen
2022 2150 2199 2187 convulfivi
2231 2161 2338 2186 motus
2370 2164 2388 2187 a

1374 2196 1523 2230 Valsalva
1547 2194 1691 2230 adnotati
1716 2194 1811 2229 sunt..
1836 2194 1895 2231 Sed
1928 2196 1995 2230 haec
2030 2195 2107 2229 alias
2131 2193 2276 2237 fortasse,
2303 2195 2384 2229 dili-

1374 2242 1501 2284 gentius
1526 2238 1675 2282 indagare
1698 2238 1914 2272 conabimur.

1420 2294 1468 2324 19.
1494 2283 1580 2316 VIR
1604 2292 1760 2314 annorum
1781 2281 2050 2323 duodesexaginta
2072 2306 2085 2323 ,
2118 2282 2210 2316 bonae
2234 2294 2251 2316 a
2274 2290 2390 2317 natura

1373 2325 1637 2362 constitutionis,
1664 2323 1715 2357 sed
1739 2322 1862 2358 tabacci
1885 2324 1954 2358 usui
1970 2326 2109 2359 multum
2135 2325 2284 2367 deditus,
2310 2325 2390 2361 dum

1374 2369 1584 2401 calceamenta
1607 2366 1759 2406 consuit,
1783 2377 1909 2408 repente
1931 2368 2018 2401 cadit
2041 2393 2048 2398 .
2075 2368 2174 2402 Nihil
2199 2370 2355 2412 loquitur
2378 2381 2391 2403 :¹

1375 2413 1496 2445 nullam
1520 2420 1628 2444 movet
1654 2419 1792 2452 partem.
1819 2412 1924 2443 Facies
1949 2412 2045 2453 pallet
2068 2436 2076 2447 ,
2100 2411 2216 2445 deinde
2239 2412 2336 2447 instar
2356 2413 2387 2445 i-

1376 2456 1509 2494 &erici,
1533 2452 1683 2486 nonnihil
1707 2453 1867 2491 flavescit,
1893 2465 1970 2487 mox
1992 2455 2030 2489 ad
2053 2454 2148 2488 illum
2161 2455 2315 2496 pallorem
2339 2467 2388 2489 re-

1377 2497 1450 2531 dit:
1476 2497 1637 2531 nonnullae
1662 2497 1766 2530 salivae
1790 2498 1930 2539 guttulae
1953 2509 1992 2531 ex
2016 2509 2070 2531 ore
2092 2496 2238 2531 defluunt
2261 2524 2269 2530 .
2296 2502 2387 2532 Intra

1379 2539 1467 2576 horae
1490 2540 1697 2583 quadrantem
1731 2542 1871 2573 moritur
1897 2565 1904 2571 .
1995 2542 2199 2575 VENTRE
2221 2541 2354 2577 dissecto
2376 2566 2391 2583 ,

1380 2584 1448 2617 sana
1473 2585 1603 2617 omnia:
1628 2584 1661 2617 in
1686 2581 1838 2619 Thorace
1861 2595 2009 2627 quoque3
2033 2585 2109 2618 licet
2122 2585 2312 2627 pulmonum
2336 2587 2392 2619 in-

1379 2626 1480 2660 ferior
1503 2638 1573 2670 pars
1598 2626 1638 2659 ad
1661 2624 1893 2669 diaphragma,
1917 2630 1948 2660 &
1971 2627 2102 2661 dorsum
2124 2628 2334 2671 alligaretur,
2357 2630 2387 2662 i-

1384 2670 1492 2714 psique
1517 2671 1663 2705 ruberent
1685 2694 1697 2711 ,
1730 2670 1799 2703 imo
1820 2670 1930 2704 dexter
1962 2672 2008 2703 ita
2033 2670 2184 2713 sanguine
2216 2681 2386 2715 turgeret,

1384 2725 1420 2748 ut
1443 2726 1481 2747 ex
1504 2714 1645 2747 lacerato
1667 2724 1778 2755 magna
1802 2712 1898 2756 hujus
1922 2716 2014 2756 copia
2040 2724 2237 2758 erumperet.
2271 2710 2280 2716 ”

1424 2757 1483 2790 Sed
1507 2758 1540 2790 in
1564 2758 1688 2790 Cranio
1712 2756 1853 2790 multum
1876 2757 2036 2799 sanguinis
2072 2760 2218 2792 concreti
2251 2759 2307 2794 sub
2329 2771 2394 2794 me-

1381 2801 1598 2842 ninge'tssenui
1622 2802 1786 2833 inventum
1812 2800 1854 2834 est
1877 2800 1966 2843 super
1978 2803 2193 2844 anteriorem,
2217 2803 2394 2845 praesertim

1380 2856 1396 2877 a
1418 2843 1574 2889 dextris,⁴
1590 2843 1898 2876 cerebriambitum.
1923 2846 1961 2877 In
1987 2844 2119 2878 dextero
2142 2857 2286 2890 quoque,
2312 2847 2394 2880 &fi-

1380 2886 1481 2920 nistro
1504 2886 1644 2930 ejusdcm
1667 2887 1848 2920 ventriculo
1871 2887 2037 2927 paululum
2061 2888 2221 2930 sanguinis
2243 2901 2316 2923 curn
2329 2891 2393 2924 levi

1380 2942 1495 2973 grumo
1519 2930 1723 2973 conspesftum
1747 2929 1809 2963 est:
1835 2931 1944 2972 plexus
1957 2940 2063 2964 autem
2075 2932 2395 2976 Choroides,quan-

1378 2985 1474 3017 quam
1498 2972 1586 3007 sanus
1611 2983 1678 3008 erat
1693 2997 1704 3013 ‚
1725 2973 2013 3009 inflammationem
2024 2975 2197 3021 concepisse
2209 2977 2310 3011 videri
2332 2989 2394 3022 po-

1378 3027 1477 3051 terat.

1424 3071 1473 3094 20.
1494 3060 1570 3104 Jam
1592 3072 1665 3094 vero
1689 3061 1786 3094 etiarn
1808 3061 1891 3093 circa
1915 3060 2066 3095 Medullae
2089 3070 2237 3098 truncum
2260 3085 2268 3100 ,
2292 3066 2325 3097 δε
2357 3065 2392 3099 in

1379 3103 1568 3138 cerebellum
1591 3103 1677 3137 effusi
1709 3103 1871 3146 sanguinis
1893 3103 2125 3139 observationes
2157 3106 2359 3150 subjiciamus
2383 3133 2391 3141 .

1467 3147 1691 3181 FAMULUS
1707 3158 1804 3182 annos
1828 3157 1920 3180 natus
1942 3149 2069 3182 circiter
2092 3150 2322 3192 viginfiduos,
2347 3150 2394 3185 sa-

1378 3191 1447 3233 gaci
1471 3192 1623 3233 ingenio,
1645 3189 1796 3235 firmaque
1811 3191 1962 3232 praeditus
1995 3191 2174 3227 valetudine
2203 3217 2217 3234 ,
2239 3195 2272 3226 in
2302 3194 2395 3229 labo-

1379 3235 1466 3267 ribus
1500 3235 1757 3277 imperterritus,
1779 3233 1856 3269 dum
1880 3234 1990 3277 hyeme
2014 3236 2154 3273 summa,
2185 3239 2217 3270 &
2240 3239 2310 3271 nive
2344 3249 2395 3270 ca.

1379 3276 1472 3310 dente
1503 3301 1516 3318 ,
1567 3277 1692 3312 domini
1731 3278 1900 3320 quadrigas
1931 3279 2124 3313 velociffimo
2156 3279 2248 3314 cursu
2293 3281 2397 3323 sequ-i-

1381 3330 1457 3358 tur,
1481 3322 1586 3355 multo
1608 3320 1719 3355 sudore
1754 3330 1842 3354 totus
1864 3321 1968 3356 madet
1993 3334 2001 3355 :
2033 3332 2137 3356 tamen
2169 3322 2296 3359 indusio
2329 3336 2394 3358 non

1380 3374 1504 3397 mutato
1528 3389 1540 3404 ,
1572 3364 1694 3407 vespere
1718 3363 1754 3397 ad
1778 3365 1830 3398 sua
1854 3366 2031 3407 regreditur
2053 3377 2198 3401 munera.
2239 3367 2395 3403 Postridie

1381 3417 1485 3441 autern
1517 3420 1606 3442 mane
1639 3419 1711 3440 cum
1743 3419 1759 3440 e
1791 3408 1875 3441 166ὲο
1909 3408 2044 3443 exsiliret
2068 3434 2076 3449 ‚
2108 3422 2123 3442 a
2153 3411 2396 3451 mente-deser-

1380 3460 1432 3484 tus
1455 3474 1464 3489 ,
1501 3461 1549 3485 ter
1582 3462 1717 3497 praeceps
1742 3453 1828 3484 ruit.
1868 3453 2011 3486 Sublatus
2035 3477 2047 3494 ,
2081 3453 2118 3487 de
2151 3454 2312 3497 profundo
2343 3466 2396 3488 ca-

1381 3495 1486 3535 pitis,
1512 3498 1544 3528 &
1577 3495 1752 3537 praesertim
1785 3495 1935 3538 occipitis
1966 3496 2079 3530 dolore
2109 3498 2253 3539 queritur
2277 3509 2285 3530 :
2319 3509 2396 3534 mox

1381 3536 1466 3570 febre
1503 3549 1576 3572 cum
1611 3536 1797 3572 lassitudinis
1819 3562 1832 3579 ,
1865 3542 1897 3572 &
1929 3540 2048 3574 doloris
2070 3556 2071 3559 ¹
2090 3538 2174 3572 sensu
2208 3549 2281 3574 toto
2326 3553 2396 3577 cor-

1379 3592 1456 3626 pore
1478 3604 1490 3620 ,
1524 3581 1658 3616 afficitur
1678 3605 1685 3613 .
1721 3581 1901 3625 Insequenti
1942 3583 1993 3618 die
2025 3583 2108 3618 alvus
2139 3583 2255 3619 Galeni
2285 3585 2397 3661 piguis

2301 3640 2321 3662 u
2345 3648 2358 3655 ι

393 3759 408 3787 (
423 3757 439 3781 k
453 3757 467 3785 )
483 3758 582 3791 Conantg
599 3758 690 3782 Bonon.
707 3757 746 3781 Sc.
761 3757 836 3782 Atad.
851 3759 925 3783 Tom.
944 3767 966 3783 ι.
983 3760 1012 3784 P.
1028 3765 1050 3783 1.
1067 3758 1092 3783 in
1109 3758 1230 3783 Medicis.
1290 3760 1305 3790 (
1320 3760 1330 3784 l

394 3790 410 3817 (
424 3796 448 3811 m
463 3787 478 3815 )
497 3786 559 3811 ibid.
575 3794 600 3810 in
617 3786 696 3813 Schul-
712 3785 741 3810 ad
756 3787 814 3811 Obs.
832 3795 867 3811 υ.
884 3795 908 3812 n.
927 3797 948 3819 3.
1008 3790 1023 3818 (
1038 3796 1055 3811 n
1070 3791 1080 3820 )
1095 3788 1170 3817 Epist.
1190 3797 1208 3819 3.
1227 3796 1252 3812 n.
1269 3792 1292 3813 6.

395 3819 439 3851 (p
455 3817 469 3846 )
485 3816 556 3847 Epist.
573 3819 647 3843 Anat.
664 3825 699 3845 13.
717 3824 742 3842 n.
763 3824 796 3844 ι’.
814 3817 836 3841 Bt
853 3824 890 3847 25·
951 3818 1056 3849 (1121.
1078 3826 1098 3844 1.
1116 3821 1139 3844 S.
1158 3827 1179 3850 3.
1196 3819 1253 3845 obs.
1271 3827 1306 3850 34.

1344 3760 1358 3789 )
1376 3756 1455 3782 schol.
1472 3758 1503 3782 ad
1518 3757 1578 3782 Obs.
1595 3760 1619 3782 6.
1637 3756 1662 3781 ἰη
1678 3757 1761 3782 Addit.
1778 3758 1807 3782 ad
1823 3758 1884 3785 Sest.
1902 3766 1927 3784 2.
1941 3761 1963 3784 l.
1982 3766 2001 3784 1.

1356 3793 1368 3818 (
1383 3797 1397 3814 o
1415 3787 1497 3822 )Obs.
1513 3790 1587 3815 Anat.
1605 3787 1667 3815 circa
1683 3789 1731 3814 duo
1746 3789 1828 3815 cadav.
1845 3789 1867 3822 §.
1885 3797 1923 3821 ¹3·
