2498 4075
447 228 605 290 Epist·
638 227 800 282 Anat.
835 226 1053 282 Medica,
1087 227 1231 283 LIX.
1264 228 1389 283 Art.
1412 228 1481 294 38.
1514 230 1570 284 &
1599 245 1669 294 59·

64 341 68 349 „
101 309 217 342 mentis
239 305 332 342 fuisse
355 318 405 341 me
426 306 535 350 usum,
557 315 650 348 quam
670 306 857 342 aufft'oritate
867 308 986 346 Aetii,
1007 309 1110 342 &re-

101 352 261 393 liquorum
283 360 443 387 veterum,
465 351 518 393 qui
540 349 573 383 in
593 347 646 382 his
666 350 763 383 nimis
778 349 857 392 saepe
880 350 1004 384 incaute
1031 361 1108 392 pro-

99 395 235 439 cedunt.
261 395 390 437 Nempe
412 394 466 428 hic
487 392 560 427 ⁴usus
584 392 653 426 sum
675 397 856 428 recentium
880 405 1009 438 quoque
1030 405 1105 429 cau-

103 432 299 473 tiffimorum
339 439 510 473 hominurn
542 437 768 478 experimentis
791 462 799 476 ‚
831 438 949 480 quibus
982 440 1104 480 pariter

104 480 215 515 usurus
239 482 362 516 fueram
385 482 420 514 in
444 481 500 513 illa
521 478 762 521 disputatione,
786 479 808 513 si
832 482 895 514 ulla
927 480 1103 515 eorundem

104 524 282 560 extitissent
297 551 304 559 .
329 526 418 560 Nam
434 535 501 557 mea
511 534 548 557 ne
558 524 592 555 in
605 524 713 565 vipera
725 523 859 565 quidem
873 523 973 558 habui
985 535 1054 566 quae
1068 524 1106 558 ad

103 577 137 601 te
149 570 313 603 mitterem
326 592 336 608 ,
360 569 479 611 quippe
490 567 572 603 aliis,
584 575 681 608 atque
691 566 775 607 aliis,
787 578 860 600 cum
875 567 930 600 illa
941 568 1106 601 instituen-

100 612 137 644 di
160 621 286 653 tempus
310 623 365 655 per
387 620 516 644 aetatem
539 608 646 643 fuisset
662 632 670 647 ,
693 611 963 654 occupationibus
984 611 1105 644 disten-

100 665 155 688 tus
179 677 189 692 ,
223 658 255 688 &
280 655 415 695 periculi
450 655 543 696 plena
575 654 753 687 tentamina
782 664 876 688 antea
911 653 1071 689 aversatus
1094 678 1104 694 ‚

98 709 200 740 quam
225 699 329 736 mihi,
351 707 388 732 ut
410 697 480 731 aliis
503 697 559 739 qui
584 696 640 730 diu
663 698 832 730 exercitati
856 699 890 731 in
913 698 953 730 iis
964 697 1103 735 fuerant,

99 750 158 774 aut
182 750 337 776 nocerent
363 744 451 781 (u),
477 749 533 773 aut
557 740 859 781 abominationem,
884 742 1003 775 nedum
1015 739 1106 774 fasti-

99 785 194 817 dium
214 785 234 828 (
251 795 272 819 x
290 786 329 828 ),
354 792 496 818 crearent
512 807 520 815 .
545 784 671 817 Verum
694 793 730 818 ut
753 784 829 818 haec'
845 796 894 817 me
918 795 982 817 non
1007 794 1107 818 retra-

97 824 239 866 xissent3
262 841 328 863 non
352 829 468 867 video,
498 826 666 869 quomodo
699 827 741 860 ab
776 826 1006 861 Eruditiffimis
1037 827 1104 861 illis

99 871 194 904 Viris
218 871 343 915 possent
365 882 405 904 ex
429 883 479 905 me
503 871 719 913 experimenta
740 871 774 903 in
814 870 973 913 aspidibus
1008 882 1104 913 expe-

98 915 203 953 erari,
227 917 284 958 qui
306 917 340 948 in
363 913 474 948 Africa
490 936 502 953 ,
525 923 620 955 atque
633 914 710 947 adeo
722 914 755 946 in
767 916 915 956 AEgypto
939 925 1104 956 nunquam

100 953 231 992 fuissem
256 984 263 990 .
299 958 420 992 Scribit
443 959 529 991 enim
554 958 672 990 Strabo
696 958 783 1000 (y),
806 957 989 1002 AEgyptiam
1020 956 1104 1000 aspi-

99 1000 194 1041 dem,
227 1001 266 1035 de
296 1013 361 1045 ⁴qua
389 1001 586 1043 potissimum
619 1000 723 1034 nostra
756 999 861 1034 fuerat
895 999 1073 1042 disputatio
1095 1024 1108 1041 ,

97 1045 263 1086 proprium
286 1045 432 1086 quiddam
453 1043 561 1078 habere
580 1051 692 1086 praeter
713 1043 792 1078 alias
802 1043 939 1078 aliorum
952 1043 1106 1078 locorum„

101 1088 196 1122 Nam
217 1088 304 1130 quod
332 1088 451 1129 aspides
473 1098 563 1121 extra.
589 1087 738 1121 Africam
762 1089 879 1125 etiam,
902 1089 935 1120 in
969 1086 1099 1130 ipsaque

98 1132 195 1165 Italia
220 1135 251 1165 &
275 1132 391 1174 prisci,
414 1135 445 1166 δι
468 1142 533 1164 non
556 1130 653 1173 prisci
686 1131 866 1173 Scriptores
898 1131 1002 1172 aliqui
1034 1142 1101 1165 me-

99 1177 317 1213 moraverint,
339 1176 498 1209 nimirum
522 1175 612 1217 vulgi
635 1176 826 1217 opiniones,
850 1177 885 1207 &
908 1185 1000 1208 voces
1011 1173 1099 1208 secu-

97 1219 126 1250 ti
150 1218 247 1252 sunt.
274 1223 361 1252 Ouas
384 1221 471 1252 enim
493 1217 586 1260 vulgo
616 1228 765 1251 vocamus
797 1217 915 1261 aspides
935 1240 947 1257 ,
976 1217 1099 1250 nullam

52 1277 54 1280 ·
95 1259 212 1295 habent
226 1250 314 1304 fef?
317 1272 509 1296 communem
531 1268 637 1295 notam
658 1272 728 1295 cum
751 1261 818 1295 illis
840 1262 879 1295 de
899 1260 1020 1304 quibus
1042 1272 1102 1293 no-

95 1303 162 1338 ster
184 1304 292 1339 fuerat
315 1305 439 1345 sermo,
463 1314 499 1338 ut
523 1315 597 1338 vere
619 1302 787 1338 Salmasius
809 1308 881 1348 (z)
904 1303 1047 1338 censuit:
1070 1307 1102 1337 δε

97 1358 185 1382 certe
209 1360 264 1382 nec
288 1349 434 1383 Lucanus
456 1348 523 1387 (b)
546 1348 585 1381 de
608 1347 713 1390 aspide
736 1347 886 1385 dixisset,

187 1392 259 1436 Ipsa
281 1392 396 1426 caloris
419 1402 507 1434 egens
521 1413 531 1429 ,
549 1391 687 1434 gelidum
710 1401 767 1424 non
788 1390 903 1434 tranfit
933 1392 967 1424 in
996 1389 1103 1425 orbem

188 1439 301 1476 Sponte
315 1435 376 1478 sua
389 1461 398 1474 ,
420 1435 566 1477 'Niloque
588 1442 678 1468 tenus
699 1435 833 1468 metitur
852 1438 962 1468 a‘renczs
975 1459 985 1475 ,

97 1490 202 1523 neque
225 1479 266 1512 ab
287 1479 415 1513 Ovidio
437 1476 505 1517 (h)
527 1477 569 1512 sic
593 1478 668 1512 esset
689 1477 877 1520 designata,

185 1522 342 1565 Plenaque
357 1517 538 1565 fhmmferis
556 1521 683 1564 serpens
700 1523 863 1564 peregrina
884 1523 1029 1559 veneni53

99 1565 160 1598 nisi
185 1565 246 1600 haec
266 1576 376 1609 genera
392 1564 586 1608 serpentium
609 1576 739 1603 revera3
764 1575 800 1598 ut
823 1565 908 1600 Celsi
932 1565 993 1608 (c)
1029 1575 1097 1597 ver-

98 1609 148 1642 bis
170 1618 265 1647 utar3
289 1609 332 1642 Θ
351 1607 537 1651 peregrina,
559 1609 601 1642 &⁸
632 1607 794 1650 aliquanto
828 1609 927 1650 magis
957 1606 1097 1650 pestifera

98 1651 214 1696 effent,
236 1652 372 1687 maxime
396 1662 460 1693 quae
481 1651 609 1693 aestuofis
626 1652 801 1694 gignuntur
823 1651 917 1684 locis.
941 1651 1013 1685 Nec
1038 1653 1098 1683 mi-

96 1707 192 1734 rum,
214 1694 347 1738 quando
369 1695 419 1728 vel
442 1695 530 1728 intra
553 1694 656 1737 ipsam
680 1694 810 1728 Italiam
835 1697 983 1728 venenati
1014 1706 1097 1736 quo-

95 1737 235 1774 rundam
258 1738 446 1772 animalium
471 1737 553 1771 ic‘tus
577 1738 639 1772 alia
664 1738 712 1771 vis
735 1737 777 1771 est
801 1738 835 1771 in
860 1739 929 1771 aliis
954 1747 1008 1772 aut
1032 1749 1099 1771 ma-

97 1783 171 1823 gis,
194 1790 250 1816 aut
273 1783 381 1815 minus
403 1780 519 1814 calidis
550 1782 633 1815 locis
654 1805 662 1814 .
697 1782 749 1814 Sic
782 1781 965 1817 tarantula,
988 1782 1099 1824 inquit

93 1825 252 1868 Baglivus
276 1825 342 1865 (d)
365 1820 543 1866 venenifera
562 1824 733 1859 dumtaxat
755 1823 796 1864 effi
817 1825 849 1857 in
868 1823 996 1866 Apulia
1016 1849 1024 1863 ,
1058 1829 1101 1860 &-

92 1869 264 1911 praefinffim
284 1877 463 1909 camporum
487 1867 610 1905 incola3
632 1877 705 1900 nam
716 1877 779 1909 quae
790 1867 822 1900 in
834 1866 992 1901 montibus
1003 1870 1100 1909 ¹‚Apu-

91 1912 142 1945 llae
163 1912 280 1946 vicinis
304 1912 487 1954 reperitur,
519 1909 571 1944 vel
601 1909 688 1944 nullo
710 1935 720 1951 ‚
749 1909 801 1943 vel
832 1921 890 1943 non
931 1909 1102 1954 pernicioso

93 1955 194 1996 pollet
227 1964 344 1989 'veneno
363 1976 374 1994 ,
407 1962 566 1996 tantoque
597 1954 704 1987 minus
736 1954 786 1986 vel
817 1955 1004 1995 campestres
1037 1954 1100 1987 illae

94 1998 172 2032 alias
195 2000 229 2031 in
253 1998 357 2031 Italiae
380 1999 525 2039 regiones
549 1997 730 2034 translatae‚
755 2005 791 2029 ut
816 1996 981 2040 proposita
1005 1998 1104 2030 etiam

99 2041 232 2076 historia
243 2045 257 2081 ζ
269 2041 306 2084 ε)
318 2041 492 2074 confirmat
507 2065 513 2072 .
540 2040 621 2073 Non
635 2039 678 2073 est
688 2047 774 2073 certe
785 2040 869 2082 apud
879 2051 936 2073 nos
948 2040 1104 2083 ejusmodi

95 2095 203 2125 terra,
227 2086 355 2128 qualem
379 2084 464 2127 apud
489 2082 656 2117 Hibernos
677 2082 751 2120 esse,
762 2083 993 2118 animadvertit
1006 2085 1105 2118 Lorn*

87 2128 231 2162 bardius
254 2126 337 2171 (f),
360 2138 400 2160 ex
424 2139 458 2159 ea
479 2127 605 2160 causam
629 2136 773 2169 repetens
795 2149 804 2165 ,
836 2139 893 2160 cur
924 2138 1025 2170 neque
1057 2128 1106 2161 ibi

97 2172 164 2206 ulla
188 2171 297 2206 videre
321 2171 472 2204 animalia
496 2170 642 2212 potuerit
664 2181 737 2212 quae
761 2169 899 2204 venefica
923 2169 1041 2208 essent,
1073 2172 1105 2204 &

97 2227 171 2257 quae
198 2227 236 2249 ex
259 2214 309 2249 his
333 2215 422 2246 varia
447 2213 524 2247 illuc
550 2214 703 2247 attulerat
726 2224 763 2246 ex
786 2214 928 2257 Anglia,
956 2212 1022 2247 fere
1046 2214 1104 2247 sta-

92 2260 154 2293 tim
180 2271 215 2293 ac
260 2260 294 2292 in
317 2258 488 2291 Hiberniae
514 2256 617 2291 solum
655 2255 805 2290 emiserat
830 2282 839 2296 ‚
876 2258 962 2291 mori
993 2258 1102 2291 omnia

91 2311 265 2342 cerneret,
289 2299 407 2336 inflata
432 2302 604 2343 pleraque,
627 2303 660 2334 δι
681 2300 851 2334 convulsa.
876 2301 924 2334 At
947 2299 967 2333 fi
992 2311 1102 2334 tamen

90 2346 277 2388 aspidibus,
302 2355 343 2378 ex
365 2344 483 2379 Africa
507 2343 570 2378 huc
593 2344 803 2386 importatis,
826 2343 912 2379 illud
934 2343 1102 2379 dumtaxat

94 2390 185 2433 quod
210 2388 404 2428 tarantulis‚
427 2400 467 2422 ex
490 2387 611 2430 Apulia
635 2388 701 2421 alio
724 2387 888 2421 translatis
911 2410 920 2425 ‚
941 2385 1028 2421 forte
1051 2401 1102 2422 ac-

89 2432 236 2471 cidisset3
259 2443 365 2467 nonne
390 2442 440 2465 me
463 2443 531 2465 mea
545 2430 732 2464 fefellissent
744 2432 962 2473 experimenta
976 2430 993 2464 ,ἓ
1013 2430 1102 2466 Cum

93 2478 199 2520 igitur
224 2476 312 2510 nulla
335 2475 412 2509 esset
436 2474 622 2518 experiendi
648 2474 710 2507 sine
734 2475 942 2508 dubitatione
953 2473 1102 2513 facultas,

97 2532 154 2554 nec
171 2542 181 2558 ‚
203 2520 226 2554 s1
250 2519 389 2557 fuisset,
413 2519 572 2552 continuo
597 2517 793 2552 rescribendi
816 2518 961 2552 officium
977 2542 989 2559 ‚
1011 2531 1028 2552 a
1053 2531 1102 2553 me

89 2575 155 2597 non
180 2575 243 2598 una
267 2564 306 2597 de
330 2561 423 2596 causa
441 2562 614 2599 debitum,
640 2560 779 2595 faciendi
802 2563 937 2604 periculi
960 2562 1099 2605 spatium

88 2608 200 2647 daret;
221 2609 302 2651 quid
327 2607 410 2640 mihi
433 2614 501 2639 erat
524 2606 707 2649 reliquum,
733 2604 793 2638 nisi
818 2615 853 2638 ut
877 2616 987 2639 eorum
1008 2605 1099 2640 testi—

88 2652 214 2685 moniis
239 2661 370 2688 uterer‚
393 2650 453 2693 qui
478 2648 645 2684 morsuum
668 2648 785 2691 aspidis
808 2647 936 2682 effeetus
960 2659 1015 2683 aut
1049 2651 1100 2682 vi-

92 2692 210 2771 ?issent
235 2694 318 2738 ipsi,
343 2702 397 2728 aut
419 2703 534 2727 eorum
557 2694 614 2737 qui
651 2692 822 2733 viderant,
853 2693 979 2735 Scripta
1005 2693 1099 2736 legis-

108 2748 159 2771 ent
184 2741 194 2770 ?

133 2781 185 2824 38.
205 2780 274 2813 Hic
296 2778 391 2813 facile
414 2790 453 2812 ex
476 2791 526 2813 me
569 2791 714 2823 quaeres,
739 2780 772 2812 in
805 2778 1022 2819 disputatione
1056 2780 1097 2812 il-

92 2824 124 2858 la
148 2824 186 2857 de
211 2834 324 2865 genere
348 2824 461 2856 mortis
483 2823 665 2864 Cleopatrae
688 2835 761 2866 quae
786 2822 868 2856 mihi
900 2834 975 2856 cum
1009 2824 1097 2856 Viro

90 2866 300 2910 Ampliffimo
324 2865 472 2900 Lancisio
495 2864 559 2900 fuit
583 2889 595 2906 ,
629 2868 709 2909 quid
744 2878 849 2900 revera
883 2865 951 2909 ipse
986 2867 1096 2900 animo

91 2910 268 2947 sentirem,
291 2909 423 2952 quando
445 2910 691 2944 exercitationis
713 2909 806 2943 causa
827 2932 836 2947 ‚
876 2919 913 2943 ut
946 2909 985 2943 fit
1018 2909 1097 2952 saepe

90 2956 179 2988 inter
202 2954 338 2988 Amicos
353 2978 360 2992 ,
382 2952 510 2986 videtur
533 2952 589 2986 illa
622 2964 640 2986 a
674 2965 724 2986 me
755 2952 899 2995 suscepta
919 2975 928 2989 ‚
960 2963 1017 2986 nec
1050 2954 1116 2991 se-0

91 2997 206 3032 cundae
229 2996 300 3039 ejus
323 2995 525 3039 responsioni
549 3008 565 3029 a
589 3007 638 3029 me
662 2997 836 3038 repositum
847 2995 1026 3039 quidquam
1040 3002 1112 3031 ex-'

93 3052 142 3076 tat
157 3068 165 3075 .
189 3041 261 3083 Ego
288 3050 363 3073 vero
386 3041 419 3072 in
444 3050 475 3072 re
498 3051 570 3082 quae
592 3041 636 3073 ob
659 3038 848 3074 vetustatem
879 3039 942 3073 sine
974 3039 1097 3083 prisco,

92 3096 167 3119 rum
190 3083 386 3117 testimoniis
409 3094 469 3125 pro
491 3092 580 3116 certo
602 3094 667 3116 non
691 3083 796 3126 posset
826 3081 955 3116 definiri
981 3107 990 3121 ,
1022 3096 1095 3118 cum

93 3128 182 3163 forte
205 3129 239 3161 in
252 3127 413 3161 Vaticana
428 3126 658 3161 Metallotheca
681 3129 745 3170 (g)
765 3125 802 3159 ad
813 3126 981 3160 morientis
998 3127 1097 3162 Cleo-

92 3181 192 3215 patrae
216 3170 420 3204 simulacrum
443 3169 512 3203 haec
535 3170 573 3204 ab
587 3171 735 3204 Lancisio
759 3174 770 3209 (
793 3180 889 3212 quem
912 3168 952 3203 de
964 3180 1097 3214 accepto

93 3215 181 3250 libro
201 3215 373 3248 certiorem
397 3212 499 3247 facere
519 3216 676 3248 continuo
709 3213 881 3255 oportebat
907 3216 920 3251 )
944 3215 1096 3249 adnotata

94 3257 421 3292 animadvertissem:
444 3262 480 3290 In
514 3255 638 3291 brachio
669 3256 753 3300 aspis
778 3255 940 3299 spebffatur
963 3281 973 3296 ‚
1002 3257 1093 3299 cujus

92 3301 194 3345 morsu
216 3301 425 3344 Cleopatram
452 3299 618 3345 occubuisse
640 3323 653 3341 ,
689 3299 830 3344 vulgaris
854 3296 925 3343 fert
955 3300 1057 3342 opinio
1080 3314 1089 3336 t

1156 306 1303 350 quamvis
1335 306 1393 341 alii
1425 313 1511 348 epoto
1541 315 1656 340 veneno
1689 312 1820 341 mortem
1842 305 1905 349 fibi
1949 306 2162 350 conscimffe3

1157 349 1342 384 contendant
1365 372 1375 387 ,
1417 349 1595 392 suspicatus
1619 374 1628 389 ,
1674 359 1781 384 extare
1822 348 1960 384 fortassis
2005 354 2162 390 ignotum

1156 392 1239 427 mihi
1261 394 1379 427 veteris
1391 393 1565 436 Scriptoris
1586 392 1696 427 locum
1719 395 1777 437 qui
1799 393 1863 427 hoc
1887 391 2086 433 tradidisset,
2109 395 2163 427 ni-

1155 435 1204 472 hil
1235 438 1337 479 magis
1369 439 1404 471 in
1440 446 1575 478 utraque
1611 436 1759 480 Epistola
1784 437 1924 480 speetavi
1951 459 1961 474 ‚
1993 447 2091 478 quam
2120 443 2162 471 ut

1157 491 1229 513 eum
1252 481 1382 518 locum,
1406 479 1429 513 si
1452 481 1525 523 quis
1546 479 1633 514 sorte
1656 481 1753 521 esset,
1776 492 1814 514 ex
1826 479 2163 526 Lancifioelicerem.

1155 524 1268 564 anue
1292 533 1400 557 mente
1419 535 1494 566 quae
1518 534 1577 565 pro
1600 526 1702 566 magis
1727 526 1861 567 vulgata
1890 524 2048 566 opinione
2082 532 2162 567 pro-

1155 564 1233 600 ferri
1256 578 1272 600 a
1296 579 1346 600 me
1368 567 1477 602 statim
1501 576 1670 609 poterant,
1693 570 1725 600 &
1748 566 1957 606 confirmari,
1982 566 2079 601 semel
2108 573 2162 605 at-

1155 621 1217 651 que
1239 612 1357 644 iterum
1370 608 1407 643 ad
1420 609 1514 644 illum
1525 609 1632 653 scripsi
1651 636 1658 643 .
1682 613 1789 648 Quem
1800 611 1910 645 locum
1922 621 1962 644 ex
1973 608 2040 652 ejus
2062 610 2160 647 unis,

1153 655 1187 685 δι
1211 653 1317 686 alteris
1341 653 1478 686 Litteris
1501 665 1575 687 cum
1607 651 1665 687 esse
1698 654 1825 687 nullum
1854 679 1864 695 ,
1910 651 2160 691 intellexissem5

1154 694 1251 730 facile
1274 696 1340 738 ejus
1364 695 1709 731 voluntati-obsecutus
1723 697 1812 734 sum,
1839 706 1875 731 ut
1897 696 1996 730 finem
2019 696 2160 730 facerem

1155 738 1363 781 disputandi,
1389 740 1422 772 in
1447 739 1666 774 controversia
1700 740 1875 783 praesertim
1897 762 1910 779 ,
1941 752 1975 774 ea
2006 751 2071 782 qua
2103 749 2161 781 par

1155 783 1254 816 fuerit
1278 806 1289 822 ,
1326 782 1403 817 hinc
1427 784 1602 822 modestia,
1627 783 1701 816 inde
1723 785 1879 817 comitate
1901 792 1997 820 orta,
2018 785 2051 816 δε
2083 791 2160 823 pro-

1153 825 1254 869 gressa
1273 849 1283 864 ,
1317 836 1488 869 utramque
1518 827 1636 861 eximie
1669 826 1876 868 laudantibus
1907 825 2001 859 Viris
2042 824 2160 859 Doc‘tis

1156 874 1166 909 (
1189 869 1209 902 h
1226 869 1266 910 )5
1290 879 1326 903 ut
1349 871 1485 904 minime
1507 870 1645 903 dubium
1669 869 1728 908 sit,
1751 871 1831 911 quin
1854 881 1893 903 ex
1916 866 1966 903 his
1988 867 2106 911 aliquis
2139 880 2160 902 a

1153 924 1221 956 quo
1241 913 1391 947 acerrima
1415 912 1506 947 fuisse
1527 912 1649 947 dicitur
1667 936 1679 953 ‚
1714 913 1798 947 nihil
1822 913 1907 947 aliud
1928 935 1939 951 ‚
1972 923 2070 955 quam
2103 922 2160 945 ex-

1153 966 1324 999 promptos
1348 956 1500 999 utrinque
1520 978 1533 996 ‚
1567 959 1599 990 &
1629 965 1800 990 contentos
1824 957 2013 999 speetaverit
2043 965 2160 990 nervos

1158 1001 1347 1033 rationum.
1374 999 1533 1033 Nostrum
1555 1000 1641 1033 enim
1664 1001 1798 1043 utrique
1830 1001 2007 1042 plurimum
2038 997 2127 1032 favet
2148 1022 2160 1042 ,

1161 1042 1243 1077 mihi
1267 1053 1391 1080 autem,
1414 1054 1487 1085 quae
1511 1042 1578 1085 ejus
1611 1054 1666 1085 par
1696 1044 1853 1077 doctrinae
1873 1066 1884 1083 ‚
1915 1046 1948 1076 &
1981 1041 2159 1077 eruditioni

1160 1087 1344 1120 humanitas
1368 1084 1433 1124 est,
1457 1095 1583 1120 tantum
1607 1086 1751 1127 tribuit,
1783 1096 1942 1129 quantum
1975 1097 2014 1119 ne
2045 1094 2158 1129 optare

1148 1129 1284 1170 quidem
1308 1129 1426 1164 ausim.
1453 1130 1512 1163 Sed
1535 1129 1614 1163 illuc
1636 1131 1754 1163 redeo.
1780 1131 1899 1173 ltaque
1922 1140 1963 1163 ne
1986 1138 2059 1163 tum
2078 1130 2160 1172 qui-

1150 1174 1225 1206 dem
1249 1186 1265 1206 a
1290 1184 1339 1206 me
1373 1172 1499 1215 aliquid
1533 1173 1717 1207 novandum
1747 1173 1888 1213 censui,
1917 1184 1990 1207 cum
2024 1172 2159 1206 biennio

1154 1218 1253 1250 ferme
1276 1214 1473 1257 interjefio,
1496 1214 1657 1249 accidisset
1673 1241 1681 1255 ,
1703 1224 1739 1249 ut
1764 1216 1877 1250 addere
1898 1214 2064 1250 Lancifius
2086 1217 2159 1257 Ap-

1156 1261 1324 1303 pendicem
1346 1260 1477 1293 deberet
1511 1258 1551 1292 ad
1586 1259 1855 1293 Metallothecam
1875 1281 1886 1299 ,
1922 1257 2156 1301 scripfissetque

1153 1303 1192 1338 ad
1215 1316 1288 1341 me,
1313 1304 1435 1345 placere
1457 1301 1663 1336 Sanfflffimo
1689 1302 1857 1345 utriusque
1869 1303 2015 1337 nostrum
2039 1302 2159 1335 Domi-

1154 1360 1220 1388 no,
1241 1357 1277 1381 ut
1300 1347 1392 1380 simul
1416 1345 1596 1387 disputatio
1618 1346 1673 1379 illa
1705 1358 1804 1389 quam
1840 1348 1979 1389 benigne
2015 1346 2159 1387 perlege-

1152 1401 1222 1430 rat,
1245 1390 1416 1427 ederetur,
1439 1392 1472 1422 &
1493 1389 1589 1423 licere
1614 1389 1695 1423 mihi
1710 1415 1719 1430 ,
1745 1390 1767 1424 si
1790 1390 1870 1432 quid
1902 1391 1936 1423 in
1967 1391 2045 1423 meis
2077 1389 2158 1431 Epi—

1154 1434 1279 1477 pistolis
1300 1433 1450 1468 additum
1465 1455 1473 1470 ‚
1498 1441 1553 1467 aut
1577 1443 1742 1467 mutatum
1767 1434 1905 1474 vellem;
1927 1433 2014 1475 quod
2038 1434 2072 1465 in
2095 1432 2158 1466 suis

1155 1476 1233 1511 fecit
1255 1477 1341 1521 ipse5
1364 1475 1562 1519 significare.
1596 1477 1775 1510 Parendum
1800 1480 1887 1511 enim
1909 1476 2083 1518 imperanti
2108 1487 2159 1509 re-

1154 1522 1280 1564 scripsi:
1306 1532 1345 1554 eo
1367 1529 1476 1553 autem
1499 1521 1600 1561 magis
1625 1520 1666 1553 ab
1688 1521 1841 1554 omnibus
1864 1520 2065 1553 intellefium
2091 1519 2157 1559 iri,

1153 1577 1217 1598 non
1241 1563 1299 1598 esse
1324 1576 1339 1597 a
1365 1575 1415 1597 me
1437 1563 1569 1603 scriptas
1592 1564 1682 1602 illas,
1707 1574 1742 1596 ut
1767 1565 2003 1606 vulgarentur,
2026 1563 2049 1595 fi
2075 1563 2122 1596 ita
2145 1584 2157 1603 ‚

1149 1611 1199 1642 uti
1223 1620 1263 1642 ex
1286 1617 1433 1649 tempore
1458 1606 1533 1640 fus'ae
1549 1616 1661 1646 erant,
1687 1606 1876 1648 prodirent.
1900 1607 1975 1640 Nec
1988 1606 2070 1641 tanti
2085 1605 2157 1639 sane

1146 1661 1240 1685 erant
1252 1663 1324 1693 quae
1337 1649 1506 1692 adjicerem
1519 1662 1528 1686 5
1552 1648 1658 1692 aliqua
1671 1659 1762 1684 erant
1776 1659 1896 1687 tamen,
1910 1661 1980 1692 quae
1991 1649 2056 1683 tibi
2071 1659 2157 1682 nunc

1149 1695 1325 1735 iudicabo,
1349 1705 1416 1727 non
1439 1703 1476 1727 ut
1511 1694 1715 1736 postliminio
1747 1692 2004 1732 controversiam
2036 1692 2158 1726 instau-

1149 1751 1237 1777 rem,
1262 1749 1366 1780 neque
1390 1738 1556 1779 vulgatam
1578 1737 1769 1779 opinionem
1793 1749 1854 1779 pro
1878 1745 1964 1770 certa
1997 1735 2156 1773 statuam;

1151 1783 1201 1817 sed
1226 1794 1265 1816 ne
1289 1780 1375 1815 forte
1398 1791 1471 1823 quae
1495 1790 1554 1821 pro
1576 1780 1636 1814 hac
1659 1791 1715 1814 aut
1750 1779 1939 1814 confirmari
1960 1801 1970 1817 ,
2003 1788 2058 1814 aut
2091 1779 2158 1812 dici

1152 1823 1287 1860 vicissim
1311 1821 1456 1867 possent,
1479 1823 1566 1856 nulla
1591 1823 1718 1865 prorsus
1744 1822 1857 1864 fuisse,
1882 1823 2051 1857 arbitreris
2066 1824 2158 1857 ‚Eo-

1152 1881 1224 1903 rum
1249 1869 1309 1901 alia
1334 1867 1406 1900 sunt
1430 1867 1470 1899 ab
1492 1865 1688 1906 Historicis,
1712 1868 1773 1901 alia
1797 1878 1814 1900 a
1839 1867 1996 1905 Medicis,
2022 1866 2083 1900 alia
2117 1866 2157 1901 ab

1151 1911 1315 1953 utrisque,
1342 1911 1382 1944 ab
1405 1909 1543 1956 aliisque·
1561 1910 1687 1952 insuper
1720 1909 1919 1945 Auctoribus
1951 1908 2123 1953 repetenda
2146 1935 2156 1944 .

1155 1957 1207 1989 Ex
1231 1954 1409 1988 Historicis
1434 1953 1581 1995 Vellejus
1602 1955 1662 1993 (i)
1682 1977 1691 1992 ‚
1727 1953 1874 1988 AElianus
1896 1957 1910 1994 (
1931 1954 1950 1994 l<
1973 1957 2005 1993 ),
2042 1955 2156 1988 Florus

1155 2005 1166 2039 (
1192 1998 1204 2033 l
1226 2002 1236 2037 )
1261 1998 1387 2031 summo
1408 1996 1585 2037 consensu,
1605 2000 1636 2030 ἃ
1661 1997 1726 2031 fine
1749 1997 1813 2032 ulla
1835 1997 2043 2031 dubitatione
2065 2019 2074 2034 ,
2108 1996 2157 2030 as-

1156 2042 1241 2085 pidis
1265 2041 1374 2075 morsu
1397 2042 1610 2087 Cleopatram
1636 2041 1665 2075 se
1688 2041 1901 2080 interemisse,
1932 2041 2153 2075 tradiderunt.

1156 2088 1207 2121 At
1232 2087 1317 2119 enim
1342 2084 1488 2126 VelleJus
1510 2083 1708 2119 adulationis
1732 2086 1818 2117 vitio
1841 2083 1932 2127 supra
1957 2096 2053 2128 quam
2087 2095 2154 2118 cre-

1154 2129 1191 2163 di
1215 2129 1331 2171 poffit,
1355 2128 1538 2166 laboravit,
1561 2139 1663 2171 neque
1686 2129 1772 2162 inter
1793 2127 1980 2162 Historicos
2005 2139 2020 2161 a
2043 2128 2157 2171 Quin-

1155 2173 1291 2206 &iliano
1315 2170 1514 2206 recensetur:
1539 2171 1651 2205 Florus
1674 2173 1790 2214 puerili
1813 2170 1969 2206 defiderio
1993 2172 2156 2207 mirabilia

1153 2214 1306 2254 dicendi,
1329 2216 1473 2248 veritatis
1496 2214 1665 2257 dispendio
1688 2215 1717 2248 se
1739 2216 1866 2259 abripi,
1890 2215 1992 2258 passus
2015 2216 2056 2250 est
2081 2230 2087 2248 :
2123 2217 2155 2248 &

1155 2259 1177 2293 fi
1202 2260 1240 2294 ad
1264 2259 1320 2293 has
1343 2258 1581 2297 accusationes,
1606 2270 1623 2291 a
1647 2259 1782 2300 Sigonio
1801 2284 1810 2299 ‚
1835 2258 1964 2302 Lipsio,
1995 2259 2156 2302 Scaligero

1156 2312 1298 2345 acceptas
1313 2329 1321 2343 ‚
1345 2303 1444 2336 aliam
1467 2313 1505 2335 ex
1529 2301 1688 2335 Verderio
1713 2305 1788 2342 (m)
1811 2302 1971 2344 sumptam
1997 2325 2007 2341 ,
2044 2305 2155 2337 adver-

1156 2350 1204 2381 sus
1227 2347 1391 2381 AElianum
1422 2345 1606 2387 adjungas,
1640 2345 1694 2379 hic
1725 2357 1858 2389 quoque
1890 2345 1968 2380 dum
2002 2348 2082 2381 alius
2115 2346 2155 2380 ab

1155 2390 1332 2424 Aristotele
1352 2389 1456 2423 videri
1480 2389 1551 2422 vult
1574 2411 1584 2427 ,
1620 2400 1637 2422 a
1672 2390 1808 2422 veritate
1842 2390 1964 2424 recedit
1984 2415 1992 2421 .
2028 2390 2154 2423 Verum

1154 2436 1251 2477 longe
1274 2432 1400 2468 facilius
1424 2431 1498 2466 esset
1521 2431 1722 2475 singulorum
1746 2431 1948 2467 laudationes
1972 2445 2010 2468 ex
2045 2434 2153 2467 multo

1153 2477 1300 2520 pluribus
1323 2476 1466 2520 proferre
1489 2476 1709 2515 meroribus,
1731 2488 1829 2518 quam
1853 2475 2154 2511 accusationesistas

1151 2533 1192 2554 ex
1214 2521 1376 2554 nonnullis
1402 2518 1620 2562 perquisivisse
1645 2543 1652 2550 .
1680 2520 1756 2553 Illas
1792 2529 1900 2554 tamen
1932 2522 2119 2555 omittimus
2143 2542 2152 2557 ³

1150 2576 1227 2597 cum
1239 2565 1276 2598 ad
1287 2564 1342 2598 has
1357 2564 1431 2597 satis
1443 2563 1480 2597 sit
1494 2564 1768 2603 animadvertere,
1793 2562 1874 2598 nihil
1891 2565 1929 2599 ad
1944 2564 2154 2598 Aristotelem

1152 2610 1287 2642 attinere
1299 2632 1310 2648 ,
1326 2619 1392 2651 quo
1405 2607 1519 2640 mortis
1531 2618 1645 2649 genere
1666 2607 1746 2640 olim
1758 2605 1832 2640 esset
1845 2609 2018 2650 Cleopatra
2032 2608 2154 2651 peritu-

1151 2664 1205 2685 ra:
1231 2651 1383 2693 nihilque
1407 2650 1569 2683 mirabilis
1593 2652 1627 2683 in
1653 2662 1691 2683 eo
1716 2647 1775 2683 effe
1797 2652 1911 2693 quod,
1934 2663 2030 2695 quam
2054 2676 2064 2692 ‚
2098 2649 2149 2683 fa-

1147 2696 1202 2728 eto
1226 2696 1260 2728 in
1283 2695 1442 2729 damnatis
1466 2693 1632 2735 periculo,
1656 2693 1781 2727 nullum
1805 2696 1904 2729 citius
1929 2696 2021 2729 simul
2043 2716 2053 2734 ,
2091 2695 2154 2728 rni-

1150 2738 1276 2781 tiusque
1300 2740 1332 2771 in
1357 2737 1545 2780 perimendo
1568 2735 1806 2780 deprehendisse
1831 2748 1988 2773 venenum
2026 2737 2153 2771 consta-

1150 2783 1205 2815 bat
1222 2806 1230 2820 ,
1254 2793 1350 2824 quam
1376 2782 1415 2814 ab
1440 2780 1560 2821 aspidis
1584 2780 1713 2817 morsu,
1737 2792 1771 2813 ea
1796 2779 1824 2813 se
1848 2792 1979 2824 quoque
1994 2780 2056 2814 hoc
2078 2781 2151 2824 ipso

1147 2824 1313 2860 necasset.-
1347 2825 1431 2857 nihil
1461 2823 1601 2866 denique
1634 2822 1829 2857 adulationis
1861 2836 1935 2867 erga
1966 2823 2151 2868 Augustum

1147 2868 1259 2906 fuisse,
1285 2867 1451 2903 scribendo
1466 2889 1474 2905 ,
1502 2867 1541 2900 ab
1565 2865 1627 2899 hoc
1649 2866 1742 2901 illam
1765 2866 1873 2901 morsu
1896 2868 2004 2910 potius
2019 2894 2028 2908 ‚
2052 2879 2151 2910 quam

1145 2913 1187 2947 ab
1210 2920 1308 2955 epoto
1332 2921 1473 2948 veneno,
1499 2918 1679 2943 mortuam.
1705 2911 1796 2943 Nam
1820 2912 1908 2953 quod
1922 2911 2068 2954 Velleius
2085 2922 2151 2945 non

1148 2956 1188 2990 fit
1212 2966 1228 2988 a
1252 2955 1482 2994 Quinffiliano
1505 2956 1575 2993 (n)
1597 2954 1682 2986 inter
1707 2954 1844 2987 Latinos
1867 2954 2054 2989 Historicos
2090 2966 2151 2988 no-

1146 3001 1316 3037 minatum
1339 3008 1397 3031 nec
1421 2996 1532 3031 Caesar
1555 2995 1621 3039 ipse
1646 2997 1832 3030 nominatus
1855 2997 1919 3036 est,
1943 2997 2039 3032 credo
2061 2998 2150 3040 quod

1147 3042 1321 3077 laudabilia
1345 3041 1554 3084 quantumvis
1580 3036 1746 3083 utriusque
1770 3041 1897 3081 Scripta
1922 3052 1981 3084 pro
1995 3041 2074 3084 justa
2096 3040 2150 3075 hi-

1148 3087 1243 3120 storia
1260 3110 1268 3123 ,
1292 3085 1329 3118 de
1352 3097 1416 3127 qua
1439 3085 1487 3118 ibi
1512 3090 1577 3117 erat
1604 3082 1727 3121 sermo,
1752 3095 1816 3118 nou
1842 3084 1994 3123 haberet,
2019 3084 2150 3128 quando

1149 3130 1202 3164 sua
1223 3128 1329 3162 Caesar
1352 3128 1418 3171 ipse
1441 3138 1477 3161 ut
1500 3128 1764 3166 Commentaria‚
1800 3128 1975 3170 reliquerat
1994 3151 2006 3168 ,
2038 3128 2149 3162 Velle..

1146 3173 1198 3216 jus
1212 3183 1326 3215 *autem
1348 3171 1483 3214 amplius
1496 3171 1647 3204 volumen
1661 3181 1725 3205 non
1737 3171 1889 3205 unoloco
1901 3171 1964 3214 (o)
1978 3170 2148 3214 pollicitus

1146 3217 1267 3252 summa
1291 3214 1356 3249 fere
1381 3216 1534 3258 attigerat
1557 3214 1683 3255 capita.

1189 3270 1241 3303 39.
1266 3258 1324 3293 Sed
1349 3258 1390 3291 iis
1423 3259 1528 3295 tribus
1561 3257 1698 3290 totidem
1732 3256 1935 3299 objiciuntur
1959 3256 2148 3302 Historici,

1142 3308 1199 3347 qui
1222 3314 1288 3336 non
1311 3301 1398 3336 idem
1421 3301 1709 3343 confirmaverint,
1734 3301 1904 3335 Suetonius
1938 3303 2033 3343 (p),
2068 3303 2146 3339 Plu-

2036 3353 2104 3380 tar.

243 3566 300 3591 Vid.
318 3565 413 3591 Gentili
429 3567 548 3590 Annotaz.
566 3566 614 3591 alla
630 3572 737 3599 pag-,74
754 3573 779 3591 v.
793 3574 832 3597 ²5·
849 3566 912 3592 della
930 3567 993 3590 Lett.
1010 3565 1084 3593 Filos.

240 3600 275 3622 De
291 3596 344 3621 situ
359 3595 423 3621 Orb.
439 3597 456 3622 Ι.
474 3605 510 3628 ι7.
572 3599 586 3626 (
600 3604 617 3625 z
633 3597 646 3624 )
665 3596 768 3630 Plinian.
785 3598 890 3623 Exercit.
907 3598 932 3622 in
948 3596 1026 3621 Solin.

244 3628 433 3682 Maximinis-kq&-
485 3634 493 3657 i
509 3637 521 3653 c
536 3629 550 3657 )
566 3630 603 3652 De
620 3626 711 3651 Medic.
726 3627 744 3651 1.
763 3637 783 3657 ς.
799 3635 820 3652 c.
838 3637 866 3659 ²7
891 3630 916 3652 S.
936 3636 973 3653 10-

1035 3626 1043 3656 (
1061 3599 1103 3661 a}

242 3666 264 3683 c.
495 3657 536 3688 (f
550 3659 562 3686 )
578 3657 638 3687 Eph.
659 3660 693 3681 N.
711 3658 739 3682 C.
756 3660 814 3683 Dec.
834 3669 854 3689 3.
876 3663 903 3683 Α.
923 3666 943 3688 3.
961 3658 1022 3682 Obs.
1038 3667 1078 3688 79.

244 3689 357 3714 Giornale
372 3688 506 3713 de'Letter.
523 3689 546 3713 d’
555 3689 609 3714 Ital.
627 3690 702 3714 Tom.
720 3695 756 3718 33.
774 3691 798 3713 P.
815 3697 836 3716 2,
859 3691 908 3714 Art.
926 3690 950 3712 8.
969 3688 994 3712 in
1011 3688 1053 3713 fin.

245 3722 279 3744 De
296 3720 356 3744 Hlst.
375 3720 483 3743 Animal.
500 3719 518 3743 l.
535 3728 556 3750 9.
573 3727 592 3745 c.
610 3722 648 3744 6¹.

237 3751 312 3778 lnslit.
329 3752 427 3774 Orator.
446 3752 463 3774 1.
483 3757 520 3776 ιο.

237 3786 271 3810 De
287 3780 385 3806 dundee.
402 3780 485 3807 Caesar.
502 3781 625 3811 l.².c.17.

152 3571 169 3816 φ-ᾹΑΑΑΛσ-ρῃ

176 3792 194 3817 Ἢ
179 3763 194 3778 ἓ
180 3671 198 3747 &⁸³⁸2
177 3609 198 3656 u-'Q
183 3579 200 3595 ἓ

206 3571 229 3814 ννυννψυυ

710 3720 724 3747 (
740 3720 750 3743 l
766 3718 779 3748 )
794 3722 829 3745 De
845 3721 907 3745 Gest.
925 3722 998 3744 Rom.
1015 3720 1031 3742 l.
1048 3727 1072 3748 4.
1088 3727 1108 3743 e.

583 3750 620 3780 (ο
635 3750 649 3780 )
665 3749 684 3775 1.
702 3756 725 3774 ².
743 3756 766 3775 ο.
781 3751 819 3780 48.
837 3755 877 3782 96.
895 3757 1002 3780 99·103-
1021 3756 1071 3779 114.
1089 3758 1141 3781 ¹¹9·

1147 3572 1158 3595 <
1173 3578 1189 3594 x
1206 3568 1215 3599 )
1232 3568 1287 3594 Vid.
1305 3568 1364 3594 Redi
1383 3570 1448 3594 Lett.
1465 3568 1509 3594 int.
1523 3569 1572 3595 alle
1587 3570 1707 3601 Qppofiz.

1118 3607 1135 3623 a
1150 3600 1164 3628 )
1181 3600 1283 3625 Pharsal.
1302 3601 1318 3624 1.
1336 3607 1357 3630 9,

1122 3630 1216 3656 Dissert.
1233 3631 1261 3654 de
1277 3631 1378 3655 Tarant.
1394 3637 1415 3654 c.
1432 3638 1456 3659 7.

1139 3662 1184 3692 (g
1203 3663 1208 3689 )
1225 3662 1255 3685 ad
1271 3660 1312 3684 sin.
1330 3663 1424 3685 Armar.
1443 3668 1480 3684 10.

1115 3692 1123 3720 (
1142 3692 1152 3715 i
1168 3695 1181 3721 )
1198 3692 1256 3716 Hist.
1275 3693 1349 3716 Rom.
1365 3692 1381 3715 l.
1401 3700 1421 3715 ι,
1438 3698 1459 3714 c.
1472 3693 1510 3721 87.

1128 3728 1166 3746 u.
1227 3725 1233 3752 (
1254 3729 1277 3746 m
1294 3723 1303 3754 )
1318 3721 1430 3747 Cenfion.
1447 3721 1472 3746 in
1489 3722 1587 3749 auctor,
