2498 4075
316 228 417 264 nullis
450 229 557 270 inepte
581 236 641 269 pro
672 224 742 259 offis
765 223 896 267 hyoidis
928 221 1086 266 particula
1109 245 1119 261 ‚
1149 221 1222 255 aliis
1245 232 1322 255 vero

316 283 375 314 pro
395 272 504 305 annuli
528 269 656 312 Asperae
679 270 823 307 arteriae,
847 266 923 300 ossei
948 264 1026 298 faeti
1048 288 1060 304 ,
1093 266 1242 308 portione
1266 264 1322 298 ha-

317 316 465 349 bentibus
490 326 497 347 :
522 314 579 356 qui
602 314 734 355 propius
757 310 796 346 ad
818 320 926 343 verum
951 307 1075 342 fortasse
1099 307 1287 342 accedebant
1309 330 1321 347 ‚

315 358 448 401 quando
481 357 531 388 vel
556 356 716 389 ramulum
748 354 815 397 ejus
839 354 960 386 arteriae
984 351 1018 384 in
1041 363 1078 385 os
1098 352 1286 385 conversum
1308 375 1322 392 ‚

315 404 348 435 ἃ
373 403 407 433 in
431 398 585 443 phthisici
608 399 740 443 quidem
765 398 916 440 pulmone
937 421 945 435 ‚
970 393 1178 437 deprehendit
1201 393 1321 440 Blalius

316 452 326 485 (
351 457 372 478 u
394 448 429 483 >5
454 455 511 476 nos
531 454 606 476 vero
629 453 692 475 non
715 441 803 474 illius
825 440 925 473 modo
946 440 1072 472 arteriae
1093 438 1247 478 annulos,
1271 438 1321 472 led

316 491 349 522 ὃ(
374 486 501 520 frustula
524 498 593 529 quae
618 488 701 518 intra
725 485 892 527 pulmones
916 481 1107 515 annulorum
1130 482 1206 514 loco
1229 482 1320 522 plura

313 531 531 568 conveniunt,
557 541 596 562 ex
620 528 836 570 cartilagineis
857 525 942 559 faeta
966 524 1068 565 ossea,
1090 533 1127 558 ut
1138 524 1320 567 scripfimus

316 573 354 608 ad
378 583 408 606 te
433 574 509 607 alias
532 576 546 612 (
568 584 589 607 x
611 577 651 614 ),
674 570 839 605 observata
863 569 1016 602 habemus
1042 581 1051 601 .·
1084 566 1319 602 bronchiorum

313 627 420 652 autem
444 617 643 660 fragmenta,
666 614 772 657 qualia
796 627 812 647 a
834 621 988 655 corrupto
1013 611 1166 653 pulmone
1189 610 1291 644 avulsa
1307 634 1320 651 ,

310 664 346 695 in
369 661 453 694 sanie
476 661 559 693 intra
585 658 741 702 plithilici
764 658 930 691 thoracem
952 664 1073 696 reperta
1100 654 1173 688 sunt
1198 677 1208 691 ‚
1242 655 1320 688 talia

315 705 480 738 hominem
513 704 546 735 in
569 713 680 745 magna
713 701 892 744 quantitate
926 708 1066 732 excreare
1098 696 1283 743 consuevisse
1305 721 1318 738 ,

311 747 442 782 testatur
467 747 602 780 Bontius
624 748 679 786 (y
702 749 733 785 ).
760 745 874 785 Neque
895 741 930 774 id
954 742 1117 784 ignoravit
1129 741 1319 782 Hippocra-

312 801 358 826 tes
382 795 395 830 (
417 803 442 835 z
463 793 499 829 ),
520 800 593 822 cum
609 788 699 829 spuit
718 797 780 829 pus
802 811 811 826 ‚
844 783 967 827 scripfit
987 808 1000 824 ,
1028 785 1072 817 (φ
1092 782 1182 817 velut
1203 782 1317 816 ulceris

313 835 427 869 ricinos
451 832 598 865 bronchia
622 832 654 864 in
673 830 821 873 pulmone
836 827 951 862 cartila
973 827 1077 870 inosa:
1104 837 1174 868 quce
1198 826 1236 859 ad
1246 837 1316 859 ver-

311 879 351 910 ba
373 874 485 909 videsis
507 886 578 918 quae
602 877 636 907 in
662 885 728 906 rem
750 872 887 905 nostram
911 872 948 903 Sa
964 872 1014 904 ius
1037 873 1107 909 (a)
1130 868 1314 912 adscripsit.

311 921 403 960 Qin
427 920 574 953 Aretaeus
596 920 610 956 (
631 916 649 949 b
672 922 686 957 )
709 914 886 949 sermonem
909 913 947 947 de
970 915 1013 947 iis
1038 913 1154 946 babens
1177 914 1318 956 quipul-

311 965 419 998 monis
452 960 633 995 absceffibus
667 960 813 994 laborant
832 983 845 999 ‚
876 957 916 991 ad
949 956 1153 1000 propositum
1185 968 1202 989 a
1225 957 1318 990 nobis

307 1009 415 1041 caium
436 1006 485 1039 vel
509 1005 642 1047 propius
666 1003 806 1037 acceffit.
832 1001 1017 1045 Raucescere
1040 1001 1148 1037 enim,
1170 1002 1204 1033 ὃ(
1226 999 1319 1033 breve

302 1052 446 1095 spirare,
471 1047 559 1083 dixit
578 1070 591 1089 ,
623 1050 656 1080 &
679 1047 845 1089 aliquando
869 1055 980 1079 eornm
1002 1043 1177 1087 quempiam
1194 1043 1319 1085 subira-

306 1106 363 1129 nea
387 1106 422 1128 ac
445 1092 542 1127 multi
552 1091 675 1125 humidi
686 1089 873 1125 attraii‘ione
887 1087 1083 1130 strangulari
1098 1108 1107 1123 ‚
1129 1087 1209 1128 quod
1231 1095 1316 1119 arte-

307 1139 356 1172 ria
375 1138 468 1180 puris
491 1135 694 1169 multitudine
717 1131 866 1172 obstrueh
887 1157 896 1171 ‚
932 1141 1033 1165 aerem
1057 1140 1116 1163 non
1149 1129 1281 1171 recipiat
1305 1142 1315 1162 :

307 1182 346 1215 ab
369 1179 484 1215 iisdem
508 1187 612 1212 autem
634 1175 780 1210 bronchia
803 1199 815 1216 ,
847 1175 880 1208 iet
903 1173 943 1214 esi‘
973 1173 1084 1216 asperae
1107 1173 1229 1206 arteriae
1253 1173 1316 1205 cir-

305 1224 391 1258 culos
414 1232 633 1264 nonnunquam
656 1220 751 1262 expui
773 1218 810 1253 ob
833 1218 949 1252 ulceris
971 1217 1159 1250 varietatem
1175 1238 1186 1255 ,
1202 1214 1230 1258 si
1253 1215 1317 1249 alte

304 1265 455 1311 abscessus
469 1271 617 1308 penetrat
642 1277 650 1296 :
687 1263 808 1305 quando
832 1264 874 1296 ά·
893 1258 1078 1304 fragmenta
1107 1257 1240 1300 msa-eris
1261 1269 1318 1292 ex-

300 1311 485 1354 pelluntur.
508 1310 673 1346 Caeterum
699 1305 753 1340 hic
777 1316 906 1348 quoque
925 1328 934 1342 ,
966 1312 1003 1336 ut
1026 1302 1119 1335 verba
1141 1301 1255 1335 ultima
1280 1313 1318 1334 o-

304 1354 453 1389 stendunt
479 1377 488 1390 ,
513 1352 648 1384 latentia
671 1351 756 1382 intra
781 1348 968 1391 pulmonem
991 1345 1226 1379 bronchiorum
1248 1344 1318 1379 fru—

304 1398 383 1435 stula
404 1394 617 1440 significavit.
644 1392 704 1427 Sed
730 1391 865 1427 frustum
888 1389 971 1425 istud
994 1388 1113 1423 offeum
1136 1410 1145 1426 ‚
1169 1400 1185 1422 a
1207 1388 1316 1422 Medi-

304 1455 344 1478 co
369 1441 518 1485 rejectum
541 1462 554 1480 ‚
587 1448 686 1481 neque
709 1435 810 1478 figura
845 1446 918 1469 cum
942 1433 1088 1467 frustulis
1121 1432 1187 1465 illis
1221 1431 1317 1465 bron-

303 1486 456 1521 chiorum
479 1481 620 1517 conferri
645 1488 791 1523 poterat,
815 1490 915 1522 neque
938 1476 1161 1519 magnitudine
1181 1489 1192 1514 3
1215 1485 1252 1509 ut
1275 1474 1317 1509 ad

304 1530 441 1574 majores
465 1527 589 1561 arteriae
614 1524 747 1558 annulos
771 1520 844 1556 esset
868 1520 1066 1555 referendum
1087 1544 1093 1551 .
1121 1520 1214 1558 Quin
1237 1520 1317 1552 Val-

304 1575 388 1609 salva
420 1585 459 1606 ex
481 1572 612 1611 larvnge
645 1566 712 1610 ipsa
735 1590 744 1605 ‚
779 1566 870 1609 cujus
894 1564 1078 1609 grandiores
1111 1563 1317 1609 cartilagines

305 1617 392 1652 haud
418 1627 491 1650 raro
516 1608 614 1646 osseas
638 1610 730 1649 fieri,
754 1609 869 1643 scimus
889 1635 898 1650 ,
923 1607 1087 1641 abscessisse
1102 1630 1114 1647 ,
1138 1605 1317 1648 suspicaba-

304 1671 358 1695 tur
381 1684 389 1699 ,
426 1672 464 1693 ex
487 1657 578 1701 gravi
603 1656 701 1687 etiam
725 1653 872 1694 laryngis
898 1653 983 1684 vitio
1007 1649 1219 1693 improvisam
1244 1651 1316 1683 Me-

303 1706 395 1742 dici,
418 1703 619 1742 subitamque
643 1706 780 1730 mortem
815 1694 971 1728 deducens
996 1703 1162 1737 propterea
1186 1718 1195 1731 ,
1226 1693 1315 1735 quod

303 1749 384 1784 duos
409 1749 443 1780 in
466 1741 674 1780 Nosocomio
696 1739 955 1779 Incurabilium,
978 1737 1121 1779 laryngis
1144 1736 1245 1769 ulcere
1270 1739 1315 1769 al-

301 1803 406 1827 terum
426 1814 440 1833 ‚
463 1790 598 1823 alterum
630 1785 844 1818 carcinomate
876 1781 1074 1815 laborantem
1095 1804 1109 1822 ‚
1138 1788 1312 1826 utrumque

302 1837 439 1875 subito,
463 1836 495 1867 &
519 1841 593 1864 curn
615 1830 721 1862 minus
746 1826 781 1861 id
802 1826 982 1868 expeetaret
1004 1848 1017 1865 ‚
1039 1833 1205 1857 mortuum
1229 1824 1312 1863 ene,

304 1879 595 1914 animadverterat.-
621 1883 689 1916 quo
713 1871 864 1913 Virginis
887 1880 1017 1912 quoque
1039 1867 1167 1908 casum,
1191 1865 1254 1899 tibi
1279 1878 1312 1899 a-

303 1927 362 1961 lias
385 1926 399 1963 (
422 1934 437 1955 c
460 1925 474 1961 )
497 1932 512 1952 a
537 1929 585 1950 me
608 1914 825 1957 descriptum,
848 1911 961 1945 referre
986 1910 1126 1954 poteris.

302 1985 323 2000 „c
348 1970 401 2001 26.
425 1965 586 2006 Laryngis
622 1958 704 1992 faeta
729 1958 854 1991 m-ntio
877 1955 916 1989 ad
948 1955 1139 1988 memoriam
1161 1952 1243 1986 illud
1267 1964 1315 1985 rc-

305 2020 401 2045 vocat
426 2007 503 2042 adeo
528 2005 680 2039 usitatum
703 2013 736 2034 ac
763 2004 878 2034 tritum
901 2000 986 2032 inter
1009 1999 1141 2032 Veteres
1164 1996 1313 2034 Medicos

303 2056 423 2097 dogma
459 2051 496 2085 de
522 2050 585 2082 acri
620 2060 636 2081 a
658 2047 764 2088 capite
797 2046 829 2077 in
855 2044 1018 2086 laryngetn
1039 2065 1052 2082 ‚
1086 2039 1312 2086 pulmonesque

302 2094 481 2134 destillante
514 2093 646 2126 materia
667 2112 681 2130 ,
711 2092 744 2122 δέ
777 2086 935 2131 phthisim
965 2085 1096 2120 demum
1129 2084 1279 2131 afferente
1303 2104 1313 2115 .

305 2142 406 2182 Quod
432 2139 572 2181 dogma,
598 2133 620 2167 si
643 2133 761 2175 capitis
785 2132 915 2165 nomine
939 2129 1117 2172 pharyngis
1132 2125 1313 2168 fornicem,

303 2184 504 2226 internasque
536 2190 624 2213 nares
657 2177 798 2218 accipere
830 2175 998 2210 dumtaxat
1031 2172 1165 2204 velimus
1193 2180 1204 2208 3
1237 2181 1315 2204 cum

303 2243 381 2266 vei-o
404 2226 567 2261 interdum
589 2220 788 2257 consentire,
812 2230 877 2252 uon
902 2216 1105 2260 negabimus.
1131 2211 1315 2248 Glanduioa

306 2278 369 2311 sain
393 2273 478 2306 enim
513 2268 656 2302 tunicam
688 2275 749 2307 qua
781 2263 847 2297 illae
881 2261 1042 2295 instruciae
1074 2259 1147 2292 sunt
1170 2280 1180 2296 ‚
1212 2266 1316 2300 partes

307 2322 475 2354 hums2rem
507 2307 679 2353 aliquando
714 2307 869 2341 secernere
904 2306 961 2348 qui
985 2301 1140 2336 erodendi
1165 2301 1232 2334 vim
1255 2300 1314 2334 ha-

305 2364 400 2401 beat,
422 2356 581 2392 eroliones
604 2364 674 2394 quae
698 2352 731 2383 in
753 2350 829 2393 ipsis
853 2347 1003 2383 accidunt
1027 2345 1172 2389 partibus
1196 2368 1208 2384 ‚
1240 2343 1315 2377 satis

307 2406 459 2440 videntur
482 2396 712 2440 comprobare,
737 2393 819 2427 unde
842 2395 874 2425 &
898 2392 978 2426 alii,
1002 2392 1108 2437 &nos
1130 2391 1143 2426 (
1165 2388 1184 2420 d
1205 2391 1220 2426 )
1243 2386 1315 2428 spu-

307 2461 378 2486 tum
403 2444 564 2487 sanguinis
587 2438 751 2472 interdum
774 2433 1202 2480 provenireoblervaVimus‚
1228 2430 1316 2479 quod

309 2499 341 2528 ἃ
367 2491 407 2525 ab
429 2492 469 2522 iis
492 2485 648 2530 quasoris
672 2490 787 2514 vocant
801 2473 1080 2513 haemorrhoides,
1103 2485 1317 2516 proveniens,

309 2541 475 2580 imponere
499 2542 558 2574 pro
581 2525 763 2570 pulmonari
779 2522 916 2557 Medicis
938 2520 1039 2563 posset
1062 2519 1120 2561 qui
1142 2516 1229 2567 signa
1252 2528 1317 2549 non

309 2578 508 2617 attenderent
540 2573 579 2605 ab
602 2570 802 2612 Hippocrate
824 2570 837 2606 (
860 2577 875 2600 e
896 2569 910 2605 )
931 2565 1014 2597 olim
1032 2587 1041 2603 ‚
1074 2562 1115 2595 ab
1144 2560 1318 2594 Aristotele

342 2623 368 2669 f
383 2627 420 2663 )‚
443 2622 474 2653 &
499 2629 515 2650 a
538 2614 647 2649 Caelio
659 2611 837 2646 Aureliano
860 2612 916 2651 (g
937 2612 951 2648 )
974 2603 1320 2654 propofitaraanel-

311 2667 435 2705 wichio
457 2670 564 2696 autem
587 2661 600 2697 (
623 2656 643 2689 l}
664 2660 678 2696 )
701 2655 845 2690 erudite,
867 2663 922 2684 nec
946 2649 1007 2684 fine
1019 2647 1319 2688 observationibus,

310 2710 466 2748 illustrata
486 2729 499 2746 ‚
531 2703 569 2736 ad
591 2712 669 2744 quas
692 2699 811 2743 poteris
834 2696 932 2730 aliam
965 2693 1076 2727 addere
1099 2692 1319 2741 (TI-,Dethar-

312 2755 418 2798 dingii
442 2751 490 2794 (i
514 2751 546 2787 ).
570 2749 682 2788 Itaque
706 2743 728 2776 fi
752 2754 791 2775 ex
815 2738 984 2773 altioribus
1007 2748 1076 2780 quae
1101 2735 1172 2768 dixi
1194 2758 1203 2773 ,
1238 2737 1318 2781 locis

311 2799 512 2835 delabentem
534 2790 727 2827 humorem,
750 2784 924 2829 praeditum
946 2779 1098 2814 erodendi
1123 2779 1155 2811 vi
1182 2801 1191 2817 ,
1217 2778 1319 2819 subje-

312 2846 402 2879 ctum
425 2837 568 2881 palatum
592 2832 711 2865 mobile
741 2851 751 2867 ,
784 2831 815 2861 ὅ(
841 2825 960 2869 adjeeta
985 2824 1061 2858 huic
1085 2823 1179 2857 uvula
1214 2823 1252 2854 ab
1276 2822 1320 2854 la-

315 2896 416 2930 rynge
440 2891 504 2913 non
530 2883 694 2913 avertant5
718 2872 803 2906 nihil
827 2869 980 2914 prohibet
996 2869 1074 2909 quin
1099 2866 1179 2899 hanc
1193 2865 1322 2915 subeat,

314 2929 479 2973 ipsamque
499 2946 512 2962 ,
543 2923 574 2954 &
598 2919 765 2961 pulmones
789 2913 918 2948 tandem
942 2911 1053 2944 erodat
1076 2934 1088 2951 ,
1112 2919 1167 2943 aut
1191 2919 1285 2941 vitiet
1311 2934 1319 2940 .

316 2968 542 3014 Qamobrem
566 2962 682 3005 quibus
705 2971 739 2991 ea
773 2959 872 3001 palati
898 2968 966 2999 pars
988 2965 1063 2988 cum
1092 2953 1187 2987 uvula
1210 2953 1248 2985 ab
1271 2953 1321 2986 lue

316 3025 472 3052 venerea,
494 3010 534 3043 ab
557 3007 654 3039 aliave
678 3002 769 3037 causa
793 3001 956 3042 absumpta
978 2998 1020 3031 est
1038 3022 1050 3038 ‚
1083 3008 1135 3029 eos
1158 2996 1227 3029 tulli
1249 3020 1260 3036 ,
1291 3000 1323 3029 &

341 3056 442 3095 hthisi
470 3052 598 3088 tandem
631 3047 793 3081 obnoxios
817 3044 883 3077 fieri
905 3066 917 3083 ,
951 3053 1014 3074 non
1039 3042 1132 3076 unius
1166 3039 1290 3073 Medici
1316 3063 1327 3079 ‚

317 3074 413 3147 {tque
437 3094 628 3134 Anatomici
653 3089 904 3124 Observationes
927 3084 1094 3119 ostendunt
1116 3107 1127 3123 ,
1150 3093 1187 3116 ut
1210 3084 1324 3132 &ficl’

312 3150 369 3195 Jo.
395 3142 558 3179 Zachariae
583 3134 713 3170 Petsche
735 3136 750 3172 (
772 3130 790 3173 lz
812 3135 851 3172 )‚
873 3128 1048 3172 nostrisque
1071 3129 1169 3161 etiam
1192 3127 1327 3168 Scriptis

319 3197 330 3232 (
354 3192 365 3225 l
387 3194 402 3231 )
423 3183 611 3228 cognosces.
636 3180 754 3221 Neque
777 3176 863 3208 enim
886 3172 973 3216 quod
997 3173 1088 3205 aliter
1113 3173 1146 3204 in
1171 3179 1260 3217 part-e
1270 3180 1327 3201 no-

318 3236 370 3269 bis
393 3230 497 3266 videre
521 3223 721 3267 contigerit,
745 3229 797 3253 aut
821 3217 856 3251 id
880 3216 967 3259 quod
989 3215 1153 3266 vidimus,
1175 3213 1257 3256 posse
1280 3222 1328 3245 et-

318 3283 385 3312 iam
397 3276 490 3309 aliter
513 3268 689 3312 explicari,
713 3262 980 3298 indicaverimus3
1005 3259 1128 3292 idcirco
1150 3268 1218 3291 earn
1231 3268 1328 3306 quam

321 3320 421 3357 modo
442 3313 715 3350 memoravimus,
738 3310 770 3340 &
794 3316 871 3339 tunc
895 3304 991 3337 etiam
1014 3303 1202 3345 attigimus,
1225 3301 1328 3341 expli-

321 3367 482 3400 cationem
500 3356 626 3405 prorsus
646 3352 812 3395 displicere
825 3347 941 3387 nobis,
964 3345 1190 3380 existimaveris
1204 3367 1211 3374 .
1237 3344 1328 3378 Quin

323 3409 430 3443 eadem
454 3404 555 3447 polita
576 3422 585 3438 ‚
621 3398 744 3442 planius
767 3393 909 3434 intelligi
932 3393 1089 3424 rationem
1111 3412 1124 3430 ‚
1158 3387 1295 3421 fatemur
1317 3410 1330 3427 ,

884 143 1061 198 ‘Liber
1095 143 1166 195 114
1196 141 1281 196 De
1319 138 1525 194 Morbis
1559 138 1821 194 Thoracis

1371 230 1441 263 quae
1464 216 1692 254 Mercurialem
1714 220 1728 255 (
1749 227 1782 250 m
1804 220 1814 255 )
1837 217 1870 249 &
1897 215 2117 259 Gavasi'etium
2137 218 2151 254 <
2171 226 2191 248 n
2212 219 2226 256 )
2251 224 2381 258 permo-

1372 263 1444 302 vit,
1468 270 1504 296 ut
1526 260 1714 295 decubitum
1738 260 1886 302 supinum
1903 286 1912 300 ,
1936 262 1969 293 δε
1991 258 2126 293 ὀεωἯΓο
2148 259 2254 301 capite
2278 260 2380 300 impe-

1375 314 1480 338 rarent
1505 304 1543 337 ad
1567 302 1758 347 graviffimas
1779 324 1788 340 ,
1810 302 2037 346 diuturnasque
2061 302 2100 335 ab
2123 301 2187 336 hoc
2213 303 2246 335 in
2270 301 2380 335 thora-

1372 359 1441 383 cem
1464 347 1685 387 defluxiones,
1709 348 1744 378 in
1765 344 1976 388 cesophagum
2002 347 2136 388 potius,
2160 348 2192 378 δε
2218 346 2382 378 ventricu-

1373 394 1440 426 lum
1460 390 1657 424 avertendas.
1685 391 1737 422 Sic
1761 390 1845 422 enirn
1869 391 1991 432 primus
2015 400 2053 421 eo
2077 400 2141 423 uno
2164 388 2287 421 auxilio
2297 389 2382 421 Ger-

1371 446 1497 469 manam
1520 435 1688 467 mulierem
1711 432 1861 465 liberavit
1885 446 1896 471 3
1929 433 2010 465 alter
2034 441 2140 467 autem
2176 432 2347 473 Virginem
2371 455 2382 472 ,

1370 479 1435 521 jam
1458 478 1642 521 sanguinem
1665 487 1698 509 ea
1721 474 1760 509 de
1781 475 1871 509 causa
1883 476 2087 518 exspuentem
2101 501 2108 514 ,
2132 486 2147 508 a
2169 474 2308 508 Medicis
2320 486 2382 507 no-

1370 521 1748 559 biliffimisdestitutarn,
1771 521 1804 552 δε
1816 520 1852 552 ab
1863 519 2011 553 omnibus
2027 519 2226 562 deploratam
2237 542 2249 558 ,
2272 518 2381 551 eadem

1370 567 1494 599 ratione
1506 563 1589 607 juvit
1614 563 1716 603 adeo,
1738 570 1774 596 ut
1798 562 1902 604 postea
1921 562 2202 606 etiampersanare
2214 563 2381 604 potuerit.

1414 620 1465 650 27.
1489 609 1606 641 Aetius
1628 617 1704 640 vero
1726 608 1740 645 <
1763 617 1780 639 o
1800 608 1815 645 )
1837 606 1965 648 Asperae
1999 608 2123 640 arteriae
2146 606 2253 640 ulcera
2288 615 2381 638 cura-

1371 663 1402 685 re
1423 651 1557 688 docuit,
1581 661 1668 692 :egro
1683 647 1797 691 supino
1819 648 1995 690 reclinato,
2016 657 2110 691 atque
2134 649 2175 682 iis
2200 659 2264 690 quae
2288 649 2377 690 capi-

1370 697 1398 729 zi
1414 694 1651 738 subjiciuntur,
1666 691 1836 735 sublimius
1859 691 1998 730 instratis
2019 716 2032 733 ,
2054 690 2150 726 credo
2174 703 2247 726 cum
2273 691 2305 724 in
2332 691 2380 724 la-

1371 750 1506 781 ryngem
1539 736 1623 770 nihil
1648 735 1802 770 deflueret
1823 758 1832 766 .
1863 735 1912 767 Ea
1935 745 2039 768 autem
2070 736 2174 770 ulcera
2195 759 2208 777 ,
2241 735 2378 768 maxime

1371 793 1469 824 prope
1490 781 1612 814 arteriae
1635 789 1832 815 extremum,
1857 787 1911 811 aut
1933 780 1968 811 in
1992 777 2064 820 ipso
2085 788 2229 812 extremo
2253 802 2265 819 ,
2281 777 2380 821 sana-

1366 824 1444 859 bilia
1467 825 1589 858 omnino
1612 822 1756 862 existere,
1790 820 1854 855 suis
1879 822 1976 855 etiam
2000 821 2098 856 fretus
2122 823 2374 866 experimentis,

1367 866 1566 902 asseveravit.
1592 867 1797 908 Quapropter
1808 864 1980 899 videndum
1991 865 2054 907 est,
2077 876 2114 898 ne
2125 877 2241 901 curatae
2264 863 2380 908 phthi-

1370 912 1408 946 sis
1430 912 1575 954 exempla
1598 908 1767 953 quaedam,
1791 918 1855 941 non
1879 908 1917 941 acl
1943 910 2104 951 pulmonis
2127 909 2250 953 ipsius,
2275 907 2325 941 sed
2338 907 2378 941 ad

1369 958 1493 989 arteriae
1517 954 1627 998 potius
1650 953 1754 987 ulcera
1778 953 1968 985 attinuerint
1991 979 1997 986 .
2036 953 2137 994 Qod
2161 965 2224 986 non
2250 962 2316 984 tarn
2341 950 2380 985 de

1369 999 1530 1036 alioruin,
1556 1008 1654 1041 quam
1677 997 1714 1030 de
1738 1007 1807 1030 mea
1829 995 1966 1038 quadam
1989 997 2154 1029 curatione
2178 996 2303 1030 dietum
2325 1006 2381 1027 ve-

1368 1042 1429 1075 lim
1445 1068 1454 1082 ‚
1478 1040 1560 1076 unde
1582 1042 1723 1074 multum
1756 1039 1859 1073 laudis
1883 1038 2059 1072 adolescens
2083 1039 2180 1073 retuli
2203 1062 2212 1076 ,
2245 1049 2318 1072 cum
2343 1039 2379 1071 in

1369 1087 1478 1118 Patria
1509 1083 1700 1118 medicinam
1733 1093 1907 1116 exercerem
1930 1107 1938 1114 .
1971 1084 2035 1117 Res
2073 1091 2177 1116 autem
2221 1082 2260 1115 ad
2292 1081 2379 1115 hunc

1367 1128 1501 1163 modum
1525 1128 1554 1161 se
1577 1127 1711 1162 habuit.
1850 1127 1914 1160 Vir
1936 1135 2001 1158 erat
2027 1125 2176 1160 Lucensis
2193 1149 2206 1167 ,
2229 1126 2285 1169 qui
2310 1126 2382 1158 Ste-

1367 1171 1490 1215 phanus
1512 1169 1610 1204 Cheli
1632 1171 1832 1208 vocabatur,
1858 1169 1954 1211 longa
1977 1168 2113 1207 statura,
2137 1169 2250 1203 habitu
2263 1179 2381 1210 corpo-

1367 1217 1412 1248 ris
1424 1216 1581 1255 exsucco,
1606 1214 1703 1248 solers
1717 1237 1729 1254 ,
1753 1212 2031 1256 atqueindustrius
2044 1236 2057 1254 ‚
2080 1214 2114 1245 in
2125 1215 2209 1246 curis
2232 1211 2381 1251 affiduis,

1367 1258 1576 1303 gravibusque
1589 1259 1729 1300 negotiis
1740 1257 1877 1290 versatus
1890 1280 1899 1295 ‚
1913 1255 2030 1299 hasque
2042 1257 2138 1289 etiam
2152 1254 2195 1288 ob
2205 1255 2308 1289 causas
2321 1254 2382 1298 hy-

1369 1301 1624 1346 pochondtiacus
1639 1326 1646 1333 .
1673 1302 1772 1335 Hunc
1795 1298 1955 1337 tussicula,
1980 1311 2077 1341 quam
2100 1300 2202 1332 tiocia
2230 1299 2380 1342 sanguine

1368 1346 1459 1386 sputa
1481 1345 1744 1385 comitabantur,
1765 1343 1831 1387 jam
1853 1342 1911 1376 diu
1934 1343 2015 1376 male
2039 1343 2175 1376 habebat
2199 1367 2206 1374 .
2233 1343 2380 1375 Seniores

1367 1388 1491 1425 Medici
1523 1399 1598 1423 cum
1623 1389 1697 1422 alias
1722 1386 1894 1422 herbarum
1917 1387 2184 1428 permulcentium
2209 1411 2220 1426 ,
2251 1389 2283 1419 δε
2306 1398 2379 1427 quae

1368 1434 1536 1476 pulmones
1558 1432 1664 1476 juvare
1687 1431 1859 1466 creduntur
1878 1453 1890 1471 ‚
1914 1429 2011 1463 succis
2035 1453 2044 1467 ,
2080 1430 2158 1463 alias
2181 1430 2261 1462 laste
2278 1428 2382 1462 salini-

1368 1488 1412 1510 no
1433 1500 1446 1517 ,
1479 1476 1555 1508 alias
1575 1475 1727 1518 gelatinis
1750 1485 1829 1518 quas
1851 1483 1967 1506 vocant
1986 1497 1998 1514 ,
2030 1477 2063 1506 &
2084 1472 2154 1516 jure
2178 1471 2346 1506 testudinis
2369 1495 2381 1510 ‚

1368 1518 1529 1553 interdurn
1541 1520 1705 1562 lignorum
1728 1517 1844 1552 dilutis
1861 1515 2126 1557 decoetionibus‚
2150 1527 2382 1559 nonnunquam

1369 1564 1410 1596 iis
1432 1574 1505 1606 quae
1528 1560 1742 1605 adstringendi
1765 1561 1834 1594 vim
1855 1558 1974 1593 habent
1989 1583 2002 1600 ‚
2023 1571 2040 1592 a
2061 1559 2198 1602 chalybe
2221 1560 2382 1603 sumptis,

1369 1609 1401 1640 &
1426 1606 1531 1649 lapide
1556 1605 1742 1644 haematite,
1767 1604 1805 1638 ad
1828 1603 1896 1636 haec
1920 1601 2116 1636 Villensium
2139 1614 2293 1646 aquarum
2320 1614 2381 1643 po-

1368 1652 1516 1689 tatione,
1541 1652 1568 1682 &
1595 1649 1708 1682 balneo
1730 1660 1769 1681 ex
1792 1658 1871 1690 aqua
1897 1645 2075 1686 fluviatili,
2101 1647 2234 1690 aliisque
2257 1646 2383 1689 ejusce-

1364 1692 1455 1726 modi
1479 1691 1500 1725 fi
1524 1703 1635 1726 curare
1660 1691 1782 1734 possent
1805 1690 1943 1729 conati,
1965 1690 2043 1723 adeo
2057 1700 2122 1723 non
2148 1689 2349 1732 profecerant
2366 1714 2380 1731 ,

1364 1746 1401 1770 ut
1423 1736 1680 1770 macilentior-em
1704 1744 1847 1776 aegrum‚
1872 1733 2021 1767 morbum
2049 1742 2155 1766 autern
2179 1732 2315 1767 facerent
2329 1733 2383 1767 de-

1364 1781 1518 1814 teriorem
1537 1791 1549 1819 3
1573 1778 1802 1820 adstringentia
1825 1777 1909 1809 enim
1934 1778 2072 1810 minuere
2095 1778 2201 1810 urinas
2222 1801 2234 1817 ,
2270 1777 2384 1810 balnea

1364 1825 1398 1857 in
1422 1823 1524 1866 sputis
1549 1834 1661 1865 augere
1685 1821 1869 1862 sanguinem
1892 1820 2083 1854 videbantur
2103 1842 2116 1859 ,
2140 1820 2298 1854 Villenses
2327 1833 2383 1854 au-

1364 1875 1430 1900 tern
1453 1879 1542 1909 aquae
1566 1868 1651 1900 intra
1675 1865 1796 1908 primos
1819 1864 1908 1904 dies,
1931 1863 2019 1906 quod
2030 1864 2165 1897 minime
2188 1863 2356 1897 transirent
2372 1889 2383 1904 ,

1364 1912 1500 1943 omnino
1523 1910 1655 1944 fuerunt
1678 1907 1865 1942 omittendae
1887 1933 1896 1945 ‚
1928 1909 1961 1940 &
1985 1907 2132 1950 pleraque
2165 1907 2295 1941 tandem
2320 1906 2384 1940 sto-

1365 1952 1498 1987 machus
1522 1953 1743 1987 aversabatur.
1770 1953 1858 1985 Cum
1882 1949 1969 1984 haud
1991 1952 2099 1984 minus
2123 1961 2247 1993 aegrum
2270 1951 2384 1985 Medi-

1363 2008 1495 2035 corum,
1542 2008 1616 2031 uam
1640 1996 1788 2029 Medicos
1811 1994 1915 2028 morbi
1940 1994 2108 2036 pertaesum
2131 1994 2227 2035 (ΑΓΗ,-
2250 2005 2384 2029 ventum

1364 2040 1404 2074 ad
1428 2051 1478 2073 me
1500 2009 1543 2073 ea
1568 2063 1582 2080 ‚
1612 2041 1668 2082 qui
1693 2049 1762 2072 tum
1795 2038 1970 2072 reverentia
2005 2048 2077 2080 erga
2112 2036 2247 2072 seniores
2269 2063 2278 2078 ‚
2312 2048 2383 2072 tum

1363 2085 1532 2120 communi
1567 2081 1652 2125 apud
1674 2093 1784 2116 omnes
1816 2081 1973 2125 desperati
1996 2080 2062 2124 jam
2085 2083 2192 2115 morbi
2224 2084 2384 2124 opinione

1346 2124 1502 2168 Iduum,
1524 2125 1743 2160 excusationes
1767 2125 1865 2158 attuli
1892 2125 1995 2167 plures
2020 2124 2121 2157 donec
2145 2126 2250 2160 vistus
2266 2127 2384 2159 aurfto-

1365 2172 1481 2209 ritate,
1507 2172 1540 2204 &
1562 2170 1669 2213 gratia
1691 2179 1803 2203 eorum
1828 2168 1944 2211 quibus
1967 2168 2045 2211 aegri
2071 2167 2152 2202 salus
2174 2169 2273 2202 cordi.
2290 2180 2356 2203 erat
2371 2194 2384 2210 ,

1366 2216 1412 2249 ita
1437 2224 1548 2247 manus
1570 2212 1666 2252 dedi,
1689 2221 1727 2247 ut
1751 2211 1866 2245 scirent
1889 2211 1999 2245 cuncti
2024 2235 2038 2252 ‚
2073 2222 2123 2245 me
2146 2213 2287 2246 invitum
2313 2237 2325 2253 ‚
2349 2217 2383 2246 δε

1366 2257 1452 2292 nihil
1477 2259 1744 2299 promittentem,
1768 2255 1878 2288 alienae
1889 2254 2022 2298 obsequi
2048 2256 2210 2289 voluntati
2234 2267 2384 2290 nontam

1367 2311 1404 2335 ut
1427 2311 1550 2342 aegrum
1572 2310 1715 2333 curarem
1738 2320 1748 2345 2
1784 2310 1882 2341 quam
1904 2310 1941 2331 ne
1977 2298 2148 2332 desererem
2178 2323 2186 2330 .
2222 2301 2303 2333 Erat
2329 2299 2387 2332 hic

1367 2352 1576 2382 extenuatus,
1602 2342 1801 2384 infirmisque
1826 2342 1890 2382 jam
1913 2342 2035 2375 viribus
2059 2363 2069 2379 ‚
2102 2345 2135 2375 &
2159 2342 2271 2376 somno
2294 2343 2386 2377 brevi

1366 2398 1463 2431 atque
1487 2388 1671 2429 interrupto
1694 2410 1701 2418 .
1736 2386 1861 2418 Tamen
1882 2396 1957 2418 cum
1980 2384 2102 2418 febrem
2129 2409 2139 2425 ,
2176 2386 2284 2419 saltem
2319 2385 2387 2420 affi-

1368 2431 1485 2468 duam,
1509 2428 1606 2463 abesse
1630 2429 1768 2462 viderem
1790 2451 1804 2469 ,
1835 2429 1925 2470 rejici
1948 2438 2053 2462 autem
2073 2437 2129 2470 per
2145 2428 2278 2470 sputum
2297 2453 2310 2469 ‚
2347 2439 2385 2464 ut

1367 2475 1481 2507 Aetius
1506 2474 1652 2515 loquitur
1676 2475 1689 2510 (
1708 2482 1731 2514 p
1755 2475 1791 2511 )‚
1812 2470 1985 2513 purulenta
2006 2481 2131 2512 pauca,
2154 2483 2190 2504 ac
2212 2481 2343 2506 cruenta
2368 2497 2383 2515 ‚

1369 2528 1471 2561 neque
1496 2517 1572 2549 alibi
1590 2514 1714 2558 sensum
1737 2514 1850 2548 doloris
1872 2512 2031 2557 marzifisle
2049 2514 2201 2556 percipi,
2225 2515 2282 2548 nisi
2306 2516 2388 2557 jux..

1371 2569 1404 2594 ta
1427 2560 1641 2594 exulceratum
1673 2557 1803 2600 Asperae
1836 2559 1958 2590 arteriae
1982 2557 2085 2592 locum
2112 2582 2121 2597 ,
2155 2556 2187 2591 id
2212 2560 2255 2592 est
2287 2558 2386 2601 paulo

1371 2603 1455 2637 infra
1479 2603 1674 2645 laryngem:
1710 2612 1846 2643 cumque
1869 2612 1907 2633 ex
1940 2601 2092 2634 omnibus
2125 2612 2196 2643 quae
2232 2601 2386 2637 adhibita

1371 2647 1520 2686 fuerant,
1547 2646 1677 2680 auxiliis
1700 2644 1766 2678 duo
1791 2642 1914 2686 aliquid
1938 2644 2107 2677 contulisse
2130 2666 2144 2684 ,
2169 2645 2345 2679 invenirem
2369 2671 2384 2688 ‚

1369 2703 1441 2734 quae
1465 2689 1503 2723 ad
1528 2700 1560 2722 ea
1586 2690 1685 2723 ulcera
1710 2688 1748 2721 ab
1769 2688 1868 2721 Aetio
1892 2690 1903 2726 (
1927 2698 1945 2730 q
1967 2692 1981 2727 )
2006 2687 2177 2720 laudantur
2200 2712 2209 2725 ‚
2235 2692 2387 2724 arteriaca

1371 2735 1521 2767 videlicet
1540 2731 1600 2774 sub
1623 2732 1729 2775 lingua
1752 2732 1876 2765 detenta
1899 2753 1912 2771 ,
1935 2739 1972 2764 ur
1990 2730 2151 2772 paulatim
2175 2731 2349 2775 liquefaft'a
2372 2759 2387 2775 ,

1372 2778 1404 2811 in
1428 2777 1570 2820 asperam
1593 2777 1745 2809 arteriam
1768 2773 1976 2814 delabantur,
1999 2772 2217 2808 &exhibitum
2242 2777 2290 2810 lac
2312 2789 2387 2819 quo-

1374 2821 1452 2854 tidie
1477 2830 1579 2853 recens
1603 2818 1755 2852 milleium
1777 2816 1815 2850 ab
1826 2815 1974 2864 'adstante
1996 2816 2094 2850 adhuc
2117 2818 2270 2857 arzimali5
2296 2819 2383 2862 spem

1375 2865 1539 2907 aliquam,
1564 2862 1615 2895 sed
1638 2864 1792 2899 tacitam,
1817 2860 1925 2893 rovere
1936 2861 2045 2902 coepi,
2069 2862 2101 2892 ὅ(
2126 2863 2283 2896 rationem
2297 2875 2389 2906 quae.

1374 2919 1439 2942 rere
1463 2905 1645 2943 efficiendi,
1671 2915 1706 2939 ut
1729 2916 1799 2947 quae
1823 2903 1971 2936 nonnihil
1997 2902 2183 2946 profuerant
2204 2930 2213 2945 ‚
2238 2917 2271 2939 ea
2295 2908 2388 2941 deni-

1374 2964 1434 2994 que
1460 2950 1678 2993 ptr-sanarent.
1706 2947 1763 2981 Ufi
1786 2957 1873 2979 erant
1897 2945 2067 2980 trochiscis
2089 2968 2099 2983 ‚
2131 2950 2186 2988 qui
2210 2950 2244 2982 in
2267 2962 2320 2985 ore
2346 2952 2386 2986 li-

1377 3005 1553 3037 quarentur
1569 3017 1581 3034 ,
1603 3005 1642 3025 ex
1666 2991 1824 3038 speciebus
1847 2989 2108 3032 diatragacanthi
2134 2990 2273 3033 frigidi,
2296 2995 2387 3028 &la-

1377 3040 1426 3071 ste
1438 3061 1450 3078 ,
1473 3048 1508 3071 ut
1525 3036 1651 3071 dictum
1664 3036 1728 3075 est,
1752 3035 1888 3075 asinino,
1901 3035 1981 3067 unde
1994 3034 2206 3076 punfftionum
2220 3038 2253 3069 in
2264 3038 2388 3079 Aspera

1379 3083 1495 3114 arteria
1520 3080 1622 3114 sensus
1633 3089 1708 3113 tunc
1719 3077 1859 3112 cumilla
1871 3078 2126 3118 adhiberentur,
2150 3083 2387 3122 propemodum

1382 3124 1520 3158 sublatus
1544 3123 1670 3162 fuerat,
1693 3124 1726 3155 &
1749 3123 1830 3155 vires
1854 3132 1926 3155 cum
1950 3121 2062 3155 somno
2085 3122 2234 3156 nonnihil
2263 3126 2382 3159 au&ae.

1382 3170 1470 3202 Cum
1493 3177 1663 3211 quaererem
1683 3191 1691 3204 ‚
1713 3176 1768 3199 cur
1791 3166 1894 3207 igitur
1916 3167 1950 3197 in
1973 3176 2086 3198 eorum
2108 3176 2178 3208 quae
2202 3166 2351 3208 juverant
2375 3191 2385 3206 ,

1381 3210 1437 3245 usu
1462 3223 1525 3245 non
1545 3208 1746 3253 perstitisset3
1770 3221 1786 3242 a
1811 3207 1981 3242 trochiscis
2003 3207 2132 3251 quidem
2147 3209 2220 3243 laedi
2245 3210 2302 3245 libi
2325 3210 2389 3245 sto-

1378 3255 1552 3292 maehum,
1576 3251 1762 3296 respondit,·
1785 3264 1800 3284 a
1825 3252 1902 3286 latfie
1924 3264 1999 3285 vero
2020 3263 2093 3285 cum
2107 3254 2248 3294 primum
2262 3266 2294 3287 ea
2306 3266 2387 3297 prae-

1379 3298 1452 3332 stari
1478 3299 1600 3332 utilitas
1625 3297 1787 3329 videretur
1804 3307 1817 3334 ,⁴
1839 3307 1917 3329 mox
1941 3306 2047 3329 tamen
2071 3296 2181 3338 priora
2205 3299 2313 3330 omnia
2338 3309 2388 3331 re-

1382 3340 1488 3376 diisse.
1516 3343 1573 3374 Sed
1599 3350 1656 3376 tu,
1682 3341 1812 3382 inquam
1833 3362 1846 3379 ,
1869 3339 1978 3378 vitasti
1999 3342 2120 3371 interea
2143 3349 2273 3375 ventum
2300 3365 2311 3382 ,
2345 3342 2389 3374 &⁸

1375 3384 1501 3428 solem?
1524 3384 1557 3419 id
1579 3385 1666 3417 enim
1689 3383 1727 3416 ab
1753 3383 1955 3426 Hippocrate
1979 3386 1992 3422 <
2014 3393 2030 3415 ν
2051 3385 2065 3421 )
2089 3384 2128 3415 iis
2152 3383 2265 3417 diserte
2286 3386 2389 3427 impe-

2237 3437 2344 3462 ratum

325 3519 2390 3553 w

599 3627 604 3632 .
634 3626 640 3631 .
672 3606 717 3630 .S.
752 3600 909 3629 ‚obs.16.
972 3597 1131 3627 (x)Epist.
1149 3603 1226 3627 15.n.
1244 3596 1281 3618 18.
1305 3624 1310 3628 .

386 3608 751 3669 ιίὲἒέἓξπιιιέτξῗὲιιὶηιεὶυῖἀῗ
766 3633 782 3659 Ι.
798 3638 820 3658 t.
837 3609 897 3659 119?
951 3628 958 3658 (
977 3629 994 3663 l?¹
1009 3629 1017 3659 J
1032 3632 1067 3654 De
1084 3627 1152 3653 Caus.
1170 3627 1193 3651 &
1208 3628 1270 3650 Not.
1287 3625 1395 3649 diuturn.
1415 3624 1500 3648 Affest.
1518 3624 1534 3648 1.
1556 3631 1574 3648 i.
1592 3631 1613 3647 c.
1632 3631 1667 3646 10.

389 3674 404 3702 (
419 3673 435 3696 d
456 3677 461 3701 5
478 3671 550 3699 Epist.
571 3674 633 3693 Anat
662 3676 682 3695 9.
698 3673 725 3690 n.
744 3673 779 3694 14.
841 3664 855 3692 ζ
870 3670 881 3686 e
899 3659 907 3688 )
923 3659 1027 3685 Praedia.
1041 3660 1059 3684 Ι.
1076 3667 1099 3695 2..
1118 3667 1141 3682 n.
1159 3666 1196 3686 ²7⁴

389 3705 405 3733 (
421 3704 436 3727 h
456 3706 461 3731 )
478 3703 541 3729 pr.
560 3703 593 3725 N.
611 3702 638 3723 C.
657 3700 715 3721 Dec.
732 3704 753 3725 3.
771 3694 804 3718 A.
823 3701 844 3721 9.
863 3690 921 3716 obs.
939 3692 989 3715 118.
1054 3690 1068 3719 (
1084 3699 1093 3713 ι
1115 3691 1121 3716 )
1139 3687 1242 3722 Ean-und.
1259 3688 1330 3710 Ceut.
1347 3695 1371 3715 7.
1389 3685 1448 3710 obs.
1466 3693 1505 3714 73.

390 3735 405 3762 (
420 3735 429 3757 Ζ
445 3734 459 3761 )
476 3731 549 3759 Epist.
568 3733 637 3755 Anat.
660 3736 679 3753 a.
699 3735 722 3750 n.
742 3733 757 3752 01
780 3727 802 3748 δι
820 3732 856 3748 io.
919 3721 931 3750 ί
948 3729 971 3743 m
989 3722 1001 3749 )
1017 3720 1030 3749 (
1045 3721 1089 3754 ηε)
1107 3722 1142 3743 De
1160 3718 1258 3741 indicat.
1277 3719 1361 3742 Curat.
1378 3724 1398 3741 c.
1417 3724 1453 3746 5²-

389 3765 403 3793 (
420 3772 434 3794 q
451 3768 461 3795 )
479 3760 540 3788 ibid,
605 3760 618 3789 (
633 3766 645 3783 v
660 3758 675 3787 )
687 3758 724 3783 De
739 3752 824 3780 Morb.
842 3754 858 3778 i.
874 3759 899 3777 ι.
916 3757 933 3776 t.
950 3751 1013 3780 apud
1030 3751 1123 3775 Selium
1141 3757 1192 3775 in.
1210 3750 1232 3773 ει
1248 3754 1301 3775 114.

1343 3593 1384 3624 (y
1400 3597 1411 3620 )
1428 3593 1552 3622 Sepulchr.
1574 3594 1597 3616 S.
1615 3601 1638 3621 7.
1657 3593 1729 3617 modo
1746 3592 1787 3618 cit.
1805 3593 1860 3618 Obs
1885 3602 1922 3618 12.

1261 3658 1267 3682 s
1284 3655 1323 3685 f)
1341 3659 1374 3680 De
1391 3655 1483 3679 Pax-tib.
1501 3655 1607 3678 Animal.
1627 3657 1644 3678 l.
1663 3663 1683 3683 3-
1702 3662 1720 3677 c.
1741 3663 1762 3683 5.

1853 3625 1857 3627 b
1982 3594 1993 3623 (
2011 3603 2028 3623 z
2045 3594 2054 3625 )
2072 3597 2108 3620 De
2125 3596 2221 3622 Morbis
2239 3599 2259 3622 1.
2273 3605 2298 3621 ι.

1731 3627 1768 3648 (c
1785 3625 1797 3653 )
1814 3625 1888 3653 Epist.
1910 3632 1945 3653 ις.
1964 3632 1987 3647 n.
2005 3634 2041 3654 13.

1823 3655 1837 3684 (
1850 3664 1867 3684 g
1886 3656 1893 3684 )
1913 3655 1994 3687 Morb.
2013 3656 2101 3680 chron.
2119 3659 2134 3683 1.
2154 3665 2175 3681 2.
2193 3666 2212 3683 c.
2233 3667 2266 3684 ιι.

1570 3686 1583 3712 (
1595 3683 1609 3707 le
1630 3686 1641 3711 )
1658 3687 1756 3713 Syllmze
1773 3686 1845 3709 Anat.
1864 3685 1921 3708 ΟΜ.
1940 3688 1963 3714 9.
1981 3687 2020 3714 87.

1521 3715 1529 3745 (
1546 3724 1558 3740 o
1574 3718 1585 3742 >
1601 3715 1692 3740 Medic.
1712 3715 1845 3740 Tetiabibl.
1863 3724 1884 3745 3.
1902 3718 1980 3740 Setin.
2000 3724 2020 3740 1.
2036 3724 2058 3741 c.
2075 3719 2113 3746 6⁴·
2177 3721 2189 3748 ί
2204 3727 2220 3750 ρ
2236 3727 2245 3748 )
2266 3724 2282 3745 ε’,
2297 3724 2334 3749 5⁴·
2346 3720 2387 3745 cit.
