<?xml version="1.0" encoding="UTF-8"?>
<!DOCTYPE html PUBLIC "-//W3C//DTD XHTML 1.0 Transitional//EN"
    "http://www.w3.org/TR/xhtml1/DTD/xhtml1-transitional.dtd">
<html xmlns="http://www.w3.org/1999/xhtml" xml:lang="en" lang="en">
 <head>
  <title>
</title>
<meta http-equiv="Content-Type" content="text/html;charset=utf-8" />
  <meta name='ocr-system' content='tesseract 3.04.00' />
  <meta name='ocr-capabilities' content='ocr_page ocr_carea ocr_par ocr_line ocrx_word'/>
</head>
<body>
  <div class='ocr_page' id='page_1' title='image "./desedibusetcausi00morg_0245.png"; bbox 0 0 2498 4075; ppageno 0'>
   <div class='ocr_carea' id='block_1_1' title="bbox 454 233 1691 305">
    <p class='ocr_par' dir='ltr' id='par_1_1' title="bbox 454 233 1691 305">
     <span class='ocr_line' id='line_1_1' title="bbox 454 233 1691 305; baseline -0.003 -13"><span class='ocrx_word' id='word_1_1' title='bbox 454 236 605 305; x_wconf 81' lang='lat' dir='ltr'>Epist.</span> <span class='ocrx_word' id='word_1_2' title='bbox 641 239 806 291; x_wconf 83' lang='lat' dir='ltr'>Anat.</span> <span class='ocrx_word' id='word_1_3' title='bbox 840 237 1053 291; x_wconf 86' lang='lat' dir='ltr'>Medica.</span> <span class='ocrx_word' id='word_1_4' title='bbox 1086 235 1233 290; x_wconf 87' lang='lat' dir='ltr'>XIV.</span> <span class='ocrx_word' id='word_1_5' title='bbox 1266 233 1485 302; x_wconf 55' lang='lat' dir='ltr'>Att.„42.</span> <span class='ocrx_word' id='word_1_6' title='bbox 1519 237 1574 288; x_wconf 84' lang='lat'>&amp;</span> <span class='ocrx_word' id='word_1_7' title='bbox 1606 249 1691 302; x_wconf 87' lang='lat'>43·</span> 
     </span>
    </p>
   </div>
   <div class='ocr_carea' id='block_1_2' title="bbox 48 312 1061 3652">
    <p class='ocr_par' dir='ltr' id='par_1_2' title="bbox 48 312 1061 2124">
     <span class='ocr_line' id='line_1_2' title="bbox 63 312 1061 357; baseline 0 -9"><span class='ocrx_word' id='word_1_8' title='bbox 63 312 184 348; x_wconf 80' lang='lat' dir='ltr'>sensum</span> <span class='ocrx_word' id='word_1_9' title='bbox 207 314 292 347; x_wconf 83' lang='lat' dir='ltr'>eirca</span> <span class='ocrx_word' id='word_1_10' title='bbox 316 325 383 348; x_wconf 79' lang='lat' dir='ltr'>cam</span> <span class='ocrx_word' id='word_1_11' title='bbox 406 314 513 357; x_wconf 85' lang='lat' dir='ltr'>Spinae</span> <span class='ocrx_word' id='word_1_12' title='bbox 536 314 637 348; x_wconf 75' lang='lat' dir='ltr'>sedem</span> <span class='ocrx_word' id='word_1_13' title='bbox 662 315 700 347; x_wconf 86' lang='lat' dir='ltr'>ab</span> <span class='ocrx_word' id='word_1_14' title='bbox 724 313 844 349; x_wconf 69' lang='lat' dir='ltr'>affec‘tis</span> <span class='ocrx_word' id='word_1_15' title='bbox 877 315 1061 357; x_wconf 85' lang='lat' dir='ltr'>appendici-</span> 
     </span>
     <span class='ocr_line' id='line_1_3' title="bbox 63 356 1060 400; baseline -0.001 -9"><span class='ocrx_word' id='word_1_16' title='bbox 63 359 123 391; x_wconf 87' lang='lat' dir='ltr'>bus</span> <span class='ocrx_word' id='word_1_17' title='bbox 147 356 257 399; x_wconf 86' lang='lat' dir='ltr'>preffi,</span> <span class='ocrx_word' id='word_1_18' title='bbox 280 367 332 390; x_wconf 87' lang='lat' dir='ltr'>aut</span> <span class='ocrx_word' id='word_1_19' title='bbox 358 359 478 391; x_wconf 83' lang='lat' dir='ltr'>irritati</span> <span class='ocrx_word' id='word_1_20' title='bbox 502 358 580 400; x_wconf 86' lang='lat' dir='ltr'>septi</span> <span class='ocrx_word' id='word_1_21' title='bbox 617 357 802 392; x_wconf 87' lang='lat' dir='ltr'>Transversi</span> <span class='ocrx_word' id='word_1_22' title='bbox 836 357 988 391; x_wconf 77' lang='lat' dir='ltr'>deducere</span> <span class='ocrx_word' id='word_1_23' title='bbox 1020 358 1060 391; x_wconf 82' lang='lat' dir='ltr'>sic</span> 
     </span>
     <span class='ocr_line' id='line_1_4' title="bbox 65 400 1061 442; baseline -0.001 -8"><span class='ocrx_word' id='word_1_24' title='bbox 65 410 171 434; x_wconf 84' lang='lat' dir='ltr'>tamen</span> <span class='ocrx_word' id='word_1_25' title='bbox 185 423 194 438; x_wconf 93' lang='lat'>,</span> <span class='ocrx_word' id='word_1_26' title='bbox 219 409 254 433; x_wconf 91' lang='lat' dir='ltr'>ut</span> <span class='ocrx_word' id='word_1_27' title='bbox 278 411 389 442; x_wconf 87' lang='lat' dir='ltr'>aquam</span> <span class='ocrx_word' id='word_1_28' title='bbox 411 403 444 434; x_wconf 91' lang='lat' dir='ltr'>in</span> <span class='ocrx_word' id='word_1_29' title='bbox 468 400 620 440; x_wconf 79' lang='lat' dir='ltr'>thorace,</span> <span class='ocrx_word' id='word_1_30' title='bbox 642 411 706 433; x_wconf 90' lang='lat' dir='ltr'>non</span> <span class='ocrx_word' id='word_1_31' title='bbox 729 402 762 433; x_wconf 92' lang='lat' dir='ltr'>in</span> <span class='ocrx_word' id='word_1_32' title='bbox 776 402 1061 442; x_wconf 78' lang='lat' dir='ltr'>pericardio‚con-</span> 
     </span>
     <span class='ocr_line' id='line_1_5' title="bbox 62 443 1059 488; baseline -0.001 -11"><span class='ocrx_word' id='word_1_33' title='bbox 62 443 178 487; x_wconf 83' lang='lat' dir='ltr'>gestam</span> <span class='ocrx_word' id='word_1_34' title='bbox 202 446 421 486; x_wconf 86' lang='lat' dir='ltr'>ai·gueret.Et</span> <span class='ocrx_word' id='word_1_35' title='bbox 434 454 612 486; x_wconf 88' lang='lat' dir='ltr'>quanquam</span> <span class='ocrx_word' id='word_1_36' title='bbox 637 445 670 476; x_wconf 89' lang='lat' dir='ltr'>in</span> <span class='ocrx_word' id='word_1_37' title='bbox 693 445 840 477; x_wconf 79' lang='lat' dir='ltr'>cadavere</span> <span class='ocrx_word' id='word_1_38' title='bbox 865 444 902 477; x_wconf 90' lang='lat' dir='ltr'>de</span> <span class='ocrx_word' id='word_1_39' title='bbox 924 457 991 488; x_wconf 88' lang='lat' dir='ltr'>quo</span> <span class='ocrx_word' id='word_1_40' title='bbox 1013 444 1059 476; x_wconf 88' lang='lat' dir='ltr'>ibi</span> 
     </span>
     <span class='ocr_line' id='line_1_6' title="bbox 62 486 1058 531; baseline -0.002 -10"><span class='ocrx_word' id='word_1_41' title='bbox 62 486 291 530; x_wconf 75' lang='lat' dir='ltr'>loquebamur,</span> <span class='ocrx_word' id='word_1_42' title='bbox 315 497 350 521; x_wconf 90' lang='lat' dir='ltr'>ut</span> <span class='ocrx_word' id='word_1_43' title='bbox 374 489 407 519; x_wconf 90' lang='lat' dir='ltr'>in</span> <span class='ocrx_word' id='word_1_44' title='bbox 445 488 506 519; x_wconf 90' lang='lat' dir='ltr'>hoc</span> <span class='ocrx_word' id='word_1_45' title='bbox 541 498 668 529; x_wconf 89' lang='lat' dir='ltr'>quoque</span> <span class='ocrx_word' id='word_1_46' title='bbox 689 510 701 526; x_wconf 89' lang='lat'>,</span> <span class='ocrx_word' id='word_1_47' title='bbox 733 487 906 531; x_wconf 80' lang='lat' dir='ltr'>utrobique</span> <span class='ocrx_word' id='word_1_48' title='bbox 937 496 1058 529; x_wconf 84' lang='lat' dir='ltr'>reperta</span> 
     </span>
     <span class='ocr_line' id='line_1_7' title="bbox 61 529 1058 574; baseline -0.001 -11"><span class='ocrx_word' id='word_1_49' title='bbox 61 530 126 569; x_wconf 86' lang='lat' dir='ltr'>est;</span> <span class='ocrx_word' id='word_1_50' title='bbox 148 532 180 562; x_wconf 87' lang='lat' dir='ltr'>in</span> <span class='ocrx_word' id='word_1_51' title='bbox 207 529 270 561; x_wconf 80' lang='lat' dir='ltr'>alio</span> <span class='ocrx_word' id='word_1_52' title='bbox 294 541 400 563; x_wconf 85' lang='lat' dir='ltr'>tamen</span> <span class='ocrx_word' id='word_1_53' title='bbox 425 531 493 562; x_wconf 92' lang='lat' dir='ltr'>viro</span> <span class='ocrx_word' id='word_1_54' title='bbox 514 532 528 569; x_wconf 84' lang='lat'>&lt;</span> <span class='ocrx_word' id='word_1_55' title='bbox 549 540 568 562; x_wconf 85' lang='lat' dir='ltr'>u</span> <span class='ocrx_word' id='word_1_56' title='bbox 589 530 606 572; x_wconf 86' lang='lat'><em>)</em></span> <span class='ocrx_word' id='word_1_57' title='bbox 630 531 684 571; x_wconf 86' lang='lat' dir='ltr'>qui</span> <span class='ocrx_word' id='word_1_58' title='bbox 711 530 769 564; x_wconf 78' lang='lat' dir='ltr'>illa</span> <span class='ocrx_word' id='word_1_59' title='bbox 789 538 880 572; x_wconf 85' lang='lat' dir='ltr'>parte</span> <span class='ocrx_word' id='word_1_60' title='bbox 902 530 1003 574; x_wconf 80' lang='lat' dir='ltr'>dorsi,</span> <span class='ocrx_word' id='word_1_61' title='bbox 1025 531 1058 563; x_wconf 84' lang='lat' dir='ltr'>in</span> 
     </span>
     <span class='ocr_line' id='line_1_8' title="bbox 62 572 1056 616; baseline 0 -10"><span class='ocrx_word' id='word_1_62' title='bbox 62 584 122 616; x_wconf 79' lang='lat' dir='ltr'>qua</span> <span class='ocrx_word' id='word_1_63' title='bbox 145 572 345 615; x_wconf 76' lang='lat' dir='ltr'><em>diaphragma</em></span> <span class='ocrx_word' id='word_1_64' title='bbox 369 573 502 606; x_wconf 78' lang='lat' dir='ltr'>mediam</span> <span class='ocrx_word' id='word_1_65' title='bbox 527 573 568 605; x_wconf 64' lang='grc' dir='ltr'>(θ’</span> <span class='ocrx_word' id='word_1_66' title='bbox 591 572 731 615; x_wconf 78' lang='lat' dir='ltr'>infimam</span> <span class='ocrx_word' id='word_1_67' title='bbox 754 574 890 614; x_wconf 81' lang='lat' dir='ltr'>corporis</span> <span class='ocrx_word' id='word_1_68' title='bbox 903 574 1056 615; x_wconf 80' lang='lat' dir='ltr'><em>regionem</em></span> 
     </span>
     <span class='ocr_line' id='line_1_9' title="bbox 61 614 1058 657; baseline -0.001 -7"><span class='ocrx_word' id='word_1_69' title='bbox 61 617 179 650; x_wconf 75' lang='lat' dir='ltr'>dividit</span> <span class='ocrx_word' id='word_1_70' title='bbox 193 639 205 656; x_wconf 92' lang='lat'>,</span> <span class='ocrx_word' id='word_1_71' title='bbox 227 617 392 651; x_wconf 77' lang='lat' dir='ltr'>immanem</span> <span class='ocrx_word' id='word_1_72' title='bbox 415 614 598 657; x_wconf 65' lang='lat' dir='ltr'>paciebatur</span> <span class='ocrx_word' id='word_1_73' title='bbox 620 616 774 653; x_wconf 75' lang='lat' dir='ltr'>dolorem,</span> <span class='ocrx_word' id='word_1_74' title='bbox 801 616 918 649; x_wconf 89' lang='lat' dir='ltr'>humor</span> <span class='ocrx_word' id='word_1_75' title='bbox 941 615 1058 649; x_wconf 81' lang='lat' dir='ltr'>setosus</span> 
     </span>
     <span class='ocr_line' id='line_1_10' title="bbox 60 658 1056 701; baseline -0.002 -9"><span class='ocrx_word' id='word_1_76' title='bbox 60 662 94 692; x_wconf 87' lang='lat' dir='ltr'>in</span> <span class='ocrx_word' id='word_1_77' title='bbox 118 659 274 699; x_wconf 81' lang='lat' dir='ltr'>thorace,</span> <span class='ocrx_word' id='word_1_78' title='bbox 296 670 362 692; x_wconf 86' lang='lat' dir='ltr'>non</span> <span class='ocrx_word' id='word_1_79' title='bbox 387 660 419 691; x_wconf 90' lang='lat' dir='ltr'>in</span> <span class='ocrx_word' id='word_1_80' title='bbox 445 658 647 701; x_wconf 87' lang='lat' dir='ltr'>pericardio,</span> <span class='ocrx_word' id='word_1_81' title='bbox 670 660 818 692; x_wconf 87' lang='lat' dir='ltr'>inventus</span> <span class='ocrx_word' id='word_1_82' title='bbox 842 669 1056 692; x_wconf 86' lang='lat' dir='ltr'>memoratur.</span> 
     </span>
     <span class='ocr_line' id='line_1_11' title="bbox 60 702 1060 745; baseline -0.003 -8"><span class='ocrx_word' id='word_1_83' title='bbox 60 704 108 737; x_wconf 85' lang='lat' dir='ltr'>At</span> <span class='ocrx_word' id='word_1_84' title='bbox 132 705 216 737; x_wconf 89' lang='lat' dir='ltr'>enim</span> <span class='ocrx_word' id='word_1_85' title='bbox 242 702 475 742; x_wconf 86' lang='lat' dir='ltr'>pericardium,</span> <span class='ocrx_word' id='word_1_86' title='bbox 501 703 652 745; x_wconf 81' lang='lat' dir='ltr'>inquies,</span> <span class='ocrx_word' id='word_1_87' title='bbox 674 713 739 744; x_wconf 86' lang='lat' dir='ltr'>qno</span> <span class='ocrx_word' id='word_1_88' title='bbox 775 704 876 743; x_wconf 85' lang='lat' dir='ltr'>magis</span> <span class='ocrx_word' id='word_1_89' title='bbox 910 702 1060 735; x_wconf 87' lang='lat' dir='ltr'>distendi-</span> 
     </span>
     <span class='ocr_line' id='line_1_12' title="bbox 60 744 1059 789; baseline -0.002 -8"><span class='ocrx_word' id='word_1_90' title='bbox 60 757 129 784; x_wconf 87' lang='lat' dir='ltr'>tur,</span> <span class='ocrx_word' id='word_1_91' title='bbox 156 758 194 779; x_wconf 88' lang='lat' dir='ltr'>eo</span> <span class='ocrx_word' id='word_1_92' title='bbox 216 744 317 787; x_wconf 85' lang='lat' dir='ltr'>magis</span> <span class='ocrx_word' id='word_1_93' title='bbox 340 745 544 785; x_wconf 85' lang='lat' dir='ltr'>tendineam,</span> <span class='ocrx_word' id='word_1_94' title='bbox 567 747 618 779; x_wconf 88' lang='lat' dir='ltr'>cui</span> <span class='ocrx_word' id='word_1_95' title='bbox 643 747 760 778; x_wconf 66' lang='lat' dir='ltr'>arftius</span> <span class='ocrx_word' id='word_1_96' title='bbox 794 746 961 789; x_wconf 85' lang='lat' dir='ltr'>alligatum</span> <span class='ocrx_word' id='word_1_97' title='bbox 992 744 1034 779; x_wconf 84' lang='lat' dir='ltr'>est</span> <span class='ocrx_word' id='word_1_98' title='bbox 1050 770 1059 784; x_wconf 95' lang='lat'>‚</span> 
     </span>
     <span class='ocr_line' id='line_1_13' title="bbox 58 787 1058 833; baseline -0.002 -10"><span class='ocrx_word' id='word_1_99' title='bbox 58 789 312 833; x_wconf 84' lang='lat' dir='ltr'>diaphragmatis</span> <span class='ocrx_word' id='word_1_100' title='bbox 337 798 460 831; x_wconf 85' lang='lat' dir='ltr'>partem</span> <span class='ocrx_word' id='word_1_101' title='bbox 480 787 649 823; x_wconf 86' lang='lat' dir='ltr'>distrahit:</span> <span class='ocrx_word' id='word_1_102' title='bbox 672 787 879 831; x_wconf 76' lang='lat' dir='ltr'>quamobrem</span> <span class='ocrx_word' id='word_1_103' title='bbox 889 800 963 822; x_wconf 88' lang='lat' dir='ltr'>cum</span> <span class='ocrx_word' id='word_1_104' title='bbox 977 788 1058 823; x_wconf 89' lang='lat' dir='ltr'>hanc</span> 
     </span>
     <span class='ocr_line' id='line_1_14' title="bbox 60 830 1059 874; baseline -0.002 -8"><span class='ocrx_word' id='word_1_105' title='bbox 60 845 124 866; x_wconf 86' lang='lat' dir='ltr'>nori</span> <span class='ocrx_word' id='word_1_106' title='bbox 148 833 252 866; x_wconf 88' lang='lat' dir='ltr'>solum</span> <span class='ocrx_word' id='word_1_107' title='bbox 275 831 459 874; x_wconf 84' lang='lat' dir='ltr'>gravando,</span> <span class='ocrx_word' id='word_1_108' title='bbox 483 830 534 865; x_wconf 83' lang='lat' dir='ltr'>sed</span> <span class='ocrx_word' id='word_1_109' title='bbox 558 835 589 865; x_wconf 89' lang='lat'>&amp;</span> <span class='ocrx_word' id='word_1_110' title='bbox 613 831 816 865; x_wconf 85' lang='lat' dir='ltr'>distrahendo</span> <span class='ocrx_word' id='word_1_111' title='bbox 839 832 957 865; x_wconf 83' lang='lat' dir='ltr'>afficiat</span> <span class='ocrx_word' id='word_1_112' title='bbox 978 846 988 870; x_wconf 79' lang='lat'>3</span> <span class='ocrx_word' id='word_1_113' title='bbox 1020 832 1059 864; x_wconf 85' lang='lat' dir='ltr'>ab</span> 
     </span>
     <span class='ocr_line' id='line_1_15' title="bbox 58 874 1059 919; baseline -0.001 -10"><span class='ocrx_word' id='word_1_114' title='bbox 58 877 195 919; x_wconf 86' lang='lat' dir='ltr'>oppleto</span> <span class='ocrx_word' id='word_1_115' title='bbox 219 876 330 917; x_wconf 78' lang='lat' dir='ltr'>potius</span> <span class='ocrx_word' id='word_1_116' title='bbox 352 874 549 918; x_wconf 78' lang='lat' dir='ltr'>pericardio,</span> <span class='ocrx_word' id='word_1_117' title='bbox 574 886 670 919; x_wconf 86' lang='lat' dir='ltr'>quam</span> <span class='ocrx_word' id='word_1_118' title='bbox 695 875 825 909; x_wconf 81' lang='lat' dir='ltr'>thorace</span> <span class='ocrx_word' id='word_1_119' title='bbox 841 900 849 914; x_wconf 86' lang='lat'>,</span> <span class='ocrx_word' id='word_1_120' title='bbox 872 876 998 908; x_wconf 88' lang='lat' dir='ltr'>videtur</span> <span class='ocrx_word' id='word_1_121' title='bbox 1031 877 1059 908; x_wconf 86' lang='lat' dir='ltr'>is</span> 
     </span>
     <span class='ocr_line' id='line_1_16' title="bbox 59 917 1056 961; baseline -0.002 -8"><span class='ocrx_word' id='word_1_122' title='bbox 59 919 155 953; x_wconf 81' lang='lat' dir='ltr'>dolor</span> <span class='ocrx_word' id='word_1_123' title='bbox 179 918 386 961; x_wconf 86' lang='lat' dir='ltr'>repetendus.</span> <span class='ocrx_word' id='word_1_124' title='bbox 414 920 536 952; x_wconf 86' lang='lat' dir='ltr'>Verum</span> <span class='ocrx_word' id='word_1_125' title='bbox 559 918 581 951; x_wconf 74' lang='lat' dir='ltr'>li</span> <span class='ocrx_word' id='word_1_126' title='bbox 607 931 653 952; x_wconf 62' lang='lat' dir='ltr'>res</span> <span class='ocrx_word' id='word_1_127' title='bbox 669 944 677 959; x_wconf 90' lang='lat'><em>‚</em></span> <span class='ocrx_word' id='word_1_128' title='bbox 701 928 737 953; x_wconf 80' lang='lat' dir='ltr'>ut</span> <span class='ocrx_word' id='word_1_129' title='bbox 761 918 895 961; x_wconf 77' lang='lat' dir='ltr'>conjicis</span> <span class='ocrx_word' id='word_1_130' title='bbox 917 943 925 958; x_wconf 90' lang='lat'>‚</span> <span class='ocrx_word' id='word_1_131' title='bbox 958 920 1003 951; x_wconf 90' lang='lat' dir='ltr'>ita</span> <span class='ocrx_word' id='word_1_132' title='bbox 1028 917 1056 951; x_wconf 84' lang='lat' dir='ltr'>se</span> 
     </span>
     <span class='ocr_line' id='line_1_17' title="bbox 59 960 1057 1005; baseline -0.003 -8"><span class='ocrx_word' id='word_1_133' title='bbox 59 962 181 1001; x_wconf 87' lang='lat' dir='ltr'>habet;</span> <span class='ocrx_word' id='word_1_134' title='bbox 202 962 281 1005; x_wconf 85' lang='lat' dir='ltr'>quid</span> <span class='ocrx_word' id='word_1_135' title='bbox 304 973 380 1005; x_wconf 84' lang='lat' dir='ltr'>ergo</span> <span class='ocrx_word' id='word_1_136' title='bbox 404 961 447 995; x_wconf 87' lang='lat' dir='ltr'>est</span> <span class='ocrx_word' id='word_1_137' title='bbox 468 973 525 996; x_wconf 86' lang='lat' dir='ltr'>cur</span> <span class='ocrx_word' id='word_1_138' title='bbox 555 964 589 994; x_wconf 90' lang='lat' dir='ltr'>in</span> <span class='ocrx_word' id='word_1_139' title='bbox 623 963 711 995; x_wconf 83' lang='lat' dir='ltr'>nulla</span> <span class='ocrx_word' id='word_1_140' title='bbox 744 960 841 995; x_wconf 88' lang='lat' dir='ltr'>ferme</span> <span class='ocrx_word' id='word_1_141' title='bbox 871 971 1057 995; x_wconf 66' lang='lat' dir='ltr'>caeterarum</span> 
     </span>
     <span class='ocr_line' id='line_1_18' title="bbox 58 1003 1059 1048; baseline -0.002 -8"><span class='ocrx_word' id='word_1_142' title='bbox 58 1005 330 1040; x_wconf 79' lang='lat' dir='ltr'>Observationum</span> <span class='ocrx_word' id='word_1_143' title='bbox 354 1017 431 1048; x_wconf 89' lang='lat' dir='ltr'>quas</span> <span class='ocrx_word' id='word_1_144' title='bbox 455 1014 508 1038; x_wconf 90' lang='lat' dir='ltr'>aut</span> <span class='ocrx_word' id='word_1_145' title='bbox 532 1004 688 1039; x_wconf 83' lang='lat' dir='ltr'>Valsalvae</span> <span class='ocrx_word' id='word_1_146' title='bbox 712 1014 766 1040; x_wconf 87' lang='lat' dir='ltr'>aut</span> <span class='ocrx_word' id='word_1_147' title='bbox 788 1003 907 1038; x_wconf 83' lang='lat' dir='ltr'>nostras</span> <span class='ocrx_word' id='word_1_148' title='bbox 919 1003 969 1038; x_wconf 89' lang='lat' dir='ltr'>his</span> <span class='ocrx_word' id='word_1_149' title='bbox 985 1006 1059 1038; x_wconf 87' lang='lat' dir='ltr'>Lit-</span> 
     </span>
     <span class='ocr_line' id='line_1_19' title="bbox 61 1046 1058 1091; baseline -0.001 -10"><span class='ocrx_word' id='word_1_150' title='bbox 61 1050 139 1082; x_wconf 83' lang='lat' dir='ltr'>teris</span> <span class='ocrx_word' id='word_1_151' title='bbox 161 1050 323 1091; x_wconf 78' lang='lat' dir='ltr'>complexi</span> <span class='ocrx_word' id='word_1_152' title='bbox 347 1048 475 1086; x_wconf 83' lang='lat' dir='ltr'>sumus,</span> <span class='ocrx_word' id='word_1_153' title='bbox 500 1048 539 1081; x_wconf 85' lang='lat' dir='ltr'>de</span> <span class='ocrx_word' id='word_1_154' title='bbox 571 1061 610 1080; x_wconf 89' lang='lat' dir='ltr'>eo</span> <span class='ocrx_word' id='word_1_155' title='bbox 642 1048 755 1082; x_wconf 90' lang='lat' dir='ltr'>dolore</span> <span class='ocrx_word' id='word_1_156' title='bbox 787 1049 863 1091; x_wconf 82' lang='lat' dir='ltr'>aegri</span> <span class='ocrx_word' id='word_1_157' title='bbox 896 1046 1058 1090; x_wconf 83' lang='lat' dir='ltr'>conquesti</span> 
     </span>
     <span class='ocr_line' id='line_1_20' title="bbox 60 1090 1059 1135; baseline -0.002 -9"><span class='ocrx_word' id='word_1_158' title='bbox 60 1091 148 1126; x_wconf 77' lang='lat' dir='ltr'>fint?</span> <span class='ocrx_word' id='word_1_159' title='bbox 171 1093 264 1125; x_wconf 85' lang='lat' dir='ltr'>Num</span> <span class='ocrx_word' id='word_1_160' title='bbox 288 1091 372 1124; x_wconf 87' lang='lat' dir='ltr'>forte</span> <span class='ocrx_word' id='word_1_161' title='bbox 396 1093 471 1135; x_wconf 87' lang='lat' dir='ltr'>quia</span> <span class='ocrx_word' id='word_1_162' title='bbox 494 1102 559 1124; x_wconf 88' lang='lat' dir='ltr'>non</span> <span class='ocrx_word' id='word_1_163' title='bbox 595 1091 673 1126; x_wconf 89' lang='lat' dir='ltr'>adeo</span> <span class='ocrx_word' id='word_1_164' title='bbox 705 1090 913 1135; x_wconf 88' lang='lat' dir='ltr'>pericardium</span> <span class='ocrx_word' id='word_1_165' title='bbox 945 1091 1059 1125; x_wconf 88' lang='lat' dir='ltr'>disten-</span> 
     </span>
     <span class='ocr_line' id='line_1_21' title="bbox 57 1133 1058 1178; baseline -0.003 -8"><span class='ocrx_word' id='word_1_166' title='bbox 57 1145 128 1170; x_wconf 89' lang='lat' dir='ltr'>tum</span> <span class='ocrx_word' id='word_1_167' title='bbox 152 1134 240 1169; x_wconf 89' lang='lat' dir='ltr'>fuit?</span> <span class='ocrx_word' id='word_1_168' title='bbox 264 1135 368 1178; x_wconf 82' lang='lat' dir='ltr'>Atqui</span> <span class='ocrx_word' id='word_1_169' title='bbox 404 1146 468 1167; x_wconf 85' lang='lat' dir='ltr'>non</span> <span class='ocrx_word' id='word_1_170' title='bbox 505 1136 605 1177; x_wconf 78' lang='lat' dir='ltr'>magis</span> <span class='ocrx_word' id='word_1_171' title='bbox 639 1133 696 1169; x_wconf 82' lang='lat' dir='ltr'>esse</span> <span class='ocrx_word' id='word_1_172' title='bbox 725 1136 836 1178; x_wconf 87' lang='lat' dir='ltr'>potuit</span> <span class='ocrx_word' id='word_1_173' title='bbox 870 1161 878 1174; x_wconf 94' lang='lat'><strong><em>‚</em></strong></span> <span class='ocrx_word' id='word_1_174' title='bbox 912 1145 1007 1177; x_wconf 83' lang='lat' dir='ltr'>quam</span> <span class='ocrx_word' id='word_1_175' title='bbox 1042 1147 1058 1167; x_wconf 87' lang='lat' dir='ltr'>a</span> 
     </span>
     <span class='ocr_line' id='line_1_22' title="bbox 56 1178 1058 1223; baseline -0.002 -11"><span class='ocrx_word' id='word_1_176' title='bbox 56 1180 207 1212; x_wconf 82' lang='lat' dir='ltr'>Graetzio</span> <span class='ocrx_word' id='word_1_177' title='bbox 229 1183 243 1219; x_wconf 90' lang='lat'>(</span> <span class='ocrx_word' id='word_1_178' title='bbox 265 1189 286 1212; x_wconf 88' lang='lat' dir='ltr'><strong><em>x</em></strong></span> <span class='ocrx_word' id='word_1_179' title='bbox 308 1182 342 1218; x_wconf 84' lang='lat'>)‚</span> <span class='ocrx_word' id='word_1_180' title='bbox 367 1181 398 1211; x_wconf 85' lang='lat'>&amp;</span> <span class='ocrx_word' id='word_1_181' title='bbox 424 1178 608 1212; x_wconf 86' lang='lat' dir='ltr'>Vieussenio</span> <span class='ocrx_word' id='word_1_182' title='bbox 635 1183 688 1220; x_wconf 75' lang='lat' dir='ltr'>(y</span> <span class='ocrx_word' id='word_1_183' title='bbox 710 1186 724 1223; x_wconf 84' lang='lat'><em>)</em></span> <span class='ocrx_word' id='word_1_184' title='bbox 747 1178 978 1220; x_wconf 82' lang='lat' dir='ltr'>tepertumest;</span> <span class='ocrx_word' id='word_1_185' title='bbox 1000 1189 1058 1211; x_wconf 90' lang='lat' dir='ltr'>nec</span> 
     </span>
     <span class='ocr_line' id='line_1_23' title="bbox 56 1220 1056 1266; baseline -0.001 -11"><span class='ocrx_word' id='word_1_186' title='bbox 56 1231 224 1264; x_wconf 84' lang='lat' dir='ltr'>propterea</span> <span class='ocrx_word' id='word_1_187' title='bbox 248 1222 286 1254; x_wconf 87' lang='lat' dir='ltr'>ab</span> <span class='ocrx_word' id='word_1_188' title='bbox 310 1220 385 1264; x_wconf 83' lang='lat' dir='ltr'>ipsis</span> <span class='ocrx_word' id='word_1_189' title='bbox 408 1221 450 1254; x_wconf 85' lang='lat' dir='ltr'>est</span> <span class='ocrx_word' id='word_1_190' title='bbox 474 1224 556 1254; x_wconf 83' lang='lat' dir='ltr'>inter</span> <span class='ocrx_word' id='word_1_191' title='bbox 580 1231 702 1256; x_wconf 72' lang='lat' dir='ltr'>eaeteras</span> <span class='ocrx_word' id='word_1_192' title='bbox 726 1221 822 1266; x_wconf 81' lang='lat' dir='ltr'>hujus</span> <span class='ocrx_word' id='word_1_193' title='bbox 854 1223 926 1255; x_wconf 86' lang='lat' dir='ltr'>mali</span> <span class='ocrx_word' id='word_1_194' title='bbox 966 1231 1056 1255; x_wconf 88' lang='lat' dir='ltr'>notas</span> 
     </span>
     <span class='ocr_line' id='line_1_24' title="bbox 54 1265 1058 1308; baseline -0.001 -9"><span class='ocrx_word' id='word_1_195' title='bbox 54 1267 83 1299; x_wconf 87' lang='lat' dir='ltr'>is</span> <span class='ocrx_word' id='word_1_196' title='bbox 107 1265 206 1298; x_wconf 91' lang='lat' dir='ltr'>dolor</span> <span class='ocrx_word' id='word_1_197' title='bbox 230 1274 446 1299; x_wconf 86' lang='lat' dir='ltr'>memoratus.</span> <span class='ocrx_word' id='word_1_198' title='bbox 473 1265 703 1308; x_wconf 79' lang='lat' dir='ltr'>Relinquitur,</span> <span class='ocrx_word' id='word_1_199' title='bbox 727 1275 763 1299; x_wconf 90' lang='lat' dir='ltr'>ut</span> <span class='ocrx_word' id='word_1_200' title='bbox 785 1265 871 1299; x_wconf 87' lang='lat' dir='ltr'>dicas</span> <span class='ocrx_word' id='word_1_201' title='bbox 894 1289 905 1305; x_wconf 88' lang='lat'>,</span> <span class='ocrx_word' id='word_1_202' title='bbox 937 1267 971 1298; x_wconf 87' lang='lat' dir='ltr'>in</span> <span class='ocrx_word' id='word_1_203' title='bbox 1003 1277 1058 1298; x_wconf 88' lang='lat' dir='ltr'>eo-</span> 
     </span>
     <span class='ocr_line' id='line_1_25' title="bbox 54 1307 1058 1351; baseline -0.002 -9"><span class='ocrx_word' id='word_1_204' title='bbox 54 1320 125 1342; x_wconf 85' lang='lat' dir='ltr'>rum</span> <span class='ocrx_word' id='word_1_205' title='bbox 147 1309 240 1351; x_wconf 71' lang='lat' dir='ltr'>aegris</span> <span class='ocrx_word' id='word_1_206' title='bbox 265 1307 373 1341; x_wconf 83' lang='lat' dir='ltr'>sensim</span> <span class='ocrx_word' id='word_1_207' title='bbox 398 1308 609 1350; x_wconf 85' lang='lat' dir='ltr'>pericardium</span> <span class='ocrx_word' id='word_1_208' title='bbox 636 1307 929 1346; x_wconf 86' lang='lat' dir='ltr'>fuissedistentum,</span> <span class='ocrx_word' id='word_1_209' title='bbox 954 1311 987 1340; x_wconf 87' lang='lat' dir='ltr'>in</span> <span class='ocrx_word' id='word_1_210' title='bbox 999 1319 1058 1340; x_wconf 92' lang='lat' dir='ltr'>no-</span> 
     </span>
     <span class='ocr_line' id='line_1_26' title="bbox 53 1351 1056 1395; baseline -0.002 -10"><span class='ocrx_word' id='word_1_211' title='bbox 53 1352 119 1386; x_wconf 83' lang='lat' dir='ltr'>stro</span> <span class='ocrx_word' id='word_1_212' title='bbox 143 1361 250 1385; x_wconf 86' lang='lat' dir='ltr'>autem</span> <span class='ocrx_word' id='word_1_213' title='bbox 276 1351 337 1384; x_wconf 86' lang='lat' dir='ltr'>hoc</span> <span class='ocrx_word' id='word_1_214' title='bbox 361 1353 432 1384; x_wconf 88' lang='lat' dir='ltr'>viro</span> <span class='ocrx_word' id='word_1_215' title='bbox 471 1352 629 1384; x_wconf 82' lang='lat' dir='ltr'>celerrime</span> <span class='ocrx_word' id='word_1_216' title='bbox 656 1374 665 1390; x_wconf 83' lang='lat'>‚</span> <span class='ocrx_word' id='word_1_217' title='bbox 698 1360 733 1386; x_wconf 92' lang='lat' dir='ltr'>ut</span> <span class='ocrx_word' id='word_1_218' title='bbox 766 1353 921 1395; x_wconf 87' lang='lat' dir='ltr'>paulatim</span> <span class='ocrx_word' id='word_1_219' title='bbox 955 1352 1056 1384; x_wconf 81' lang='lat' dir='ltr'>laxari</span> 
     </span>
     <span class='ocr_line' id='line_1_27' title="bbox 56 1394 1057 1443; baseline -0.001 -15"><span class='ocrx_word' id='word_1_220' title='bbox 56 1394 150 1438; x_wconf 85' lang='lat' dir='ltr'>ejus,</span> <span class='ocrx_word' id='word_1_221' title='bbox 172 1397 205 1428; x_wconf 64' lang='grc' dir='ltr'>ὃς</span> <span class='ocrx_word' id='word_1_222' title='bbox 228 1394 481 1437; x_wconf 80' lang='lat' dir='ltr'>diaphragmatis</span> <span class='ocrx_word' id='word_1_223' title='bbox 505 1395 589 1428; x_wconf 68' lang='lat' dir='ltr'>fibrae</span> <span class='ocrx_word' id='word_1_224' title='bbox 613 1406 677 1430; x_wconf 88' lang='lat' dir='ltr'>non</span> <span class='ocrx_word' id='word_1_225' title='bbox 700 1394 1057 1443; x_wconf 57' lang='lat' dir='ltr'>potuerint.fflolier-</span> 
     </span>
     <span class='ocr_line' id='line_1_28' title="bbox 55 1436 1054 1482; baseline -0.002 -10"><span class='ocrx_word' id='word_1_226' title='bbox 55 1450 100 1482; x_wconf 84' lang='lat' dir='ltr'>go</span> <span class='ocrx_word' id='word_1_227' title='bbox 123 1439 171 1472; x_wconf 87' lang='lat' dir='ltr'>nti</span> <span class='ocrx_word' id='word_1_228' title='bbox 196 1438 267 1471; x_wconf 82' lang='lat' dir='ltr'>aliis</span> <span class='ocrx_word' id='word_1_229' title='bbox 291 1439 466 1481; x_wconf 83' lang='lat' dir='ltr'>exemplis,</span> <span class='ocrx_word' id='word_1_230' title='bbox 490 1449 506 1471; x_wconf 83' lang='lat' dir='ltr'>a</span> <span class='ocrx_word' id='word_1_231' title='bbox 532 1439 625 1472; x_wconf 88' lang='lat' dir='ltr'>nobis</span> <span class='ocrx_word' id='word_1_232' title='bbox 644 1463 657 1479; x_wconf 91' lang='lat'>,</span> <span class='ocrx_word' id='word_1_233' title='bbox 680 1448 734 1472; x_wconf 86' lang='lat' dir='ltr'>aut</span> <span class='ocrx_word' id='word_1_234' title='bbox 767 1451 805 1472; x_wconf 81' lang='lat' dir='ltr'>ex</span> <span class='ocrx_word' id='word_1_235' title='bbox 841 1436 1054 1480; x_wconf 88' lang='lat' dir='ltr'>Sepulchreto</span> 
     </span>
     <span class='ocr_line' id='line_1_29' title="bbox 53 1480 1057 1524; baseline -0.001 -10"><span class='ocrx_word' id='word_1_236' title='bbox 53 1483 185 1524; x_wconf 84' lang='lat' dir='ltr'>petitis,</span> <span class='ocrx_word' id='word_1_237' title='bbox 209 1483 242 1514; x_wconf 88' lang='lat' dir='ltr'>in</span> <span class='ocrx_word' id='word_1_238' title='bbox 266 1482 383 1524; x_wconf 84' lang='lat' dir='ltr'>quibus</span> <span class='ocrx_word' id='word_1_239' title='bbox 404 1482 594 1517; x_wconf 83' lang='lat' dir='ltr'>contendere</span> <span class='ocrx_word' id='word_1_240' title='bbox 617 1493 679 1514; x_wconf 92' lang='lat' dir='ltr'>non</span> <span class='ocrx_word' id='word_1_241' title='bbox 704 1491 816 1524; x_wconf 85' lang='lat' dir='ltr'>potes,</span> <span class='ocrx_word' id='word_1_242' title='bbox 846 1480 937 1515; x_wconf 88' lang='lat' dir='ltr'>fuisse</span> <span class='ocrx_word' id='word_1_243' title='bbox 969 1482 1057 1514; x_wconf 90' lang='lat' dir='ltr'>brevi</span> 
     </span>
     <span class='ocr_line' id='line_1_30' title="bbox 52 1525 1057 1569; baseline -0.002 -10"><span class='ocrx_word' id='word_1_244' title='bbox 52 1535 199 1569; x_wconf 86' lang='lat' dir='ltr'>tempore</span> <span class='ocrx_word' id='word_1_245' title='bbox 223 1525 410 1559; x_wconf 85' lang='lat' dir='ltr'>dilatatum.</span> <span class='ocrx_word' id='word_1_246' title='bbox 436 1527 488 1558; x_wconf 83' lang='lat' dir='ltr'>Ex</span> <span class='ocrx_word' id='word_1_247' title='bbox 510 1525 639 1559; x_wconf 85' lang='lat' dir='ltr'>adverso</span> <span class='ocrx_word' id='word_1_248' title='bbox 662 1535 766 1559; x_wconf 87' lang='lat' dir='ltr'>autem</span> <span class='ocrx_word' id='word_1_249' title='bbox 790 1525 1057 1559; x_wconf 81' lang='lat' dir='ltr'>Observationem</span> 
     </span>
     <span class='ocr_line' id='line_1_31' title="bbox 54 1568 1057 1612; baseline -0.003 -9"><span class='ocrx_word' id='word_1_250' title='bbox 54 1569 157 1612; x_wconf 82' lang='lat' dir='ltr'>relege</span> <span class='ocrx_word' id='word_1_251' title='bbox 180 1570 329 1612; x_wconf 75' lang='lat' dir='ltr'>Virginis</span> <span class='ocrx_word' id='word_1_252' title='bbox 352 1568 365 1608; x_wconf 86' lang='lat'><strong>(</strong></span> <span class='ocrx_word' id='word_1_253' title='bbox 388 1581 412 1612; x_wconf 65' lang='lat' dir='ltr'><em>z</em></span> <span class='ocrx_word' id='word_1_254' title='bbox 432 1570 467 1607; x_wconf 93' lang='lat'>),</span> <span class='ocrx_word' id='word_1_255' title='bbox 490 1569 522 1600; x_wconf 83' lang='lat' dir='ltr'>in</span> <span class='ocrx_word' id='word_1_256' title='bbox 547 1569 715 1610; x_wconf 86' lang='lat' dir='ltr'>qua-intra</span> <span class='ocrx_word' id='word_1_257' title='bbox 738 1569 806 1602; x_wconf 88' lang='lat' dir='ltr'>dies</span> <span class='ocrx_word' id='word_1_258' title='bbox 829 1578 891 1600; x_wconf 90' lang='lat' dir='ltr'>non</span> <span class='ocrx_word' id='word_1_259' title='bbox 916 1568 1057 1608; x_wconf 87' lang='lat' dir='ltr'>multos,</span> 
     </span>
     <span class='ocr_line' id='line_1_32' title="bbox 52 1610 1056 1655; baseline -0.005 -9"><span class='ocrx_word' id='word_1_260' title='bbox 52 1623 108 1646; x_wconf 84' lang='lat' dir='ltr'>aut</span> <span class='ocrx_word' id='word_1_261' title='bbox 132 1625 199 1646; x_wconf 89' lang='lat' dir='ltr'>eam</span> <span class='ocrx_word' id='word_1_262' title='bbox 223 1613 309 1655; x_wconf 78' lang='lat' dir='ltr'>lege,</span> <span class='ocrx_word' id='word_1_263' title='bbox 336 1623 430 1654; x_wconf 88' lang='lat' dir='ltr'>quam</span> <span class='ocrx_word' id='word_1_264' title='bbox 456 1622 534 1643; x_wconf 84' lang='lat' dir='ltr'>mox</span> <span class='ocrx_word' id='word_1_265' title='bbox 558 1610 725 1653; x_wconf 81' lang='lat' dir='ltr'>subjiciam</span> <span class='ocrx_word' id='word_1_266' title='bbox 747 1635 759 1652; x_wconf 96' lang='lat'>,</span> <span class='ocrx_word' id='word_1_267' title='bbox 784 1611 914 1645; x_wconf 88' lang='lat' dir='ltr'>alterius</span> <span class='ocrx_word' id='word_1_268' title='bbox 941 1612 1056 1653; x_wconf 82' lang='lat' dir='ltr'>Virgi-</span> 
     </span>
     <span class='ocr_line' id='line_1_33' title="bbox 52 1654 1054 1699; baseline -0.002 -10"><span class='ocrx_word' id='word_1_269' title='bbox 52 1658 126 1697; x_wconf 91' lang='lat' dir='ltr'>nis,</span> <span class='ocrx_word' id='word_1_270' title='bbox 150 1658 183 1689; x_wconf 91' lang='lat' dir='ltr'>in</span> <span class='ocrx_word' id='word_1_271' title='bbox 206 1668 267 1699; x_wconf 85' lang='lat' dir='ltr'>qua</span> <span class='ocrx_word' id='word_1_272' title='bbox 292 1662 417 1696; x_wconf 87' lang='lat' dir='ltr'>repente</span> <span class='ocrx_word' id='word_1_273' title='bbox 439 1654 541 1687; x_wconf 84' lang='lat' dir='ltr'>multa</span> <span class='ocrx_word' id='word_1_274' title='bbox 565 1655 599 1686; x_wconf 88' lang='lat' dir='ltr'>in</span> <span class='ocrx_word' id='word_1_275' title='bbox 622 1654 804 1697; x_wconf 84' lang='lat' dir='ltr'>pericardio</span> <span class='ocrx_word' id='word_1_276' title='bbox 827 1666 906 1698; x_wconf 85' lang='lat' dir='ltr'>aqua</span> <span class='ocrx_word' id='word_1_277' title='bbox 937 1665 1054 1697; x_wconf 82' lang='lat' dir='ltr'>conge-</span> 
     </span>
     <span class='ocr_line' id='line_1_34' title="bbox 50 1696 1054 1738; baseline -0.002 -5"><span class='ocrx_word' id='word_1_278' title='bbox 50 1699 94 1733; x_wconf 83' lang='lat' dir='ltr'>sta</span> <span class='ocrx_word' id='word_1_279' title='bbox 117 1699 179 1738; x_wconf 67' lang='lat' dir='ltr'>est,</span> <span class='ocrx_word' id='word_1_280' title='bbox 202 1710 274 1732; x_wconf 86' lang='lat' dir='ltr'>cuin</span> <span class='ocrx_word' id='word_1_281' title='bbox 303 1707 407 1731; x_wconf 88' lang='lat' dir='ltr'>tamen</span> <span class='ocrx_word' id='word_1_282' title='bbox 433 1706 578 1731; x_wconf 78' lang='lat' dir='ltr'>neutram</span> <span class='ocrx_word' id='word_1_283' title='bbox 611 1698 665 1730; x_wconf 90' lang='lat' dir='ltr'>ille</span> <span class='ocrx_word' id='word_1_284' title='bbox 697 1696 838 1731; x_wconf 81' lang='lat' dir='ltr'>affecerit</span> <span class='ocrx_word' id='word_1_285' title='bbox 869 1697 1054 1732; x_wconf 89' lang='lat' dir='ltr'>lumborum</span> 
     </span>
     <span class='ocr_line' id='line_1_35' title="bbox 52 1739 1057 1784; baseline -0.001 -8"><span class='ocrx_word' id='word_1_286' title='bbox 52 1742 167 1776; x_wconf 48' lang='lat' dir='ltr'>dolori</span> <span class='ocrx_word' id='word_1_287' title='bbox 191 1741 293 1780; x_wconf 87' lang='lat' dir='ltr'>Quod</span> <span class='ocrx_word' id='word_1_288' title='bbox 316 1752 376 1784; x_wconf 83' lang='lat' dir='ltr'>ego</span> <span class='ocrx_word' id='word_1_289' title='bbox 397 1739 522 1783; x_wconf 81' lang='lat' dir='ltr'>fignum</span> <span class='ocrx_word' id='word_1_290' title='bbox 545 1752 582 1773; x_wconf 88' lang='lat' dir='ltr'>eo</span> <span class='ocrx_word' id='word_1_291' title='bbox 605 1740 793 1784; x_wconf 84' lang='lat' dir='ltr'>diligentius</span> <span class='ocrx_word' id='word_1_292' title='bbox 815 1741 946 1778; x_wconf 78' lang='lat' dir='ltr'>excussi,</span> <span class='ocrx_word' id='word_1_293' title='bbox 968 1740 1057 1783; x_wconf 88' lang='lat' dir='ltr'>quod</span> 
     </span>
     <span class='ocr_line' id='line_1_36' title="bbox 51 1783 1056 1828; baseline -0.003 -8"><span class='ocrx_word' id='word_1_294' title='bbox 51 1787 90 1820; x_wconf 86' lang='lat' dir='ltr'>ab</span> <span class='ocrx_word' id='word_1_295' title='bbox 111 1786 255 1825; x_wconf 87' lang='lat' dir='ltr'>nemine,</span> <span class='ocrx_word' id='word_1_296' title='bbox 280 1783 367 1828; x_wconf 88' lang='lat' dir='ltr'>quod</span> <span class='ocrx_word' id='word_1_297' title='bbox 391 1784 511 1824; x_wconf 87' lang='lat' dir='ltr'>sciam,</span> <span class='ocrx_word' id='word_1_298' title='bbox 534 1796 592 1827; x_wconf 87' lang='lat' dir='ltr'>pro</span> <span class='ocrx_word' id='word_1_299' title='bbox 614 1783 709 1827; x_wconf 86' lang='lat' dir='ltr'>hujus</span> <span class='ocrx_word' id='word_1_300' title='bbox 723 1784 828 1818; x_wconf 89' lang='lat' dir='ltr'>morbi</span> <span class='ocrx_word' id='word_1_301' title='bbox 841 1785 966 1818; x_wconf 87' lang='lat' dir='ltr'>indicio</span> <span class='ocrx_word' id='word_1_302' title='bbox 978 1796 1056 1827; x_wconf 89' lang='lat' dir='ltr'>pro-</span> 
     </span>
     <span class='ocr_line' id='line_1_37' title="bbox 50 1827 1057 1873; baseline -0.002 -11"><span class='ocrx_word' id='word_1_303' title='bbox 50 1827 191 1873; x_wconf 81' lang='lat' dir='ltr'>positum</span> <span class='ocrx_word' id='word_1_304' title='bbox 205 1852 217 1869; x_wconf 89' lang='lat'>,</span> <span class='ocrx_word' id='word_1_305' title='bbox 239 1830 321 1862; x_wconf 87' lang='lat' dir='ltr'>mihi</span> <span class='ocrx_word' id='word_1_306' title='bbox 346 1829 378 1860; x_wconf 86' lang='lat' dir='ltr'>in</span> <span class='ocrx_word' id='word_1_307' title='bbox 401 1837 540 1861; x_wconf 82' lang='lat' dir='ltr'>mentem</span> <span class='ocrx_word' id='word_1_308' title='bbox 551 1829 660 1865; x_wconf 86' lang='lat' dir='ltr'>venit,</span> <span class='ocrx_word' id='word_1_309' title='bbox 682 1828 761 1863; x_wconf 88' lang='lat' dir='ltr'>dum</span> <span class='ocrx_word' id='word_1_310' title='bbox 772 1828 968 1862; x_wconf 76' lang='lat' dir='ltr'>HOViffifflam</span> <span class='ocrx_word' id='word_1_311' title='bbox 979 1828 1057 1861; x_wconf 84' lang='lat' dir='ltr'>Ob-</span> 
     </span>
     <span class='ocr_line' id='line_1_38' title="bbox 49 1870 1052 1914; baseline -0.003 -8"><span class='ocrx_word' id='word_1_312' title='bbox 49 1873 260 1907; x_wconf 85' lang='lat' dir='ltr'>servationem</span> <span class='ocrx_word' id='word_1_313' title='bbox 283 1871 509 1912; x_wconf 84' lang='lat' dir='ltr'>describerem,</span> <span class='ocrx_word' id='word_1_314' title='bbox 531 1882 697 1914; x_wconf 64' lang='lat' dir='ltr'>quaerere,</span> <span class='ocrx_word' id='word_1_315' title='bbox 720 1884 758 1905; x_wconf 87' lang='lat' dir='ltr'>an</span> <span class='ocrx_word' id='word_1_316' title='bbox 781 1872 902 1905; x_wconf 85' lang='lat' dir='ltr'>caeteris</span> <span class='ocrx_word' id='word_1_317' title='bbox 927 1870 1052 1914; x_wconf 89' lang='lat' dir='ltr'>posset,</span> 
     </span>
     <span class='ocr_line' id='line_1_39' title="bbox 48 1913 1058 1959; baseline -0.002 -9"><span class='ocrx_word' id='word_1_318' title='bbox 48 1928 120 1959; x_wconf 78' lang='lat' dir='ltr'>quae</span> <span class='ocrx_word' id='word_1_319' title='bbox 144 1927 207 1949; x_wconf 86' lang='lat' dir='ltr'>non</span> <span class='ocrx_word' id='word_1_320' title='bbox 230 1916 298 1950; x_wconf 85' lang='lat' dir='ltr'>sunt</span> <span class='ocrx_word' id='word_1_321' title='bbox 322 1925 470 1958; x_wconf 88' lang='lat' dir='ltr'>perpetua</span> <span class='ocrx_word' id='word_1_322' title='bbox 491 1939 503 1956; x_wconf 94' lang='lat'>,</span> <span class='ocrx_word' id='word_1_323' title='bbox 529 1916 728 1949; x_wconf 87' lang='lat' dir='ltr'>annumerari</span> <span class='ocrx_word' id='word_1_324' title='bbox 750 1939 757 1946; x_wconf 95' lang='lat'>.</span> <span class='ocrx_word' id='word_1_325' title='bbox 793 1913 933 1948; x_wconf 82' lang='lat' dir='ltr'>Fortasse</span> <span class='ocrx_word' id='word_1_326' title='bbox 969 1916 1058 1948; x_wconf 87' lang='lat' dir='ltr'>enim</span> 
     </span>
     <span class='ocr_line' id='line_1_40' title="bbox 48 1955 1059 2003; baseline -0.004 -9"><span class='ocrx_word' id='word_1_327' title='bbox 48 1959 222 2003; x_wconf 81' lang='lat' dir='ltr'>aliquando</span> <span class='ocrx_word' id='word_1_328' title='bbox 245 1961 390 2002; x_wconf 87' lang='lat' dir='ltr'>poterit,</span> <span class='ocrx_word' id='word_1_329' title='bbox 412 1970 485 1992; x_wconf 91' lang='lat' dir='ltr'>cum</span> <span class='ocrx_word' id='word_1_330' title='bbox 511 1958 581 1991; x_wconf 86' lang='lat' dir='ltr'>aliis</span> <span class='ocrx_word' id='word_1_331' title='bbox 616 1957 827 2002; x_wconf 70' lang='lat' dir='ltr'>conjunetum</span> <span class='ocrx_word' id='word_1_332' title='bbox 862 1957 930 1992; x_wconf 85' lang='lat' dir='ltr'>usui</span> <span class='ocrx_word' id='word_1_333' title='bbox 967 1955 1024 1991; x_wconf 84' lang='lat' dir='ltr'>esse</span> <span class='ocrx_word' id='word_1_334' title='bbox 1049 1980 1059 1996; x_wconf 86' lang='lat'>,</span> 
     </span>
     <span class='ocr_line' id='line_1_41' title="bbox 49 2001 1059 2046; baseline -0.003 -9"><span class='ocrx_word' id='word_1_335' title='bbox 49 2015 125 2038; x_wconf 90' lang='lat' dir='ltr'>cum</span> <span class='ocrx_word' id='word_1_336' title='bbox 149 2002 361 2046; x_wconf 84' lang='lat' dir='ltr'>pericardium</span> <span class='ocrx_word' id='word_1_337' title='bbox 387 2005 419 2035; x_wconf 73' lang='grc' dir='ltr'>δε</span> <span class='ocrx_word' id='word_1_338' title='bbox 442 2002 610 2042; x_wconf 81' lang='lat' dir='ltr'>celeriter,</span> <span class='ocrx_word' id='word_1_339' title='bbox 635 2005 667 2035; x_wconf 90' lang='lat'>&amp;</span> <span class='ocrx_word' id='word_1_340' title='bbox 696 2002 834 2036; x_wconf 85' lang='lat' dir='ltr'>maxime</span> <span class='ocrx_word' id='word_1_341' title='bbox 844 2001 1059 2042; x_wconf 86' lang='lat' dir='ltr'>distenditur,</span> 
     </span>
     <span class='ocr_line' id='line_1_42' title="bbox 48 2044 1060 2090; baseline -0.002 -10"><span class='ocrx_word' id='word_1_342' title='bbox 48 2058 191 2090; x_wconf 87' lang='lat' dir='ltr'>quorum</span> <span class='ocrx_word' id='word_1_343' title='bbox 215 2047 347 2083; x_wconf 85' lang='lat' dir='ltr'>alterum</span> <span class='ocrx_word' id='word_1_344' title='bbox 371 2055 407 2080; x_wconf 87' lang='lat' dir='ltr'>ut</span> <span class='ocrx_word' id='word_1_345' title='bbox 431 2047 464 2078; x_wconf 90' lang='lat' dir='ltr'>in</span> <span class='ocrx_word' id='word_1_346' title='bbox 489 2045 609 2080; x_wconf 88' lang='lat' dir='ltr'>duabus</span> <span class='ocrx_word' id='word_1_347' title='bbox 631 2046 698 2079; x_wconf 88' lang='lat' dir='ltr'>illis</span> <span class='ocrx_word' id='word_1_348' title='bbox 723 2045 912 2088; x_wconf 80' lang='lat' dir='ltr'>Virginibus</span> <span class='ocrx_word' id='word_1_349' title='bbox 937 2044 1060 2086; x_wconf 82' lang='lat' dir='ltr'>suerit,</span> 
     </span>
     <span class='ocr_line' id='line_1_43' title="bbox 49 2088 534 2124; baseline -0.008 0"><span class='ocrx_word' id='word_1_350' title='bbox 49 2092 185 2124; x_wconf 84' lang='lat' dir='ltr'>alterum</span> <span class='ocrx_word' id='word_1_351' title='bbox 210 2088 314 2123; x_wconf 89' lang='lat' dir='ltr'>fateor</span> <span class='ocrx_word' id='word_1_352' title='bbox 337 2100 399 2122; x_wconf 88' lang='lat' dir='ltr'>non</span> <span class='ocrx_word' id='word_1_353' title='bbox 426 2088 534 2123; x_wconf 85' lang='lat' dir='ltr'>fuisse.</span> 
     </span>
    </p>

    <p class='ocr_par' dir='ltr' id='par_1_3' title="bbox 49 2131 1058 2479">
     <span class='ocr_line' id='line_1_44' title="bbox 91 2131 1058 2176; baseline -0.003 -10"><span class='ocrx_word' id='word_1_354' title='bbox 91 2146 144 2176; x_wconf 77' lang='lat'>42.</span> <span class='ocrx_word' id='word_1_355' title='bbox 172 2136 294 2168; x_wconf 86' lang='lat' dir='ltr'>Interea</span> <span class='ocrx_word' id='word_1_356' title='bbox 318 2144 355 2165; x_wconf 90' lang='lat' dir='ltr'>ne</span> <span class='ocrx_word' id='word_1_357' title='bbox 378 2131 460 2166; x_wconf 88' lang='lat' dir='ltr'>illud</span> <span class='ocrx_word' id='word_1_358' title='bbox 485 2131 616 2176; x_wconf 87' lang='lat' dir='ltr'>quidem</span> <span class='ocrx_word' id='word_1_359' title='bbox 641 2131 698 2166; x_wconf 88' lang='lat' dir='ltr'>esse</span> <span class='ocrx_word' id='word_1_360' title='bbox 724 2141 936 2175; x_wconf 81' lang='lat' dir='ltr'>perpetuum,</span> <span class='ocrx_word' id='word_1_361' title='bbox 960 2132 1058 2164; x_wconf 88' lang='lat' dir='ltr'>intel-</span> 
     </span>
     <span class='ocr_line' id='line_1_45' title="bbox 49 2175 1056 2222; baseline -0.004 -12"><span class='ocrx_word' id='word_1_362' title='bbox 49 2176 126 2219; x_wconf 88' lang='lat' dir='ltr'>ligis</span> <span class='ocrx_word' id='word_1_363' title='bbox 142 2201 153 2217; x_wconf 83' lang='lat'>‚</span> <span class='ocrx_word' id='word_1_364' title='bbox 174 2176 262 2220; x_wconf 91' lang='lat' dir='ltr'>quod</span> <span class='ocrx_word' id='word_1_365' title='bbox 284 2175 415 2210; x_wconf 88' lang='lat' dir='ltr'>tradunt</span> <span class='ocrx_word' id='word_1_366' title='bbox 439 2175 491 2222; x_wconf 75' lang='lat' dir='ltr'>(a</span> <span class='ocrx_word' id='word_1_367' title='bbox 509 2176 546 2217; x_wconf 92' lang='lat'>)‚</span> <span class='ocrx_word' id='word_1_368' title='bbox 570 2178 602 2208; x_wconf 65' lang='grc' dir='ltr'>ἃ</span> <span class='ocrx_word' id='word_1_369' title='bbox 629 2175 741 2217; x_wconf 71' lang='lat' dir='ltr'>saepius</span> <span class='ocrx_word' id='word_1_370' title='bbox 765 2187 875 2208; x_wconf 86' lang='lat' dir='ltr'>verum</span> <span class='ocrx_word' id='word_1_371' title='bbox 887 2175 946 2211; x_wconf 86' lang='lat' dir='ltr'>est,</span> <span class='ocrx_word' id='word_1_372' title='bbox 973 2176 1056 2215; x_wconf 86' lang='lat' dir='ltr'>peri-</span> 
     </span>
     <span class='ocr_line' id='line_1_46' title="bbox 50 2217 1055 2261; baseline -0.005 -7"><span class='ocrx_word' id='word_1_373' title='bbox 50 2220 153 2254; x_wconf 90' lang='lat' dir='ltr'>cardii</span> <span class='ocrx_word' id='word_1_374' title='bbox 176 2219 353 2261; x_wconf 81' lang='lat' dir='ltr'>hydropem</span> <span class='ocrx_word' id='word_1_375' title='bbox 379 2218 485 2251; x_wconf 88' lang='lat' dir='ltr'>sensim</span> <span class='ocrx_word' id='word_1_376' title='bbox 509 2217 601 2256; x_wconf 85' lang='lat' dir='ltr'>fieri;</span> <span class='ocrx_word' id='word_1_377' title='bbox 623 2228 695 2250; x_wconf 84' lang='lat' dir='ltr'>nam</span> <span class='ocrx_word' id='word_1_378' title='bbox 719 2217 897 2250; x_wconf 82' lang='lat' dir='ltr'>breviflimo</span> <span class='ocrx_word' id='word_1_379' title='bbox 930 2226 1055 2259; x_wconf 80' lang='lat' dir='ltr'>tempo-</span> 
     </span>
     <span class='ocr_line' id='line_1_47' title="bbox 50 2259 1055 2303; baseline -0.004 -6"><span class='ocrx_word' id='word_1_380' title='bbox 50 2275 84 2297; x_wconf 84' lang='lat' dir='ltr'>re</span> <span class='ocrx_word' id='word_1_381' title='bbox 108 2274 172 2296; x_wconf 88' lang='lat' dir='ltr'>non</span> <span class='ocrx_word' id='word_1_382' title='bbox 196 2262 283 2296; x_wconf 87' lang='lat' dir='ltr'>secus</span> <span class='ocrx_word' id='word_1_383' title='bbox 306 2273 340 2294; x_wconf 88' lang='lat' dir='ltr'>ac</span> <span class='ocrx_word' id='word_1_384' title='bbox 363 2260 507 2302; x_wconf 88' lang='lat' dir='ltr'>hydrops</span> <span class='ocrx_word' id='word_1_385' title='bbox 518 2259 683 2300; x_wconf 78' lang='lat' dir='ltr'>thoracis,</span> <span class='ocrx_word' id='word_1_386' title='bbox 705 2259 870 2294; x_wconf 84' lang='lat' dir='ltr'>interdum</span> <span class='ocrx_word' id='word_1_387' title='bbox 883 2259 942 2299; x_wconf 81' lang='lat' dir='ltr'>fit,</span> <span class='ocrx_word' id='word_1_388' title='bbox 966 2259 1055 2303; x_wconf 84' lang='lat' dir='ltr'>quod</span> 
     </span>
     <span class='ocr_line' id='line_1_48' title="bbox 50 2303 1046 2346; baseline -0.004 -6"><span class='ocrx_word' id='word_1_389' title='bbox 50 2307 120 2341; x_wconf 83' lang='lat' dir='ltr'>sane</span> <span class='ocrx_word' id='word_1_390' title='bbox 141 2317 215 2339; x_wconf 89' lang='lat' dir='ltr'>curn</span> <span class='ocrx_word' id='word_1_391' title='bbox 239 2304 505 2338; x_wconf 87' lang='lat' dir='ltr'>Observationem</span> <span class='ocrx_word' id='word_1_392' title='bbox 530 2304 699 2346; x_wconf 86' lang='lat' dir='ltr'>perlegeris</span> <span class='ocrx_word' id='word_1_393' title='bbox 721 2304 773 2336; x_wconf 88' lang='lat' dir='ltr'>Cl.</span> <span class='ocrx_word' id='word_1_394' title='bbox 807 2304 889 2336; x_wconf 75' lang='lat' dir='ltr'>Low</span> <span class='ocrx_word' id='word_1_395' title='bbox 925 2306 939 2342; x_wconf 91' lang='lat'>(</span> <span class='ocrx_word' id='word_1_396' title='bbox 961 2303 980 2336; x_wconf 81' lang='lat' dir='ltr'><em>b</em></span> <span class='ocrx_word' id='word_1_397' title='bbox 1004 2306 1016 2341; x_wconf 94' lang='lat'>)</span> <span class='ocrx_word' id='word_1_398' title='bbox 1037 2326 1046 2341; x_wconf 91' lang='lat'>,</span> 
     </span>
     <span class='ocr_line' id='line_1_49' title="bbox 53 2344 1050 2391; baseline -0.005 -8"><span class='ocrx_word' id='word_1_399' title='bbox 53 2358 109 2383; x_wconf 86' lang='lat' dir='ltr'>aut</span> <span class='ocrx_word' id='word_1_400' title='bbox 133 2361 206 2383; x_wconf 86' lang='lat' dir='ltr'>cum</span> <span class='ocrx_word' id='word_1_401' title='bbox 231 2347 296 2390; x_wconf 80' lang='lat' dir='ltr'>ipse</span> <span class='ocrx_word' id='word_1_402' title='bbox 320 2346 462 2380; x_wconf 79' lang='lat' dir='ltr'>thoracis</span> <span class='ocrx_word' id='word_1_403' title='bbox 488 2346 781 2380; x_wconf 81' lang='lat' dir='ltr'>inflammationum</span> <span class='ocrx_word' id='word_1_404' title='bbox 805 2344 952 2391; x_wconf 82' lang='lat' dir='ltr'>historias</span> <span class='ocrx_word' id='word_1_405' title='bbox 976 2357 1050 2387; x_wconf 88' lang='lat' dir='ltr'>pro-</span> 
     </span>
     <span class='ocr_line' id='line_1_50' title="bbox 52 2389 1051 2432; baseline -0.004 -6"><span class='ocrx_word' id='word_1_406' title='bbox 52 2392 152 2427; x_wconf 83' lang='lat' dir='ltr'>feram</span> <span class='ocrx_word' id='word_1_407' title='bbox 176 2395 189 2432; x_wconf 89' lang='lat'>(</span> <span class='ocrx_word' id='word_1_408' title='bbox 211 2405 227 2426; x_wconf 90' lang='lat' dir='ltr'>c</span> <span class='ocrx_word' id='word_1_409' title='bbox 250 2395 288 2431; x_wconf 88' lang='lat'>),</span> <span class='ocrx_word' id='word_1_410' title='bbox 312 2390 417 2423; x_wconf 89' lang='lat' dir='ltr'>multo</span> <span class='ocrx_word' id='word_1_411' title='bbox 440 2391 536 2422; x_wconf 83' lang='lat' dir='ltr'>etiarn</span> <span class='ocrx_word' id='word_1_412' title='bbox 568 2392 668 2432; x_wconf 81' lang='lat' dir='ltr'>magis</span> <span class='ocrx_word' id='word_1_413' title='bbox 702 2390 869 2432; x_wconf 87' lang='lat' dir='ltr'>cognosces</span> <span class='ocrx_word' id='word_1_414' title='bbox 892 2401 899 2421; x_wconf 90' lang='lat'>:</span> <span class='ocrx_word' id='word_1_415' title='bbox 934 2389 1051 2430; x_wconf 85' lang='lat' dir='ltr'>quibus</span> 
     </span>
     <span class='ocr_line' id='line_1_51' title="bbox 52 2429 1054 2479; baseline -0.008 -8"><span class='ocrx_word' id='word_1_416' title='bbox 52 2447 122 2471; x_wconf 84' lang='lat' dir='ltr'>eam</span> <span class='ocrx_word' id='word_1_417' title='bbox 143 2447 270 2479; x_wconf 90' lang='lat' dir='ltr'>quoque</span> <span class='ocrx_word' id='word_1_418' title='bbox 292 2433 385 2466; x_wconf 85' lang='lat' dir='ltr'>addes</span> <span class='ocrx_word' id='word_1_419' title='bbox 408 2444 479 2476; x_wconf 84' lang='lat' dir='ltr'>quae</span> <span class='ocrx_word' id='word_1_420' title='bbox 502 2433 639 2466; x_wconf 88' lang='lat' dir='ltr'>seorsum</span> <span class='ocrx_word' id='word_1_421' title='bbox 686 2433 762 2466; x_wconf 84' lang='lat' dir='ltr'>alibi</span> <span class='ocrx_word' id='word_1_422' title='bbox 787 2433 854 2472; x_wconf 83' lang='lat' dir='ltr'>(d)</span> <span class='ocrx_word' id='word_1_423' title='bbox 879 2429 1054 2464; x_wconf 85' lang='lat' dir='ltr'>scribetur.</span> 
     </span>
    </p>

    <p class='ocr_par' dir='ltr' id='par_1_4' title="bbox 51 2475 1060 2910">
     <span class='ocr_line' id='line_1_52' title="bbox 184 2475 1056 2520; baseline -0.002 -8"><span class='ocrx_word' id='word_1_424' title='bbox 184 2479 280 2512; x_wconf 81' lang='lat' dir='ltr'>Nunc</span> <span class='ocrx_word' id='word_1_425' title='bbox 316 2477 405 2509; x_wconf 87' lang='lat' dir='ltr'>illam</span> <span class='ocrx_word' id='word_1_426' title='bbox 439 2475 587 2518; x_wconf 77' lang='lat' dir='ltr'>adjiciam</span> <span class='ocrx_word' id='word_1_427' title='bbox 619 2487 715 2520; x_wconf 84' lang='lat' dir='ltr'>quam</span> <span class='ocrx_word' id='word_1_428' title='bbox 754 2475 852 2510; x_wconf 90' lang='lat' dir='ltr'>modo</span> <span class='ocrx_word' id='word_1_429' title='bbox 886 2476 1056 2518; x_wconf 70' lang='lat' dir='ltr'>pollicitus</span> 
     </span>
     <span class='ocr_line' id='line_1_53' title="bbox 52 2517 1057 2564; baseline -0.007 -7"><span class='ocrx_word' id='word_1_430' title='bbox 52 2522 144 2563; x_wconf 83' lang='lat' dir='ltr'>sum,</span> <span class='ocrx_word' id='word_1_431' title='bbox 166 2534 204 2554; x_wconf 88' lang='lat' dir='ltr'>eo</span> <span class='ocrx_word' id='word_1_432' title='bbox 227 2520 326 2564; x_wconf 80' lang='lat' dir='ltr'>pluris</span> <span class='ocrx_word' id='word_1_433' title='bbox 351 2531 366 2552; x_wconf 87' lang='lat' dir='ltr'>a</span> <span class='ocrx_word' id='word_1_434' title='bbox 390 2528 420 2551; x_wconf 89' lang='lat' dir='ltr'>te</span> <span class='ocrx_word' id='word_1_435' title='bbox 445 2517 621 2552; x_wconf 79' lang='lat' dir='ltr'>faciendam</span> <span class='ocrx_word' id='word_1_436' title='bbox 646 2521 787 2561; x_wconf 88' lang='lat' dir='ltr'>primum</span> <span class='ocrx_word' id='word_1_437' title='bbox 813 2518 903 2563; x_wconf 89' lang='lat' dir='ltr'>quod</span> <span class='ocrx_word' id='word_1_438' title='bbox 925 2531 963 2552; x_wconf 88' lang='lat' dir='ltr'>ex</span> <span class='ocrx_word' id='word_1_439' title='bbox 986 2530 1057 2561; x_wconf 85' lang='lat' dir='ltr'>per-</span> 
     </span>
     <span class='ocr_line' id='line_1_54' title="bbox 51 2561 1056 2606; baseline -0.004 -7"><span class='ocrx_word' id='word_1_440' title='bbox 51 2567 129 2599; x_wconf 77' lang='lat' dir='ltr'>raris</span> <span class='ocrx_word' id='word_1_441' title='bbox 152 2566 218 2599; x_wconf 80' lang='lat' dir='ltr'>illis</span> <span class='ocrx_word' id='word_1_442' title='bbox 241 2564 283 2597; x_wconf 86' lang='lat' dir='ltr'>est</span> <span class='ocrx_word' id='word_1_443' title='bbox 306 2565 338 2595; x_wconf 87' lang='lat' dir='ltr'>in</span> <span class='ocrx_word' id='word_1_444' title='bbox 362 2561 478 2606; x_wconf 85' lang='lat' dir='ltr'>quibus</span> <span class='ocrx_word' id='word_1_445' title='bbox 502 2563 583 2596; x_wconf 86' lang='lat' dir='ltr'>nihil</span> <span class='ocrx_word' id='word_1_446' title='bbox 611 2563 668 2596; x_wconf 88' lang='lat' dir='ltr'>nisi</span> <span class='ocrx_word' id='word_1_447' title='bbox 693 2563 865 2606; x_wconf 86' lang='lat' dir='ltr'>pericarclii</span> <span class='ocrx_word' id='word_1_448' title='bbox 889 2561 1056 2604; x_wconf 84' lang='lat' dir='ltr'>hydrops,</span> 
     </span>
     <span class='ocr_line' id='line_1_55' title="bbox 51 2605 1056 2649; baseline -0.006 -7"><span class='ocrx_word' id='word_1_449' title='bbox 51 2610 219 2642; x_wconf 87' lang='lat' dir='ltr'>inventum</span> <span class='ocrx_word' id='word_1_450' title='bbox 242 2607 328 2648; x_wconf 87' lang='lat' dir='ltr'>fuit,</span> <span class='ocrx_word' id='word_1_451' title='bbox 349 2607 402 2640; x_wconf 85' lang='lat' dir='ltr'>cui</span> <span class='ocrx_word' id='word_1_452' title='bbox 425 2605 581 2649; x_wconf 86' lang='lat' dir='ltr'>quidquid</span> <span class='ocrx_word' id='word_1_453' title='bbox 605 2617 686 2649; x_wconf 81' lang='lat' dir='ltr'>aegra</span> <span class='ocrx_word' id='word_1_454' title='bbox 698 2606 778 2649; x_wconf 85' lang='lat' dir='ltr'>passa</span> <span class='ocrx_word' id='word_1_455' title='bbox 790 2606 914 2647; x_wconf 82' lang='lat' dir='ltr'>fuerat,</span> <span class='ocrx_word' id='word_1_456' title='bbox 940 2605 1056 2639; x_wconf 78' lang='lat' dir='ltr'>adscri-</span> 
     </span>
     <span class='ocr_line' id='line_1_56' title="bbox 51 2649 1056 2695; baseline -0.004 -10"><span class='ocrx_word' id='word_1_457' title='bbox 51 2652 86 2685; x_wconf 88' lang='lat' dir='ltr'>bi</span> <span class='ocrx_word' id='word_1_458' title='bbox 110 2651 228 2695; x_wconf 90' lang='lat' dir='ltr'>posset,</span> <span class='ocrx_word' id='word_1_459' title='bbox 250 2660 320 2685; x_wconf 88' lang='lat' dir='ltr'>tum</span> <span class='ocrx_word' id='word_1_460' title='bbox 342 2651 416 2694; x_wconf 88' lang='lat' dir='ltr'>quia</span> <span class='ocrx_word' id='word_1_461' title='bbox 441 2662 455 2682; x_wconf 87' lang='lat' dir='ltr'>a</span> <span class='ocrx_word' id='word_1_462' title='bbox 481 2650 613 2684; x_wconf 82' lang='lat' dir='ltr'>Medico</span> <span class='ocrx_word' id='word_1_463' title='bbox 636 2652 669 2682; x_wconf 89' lang='lat' dir='ltr'>in</span> <span class='ocrx_word' id='word_1_464' title='bbox 680 2650 879 2692; x_wconf 77' lang='lat' dir='ltr'>quaerendis,</span> <span class='ocrx_word' id='word_1_465' title='bbox 903 2649 1056 2683; x_wconf 86' lang='lat' dir='ltr'>adnotan-</span> 
     </span>
     <span class='ocr_line' id='line_1_57' title="bbox 52 2693 1057 2739; baseline -0.006 -9"><span class='ocrx_word' id='word_1_466' title='bbox 52 2696 162 2739; x_wconf 87' lang='lat' dir='ltr'>disque</span> <span class='ocrx_word' id='word_1_467' title='bbox 187 2694 282 2738; x_wconf 83' lang='lat' dir='ltr'>signis</span> <span class='ocrx_word' id='word_1_468' title='bbox 304 2693 454 2728; x_wconf 89' lang='lat' dir='ltr'>omnibus</span> <span class='ocrx_word' id='word_1_469' title='bbox 476 2693 717 2738; x_wconf 73' lang='lat' dir='ltr'>diligentissimo</span> <span class='ocrx_word' id='word_1_470' title='bbox 751 2693 834 2728; x_wconf 90' lang='lat' dir='ltr'>mihi</span> <span class='ocrx_word' id='word_1_471' title='bbox 866 2705 929 2727; x_wconf 90' lang='lat' dir='ltr'>non</span> <span class='ocrx_word' id='word_1_472' title='bbox 965 2693 1057 2726; x_wconf 85' lang='lat' dir='ltr'>semel</span> 
     </span>
     <span class='ocr_line' id='line_1_58' title="bbox 52 2736 1060 2780; baseline -0.004 -8"><span class='ocrx_word' id='word_1_473' title='bbox 52 2747 201 2778; x_wconf 85' lang='lat' dir='ltr'>narrata,</span> <span class='ocrx_word' id='word_1_474' title='bbox 224 2749 257 2771; x_wconf 88' lang='lat' dir='ltr'>ac</span> <span class='ocrx_word' id='word_1_475' title='bbox 280 2736 468 2771; x_wconf 87' lang='lat' dir='ltr'>confirmata</span> <span class='ocrx_word' id='word_1_476' title='bbox 492 2737 533 2771; x_wconf 88' lang='lat' dir='ltr'>est</span> <span class='ocrx_word' id='word_1_477' title='bbox 555 2738 744 2780; x_wconf 88' lang='lat' dir='ltr'>Hippolyto</span> <span class='ocrx_word' id='word_1_478' title='bbox 766 2736 1060 2771; x_wconf 84' lang='lat' dir='ltr'>FranciscoAlber-</span> 
     </span>
     <span class='ocr_line' id='line_1_59' title="bbox 57 2780 1058 2815; baseline -0.004 0"><span class='ocrx_word' id='word_1_479' title='bbox 57 2784 130 2815; x_wconf 88' lang='lat' dir='ltr'>tino</span> <span class='ocrx_word' id='word_1_480' title='bbox 147 2807 154 2815; x_wconf 87' lang='lat'>.</span> <span class='ocrx_word' id='word_1_481' title='bbox 177 2784 260 2815; x_wconf 85' lang='lat' dir='ltr'>Earn</span> <span class='ocrx_word' id='word_1_482' title='bbox 282 2781 429 2815; x_wconf 84' lang='lat' dir='ltr'>consulto</span> <span class='ocrx_word' id='word_1_483' title='bbox 453 2780 490 2814; x_wconf 88' lang='lat' dir='ltr'>ad</span> <span class='ocrx_word' id='word_1_484' title='bbox 513 2790 693 2814; x_wconf 85' lang='lat' dir='ltr'>extremum</span> <span class='ocrx_word' id='word_1_485' title='bbox 717 2781 802 2815; x_wconf 90' lang='lat' dir='ltr'>hunc</span> <span class='ocrx_word' id='word_1_486' title='bbox 826 2782 932 2815; x_wconf 90' lang='lat' dir='ltr'>locum</span> <span class='ocrx_word' id='word_1_487' title='bbox 955 2780 1058 2812; x_wconf 86' lang='lat' dir='ltr'>serva-</span> 
     </span>
     <span class='ocr_line' id='line_1_60' title="bbox 54 2823 1058 2867; baseline -0.002 -9"><span class='ocrx_word' id='word_1_488' title='bbox 54 2828 108 2863; x_wconf 92' lang='lat' dir='ltr'>vi,</span> <span class='ocrx_word' id='word_1_489' title='bbox 133 2834 167 2859; x_wconf 93' lang='lat' dir='ltr'>ut</span> <span class='ocrx_word' id='word_1_490' title='bbox 191 2836 224 2858; x_wconf 83' lang='lat' dir='ltr'>ea</span> <span class='ocrx_word' id='word_1_491' title='bbox 247 2823 430 2867; x_wconf 76' lang='lat' dir='ltr'>propofita,</span> <span class='ocrx_word' id='word_1_492' title='bbox 452 2824 531 2867; x_wconf 89' lang='lat' dir='ltr'>quid</span> <span class='ocrx_word' id='word_1_493' title='bbox 555 2825 593 2858; x_wconf 90' lang='lat' dir='ltr'>de</span> <span class='ocrx_word' id='word_1_494' title='bbox 616 2824 738 2858; x_wconf 80' lang='lat' dir='ltr'>caeteris</span> <span class='ocrx_word' id='word_1_495' title='bbox 764 2825 858 2867; x_wconf 88' lang='lat' dir='ltr'>hujus</span> <span class='ocrx_word' id='word_1_496' title='bbox 882 2824 988 2857; x_wconf 89' lang='lat' dir='ltr'>morbi</span> <span class='ocrx_word' id='word_1_497' title='bbox 1006 2824 1058 2856; x_wconf 89' lang='lat' dir='ltr'>in-</span> 
     </span>
     <span class='ocr_line' id='line_1_61' title="bbox 55 2867 1011 2910; baseline -0.004 -7"><span class='ocrx_word' id='word_1_498' title='bbox 55 2869 151 2903; x_wconf 86' lang='lat' dir='ltr'>diciis</span> <span class='ocrx_word' id='word_1_499' title='bbox 174 2867 351 2902; x_wconf 87' lang='lat' dir='ltr'>habendum</span> <span class='ocrx_word' id='word_1_500' title='bbox 374 2867 434 2906; x_wconf 86' lang='lat' dir='ltr'>fit,</span> <span class='ocrx_word' id='word_1_501' title='bbox 459 2869 600 2909; x_wconf 86' lang='lat' dir='ltr'>certius,</span> <span class='ocrx_word' id='word_1_502' title='bbox 623 2880 658 2901; x_wconf 89' lang='lat' dir='ltr'>ac</span> <span class='ocrx_word' id='word_1_503' title='bbox 682 2867 811 2902; x_wconf 78' lang='lat' dir='ltr'>facilius</span> <span class='ocrx_word' id='word_1_504' title='bbox 834 2878 1011 2910; x_wconf 83' lang='lat' dir='ltr'>exponam.</span> 
     </span>
    </p>

    <p class='ocr_par' dir='ltr' id='par_1_5' title="bbox 55 2910 1060 3652">
     <span class='ocr_line' id='line_1_62' title="bbox 98 2910 1055 2956; baseline 0.002 -13"><span class='ocrx_word' id='word_1_505' title='bbox 98 2923 150 2956; x_wconf 86' lang='lat'>43.</span> <span class='ocrx_word' id='word_1_506' title='bbox 177 2912 423 2946; x_wconf 81' lang='lat' dir='ltr'>MONACHA</span> <span class='ocrx_word' id='word_1_507' title='bbox 447 2921 514 2944; x_wconf 82' lang='lat' dir='ltr'>erat</span> <span class='ocrx_word' id='word_1_508' title='bbox 540 2912 695 2945; x_wconf 83' lang='lat' dir='ltr'>Bononiae</span> <span class='ocrx_word' id='word_1_509' title='bbox 711 2935 719 2949; x_wconf 91' lang='lat'>,</span> <span class='ocrx_word' id='word_1_510' title='bbox 744 2910 834 2954; x_wconf 87' lang='lat' dir='ltr'>cujus</span> <span class='ocrx_word' id='word_1_511' title='bbox 852 2910 972 2945; x_wconf 80' lang='lat' dir='ltr'>illustre</span> <span class='ocrx_word' id='word_1_512' title='bbox 986 2920 1055 2945; x_wconf 87' lang='lat' dir='ltr'>tum</span> 
     </span>
     <span class='ocr_line' id='line_1_63' title="bbox 56 2953 1056 2997; baseline -0.004 -6"><span class='ocrx_word' id='word_1_513' title='bbox 56 2957 191 2996; x_wconf 85' lang='lat' dir='ltr'>Genus,</span> <span class='ocrx_word' id='word_1_514' title='bbox 225 2965 295 2989; x_wconf 89' lang='lat' dir='ltr'>turn</span> <span class='ocrx_word' id='word_1_515' title='bbox 325 2955 521 2988; x_wconf 87' lang='lat' dir='ltr'>Coenobium</span> <span class='ocrx_word' id='word_1_516' title='bbox 555 2955 608 2988; x_wconf 90' lang='lat' dir='ltr'>hic</span> <span class='ocrx_word' id='word_1_517' title='bbox 640 2967 813 2988; x_wconf 80' lang='lat' dir='ltr'>memorare</span> <span class='ocrx_word' id='word_1_518' title='bbox 848 2953 965 2997; x_wconf 85' lang='lat' dir='ltr'>possem</span> <span class='ocrx_word' id='word_1_519' title='bbox 992 2978 999 2992; x_wconf 94' lang='lat'>‚</span> <span class='ocrx_word' id='word_1_520' title='bbox 1033 2953 1056 2988; x_wconf 83' lang='lat' dir='ltr'>si</span> 
     </span>
     <span class='ocr_line' id='line_1_64' title="bbox 55 2996 1055 3041; baseline -0.001 -9"><span class='ocrx_word' id='word_1_521' title='bbox 55 3000 191 3038; x_wconf 86' lang='lat' dir='ltr'>vellem,</span> <span class='ocrx_word' id='word_1_522' title='bbox 216 3009 312 3041; x_wconf 88' lang='lat' dir='ltr'>quam</span> <span class='ocrx_word' id='word_1_523' title='bbox 336 2996 569 3032; x_wconf 87' lang='lat' dir='ltr'>defluxionibus</span> <span class='ocrx_word' id='word_1_524' title='bbox 594 3001 626 3032; x_wconf 90' lang='lat' dir='ltr'>in</span> <span class='ocrx_word' id='word_1_525' title='bbox 637 3001 805 3041; x_wconf 76' lang='lat' dir='ltr'>gingivas,</span> <span class='ocrx_word' id='word_1_526' title='bbox 828 2998 984 3040; x_wconf 85' lang='lat' dir='ltr'>malasque</span> <span class='ocrx_word' id='word_1_527' title='bbox 996 2998 1055 3031; x_wconf 87' lang='lat' dir='ltr'>ob—</span> 
     </span>
     <span class='ocr_line' id='line_1_65' title="bbox 57 3040 1054 3086; baseline -0.002 -10"><span class='ocrx_word' id='word_1_528' title='bbox 57 3045 189 3077; x_wconf 83' lang='lat' dir='ltr'>noxiam</span> <span class='ocrx_word' id='word_1_529' title='bbox 212 3040 359 3076; x_wconf 84' lang='lat' dir='ltr'>Medicus</span> <span class='ocrx_word' id='word_1_530' title='bbox 388 3040 464 3074; x_wconf 89' lang='lat' dir='ltr'>dato</span> <span class='ocrx_word' id='word_1_531' title='bbox 498 3054 536 3075; x_wconf 85' lang='lat' dir='ltr'>ex</span> <span class='ocrx_word' id='word_1_532' title='bbox 570 3041 758 3076; x_wconf 81' lang='lat' dir='ltr'>sudoriferis</span> <span class='ocrx_word' id='word_1_533' title='bbox 791 3044 887 3086; x_wconf 75' lang='lat' dir='ltr'>lignis</span> <span class='ocrx_word' id='word_1_534' title='bbox 919 3041 1054 3075; x_wconf 57' lang='lat' dir='ltr'>decoffiso</span> 
     </span>
     <span class='ocr_line' id='line_1_66' title="bbox 57 3084 1054 3130; baseline -0.004 -9"><span class='ocrx_word' id='word_1_535' title='bbox 57 3087 238 3121; x_wconf 77' lang='lat' dir='ltr'>sanaverat:</span> <span class='ocrx_word' id='word_1_536' title='bbox 264 3084 461 3130; x_wconf 78' lang='lat' dir='ltr'>postmodum</span> <span class='ocrx_word' id='word_1_537' title='bbox 484 3094 587 3120; x_wconf 86' lang='lat' dir='ltr'>autern</span> <span class='ocrx_word' id='word_1_538' title='bbox 612 3095 701 3120; x_wconf 85' lang='lat' dir='ltr'>acuta</span> <span class='ocrx_word' id='word_1_539' title='bbox 725 3086 811 3120; x_wconf 83' lang='lat' dir='ltr'>febre</span> <span class='ocrx_word' id='word_1_540' title='bbox 843 3095 1020 3128; x_wconf 80' lang='lat' dir='ltr'>correptam</span> <span class='ocrx_word' id='word_1_541' title='bbox 1043 3107 1054 3124; x_wconf 80' lang='lat'>,</span> 
     </span>
     <span class='ocr_line' id='line_1_67' title="bbox 58 3128 1055 3174; baseline -0.001 -12"><span class='ocrx_word' id='word_1_542' title='bbox 58 3131 127 3174; x_wconf 86' lang='lat' dir='ltr'>pari</span> <span class='ocrx_word' id='word_1_543' title='bbox 149 3129 304 3164; x_wconf 76' lang='lat' dir='ltr'>felicitate</span> <span class='ocrx_word' id='word_1_544' title='bbox 328 3128 431 3160; x_wconf 84' lang='lat' dir='ltr'>sanam</span> <span class='ocrx_word' id='word_1_545' title='bbox 455 3128 588 3162; x_wconf 78' lang='lat' dir='ltr'>fecerat.</span> <span class='ocrx_word' id='word_1_546' title='bbox 613 3131 701 3164; x_wconf 88' lang='lat' dir='ltr'>Cum</span> <span class='ocrx_word' id='word_1_547' title='bbox 725 3129 823 3173; x_wconf 84' lang='lat' dir='ltr'>posset</span> <span class='ocrx_word' id='word_1_548' title='bbox 846 3141 906 3163; x_wconf 87' lang='lat' dir='ltr'>una</span> <span class='ocrx_word' id='word_1_549' title='bbox 923 3153 936 3169; x_wconf 96' lang='lat'>,</span> <span class='ocrx_word' id='word_1_550' title='bbox 961 3137 1055 3170; x_wconf 86' lang='lat' dir='ltr'>atque</span> 
     </span>
     <span class='ocr_line' id='line_1_68' title="bbox 58 3169 1055 3216; baseline -0.002 -9"><span class='ocrx_word' id='word_1_551' title='bbox 58 3174 158 3207; x_wconf 81' lang='lat' dir='ltr'>altera</span> <span class='ocrx_word' id='word_1_552' title='bbox 180 3173 344 3207; x_wconf 81' lang='lat' dir='ltr'>curatione</span> <span class='ocrx_word' id='word_1_553' title='bbox 368 3169 425 3204; x_wconf 86' lang='lat' dir='ltr'>esse</span> <span class='ocrx_word' id='word_1_554' title='bbox 446 3182 638 3212; x_wconf 76' lang='lat' dir='ltr'>contentu55</span> <span class='ocrx_word' id='word_1_555' title='bbox 662 3184 697 3208; x_wconf 89' lang='lat' dir='ltr'>ut</span> <span class='ocrx_word' id='word_1_556' title='bbox 731 3173 803 3208; x_wconf 89' lang='lat' dir='ltr'>sunt</span> <span class='ocrx_word' id='word_1_557' title='bbox 839 3173 939 3216; x_wconf 79' lang='lat' dir='ltr'>aliqui</span> <span class='ocrx_word' id='word_1_558' title='bbox 972 3174 1055 3206; x_wconf 82' lang='lat' dir='ltr'>male</span> 
     </span>
     <span class='ocr_line' id='line_1_69' title="bbox 59 3214 1059 3261; baseline 0 -10"><span class='ocrx_word' id='word_1_559' title='bbox 59 3216 183 3256; x_wconf 81' lang='lat' dir='ltr'>seduli3</span> <span class='ocrx_word' id='word_1_560' title='bbox 205 3215 318 3258; x_wconf 86' lang='lat' dir='ltr'>Aprili</span> <span class='ocrx_word' id='word_1_561' title='bbox 344 3214 443 3247; x_wconf 87' lang='lat' dir='ltr'>mense</span> <span class='ocrx_word' id='word_1_562' title='bbox 467 3216 637 3256; x_wconf 84' lang='lat' dir='ltr'>redeunte,</span> <span class='ocrx_word' id='word_1_563' title='bbox 660 3229 768 3261; x_wconf 83' lang='lat' dir='ltr'>urgere</span> <span class='ocrx_word' id='word_1_564' title='bbox 793 3219 964 3259; x_wconf 82' lang='lat' dir='ltr'>Virginem</span> <span class='ocrx_word' id='word_1_565' title='bbox 992 3228 1059 3251; x_wconf 79' lang='lat' dir='ltr'>coe-</span> 
     </span>
     <span class='ocr_line' id='line_1_70' title="bbox 60 3260 1057 3304; baseline -0.002 -10"><span class='ocrx_word' id='word_1_566' title='bbox 60 3262 133 3304; x_wconf 85' lang='lat' dir='ltr'>pit,</span> <span class='ocrx_word' id='word_1_567' title='bbox 156 3272 193 3293; x_wconf 87' lang='lat' dir='ltr'>ne</span> <span class='ocrx_word' id='word_1_568' title='bbox 215 3270 280 3292; x_wconf 85' lang='lat' dir='ltr'>tam</span> <span class='ocrx_word' id='word_1_569' title='bbox 302 3267 519 3301; x_wconf 80' lang='lat' dir='ltr'>opportunum</span> <span class='ocrx_word' id='word_1_570' title='bbox 542 3260 689 3294; x_wconf 83' lang='lat' dir='ltr'>remediis</span> <span class='ocrx_word' id='word_1_571' title='bbox 712 3271 862 3303; x_wconf 80' lang='lat' dir='ltr'>tempus,</span> <span class='ocrx_word' id='word_1_572' title='bbox 885 3261 1004 3304; x_wconf 87' lang='lat' dir='ltr'>quibus</span> <span class='ocrx_word' id='word_1_573' title='bbox 1028 3260 1057 3292; x_wconf 86' lang='lat' dir='ltr'>se</span> 
     </span>
     <span class='ocr_line' id='line_1_71' title="bbox 61 3301 1059 3346; baseline -0.002 -8"><span class='ocrx_word' id='word_1_574' title='bbox 61 3315 79 3337; x_wconf 85' lang='lat' dir='ltr'>a</span> <span class='ocrx_word' id='word_1_575' title='bbox 101 3301 338 3338; x_wconf 79' lang='lat' dir='ltr'>defluxionibus</span> <span class='ocrx_word' id='word_1_576' title='bbox 358 3302 534 3337; x_wconf 88' lang='lat' dir='ltr'>immunem</span> <span class='ocrx_word' id='word_1_577' title='bbox 558 3304 690 3338; x_wconf 86' lang='lat' dir='ltr'>servaret</span> <span class='ocrx_word' id='word_1_578' title='bbox 704 3331 713 3346; x_wconf 88' lang='lat'>‚</span> <span class='ocrx_word' id='word_1_579' title='bbox 738 3306 823 3338; x_wconf 86' lang='lat' dir='ltr'>abire</span> <span class='ocrx_word' id='word_1_580' title='bbox 845 3302 1059 3337; x_wconf 87' lang='lat' dir='ltr'>sineret.Ne-</span> 
     </span>
     <span class='ocr_line' id='line_1_72' title="bbox 61 3346 1059 3391; baseline 0 -11"><span class='ocrx_word' id='word_1_581' title='bbox 61 3358 133 3391; x_wconf 85' lang='lat' dir='ltr'>gare</span> <span class='ocrx_word' id='word_1_582' title='bbox 155 3347 211 3379; x_wconf 87' lang='lat' dir='ltr'>illa</span> <span class='ocrx_word' id='word_1_583' title='bbox 235 3347 378 3389; x_wconf 88' lang='lat' dir='ltr'>primum</span> <span class='ocrx_word' id='word_1_584' title='bbox 394 3369 406 3385; x_wconf 94' lang='lat'>,</span> <span class='ocrx_word' id='word_1_585' title='bbox 430 3347 548 3389; x_wconf 91' lang='lat' dir='ltr'>quippe</span> <span class='ocrx_word' id='word_1_586' title='bbox 571 3349 695 3389; x_wconf 83' lang='lat' dir='ltr'>optime</span> <span class='ocrx_word' id='word_1_587' title='bbox 718 3349 821 3382; x_wconf 88' lang='lat' dir='ltr'>valens</span> <span class='ocrx_word' id='word_1_588' title='bbox 840 3371 852 3388; x_wconf 86' lang='lat'>,</span> <span class='ocrx_word' id='word_1_589' title='bbox 877 3351 907 3381; x_wconf 78' lang='grc' dir='ltr'>δε</span> <span class='ocrx_word' id='word_1_590' title='bbox 931 3359 1001 3390; x_wconf 82' lang='lat' dir='ltr'>quae</span> <span class='ocrx_word' id='word_1_591' title='bbox 1012 3346 1059 3380; x_wconf 86' lang='lat' dir='ltr'>sa-</span> 
     </span>
     <span class='ocr_line' id='line_1_73' title="bbox 65 3387 1059 3434; baseline -0.001 -10"><span class='ocrx_word' id='word_1_592' title='bbox 65 3393 109 3424; x_wconf 90' lang='lat' dir='ltr'>tis</span> <span class='ocrx_word' id='word_1_593' title='bbox 131 3389 188 3423; x_wconf 88' lang='lat' dir='ltr'>fibi</span> <span class='ocrx_word' id='word_1_594' title='bbox 215 3390 367 3433; x_wconf 87' lang='lat' dir='ltr'>superque</span> <span class='ocrx_word' id='word_1_595' title='bbox 392 3392 423 3422; x_wconf 86' lang='lat'>&amp;</span> <span class='ocrx_word' id='word_1_596' title='bbox 447 3387 606 3429; x_wconf 67' lang='lat' dir='ltr'>demeto,</span> <span class='ocrx_word' id='word_1_597' title='bbox 629 3394 661 3424; x_wconf 73' lang='grc' dir='ltr'>δε</span> <span class='ocrx_word' id='word_1_598' title='bbox 686 3390 772 3425; x_wconf 85' lang='lat' dir='ltr'>febre</span> <span class='ocrx_word' id='word_1_599' title='bbox 806 3400 939 3434; x_wconf 86' lang='lat' dir='ltr'>purgata</span> <span class='ocrx_word' id='word_1_600' title='bbox 970 3389 1059 3423; x_wconf 92' lang='lat' dir='ltr'>vide-</span> 
     </span>
     <span class='ocr_line' id='line_1_74' title="bbox 62 3433 1060 3477; baseline -0.001 -9"><span class='ocrx_word' id='word_1_601' title='bbox 62 3444 169 3468; x_wconf 87' lang='lat' dir='ltr'>retur.</span> <span class='ocrx_word' id='word_1_602' title='bbox 193 3434 336 3466; x_wconf 87' lang='lat' dir='ltr'>Homine</span> <span class='ocrx_word' id='word_1_603' title='bbox 358 3442 462 3466; x_wconf 84' lang='lat' dir='ltr'>tamen</span> <span class='ocrx_word' id='word_1_604' title='bbox 487 3433 593 3466; x_wconf 86' lang='lat' dir='ltr'>eadem</span> <span class='ocrx_word' id='word_1_605' title='bbox 616 3434 729 3477; x_wconf 81' lang='lat' dir='ltr'>saepius</span> <span class='ocrx_word' id='word_1_606' title='bbox 752 3435 931 3469; x_wconf 84' lang='lat' dir='ltr'>inculcante</span> <span class='ocrx_word' id='word_1_607' title='bbox 953 3458 967 3474; x_wconf 88' lang='lat'><em>‚</em></span> <span class='ocrx_word' id='word_1_608' title='bbox 989 3442 1060 3467; x_wconf 89' lang='lat' dir='ltr'>tan-</span> 
     </span>
     <span class='ocr_line' id='line_1_75' title="bbox 63 3475 1059 3522; baseline -0.001 -11"><span class='ocrx_word' id='word_1_609' title='bbox 63 3478 135 3512; x_wconf 89' lang='lat' dir='ltr'>dem</span> <span class='ocrx_word' id='word_1_610' title='bbox 157 3477 294 3517; x_wconf 86' lang='lat' dir='ltr'>annuit,</span> <span class='ocrx_word' id='word_1_611' title='bbox 318 3477 447 3517; x_wconf 85' lang='lat' dir='ltr'>invita,</span> <span class='ocrx_word' id='word_1_612' title='bbox 468 3475 554 3521; x_wconf 84' lang='lat' dir='ltr'>quasi</span> <span class='ocrx_word' id='word_1_613' title='bbox 580 3478 701 3512; x_wconf 85' lang='lat' dir='ltr'>animus</span> <span class='ocrx_word' id='word_1_614' title='bbox 724 3478 758 3512; x_wconf 86' lang='lat' dir='ltr'>id</span> <span class='ocrx_word' id='word_1_615' title='bbox 782 3477 870 3522; x_wconf 89' lang='lat' dir='ltr'>quod</span> <span class='ocrx_word' id='word_1_616' title='bbox 904 3476 1023 3512; x_wconf 86' lang='lat' dir='ltr'>accidit</span> <span class='ocrx_word' id='word_1_617' title='bbox 1046 3500 1059 3518; x_wconf 88' lang='lat'>,</span> 
     </span>
     <span class='ocr_line' id='line_1_76' title="bbox 63 3519 1058 3565; baseline -0.002 -10"><span class='ocrx_word' id='word_1_618' title='bbox 63 3521 263 3564; x_wconf 78' lang='lat' dir='ltr'>praesagiret.</span> <span class='ocrx_word' id='word_1_619' title='bbox 288 3521 375 3554; x_wconf 90' lang='lat' dir='ltr'>Cum</span> <span class='ocrx_word' id='word_1_620' title='bbox 398 3522 482 3553; x_wconf 83' lang='lat' dir='ltr'>enirn</span> <span class='ocrx_word' id='word_1_621' title='bbox 505 3519 641 3555; x_wconf 88' lang='lat' dir='ltr'>e&#39;nsdem</span> <span class='ocrx_word' id='word_1_622' title='bbox 672 3522 780 3565; x_wconf 89' lang='lat' dir='ltr'>syrupi</span> <span class='ocrx_word' id='word_1_623' title='bbox 803 3545 815 3562; x_wconf 84' lang='lat'>,</span> <span class='ocrx_word' id='word_1_624' title='bbox 845 3531 881 3556; x_wconf 89' lang='lat' dir='ltr'>ut</span> <span class='ocrx_word' id='word_1_625' title='bbox 916 3531 1030 3555; x_wconf 88' lang='lat' dir='ltr'>vocant</span> <span class='ocrx_word' id='word_1_626' title='bbox 1049 3546 1058 3561; x_wconf 95' lang='lat'>,</span> 
     </span>
     <span class='ocr_line' id='line_1_77' title="bbox 63 3532 1056 3607; baseline 0.001 -10"><span class='ocrx_word' id='word_1_627' title='bbox 63 3566 149 3599; x_wconf 87' lang='lat' dir='ltr'>aurei</span> <span class='ocrx_word' id='word_1_628' title='bbox 172 3563 360 3597; x_wconf 86' lang='lat' dir='ltr'>tantundem</span> <span class='ocrx_word' id='word_1_629' title='bbox 383 3532 556 3607; x_wconf 59' lang='lat' dir='ltr'>sumpsisset</span> <span class='ocrx_word' id='word_1_630' title='bbox 578 3575 732 3607; x_wconf 88' lang='lat' dir='ltr'>quantum</span> <span class='ocrx_word' id='word_1_631' title='bbox 754 3577 793 3599; x_wconf 91' lang='lat' dir='ltr'>eo</span> <span class='ocrx_word' id='word_1_632' title='bbox 814 3565 865 3600; x_wconf 82' lang='lat' dir='ltr'>die</span> <span class='ocrx_word' id='word_1_633' title='bbox 888 3566 1056 3599; x_wconf 87' lang='lat' dir='ltr'>inCoeno-</span> 
     </span>
     <span class='ocr_line' id='line_1_78' title="bbox 61 3607 1055 3652; baseline 0 -10"><span class='ocrx_word' id='word_1_634' title='bbox 61 3607 118 3642; x_wconf 90' lang='lat' dir='ltr'>bio</span> <span class='ocrx_word' id='word_1_635' title='bbox 139 3608 208 3642; x_wconf 79' lang='lat' dir='ltr'>aliae</span> <span class='ocrx_word' id='word_1_636' title='bbox 222 3631 230 3644; x_wconf 83' lang='lat'>‚</span> <span class='ocrx_word' id='word_1_637' title='bbox 254 3607 364 3650; x_wconf 88' lang='lat' dir='ltr'>hisque</span> <span class='ocrx_word' id='word_1_638' title='bbox 386 3607 533 3642; x_wconf 83' lang='lat' dir='ltr'>omnibus</span> <span class='ocrx_word' id='word_1_639' title='bbox 557 3607 590 3641; x_wconf 84' lang='lat' dir='ltr'>id</span> <span class='ocrx_word' id='word_1_640' title='bbox 614 3608 689 3641; x_wconf 89' lang='lat' dir='ltr'>bene</span> <span class='ocrx_word' id='word_1_641' title='bbox 710 3608 835 3644; x_wconf 75' lang='lat' dir='ltr'>cessisset</span> <span class='ocrx_word' id='word_1_642' title='bbox 855 3622 866 3649; x_wconf 84' lang='lat'>5</span> <span class='ocrx_word' id='word_1_643' title='bbox 890 3609 948 3652; x_wconf 88' lang='lat' dir='ltr'>ipsi</span> <span class='ocrx_word' id='word_1_644' title='bbox 980 3610 1055 3652; x_wconf 86' lang='lat' dir='ltr'>qui-</span> 
     </span>
    </p>
   </div>
   <div class='ocr_carea' id='block_1_3' title="bbox 1955 251 2047 298">
    <p class='ocr_par' dir='ltr' id='par_1_6' title="bbox 1955 251 2047 298">
     <span class='ocr_line' id='line_1_79' title="bbox 1955 251 2047 298; baseline -0.011 0"><span class='ocrx_word' id='word_1_645' title='bbox 1955 251 2047 298; x_wconf 77' lang='lat'>147</span> 
     </span>
    </p>
   </div>
   <div class='ocr_carea' id='block_1_4' title="bbox 1107 307 2125 1393">
    <p class='ocr_par' dir='ltr' id='par_1_7' title="bbox 1107 307 2125 1393">
     <span class='ocr_line' id='line_1_80' title="bbox 1112 307 2112 355; baseline -0.004 -8"><span class='ocrx_word' id='word_1_646' title='bbox 1112 312 1206 349; x_wconf 85' lang='lat' dir='ltr'>dem,</span> <span class='ocrx_word' id='word_1_647' title='bbox 1228 323 1423 355; x_wconf 71' lang='lat' dir='ltr'>quaecunque</span> <span class='ocrx_word' id='word_1_648' title='bbox 1455 310 1543 345; x_wconf 87' lang='lat' dir='ltr'>casus</span> <span class='ocrx_word' id='word_1_649' title='bbox 1576 310 1654 344; x_wconf 86' lang='lat' dir='ltr'>adeo</span> <span class='ocrx_word' id='word_1_650' title='bbox 1689 309 1812 343; x_wconf 85' lang='lat' dir='ltr'>insoliti</span> <span class='ocrx_word' id='word_1_651' title='bbox 1851 309 1941 344; x_wconf 81' lang='lat' dir='ltr'>causa</span> <span class='ocrx_word' id='word_1_652' title='bbox 1973 307 2072 342; x_wconf 84' lang='lat' dir='ltr'>fuerit</span> <span class='ocrx_word' id='word_1_653' title='bbox 2095 311 2112 343; x_wconf 57' lang='grc' dir='ltr'>ι’</span> 
     </span>
     <span class='ocr_line' id='line_1_81' title="bbox 1136 353 2107 397; baseline -0.005 -8"><span class='ocrx_word' id='word_1_654' title='bbox 1136 355 1322 397; x_wconf 84' lang='lat' dir='ltr'>uinquagies</span> <span class='ocrx_word' id='word_1_655' title='bbox 1346 355 1577 397; x_wconf 82' lang='lat' dir='ltr'>propemodum</span> <span class='ocrx_word' id='word_1_656' title='bbox 1600 353 1709 387; x_wconf 88' lang='lat' dir='ltr'>alvum</span> <span class='ocrx_word' id='word_1_657' title='bbox 1734 356 1856 385; x_wconf 68' lang='lat' dir='ltr'>movit.</span> <span class='ocrx_word' id='word_1_658' title='bbox 1884 353 1974 386; x_wconf 80' lang='lat' dir='ltr'>Hinc</span> <span class='ocrx_word' id='word_1_659' title='bbox 1986 362 2107 393; x_wconf 73' lang='lat' dir='ltr'>magnae</span> 
     </span>
     <span class='ocr_line' id='line_1_82' title="bbox 1126 395 2110 440; baseline -0.004 -9"><span class='ocrx_word' id='word_1_660' title='bbox 1126 401 1169 432; x_wconf 89' lang='lat' dir='ltr'>eri</span> <span class='ocrx_word' id='word_1_661' title='bbox 1192 397 1307 440; x_wconf 63' lang='lat' dir='ltr'>dejecti</span> <span class='ocrx_word' id='word_1_662' title='bbox 1329 400 1432 440; x_wconf 76' lang='lat' dir='ltr'>copiae</span> <span class='ocrx_word' id='word_1_663' title='bbox 1455 410 1527 431; x_wconf 90' lang='lat' dir='ltr'>cum</span> <span class='ocrx_word' id='word_1_664' title='bbox 1550 397 1641 437; x_wconf 88' lang='lat' dir='ltr'>sitis,</span> <span class='ocrx_word' id='word_1_665' title='bbox 1665 406 1700 429; x_wconf 92' lang='lat' dir='ltr'>ut</span> <span class='ocrx_word' id='word_1_666' title='bbox 1725 395 1787 429; x_wconf 84' lang='lat' dir='ltr'>fere</span> <span class='ocrx_word' id='word_1_667' title='bbox 1811 395 1890 429; x_wconf 84' lang='lat' dir='ltr'>solet</span> <span class='ocrx_word' id='word_1_668' title='bbox 1909 420 1922 436; x_wconf 88' lang='lat'>,</span> <span class='ocrx_word' id='word_1_669' title='bbox 1960 395 2110 428; x_wconf 79' lang='lat' dir='ltr'>intolera-</span> 
     </span>
     <span class='ocr_line' id='line_1_83' title="bbox 1110 437 2109 484; baseline -0.005 -8"><span class='ocrx_word' id='word_1_670' title='bbox 1110 443 1186 476; x_wconf 89' lang='lat' dir='ltr'>bilis</span> <span class='ocrx_word' id='word_1_671' title='bbox 1209 440 1410 481; x_wconf 72' lang='lat' dir='ltr'>successisset,</span> <span class='ocrx_word' id='word_1_672' title='bbox 1434 452 1533 484; x_wconf 89' lang='lat' dir='ltr'>neque</span> <span class='ocrx_word' id='word_1_673' title='bbox 1554 441 1621 474; x_wconf 83' lang='lat' dir='ltr'>hoec</span> <span class='ocrx_word' id='word_1_674' title='bbox 1645 440 1683 472; x_wconf 78' lang='lat' dir='ltr'>ab</span> <span class='ocrx_word' id='word_1_675' title='bbox 1706 437 1833 481; x_wconf 86' lang='lat' dir='ltr'>jusculis</span> <span class='ocrx_word' id='word_1_676' title='bbox 1857 438 2020 475; x_wconf 69' lang='lat' dir='ltr'>largissime</span> <span class='ocrx_word' id='word_1_677' title='bbox 2032 450 2109 479; x_wconf 83' lang='lat' dir='ltr'>epo-</span> 
     </span>
     <span class='ocr_line' id='line_1_84' title="bbox 1110 480 2110 525; baseline -0.005 -6"><span class='ocrx_word' id='word_1_678' title='bbox 1110 488 1152 520; x_wconf 87' lang='lat' dir='ltr'>tis</span> <span class='ocrx_word' id='word_1_679' title='bbox 1176 486 1373 525; x_wconf 87' lang='lat' dir='ltr'>remitteret,</span> <span class='ocrx_word' id='word_1_680' title='bbox 1397 485 1463 517; x_wconf 89' lang='lat' dir='ltr'>vim</span> <span class='ocrx_word' id='word_1_681' title='bbox 1486 486 1658 517; x_wconf 82' lang='lat' dir='ltr'>maximam</span> <span class='ocrx_word' id='word_1_682' title='bbox 1682 482 1794 516; x_wconf 82' lang='lat' dir='ltr'>dilutae</span> <span class='ocrx_word' id='word_1_683' title='bbox 1817 480 2110 524; x_wconf 85' lang='lat' dir='ltr'>emulsionisinges-</span> 
     </span>
     <span class='ocr_line' id='line_1_85' title="bbox 1108 526 2111 570; baseline -0.007 -8"><span class='ocrx_word' id='word_1_684' title='bbox 1108 529 1167 562; x_wconf 83' lang='lat' dir='ltr'>sit.-</span> <span class='ocrx_word' id='word_1_685' title='bbox 1193 539 1289 570; x_wconf 87' lang='lat' dir='ltr'>neque</span> <span class='ocrx_word' id='word_1_686' title='bbox 1314 527 1390 562; x_wconf 90' lang='lat' dir='ltr'>huic</span> <span class='ocrx_word' id='word_1_687' title='bbox 1415 536 1510 560; x_wconf 81' lang='lat' dir='ltr'>tantae</span> <span class='ocrx_word' id='word_1_688' title='bbox 1534 528 1681 570; x_wconf 84' lang='lat' dir='ltr'>potionis</span> <span class='ocrx_word' id='word_1_689' title='bbox 1704 526 1806 566; x_wconf 81' lang='lat' dir='ltr'>copiae</span> <span class='ocrx_word' id='word_1_690' title='bbox 1830 527 1928 570; x_wconf 70' lang='lat' dir='ltr'>urinae</span> <span class='ocrx_word' id='word_1_691' title='bbox 1952 526 2044 564; x_wconf 86' lang='lat' dir='ltr'>copia</span> <span class='ocrx_word' id='word_1_692' title='bbox 2064 536 2111 557; x_wconf 74' lang='lat' dir='ltr'>re-</span> 
     </span>
     <span class='ocr_line' id='line_1_86' title="bbox 1107 568 2109 614; baseline -0.005 -8"><span class='ocrx_word' id='word_1_693' title='bbox 1107 571 1236 614; x_wconf 81' lang='lat' dir='ltr'>spondit</span> <span class='ocrx_word' id='word_1_694' title='bbox 1261 595 1269 602; x_wconf 92' lang='lat'>.</span> <span class='ocrx_word' id='word_1_695' title='bbox 1318 570 1470 604; x_wconf 84' lang='lat' dir='ltr'>Postridie</span> <span class='ocrx_word' id='word_1_696' title='bbox 1514 581 1588 604; x_wconf 85' lang='lat' dir='ltr'>cum</span> <span class='ocrx_word' id='word_1_697' title='bbox 1634 572 1667 602; x_wconf 91' lang='lat' dir='ltr'>in</span> <span class='ocrx_word' id='word_1_698' title='bbox 1713 568 1831 601; x_wconf 67' lang='lat' dir='ltr'>lectulo</span> <span class='ocrx_word' id='word_1_699' title='bbox 1856 594 1864 607; x_wconf 95' lang='lat'>,</span> <span class='ocrx_word' id='word_1_700' title='bbox 1899 568 2075 601; x_wconf 49' lang='lat' dir='ltr'>sturmium</span> <span class='ocrx_word' id='word_1_701' title='bbox 2096 591 2109 607; x_wconf 85' lang='lat'>,</span> 
     </span>
     <span class='ocr_line' id='line_1_87' title="bbox 1111 610 2111 657; baseline -0.005 -10"><span class='ocrx_word' id='word_1_702' title='bbox 1111 614 1299 656; x_wconf 74' lang='lat' dir='ltr'>resedisset,</span> <span class='ocrx_word' id='word_1_703' title='bbox 1315 614 1405 657; x_wconf 86' lang='lat' dir='ltr'>seque</span> <span class='ocrx_word' id='word_1_704' title='bbox 1428 612 1558 647; x_wconf 88' lang='lat' dir='ltr'>induere</span> <span class='ocrx_word' id='word_1_705' title='bbox 1582 610 1748 655; x_wconf 87' lang='lat' dir='ltr'>coepisset,</span> <span class='ocrx_word' id='word_1_706' title='bbox 1772 622 1842 644; x_wconf 89' lang='lat' dir='ltr'>ecce</span> <span class='ocrx_word' id='word_1_707' title='bbox 1865 611 2004 654; x_wconf 76' lang='lat' dir='ltr'>quadam</span> <span class='ocrx_word' id='word_1_708' title='bbox 2038 621 2111 642; x_wconf 87' lang='lat' dir='ltr'>cor·</span> 
     </span>
     <span class='ocr_line' id='line_1_88' title="bbox 1110 654 2111 700; baseline -0.007 -9"><span class='ocrx_word' id='word_1_709' title='bbox 1110 659 1160 691; x_wconf 87' lang='lat' dir='ltr'>dis</span> <span class='ocrx_word' id='word_1_710' title='bbox 1181 657 1397 700; x_wconf 72' lang='lat' dir='ltr'>oppressione,</span> <span class='ocrx_word' id='word_1_711' title='bbox 1420 659 1452 690; x_wconf 70' lang='grc' dir='ltr'>δε</span> <span class='ocrx_word' id='word_1_712' title='bbox 1473 655 1553 690; x_wconf 89' lang='lat' dir='ltr'>hanc</span> <span class='ocrx_word' id='word_1_713' title='bbox 1577 657 1755 698; x_wconf 85' lang='lat' dir='ltr'>excipiente</span> <span class='ocrx_word' id='word_1_714' title='bbox 1767 656 1865 687; x_wconf 89' lang='lat' dir='ltr'>animi</span> <span class='ocrx_word' id='word_1_715' title='bbox 1881 654 2025 696; x_wconf 86' lang='lat' dir='ltr'>deliquio</span> <span class='ocrx_word' id='word_1_716' title='bbox 2037 664 2111 685; x_wconf 85' lang='lat' dir='ltr'>coi·-</span> 
     </span>
     <span class='ocr_line' id='line_1_89' title="bbox 1111 696 2110 744; baseline -0.007 -9"><span class='ocrx_word' id='word_1_717' title='bbox 1111 703 1253 744; x_wconf 80' lang='lat' dir='ltr'>ripitur.</span> <span class='ocrx_word' id='word_1_718' title='bbox 1279 700 1410 735; x_wconf 79' lang='lat' dir='ltr'>Exinde</span> <span class='ocrx_word' id='word_1_719' title='bbox 1433 711 1466 733; x_wconf 87' lang='lat' dir='ltr'>ea</span> <span class='ocrx_word' id='word_1_720' title='bbox 1490 699 1644 742; x_wconf 85' lang='lat' dir='ltr'>oppressio</span> <span class='ocrx_word' id='word_1_721' title='bbox 1668 709 1831 742; x_wconf 87' lang='lat' dir='ltr'>nunquam</span> <span class='ocrx_word' id='word_1_722' title='bbox 1863 696 1955 731; x_wconf 77' lang='lat' dir='ltr'>desiit</span> <span class='ocrx_word' id='word_1_723' title='bbox 1987 706 2110 730; x_wconf 73' lang='lat' dir='ltr'>exacer-</span> 
     </span>
     <span class='ocr_line' id='line_1_90' title="bbox 1109 742 2111 787; baseline -0.007 -9"><span class='ocrx_word' id='word_1_724' title='bbox 1109 745 1177 778; x_wconf 84' lang='lat' dir='ltr'>bari</span> <span class='ocrx_word' id='word_1_725' title='bbox 1201 744 1453 787; x_wconf 84' lang='lat' dir='ltr'>quotiescunque</span> <span class='ocrx_word' id='word_1_726' title='bbox 1476 743 1572 777; x_wconf 88' lang='lat' dir='ltr'>nimis</span> <span class='ocrx_word' id='word_1_727' title='bbox 1597 751 1653 775; x_wconf 86' lang='lat' dir='ltr'>aut</span> <span class='ocrx_word' id='word_1_728' title='bbox 1678 742 1882 785; x_wconf 86' lang='lat' dir='ltr'>loqueretur,</span> <span class='ocrx_word' id='word_1_729' title='bbox 1907 749 1961 774; x_wconf 87' lang='lat' dir='ltr'>aut</span> <span class='ocrx_word' id='word_1_730' title='bbox 1972 750 2111 772; x_wconf 86' lang='lat' dir='ltr'>movere-</span> 
     </span>
     <span class='ocr_line' id='line_1_91' title="bbox 1109 782 2112 829; baseline -0.005 -8"><span class='ocrx_word' id='word_1_731' title='bbox 1109 797 1184 821; x_wconf 90' lang='lat' dir='ltr'>tur.</span> <span class='ocrx_word' id='word_1_732' title='bbox 1210 789 1316 821; x_wconf 85' lang='lat' dir='ltr'>Plures</span> <span class='ocrx_word' id='word_1_733' title='bbox 1351 786 1551 821; x_wconf 88' lang='lat' dir='ltr'>accersuntur</span> <span class='ocrx_word' id='word_1_734' title='bbox 1574 785 1695 818; x_wconf 88' lang='lat' dir='ltr'>Medici</span> <span class='ocrx_word' id='word_1_735' title='bbox 1719 809 1726 815; x_wconf 90' lang='lat'><strong>.</strong></span> <span class='ocrx_word' id='word_1_736' title='bbox 1762 785 1914 822; x_wconf 79' lang='lat' dir='ltr'>Quorum</span> <span class='ocrx_word' id='word_1_737' title='bbox 1950 782 2112 829; x_wconf 65' lang='lat' dir='ltr'>sententie:</span> 
     </span>
     <span class='ocr_line' id='line_1_92' title="bbox 1109 824 2113 872; baseline -0.008 -7"><span class='ocrx_word' id='word_1_738' title='bbox 1109 843 1182 865; x_wconf 82' lang='lat' dir='ltr'>cum</span> <span class='ocrx_word' id='word_1_739' title='bbox 1206 831 1294 864; x_wconf 80' lang='lat' dir='ltr'>valde</span> <span class='ocrx_word' id='word_1_740' title='bbox 1309 854 1320 870; x_wconf 91' lang='lat'>,</span> <span class='ocrx_word' id='word_1_741' title='bbox 1343 840 1379 864; x_wconf 91' lang='lat' dir='ltr'>ut</span> <span class='ocrx_word' id='word_1_742' title='bbox 1402 832 1435 864; x_wconf 90' lang='lat' dir='ltr'>in</span> <span class='ocrx_word' id='word_1_743' title='bbox 1458 827 1614 872; x_wconf 81' lang='lat' dir='ltr'>ejusmodi</span> <span class='ocrx_word' id='word_1_744' title='bbox 1639 828 1760 862; x_wconf 85' lang='lat' dir='ltr'>morbis</span> <span class='ocrx_word' id='word_1_745' title='bbox 1784 827 1820 860; x_wconf 85' lang='lat' dir='ltr'>fit</span> <span class='ocrx_word' id='word_1_746' title='bbox 1835 851 1843 865; x_wconf 90' lang='lat'>,</span> <span class='ocrx_word' id='word_1_747' title='bbox 1869 828 1956 872; x_wconf 45' lang='lat' dir='ltr'>inter·</span> <span class='ocrx_word' id='word_1_748' title='bbox 1987 827 2014 858; x_wconf 87' lang='lat' dir='ltr'>se</span> <span class='ocrx_word' id='word_1_749' title='bbox 2049 824 2113 858; x_wconf 90' lang='lat' dir='ltr'>dis-</span> 
     </span>
     <span class='ocr_line' id='line_1_93' title="bbox 1109 870 2113 917; baseline -0.006 -10"><span class='ocrx_word' id='word_1_750' title='bbox 1109 884 1299 917; x_wconf 83' lang='lat' dir='ltr'>creparent;</span> <span class='ocrx_word' id='word_1_751' title='bbox 1322 873 1451 908; x_wconf 83' lang='lat' dir='ltr'>additur</span> <span class='ocrx_word' id='word_1_752' title='bbox 1473 884 1586 906; x_wconf 89' lang='lat' dir='ltr'>eornm</span> <span class='ocrx_word' id='word_1_753' title='bbox 1607 870 1929 911; x_wconf 64' lang='lat' dir='ltr'>concilioQinftili</span> <span class='ocrx_word' id='word_1_754' title='bbox 1943 880 2009 911; x_wconf 75' lang='lat' dir='ltr'>jam</span> <span class='ocrx_word' id='word_1_755' title='bbox 2025 880 2113 902; x_wconf 64' lang='lat' dir='ltr'>menu</span> 
     </span>
     <span class='ocr_line' id='line_1_94' title="bbox 1109 914 2116 957; baseline -0.009 -6"><span class='ocrx_word' id='word_1_756' title='bbox 1109 918 1138 952; x_wconf 87' lang='lat' dir='ltr'>se</span> <span class='ocrx_word' id='word_1_757' title='bbox 1161 917 1371 951; x_wconf 88' lang='lat' dir='ltr'>Albertinus.</span> <span class='ocrx_word' id='word_1_758' title='bbox 1398 917 1452 950; x_wconf 90' lang='lat' dir='ltr'>Ibi</span> <span class='ocrx_word' id='word_1_759' title='bbox 1476 917 1556 949; x_wconf 88' lang='lat' dir='ltr'>alius</span> <span class='ocrx_word' id='word_1_760' title='bbox 1581 914 1790 957; x_wconf 86' lang='lat' dir='ltr'>aneurysma,</span> <span class='ocrx_word' id='word_1_761' title='bbox 1815 914 1895 947; x_wconf 79' lang='lat' dir='ltr'>alins</span> <span class='ocrx_word' id='word_1_762' title='bbox 1925 914 2082 955; x_wconf 80' lang='lat' dir='ltr'>polypum</span> <span class='ocrx_word' id='word_1_763' title='bbox 2106 935 2116 951; x_wconf 84' lang='lat'>,</span> 
     </span>
     <span class='ocr_line' id='line_1_95' title="bbox 1111 955 2116 1003; baseline -0.007 -9"><span class='ocrx_word' id='word_1_764' title='bbox 1111 961 1190 995; x_wconf 83' lang='lat' dir='ltr'>alius</span> <span class='ocrx_word' id='word_1_765' title='bbox 1212 961 1411 995; x_wconf 89' lang='lat' dir='ltr'>tuberculum</span> <span class='ocrx_word' id='word_1_766' title='bbox 1438 960 1628 1003; x_wconf 88' lang='lat' dir='ltr'>pulmonum</span> <span class='ocrx_word' id='word_1_767' title='bbox 1649 956 1829 1003; x_wconf 78' lang='lat' dir='ltr'>conjicere.-</span> <span class='ocrx_word' id='word_1_768' title='bbox 1852 968 1908 990; x_wconf 90' lang='lat' dir='ltr'>nec</span> <span class='ocrx_word' id='word_1_769' title='bbox 1921 955 2116 999; x_wconf 72' lang='lat' dir='ltr'>deerantqui</span> 
     </span>
     <span class='ocr_line' id='line_1_96' title="bbox 1111 999 2115 1043; baseline -0.005 -6"><span class='ocrx_word' id='word_1_770' title='bbox 1111 1004 1149 1037; x_wconf 90' lang='lat' dir='ltr'>de</span> <span class='ocrx_word' id='word_1_771' title='bbox 1173 1004 1313 1041; x_wconf 89' lang='lat' dir='ltr'>horum,</span> <span class='ocrx_word' id='word_1_772' title='bbox 1337 1012 1390 1036; x_wconf 86' lang='lat' dir='ltr'>aut</span> <span class='ocrx_word' id='word_1_773' title='bbox 1414 1003 1452 1036; x_wconf 86' lang='lat' dir='ltr'>de</span> <span class='ocrx_word' id='word_1_774' title='bbox 1467 1000 2029 1043; x_wconf 80' lang='lat' dir='ltr'>thoracishydropesuspicarentur.</span> <span class='ocrx_word' id='word_1_775' title='bbox 2044 999 2115 1032; x_wconf 86' lang='lat' dir='ltr'>Ubi</span> 
     </span>
     <span class='ocr_line' id='line_1_97' title="bbox 1112 1043 2119 1086; baseline -0.006 -6"><span class='ocrx_word' id='word_1_776' title='bbox 1112 1047 1151 1080; x_wconf 89' lang='lat' dir='ltr'>ad</span> <span class='ocrx_word' id='word_1_777' title='bbox 1175 1047 1384 1081; x_wconf 86' lang='lat' dir='ltr'>Albertirium</span> <span class='ocrx_word' id='word_1_778' title='bbox 1408 1056 1538 1080; x_wconf 88' lang='lat' dir='ltr'>ventum</span> <span class='ocrx_word' id='word_1_779' title='bbox 1562 1045 1604 1078; x_wconf 81' lang='lat' dir='ltr'>est</span> <span class='ocrx_word' id='word_1_780' title='bbox 1625 1043 1740 1086; x_wconf 78' lang='lat' dir='ltr'>(cujus</span> <span class='ocrx_word' id='word_1_781' title='bbox 1764 1055 1813 1076; x_wconf 88' lang='lat' dir='ltr'>me</span> <span class='ocrx_word' id='word_1_782' title='bbox 1836 1053 1961 1077; x_wconf 74' lang='lat' dir='ltr'>cautam</span> <span class='ocrx_word' id='word_1_783' title='bbox 1985 1043 2119 1075; x_wconf 65' lang='lat' dir='ltr'>cunsta-</span> 
     </span>
     <span class='ocr_line' id='line_1_98' title="bbox 1111 1087 2118 1130; baseline -0.005 -6"><span class='ocrx_word' id='word_1_784' title='bbox 1111 1092 1235 1125; x_wconf 88' lang='lat' dir='ltr'>tionem</span> <span class='ocrx_word' id='word_1_785' title='bbox 1260 1090 1385 1123; x_wconf 86' lang='lat' dir='ltr'>imitari</span> <span class='ocrx_word' id='word_1_786' title='bbox 1407 1090 1441 1121; x_wconf 86' lang='lat' dir='ltr'>in</span> <span class='ocrx_word' id='word_1_787' title='bbox 1466 1090 1541 1121; x_wconf 90' lang='lat' dir='ltr'>loco</span> <span class='ocrx_word' id='word_1_788' title='bbox 1554 1099 1716 1130; x_wconf 84' lang='lat' dir='ltr'>nunquam</span> <span class='ocrx_word' id='word_1_789' title='bbox 1726 1088 1882 1129; x_wconf 75' lang='lat' dir='ltr'>poenituit</span> <span class='ocrx_word' id='word_1_790' title='bbox 1896 1087 2118 1128; x_wconf 75' lang='lat' dir='ltr'>potiusquam</span> 
     </span>
     <span class='ocr_line' id='line_1_99' title="bbox 1110 1127 2112 1172; baseline -0.009 -4"><span class='ocrx_word' id='word_1_791' title='bbox 1110 1135 1343 1168; x_wconf 88' lang='lat' dir='ltr'>nonnullorum</span> <span class='ocrx_word' id='word_1_792' title='bbox 1367 1131 1516 1165; x_wconf 81' lang='lat' dir='ltr'>audacem</span> <span class='ocrx_word' id='word_1_793' title='bbox 1541 1132 1759 1168; x_wconf 83' lang='lat' dir='ltr'>celeritatem)</span> <span class='ocrx_word' id='word_1_794' title='bbox 1784 1131 1941 1172; x_wconf 77' lang='lat' dir='ltr'>negavit„</span> <span class='ocrx_word' id='word_1_795' title='bbox 1962 1127 2018 1161; x_wconf 89' lang='lat' dir='ltr'>esse</span> <span class='ocrx_word' id='word_1_796' title='bbox 2043 1139 2112 1160; x_wconf 89' lang='lat' dir='ltr'>mo-</span> 
     </span>
     <span class='ocr_line' id='line_1_100' title="bbox 1110 1170 2120 1219; baseline -0.009 -8"><span class='ocrx_word' id='word_1_797' title='bbox 1110 1177 1215 1212; x_wconf 80' lang='lat' dir='ltr'>destiae</span> <span class='ocrx_word' id='word_1_798' title='bbox 1238 1177 1299 1211; x_wconf 67' lang='lat' dir='ltr'>suae</span> <span class='ocrx_word' id='word_1_799' title='bbox 1322 1174 1409 1219; x_wconf 92' lang='lat' dir='ltr'>quod</span> <span class='ocrx_word' id='word_1_800' title='bbox 1422 1185 1472 1208; x_wconf 90' lang='lat' dir='ltr'>tot</span> <span class='ocrx_word' id='word_1_801' title='bbox 1489 1175 1590 1212; x_wconf 93' lang='lat' dir='ltr'>Viri,</span> <span class='ocrx_word' id='word_1_802' title='bbox 1614 1182 1733 1213; x_wconf 81' lang='lat' dir='ltr'>aetate,</span> <span class='ocrx_word' id='word_1_803' title='bbox 1756 1174 1975 1212; x_wconf 70' lang='lat' dir='ltr'>auetoritate,</span> <span class='ocrx_word' id='word_1_804' title='bbox 1994 1170 2120 1218; x_wconf 56' lang='lat' dir='ltr'>doffissri-</span> 
     </span>
     <span class='ocr_line' id='line_1_101' title="bbox 1111 1214 2122 1261; baseline -0.007 -7"><span class='ocrx_word' id='word_1_805' title='bbox 1111 1233 1150 1255; x_wconf 85' lang='lat' dir='ltr'>na</span> <span class='ocrx_word' id='word_1_806' title='bbox 1164 1243 1173 1258; x_wconf 88' lang='lat'><em>‚</em></span> <span class='ocrx_word' id='word_1_807' title='bbox 1197 1221 1352 1260; x_wconf 75' lang='lat' dir='ltr'>ingenie,</span> <span class='ocrx_word' id='word_1_808' title='bbox 1375 1218 1432 1253; x_wconf 86' lang='lat' dir='ltr'>usu</span> <span class='ocrx_word' id='word_1_809' title='bbox 1456 1217 1635 1261; x_wconf 60' lang='lat' dir='ltr'>praestantes</span> <span class='ocrx_word' id='word_1_810' title='bbox 1651 1241 1662 1257; x_wconf 86' lang='lat'>,</span> <span class='ocrx_word' id='word_1_811' title='bbox 1685 1217 1784 1249; x_wconf 86' lang='lat' dir='ltr'>tertio</span> <span class='ocrx_word' id='word_1_812' title='bbox 1807 1214 2040 1258; x_wconf 84' lang='lat' dir='ltr'>propemodum</span> <span class='ocrx_word' id='word_1_813' title='bbox 2054 1224 2122 1257; x_wconf 77' lang='lat' dir='ltr'>Jam-</span> 
     </span>
     <span class='ocr_line' id='line_1_102' title="bbox 1112 1259 2122 1304; baseline -0.008 -6"><span class='ocrx_word' id='word_1_814' title='bbox 1112 1263 1214 1298; x_wconf 87' lang='lat' dir='ltr'>mense</span> <span class='ocrx_word' id='word_1_815' title='bbox 1235 1259 1311 1298; x_wconf 78' lang='lat' dir='ltr'>satis</span> <span class='ocrx_word' id='word_1_816' title='bbox 1333 1261 1463 1296; x_wconf 81' lang='lat' dir='ltr'>definire</span> <span class='ocrx_word' id='word_1_817' title='bbox 1488 1273 1551 1294; x_wconf 91' lang='lat' dir='ltr'>non</span> <span class='ocrx_word' id='word_1_818' title='bbox 1576 1259 1772 1303; x_wconf 88' lang='lat' dir='ltr'>potuissent,</span> <span class='ocrx_word' id='word_1_819' title='bbox 1797 1259 1829 1293; x_wconf 89' lang='lat' dir='ltr'>id</span> <span class='ocrx_word' id='word_1_820' title='bbox 1854 1260 1883 1292; x_wconf 89' lang='lat' dir='ltr'>se</span> <span class='ocrx_word' id='word_1_821' title='bbox 1909 1282 1918 1296; x_wconf 91' lang='lat'>‚</span> <span class='ocrx_word' id='word_1_822' title='bbox 1949 1260 2006 1304; x_wconf 79' lang='lat' dir='ltr'>vix</span> <span class='ocrx_word' id='word_1_823' title='bbox 2036 1269 2122 1300; x_wconf 80' lang='lat' dir='ltr'>aegra</span> 
     </span>
     <span class='ocr_line' id='line_1_103' title="bbox 1112 1301 2125 1350; baseline -0.008 -8"><span class='ocrx_word' id='word_1_824' title='bbox 1112 1318 1190 1342; x_wconf 89' lang='lat' dir='ltr'>tunc</span> <span class='ocrx_word' id='word_1_825' title='bbox 1215 1309 1355 1350; x_wconf 86' lang='lat' dir='ltr'>primum</span> <span class='ocrx_word' id='word_1_826' title='bbox 1379 1305 1469 1346; x_wconf 84' lang='lat' dir='ltr'>visa,</span> <span class='ocrx_word' id='word_1_827' title='bbox 1490 1306 1648 1338; x_wconf 86' lang='lat' dir='ltr'>continuo</span> <span class='ocrx_word' id='word_1_828' title='bbox 1673 1302 1910 1337; x_wconf 63' lang='lat' dir='ltr'>decernendum,</span> <span class='ocrx_word' id='word_1_829' title='bbox 1939 1301 2089 1345; x_wconf 79' lang='lat' dir='ltr'>suscipere</span> <span class='ocrx_word' id='word_1_830' title='bbox 2111 1314 2125 1334; x_wconf 60' lang='lat'>.·&gt;</span> 
     </span>
     <span class='ocr_line' id='line_1_104' title="bbox 1111 1344 2121 1393; baseline -0.009 -7"><span class='ocrx_word' id='word_1_831' title='bbox 1111 1352 1247 1386; x_wconf 84' lang='lat' dir='ltr'>sinerent</span> <span class='ocrx_word' id='word_1_832' title='bbox 1272 1351 1399 1393; x_wconf 86' lang='lat' dir='ltr'>igitur,</span> <span class='ocrx_word' id='word_1_833' title='bbox 1422 1348 1451 1381; x_wconf 88' lang='lat' dir='ltr'>se</span> <span class='ocrx_word' id='word_1_834' title='bbox 1475 1349 1614 1388; x_wconf 85' lang='lat' dir='ltr'>iterum,</span> <span class='ocrx_word' id='word_1_835' title='bbox 1638 1348 1776 1381; x_wconf 83' lang='lat' dir='ltr'>tertiove</span> <span class='ocrx_word' id='word_1_836' title='bbox 1798 1358 1918 1389; x_wconf 71' lang='lat' dir='ltr'>:egram</span> <span class='ocrx_word' id='word_1_837' title='bbox 1940 1344 2121 1385; x_wconf 76' lang='lat' dir='ltr'>visitando,</span> 
     </span>
    </p>
   </div>
   <div class='ocr_carea' id='block_1_5' title="bbox 1078 1388 2127 1439">
    <p class='ocr_par' dir='ltr' id='par_1_8' title="bbox 1078 1388 2127 1439">
     <span class='ocr_line' id='line_1_105' title="bbox 1078 1388 2127 1439; baseline -0.011 -9"><span class='ocrx_word' id='word_1_838' title='bbox 1078 1395 1220 1439; x_wconf 58' lang='lat' dir='ltr'>nmorbi</span> <span class='ocrx_word' id='word_1_839' title='bbox 1244 1392 1452 1428; x_wconf 83' lang='lat' dir='ltr'>obscuriffimi</span> <span class='ocrx_word' id='word_1_840' title='bbox 1476 1401 1621 1425; x_wconf 87' lang='lat' dir='ltr'>naturam</span> <span class='ocrx_word' id='word_1_841' title='bbox 1648 1403 1685 1424; x_wconf 80' lang='lat' dir='ltr'>ex</span> <span class='ocrx_word' id='word_1_842' title='bbox 1709 1391 1749 1423; x_wconf 88' lang='lat' dir='ltr'>iis</span> <span class='ocrx_word' id='word_1_843' title='bbox 1773 1402 1844 1431; x_wconf 66' lang='lat' dir='ltr'>quae</span> <span class='ocrx_word' id='word_1_844' title='bbox 1885 1388 2023 1432; x_wconf 60' lang='grc' dir='ltr'>ἱαϊρεὲὶει</span> <span class='ocrx_word' id='word_1_845' title='bbox 2058 1398 2127 1421; x_wconf 83' lang='lat' dir='ltr'>me-</span> 
     </span>
    </p>
   </div>
   <div class='ocr_carea' id='block_1_6' title="bbox 1106 1432 2167 3649">
    <p class='ocr_par' dir='ltr' id='par_1_9' title="bbox 1109 1432 2136 2826">
     <span class='ocr_line' id='line_1_106' title="bbox 1113 1432 2119 1481; baseline -0.01 -8"><span class='ocrx_word' id='word_1_846' title='bbox 1113 1441 1177 1473; x_wconf 88' lang='lat' dir='ltr'>lius</span> <span class='ocrx_word' id='word_1_847' title='bbox 1199 1449 1294 1481; x_wconf 89' lang='lat' dir='ltr'>quam</span> <span class='ocrx_word' id='word_1_848' title='bbox 1319 1435 1450 1477; x_wconf 87' lang='lat' dir='ltr'>audita,</span> <span class='ocrx_word' id='word_1_849' title='bbox 1472 1433 1599 1468; x_wconf 87' lang='lat' dir='ltr'>fortasse</span> <span class='ocrx_word' id='word_1_850' title='bbox 1634 1434 1828 1475; x_wconf 84' lang='lat' dir='ltr'>intelligeret</span> <span class='ocrx_word' id='word_1_851' title='bbox 1854 1458 1862 1472; x_wconf 92' lang='lat'>,</span> <span class='ocrx_word' id='word_1_852' title='bbox 1897 1432 2087 1475; x_wconf 81' lang='lat' dir='ltr'>perscrutari</span> <span class='ocrx_word' id='word_1_853' title='bbox 2111 1455 2119 1463; x_wconf 58' lang='lat'>0</span> 
     </span>
     <span class='ocr_line' id='line_1_107' title="bbox 1113 1475 2126 1524; baseline -0.005 -11"><span class='ocrx_word' id='word_1_854' title='bbox 1113 1482 1215 1524; x_wconf 83' lang='lat' dir='ltr'>Qod</span> <span class='ocrx_word' id='word_1_855' title='bbox 1238 1493 1313 1515; x_wconf 87' lang='lat' dir='ltr'>cum</span> <span class='ocrx_word' id='word_1_856' title='bbox 1335 1479 1505 1522; x_wconf 88' lang='lat' dir='ltr'>diligenter</span> <span class='ocrx_word' id='word_1_857' title='bbox 1529 1477 1671 1518; x_wconf 83' lang='lat' dir='ltr'>fecisset,</span> <span class='ocrx_word' id='word_1_858' title='bbox 1696 1487 1789 1519; x_wconf 82' lang='lat' dir='ltr'>atque</span> <span class='ocrx_word' id='word_1_859' title='bbox 1812 1489 1846 1509; x_wconf 93' lang='lat' dir='ltr'>ea</span> <span class='ocrx_word' id='word_1_860' title='bbox 1860 1488 1925 1509; x_wconf 74' lang='lat' dir='ltr'>non</span> <span class='ocrx_word' id='word_1_861' title='bbox 1939 1475 2038 1509; x_wconf 89' lang='lat' dir='ltr'>modo</span> <span class='ocrx_word' id='word_1_862' title='bbox 2052 1486 2126 1517; x_wconf 66' lang='lat' dir='ltr'>quae</span> 
     </span>
     <span class='ocr_line' id='line_1_108' title="bbox 1113 1517 2128 1565; baseline -0.005 -7"><span class='ocrx_word' id='word_1_863' title='bbox 1113 1524 1271 1564; x_wconf 80' lang='lat' dir='ltr'>adessent,</span> <span class='ocrx_word' id='word_1_864' title='bbox 1296 1522 1347 1557; x_wconf 86' lang='lat' dir='ltr'>sed</span> <span class='ocrx_word' id='word_1_865' title='bbox 1371 1526 1404 1556; x_wconf 70' lang='grc' dir='ltr'>δε</span> <span class='ocrx_word' id='word_1_866' title='bbox 1427 1535 1497 1565; x_wconf 79' lang='lat' dir='ltr'>quae</span> <span class='ocrx_word' id='word_1_867' title='bbox 1519 1520 1655 1554; x_wconf 86' lang='lat' dir='ltr'>abessent</span> <span class='ocrx_word' id='word_1_868' title='bbox 1673 1544 1685 1561; x_wconf 89' lang='lat'>,</span> <span class='ocrx_word' id='word_1_869' title='bbox 1719 1528 1900 1562; x_wconf 67' lang='lat' dir='ltr'>perattente.</span> <span class='ocrx_word' id='word_1_870' title='bbox 1929 1517 2128 1553; x_wconf 67' lang='lat' dir='ltr'>consideras«</span> 
     </span>
     <span class='ocr_line' id='line_1_109' title="bbox 1114 1563 2123 1607; baseline -0.007 -4"><span class='ocrx_word' id='word_1_871' title='bbox 1114 1569 1182 1607; x_wconf 80' lang='lat' dir='ltr'>set3</span> <span class='ocrx_word' id='word_1_872' title='bbox 1205 1574 1384 1601; x_wconf 86' lang='lat' dir='ltr'>convocato</span> <span class='ocrx_word' id='word_1_873' title='bbox 1408 1566 1512 1599; x_wconf 83' lang='lat' dir='ltr'>rursus</span> <span class='ocrx_word' id='word_1_874' title='bbox 1535 1563 1744 1598; x_wconf 89' lang='lat' dir='ltr'>Medicorum</span> <span class='ocrx_word' id='word_1_875' title='bbox 1764 1564 1917 1597; x_wconf 65' lang='lat' dir='ltr'>concili-0:</span> <span class='ocrx_word' id='word_1_876' title='bbox 1933 1586 1945 1603; x_wconf 88' lang='lat'>,</span> <span class='ocrx_word' id='word_1_877' title='bbox 1980 1563 2123 1606; x_wconf 83' lang='lat' dir='ltr'>primum</span> 
     </span>
     <span class='ocr_line' id='line_1_110' title="bbox 1113 1606 2123 1655; baseline -0.004 -11"><span class='ocrx_word' id='word_1_878' title='bbox 1113 1611 1244 1655; x_wconf 86' lang='lat' dir='ltr'>quidem</span> <span class='ocrx_word' id='word_1_879' title='bbox 1268 1609 1459 1649; x_wconf 74' lang='lat' dir='ltr'>singillatim</span> <span class='ocrx_word' id='word_1_880' title='bbox 1485 1609 1626 1641; x_wconf 88' lang='lat' dir='ltr'>rationes</span> <span class='ocrx_word' id='word_1_881' title='bbox 1649 1607 1787 1643; x_wconf 84' lang='lat' dir='ltr'>attulit,</span> <span class='ocrx_word' id='word_1_882' title='bbox 1812 1618 1916 1650; x_wconf 77' lang='lat' dir='ltr'>quare</span> <span class='ocrx_word' id='word_1_883' title='bbox 1934 1608 2039 1641; x_wconf 87' lang='lat' dir='ltr'>minus</span> <span class='ocrx_word' id='word_1_884' title='bbox 2063 1606 2123 1640; x_wconf 75' lang='lat' dir='ltr'>sibi</span> 
     </span>
     <span class='ocr_line' id='line_1_111' title="bbox 1109 1649 2123 1694; baseline -0.005 -6"><span class='ocrx_word' id='word_1_885' title='bbox 1109 1653 1280 1689; x_wconf 81' lang='lat' dir='ltr'>verisimile</span> <span class='ocrx_word' id='word_1_886' title='bbox 1305 1653 1417 1694; x_wconf 88' lang='lat' dir='ltr'>fieret,</span> <span class='ocrx_word' id='word_1_887' title='bbox 1441 1649 1497 1686; x_wconf 89' lang='lat' dir='ltr'>esse</span> <span class='ocrx_word' id='word_1_888' title='bbox 1522 1651 1616 1685; x_wconf 90' lang='lat' dir='ltr'>illum</span> <span class='ocrx_word' id='word_1_889' title='bbox 1641 1651 1790 1685; x_wconf 88' lang='lat' dir='ltr'>morbum</span> <span class='ocrx_word' id='word_1_890' title='bbox 1815 1651 1919 1684; x_wconf 84' lang='lat' dir='ltr'>ullum</span> <span class='ocrx_word' id='word_1_891' title='bbox 1942 1661 1981 1684; x_wconf 76' lang='lat' dir='ltr'>ex</span> <span class='ocrx_word' id='word_1_892' title='bbox 2002 1652 2042 1684; x_wconf 90' lang='lat' dir='ltr'>iis</span> <span class='ocrx_word' id='word_1_893' title='bbox 2065 1652 2123 1693; x_wconf 88' lang='lat' dir='ltr'>qui</span> 
     </span>
     <span class='ocr_line' id='line_1_112' title="bbox 1114 1692 2124 1739; baseline -0.007 -6"><span class='ocrx_word' id='word_1_894' title='bbox 1114 1700 1187 1733; x_wconf 85' lang='lat' dir='ltr'>sunt</span> <span class='ocrx_word' id='word_1_895' title='bbox 1211 1697 1413 1737; x_wconf 81' lang='lat' dir='ltr'>memorati,</span> <span class='ocrx_word' id='word_1_896' title='bbox 1435 1706 1533 1739; x_wconf 85' lang='lat' dir='ltr'>quam</span> <span class='ocrx_word' id='word_1_897' title='bbox 1557 1693 1736 1738; x_wconf 85' lang='lat' dir='ltr'>hydropem</span> <span class='ocrx_word' id='word_1_898' title='bbox 1758 1718 1770 1735; x_wconf 92' lang='lat'>,</span> <span class='ocrx_word' id='word_1_899' title='bbox 1803 1697 1836 1727; x_wconf 71' lang='grc' dir='ltr'>δε</span> <span class='ocrx_word' id='word_1_900' title='bbox 1869 1692 1954 1728; x_wconf 78' lang='lat' dir='ltr'>hunc</span> <span class='ocrx_word' id='word_1_901' title='bbox 1986 1696 2124 1737; x_wconf 82' lang='lat' dir='ltr'>pericar-</span> 
     </span>
     <span class='ocr_line' id='line_1_113' title="bbox 1113 1736 2128 1784; baseline -0.004 -9"><span class='ocrx_word' id='word_1_902' title='bbox 1113 1742 1193 1776; x_wconf 86' lang='lat' dir='ltr'>dii:</span> <span class='ocrx_word' id='word_1_903' title='bbox 1229 1740 1408 1784; x_wconf 88' lang='lat' dir='ltr'>hydropem</span> <span class='ocrx_word' id='word_1_904' title='bbox 1440 1739 1604 1782; x_wconf 77' lang='lat' dir='ltr'>quidem3</span> <span class='ocrx_word' id='word_1_905' title='bbox 1639 1749 1712 1771; x_wconf 89' lang='lat' dir='ltr'>nam</span> <span class='ocrx_word' id='word_1_906' title='bbox 1747 1739 1904 1781; x_wconf 52' lang='lat' dir='ltr'>protinus„</span> <span class='ocrx_word' id='word_1_907' title='bbox 1928 1737 1967 1770; x_wconf 90' lang='lat' dir='ltr'>ab</span> <span class='ocrx_word' id='word_1_908' title='bbox 2003 1736 2128 1781; x_wconf 62' lang='lat' dir='ltr'>ingestae</span> 
     </span>
     <span class='ocr_line' id='line_1_114' title="bbox 1114 1782 2123 1829; baseline -0.006 -9"><span class='ocrx_word' id='word_1_909' title='bbox 1114 1788 1206 1829; x_wconf 83' lang='lat' dir='ltr'>aquei</span> <span class='ocrx_word' id='word_1_910' title='bbox 1231 1784 1379 1819; x_wconf 89' lang='lat' dir='ltr'>humoris</span> <span class='ocrx_word' id='word_1_911' title='bbox 1404 1792 1494 1817; x_wconf 85' lang='lat' dir='ltr'>tanta</span> <span class='ocrx_word' id='word_1_912' title='bbox 1518 1783 1611 1825; x_wconf 83' lang='lat' dir='ltr'>copia</span> <span class='ocrx_word' id='word_1_913' title='bbox 1635 1790 1726 1815; x_wconf 88' lang='lat' dir='ltr'>ortus</span> <span class='ocrx_word' id='word_1_914' title='bbox 1751 1790 1841 1822; x_wconf 82' lang='lat' dir='ltr'>erat,</span> <span class='ocrx_word' id='word_1_915' title='bbox 1864 1793 1945 1815; x_wconf 86' lang='lat' dir='ltr'>cum</span> <span class='ocrx_word' id='word_1_916' title='bbox 1961 1782 2029 1815; x_wconf 83' lang='lat' dir='ltr'>haec</span> <span class='ocrx_word' id='word_1_917' title='bbox 2068 1792 2123 1814; x_wconf 89' lang='lat' dir='ltr'>ne·</span> 
     </span>
     <span class='ocr_line' id='line_1_115' title="bbox 1109 1824 2123 1872; baseline -0.007 -8"><span class='ocrx_word' id='word_1_918' title='bbox 1109 1842 1171 1872; x_wconf 80' lang='lat' dir='ltr'>que</span> <span class='ocrx_word' id='word_1_919' title='bbox 1195 1842 1210 1863; x_wconf 90' lang='lat' dir='ltr'>e</span> <span class='ocrx_word' id='word_1_920' title='bbox 1233 1840 1368 1872; x_wconf 83' lang='lat' dir='ltr'>corpore</span> <span class='ocrx_word' id='word_1_921' title='bbox 1395 1824 1559 1870; x_wconf 86' lang='lat' dir='ltr'>prodiisset</span> <span class='ocrx_word' id='word_1_922' title='bbox 1581 1848 1590 1863; x_wconf 87' lang='lat'>‚</span> <span class='ocrx_word' id='word_1_923' title='bbox 1616 1836 1715 1867; x_wconf 87' lang='lat' dir='ltr'>neque</span> <span class='ocrx_word' id='word_1_924' title='bbox 1750 1834 1817 1859; x_wconf 85' lang='lat' dir='ltr'>tam</span> <span class='ocrx_word' id='word_1_925' title='bbox 1851 1825 1940 1858; x_wconf 88' lang='lat' dir='ltr'>brevi</span> <span class='ocrx_word' id='word_1_926' title='bbox 1974 1833 2123 1868; x_wconf 83' lang='lat' dir='ltr'>tempore</span> 
     </span>
     <span class='ocr_line' id='line_1_116' title="bbox 1109 1867 2135 1915; baseline -0.004 -9"><span class='ocrx_word' id='word_1_927' title='bbox 1109 1873 1183 1907; x_wconf 83' lang='lat' dir='ltr'>satis</span> <span class='ocrx_word' id='word_1_928' title='bbox 1210 1883 1285 1905; x_wconf 86' lang='lat' dir='ltr'>curn</span> <span class='ocrx_word' id='word_1_929' title='bbox 1310 1872 1458 1915; x_wconf 83' lang='lat' dir='ltr'>sanguine</span> <span class='ocrx_word' id='word_1_930' title='bbox 1480 1868 1603 1915; x_wconf 77' lang='lat' dir='ltr'>misceri</span> <span class='ocrx_word' id='word_1_931' title='bbox 1628 1867 1800 1911; x_wconf 85' lang='lat' dir='ltr'>potuisset,</span> <span class='ocrx_word' id='word_1_932' title='bbox 1823 1878 2042 1912; x_wconf 81' lang='lat' dir='ltr'>utpropterea</span> <span class='ocrx_word' id='word_1_933' title='bbox 2052 1879 2135 1912; x_wconf 75' lang='lat' dir='ltr'>pars¹</span> 
     </span>
     <span class='ocr_line' id='line_1_117' title="bbox 1116 1912 2129 1958; baseline -0.003 -9"><span class='ocrx_word' id='word_1_934' title='bbox 1116 1916 1185 1957; x_wconf 70' lang='lat' dir='ltr'>eius</span> <span class='ocrx_word' id='word_1_935' title='bbox 1210 1917 1315 1958; x_wconf 81' lang='lat' dir='ltr'>aliqua</span> <span class='ocrx_word' id='word_1_936' title='bbox 1339 1912 1491 1949; x_wconf 87' lang='lat' dir='ltr'>credenda</span> <span class='ocrx_word' id='word_1_937' title='bbox 1516 1913 1588 1945; x_wconf 89' lang='lat' dir='ltr'>eslet</span> <span class='ocrx_word' id='word_1_938' title='bbox 1613 1913 1646 1944; x_wconf 88' lang='lat' dir='ltr'>in</span> <span class='ocrx_word' id='word_1_939' title='bbox 1671 1913 1776 1946; x_wconf 88' lang='lat' dir='ltr'>locum</span> <span class='ocrx_word' id='word_1_940' title='bbox 1809 1913 2006 1955; x_wconf 57' lang='lat' dir='ltr'>quempiam..</span> <span class='ocrx_word' id='word_1_941' title='bbox 2029 1912 2129 1946; x_wconf 72' lang='lat' dir='ltr'>seces-</span> 
     </span>
     <span class='ocr_line' id='line_1_118' title="bbox 1113 1955 2132 2000; baseline -0.001 -8"><span class='ocrx_word' id='word_1_942' title='bbox 1113 1958 1206 2000; x_wconf 76' lang='lat' dir='ltr'>fisse,</span> <span class='ocrx_word' id='word_1_943' title='bbox 1230 1958 1325 1992; x_wconf 71' lang='lat' dir='ltr'>facile</span> <span class='ocrx_word' id='word_1_944' title='bbox 1348 1972 1363 1992; x_wconf 78' lang='lat' dir='ltr'>a</span> <span class='ocrx_word' id='word_1_945' title='bbox 1388 1955 1603 2000; x_wconf 78' lang='lat' dir='ltr'>primordiis,</span> <span class='ocrx_word' id='word_1_946' title='bbox 1626 1965 1663 1988; x_wconf 90' lang='lat' dir='ltr'>nt</span> <span class='ocrx_word' id='word_1_947' title='bbox 1687 1955 1746 1995; x_wconf 78' lang='lat' dir='ltr'>fit,</span> <span class='ocrx_word' id='word_1_948' title='bbox 1770 1955 1808 1990; x_wconf 85' lang='lat' dir='ltr'>ad</span> <span class='ocrx_word' id='word_1_949' title='bbox 1832 1956 1866 1990; x_wconf 88' lang='lat' dir='ltr'>id</span> <span class='ocrx_word' id='word_1_950' title='bbox 1891 1958 1991 2000; x_wconf 82' lang='lat' dir='ltr'>magis</span> <span class='ocrx_word' id='word_1_951' title='bbox 2027 1967 2132 1999; x_wconf 71' lang='lat' dir='ltr'>quam</span> 
     </span>
     <span class='ocr_line' id='line_1_119' title="bbox 1115 1998 2135 2044; baseline -0.001 -9"><span class='ocrx_word' id='word_1_952' title='bbox 1115 2004 1201 2043; x_wconf 72' lang='lat' dir='ltr'>alia,</span> <span class='ocrx_word' id='word_1_953' title='bbox 1226 2000 1448 2044; x_wconf 79' lang='lat' dir='ltr'>dispofiturn:</span> <span class='ocrx_word' id='word_1_954' title='bbox 1486 1998 1656 2042; x_wconf 84' lang='lat' dir='ltr'>pericardii</span> <span class='ocrx_word' id='word_1_955' title='bbox 1688 2011 1764 2033; x_wconf 84' lang='lat' dir='ltr'>vero</span> <span class='ocrx_word' id='word_1_956' title='bbox 1785 2023 1797 2040; x_wconf 91' lang='lat'>,</span> <span class='ocrx_word' id='word_1_957' title='bbox 1831 1998 1917 2043; x_wconf 85' lang='lat' dir='ltr'>quod</span> <span class='ocrx_word' id='word_1_958' title='bbox 1950 2000 2135 2034; x_wconf 75' lang='lat' dir='ltr'>nonnullos-</span> 
     </span>
     <span class='ocr_line' id='line_1_120' title="bbox 1114 2042 2126 2089; baseline -0.001 -10"><span class='ocrx_word' id='word_1_959' title='bbox 1114 2057 1232 2089; x_wconf 77' lang='lat' dir='ltr'>aquam</span> <span class='ocrx_word' id='word_1_960' title='bbox 1256 2046 1290 2078; x_wconf 89' lang='lat' dir='ltr'>in</span> <span class='ocrx_word' id='word_1_961' title='bbox 1314 2057 1353 2077; x_wconf 90' lang='lat' dir='ltr'>eo</span> <span class='ocrx_word' id='word_1_962' title='bbox 1377 2044 1557 2086; x_wconf 74' lang='lat' dir='ltr'>congestam</span> <span class='ocrx_word' id='word_1_963' title='bbox 1582 2042 1723 2076; x_wconf 82' lang='lat' dir='ltr'>habuisse</span> <span class='ocrx_word' id='word_1_964' title='bbox 1748 2054 1801 2086; x_wconf 87' lang='lat' dir='ltr'>per</span> <span class='ocrx_word' id='word_1_965' title='bbox 1825 2042 2126 2086; x_wconf 70' lang='lat' dir='ltr'>seetionemdepre-</span> 
     </span>
     <span class='ocr_line' id='line_1_121' title="bbox 1114 2085 2130 2130; baseline -0.001 -8"><span class='ocrx_word' id='word_1_966' title='bbox 1114 2087 1297 2125; x_wconf 78' lang='lat' dir='ltr'>hendisset,</span> <span class='ocrx_word' id='word_1_967' title='bbox 1320 2090 1354 2120; x_wconf 87' lang='lat' dir='ltr'>in</span> <span class='ocrx_word' id='word_1_968' title='bbox 1378 2087 1496 2130; x_wconf 85' lang='lat' dir='ltr'>quibus</span> <span class='ocrx_word' id='word_1_969' title='bbox 1520 2085 1654 2127; x_wconf 85' lang='lat' dir='ltr'>eadem,</span> <span class='ocrx_word' id='word_1_970' title='bbox 1679 2096 1732 2120; x_wconf 85' lang='lat' dir='ltr'>aut</span> <span class='ocrx_word' id='word_1_971' title='bbox 1757 2086 1901 2128; x_wconf 76' lang='lat' dir='ltr'>similia,</span> <span class='ocrx_word' id='word_1_972' title='bbox 1924 2086 2004 2122; x_wconf 78' lang='lat' dir='ltr'>duin</span> <span class='ocrx_word' id='word_1_973' title='bbox 2034 2089 2130 2121; x_wconf 48' lang='lat' dir='ltr'>vive-r</span> 
     </span>
     <span class='ocr_line' id='line_1_122' title="bbox 1115 2129 2136 2174; baseline 0 -9"><span class='ocrx_word' id='word_1_974' title='bbox 1115 2142 1214 2172; x_wconf 84' lang='lat' dir='ltr'>rent,</span> <span class='ocrx_word' id='word_1_975' title='bbox 1237 2130 1445 2164; x_wconf 87' lang='lat' dir='ltr'>incommoda</span> <span class='ocrx_word' id='word_1_976' title='bbox 1470 2129 1663 2164; x_wconf 81' lang='lat' dir='ltr'>adnotasset.</span> <span class='ocrx_word' id='word_1_977' title='bbox 1796 2130 1921 2173; x_wconf 85' lang='lat' dir='ltr'>Accipe</span> <span class='ocrx_word' id='word_1_978' title='bbox 1946 2138 2028 2166; x_wconf 81' lang='lat' dir='ltr'>nunc</span> <span class='ocrx_word' id='word_1_979' title='bbox 2052 2143 2136 2174; x_wconf 68' lang='lat' dir='ltr'>qua:-</span> 
     </span>
     <span class='ocr_line' id='line_1_123' title="bbox 1117 2171 2127 2217; baseline -0.001 -9"><span class='ocrx_word' id='word_1_980' title='bbox 1117 2176 1160 2208; x_wconf 81' lang='lat' dir='ltr'>ab</span> <span class='ocrx_word' id='word_1_981' title='bbox 1183 2174 1242 2208; x_wconf 87' lang='lat' dir='ltr'>hac</span> <span class='ocrx_word' id='word_1_982' title='bbox 1269 2176 1405 2217; x_wconf 90' lang='lat' dir='ltr'>Virgine</span> <span class='ocrx_word' id='word_1_983' title='bbox 1428 2171 1587 2214; x_wconf 86' lang='lat' dir='ltr'>abessent,</span> <span class='ocrx_word' id='word_1_984' title='bbox 1611 2174 1712 2206; x_wconf 82' lang='lat' dir='ltr'>mala.</span> <span class='ocrx_word' id='word_1_985' title='bbox 1739 2173 1847 2208; x_wconf 85' lang='lat' dir='ltr'>Bonus</span> <span class='ocrx_word' id='word_1_986' title='bbox 1870 2184 1937 2209; x_wconf 89' lang='lat' dir='ltr'>erat</span> <span class='ocrx_word' id='word_1_987' title='bbox 1960 2174 2127 2209; x_wconf 77' lang='lat' dir='ltr'>facieico-</span> 
     </span>
     <span class='ocr_line' id='line_1_124' title="bbox 1111 2216 2132 2260; baseline 0.001 -9"><span class='ocrx_word' id='word_1_988' title='bbox 1111 2219 1183 2251; x_wconf 84' lang='lat' dir='ltr'>lor:</span> <span class='ocrx_word' id='word_1_989' title='bbox 1210 2218 1312 2251; x_wconf 85' lang='lat' dir='ltr'>somni</span> <span class='ocrx_word' id='word_1_990' title='bbox 1337 2216 1582 2260; x_wconf 82' lang='lat' dir='ltr'>imperturbati.</span> <span class='ocrx_word' id='word_1_991' title='bbox 1610 2217 1708 2251; x_wconf 64' lang='lat' dir='ltr'>Recte</span> <span class='ocrx_word' id='word_1_992' title='bbox 1732 2218 1844 2259; x_wconf 85' lang='lat' dir='ltr'>alvus,</span> <span class='ocrx_word' id='word_1_993' title='bbox 1867 2218 1952 2252; x_wconf 70' lang='grc' dir='ltr'>τεᾶε</span> <span class='ocrx_word' id='word_1_994' title='bbox 1966 2218 2132 2253; x_wconf 51' lang='lat' dir='ltr'>menstruae&gt;</span> 
     </span>
     <span class='ocr_line' id='line_1_125' title="bbox 1113 2259 2132 2304; baseline 0.001 -10"><span class='ocrx_word' id='word_1_995' title='bbox 1113 2260 1346 2304; x_wconf 84' lang='lat' dir='ltr'>respondebant</span> <span class='ocrx_word' id='word_1_996' title='bbox 1360 2285 1366 2291; x_wconf 96' lang='lat'>.</span> <span class='ocrx_word' id='word_1_997' title='bbox 1393 2259 1589 2302; x_wconf 83' lang='lat' dir='ltr'>Respiratio‚</span> <span class='ocrx_word' id='word_1_998' title='bbox 1602 2259 1663 2293; x_wconf 85' lang='lat' dir='ltr'>five</span> <span class='ocrx_word' id='word_1_999' title='bbox 1675 2260 1783 2301; x_wconf 85' lang='lat' dir='ltr'>staret,</span> <span class='ocrx_word' id='word_1_1000' title='bbox 1794 2260 1855 2295; x_wconf 89' lang='lat' dir='ltr'>sive</span> <span class='ocrx_word' id='word_1_1001' title='bbox 1866 2260 1977 2302; x_wconf 88' lang='lat' dir='ltr'>supina</span> <span class='ocrx_word' id='word_1_1002' title='bbox 1989 2260 2102 2304; x_wconf 78' lang='lat' dir='ltr'>jaceret</span> <span class='ocrx_word' id='word_1_1003' title='bbox 2115 2285 2132 2299; x_wconf 74' lang='lat'>„-</span> 
     </span>
     <span class='ocr_line' id='line_1_126' title="bbox 1111 2303 2131 2346; baseline 0.002 -8"><span class='ocrx_word' id='word_1_1004' title='bbox 1111 2304 1173 2338; x_wconf 86' lang='lat' dir='ltr'>sive</span> <span class='ocrx_word' id='word_1_1005' title='bbox 1187 2306 1222 2338; x_wconf 92' lang='lat' dir='ltr'>in</span> <span class='ocrx_word' id='word_1_1006' title='bbox 1235 2304 1424 2338; x_wconf 88' lang='lat' dir='ltr'>utrumlibet</span> <span class='ocrx_word' id='word_1_1007' title='bbox 1435 2303 1562 2336; x_wconf 83' lang='lat' dir='ltr'>cubaret</span> <span class='ocrx_word' id='word_1_1008' title='bbox 1575 2303 1780 2346; x_wconf 82' lang='lat' dir='ltr'>latus,aeque</span> <span class='ocrx_word' id='word_1_1009' title='bbox 1805 2314 1870 2339; x_wconf 84' lang='lat' dir='ltr'>erat</span> <span class='ocrx_word' id='word_1_1010' title='bbox 1894 2304 2020 2339; x_wconf 85' lang='lat' dir='ltr'>facilis.</span> <span class='ocrx_word' id='word_1_1011' title='bbox 2049 2305 2131 2340; x_wconf 57' lang='lat' dir='ltr'>Pul«</span> 
     </span>
     <span class='ocr_line' id='line_1_127' title="bbox 1111 2346 2131 2393; baseline 0.003 -12"><span class='ocrx_word' id='word_1_1012' title='bbox 1111 2348 1162 2381; x_wconf 85' lang='lat' dir='ltr'>sus</span> <span class='ocrx_word' id='word_1_1013' title='bbox 1185 2358 1285 2390; x_wconf 87' lang='lat' dir='ltr'>neque</span> <span class='ocrx_word' id='word_1_1014' title='bbox 1309 2346 1407 2386; x_wconf 86' lang='lat' dir='ltr'>tensi,</span> <span class='ocrx_word' id='word_1_1015' title='bbox 1431 2357 1529 2389; x_wconf 81' lang='lat' dir='ltr'>neque</span> <span class='ocrx_word' id='word_1_1016' title='bbox 1540 2347 1746 2389; x_wconf 84' lang='lat' dir='ltr'>duri,neque</span> <span class='ocrx_word' id='word_1_1017' title='bbox 1771 2347 1886 2381; x_wconf 85' lang='lat' dir='ltr'>vibrati</span> <span class='ocrx_word' id='word_1_1018' title='bbox 1911 2361 1920 2387; x_wconf 73' lang='grc' dir='ltr'>ς</span> <span class='ocrx_word' id='word_1_1019' title='bbox 1945 2361 2044 2393; x_wconf 89' lang='lat' dir='ltr'>neque</span> <span class='ocrx_word' id='word_1_1020' title='bbox 2056 2350 2131 2384; x_wconf 64' lang='lat' dir='ltr'>ulla·</span> 
     </span>
     <span class='ocr_line' id='line_1_128' title="bbox 1111 2390 2126 2436; baseline 0.004 -12"><span class='ocrx_word' id='word_1_1021' title='bbox 1111 2391 1240 2434; x_wconf 83' lang='lat' dir='ltr'>prorsus</span> <span class='ocrx_word' id='word_1_1022' title='bbox 1263 2390 1363 2423; x_wconf 88' lang='lat' dir='ltr'>modo</span> <span class='ocrx_word' id='word_1_1023' title='bbox 1385 2390 1555 2432; x_wconf 80' lang='lat' dir='ltr'>incequales</span> <span class='ocrx_word' id='word_1_1024' title='bbox 1576 2415 1583 2421; x_wconf 94' lang='lat'>.</span> <span class='ocrx_word' id='word_1_1025' title='bbox 1608 2390 1714 2423; x_wconf 90' lang='lat' dir='ltr'>Nulla</span> <span class='ocrx_word' id='word_1_1026' title='bbox 1748 2391 1782 2423; x_wconf 86' lang='lat' dir='ltr'>in</span> <span class='ocrx_word' id='word_1_1027' title='bbox 1818 2391 1948 2425; x_wconf 84' lang='lat' dir='ltr'>thorace</span> <span class='ocrx_word' id='word_1_1028' title='bbox 1985 2394 2126 2436; x_wconf 55' lang='lat' dir='ltr'>palpita„</span> 
     </span>
     <span class='ocr_line' id='line_1_129' title="bbox 1111 2432 2124 2479; baseline -0.001 -12"><span class='ocrx_word' id='word_1_1029' title='bbox 1111 2436 1185 2474; x_wconf 90' lang='lat' dir='ltr'>tio,</span> <span class='ocrx_word' id='word_1_1030' title='bbox 1211 2443 1265 2467; x_wconf 88' lang='lat' dir='ltr'>aut</span> <span class='ocrx_word' id='word_1_1031' title='bbox 1290 2444 1401 2475; x_wconf 85' lang='lat' dir='ltr'>magna</span> <span class='ocrx_word' id='word_1_1032' title='bbox 1426 2432 1566 2479; x_wconf 76' lang='lat' dir='ltr'>pulsatio</span> <span class='ocrx_word' id='word_1_1033' title='bbox 1585 2456 1594 2464; x_wconf 91' lang='lat'>.</span> <span class='ocrx_word' id='word_1_1034' title='bbox 1628 2433 1749 2466; x_wconf 87' lang='lat' dir='ltr'>Nullus</span> <span class='ocrx_word' id='word_1_1035' title='bbox 1784 2434 1817 2466; x_wconf 89' lang='lat' dir='ltr'>in</span> <span class='ocrx_word' id='word_1_1036' title='bbox 1852 2436 2043 2477; x_wconf 87' lang='lat' dir='ltr'>pulmonum</span> <span class='ocrx_word' id='word_1_1037' title='bbox 2075 2450 2124 2471; x_wconf 65' lang='lat' dir='ltr'>re„</span> 
     </span>
     <span class='ocr_line' id='line_1_130' title="bbox 1112 2476 2120 2521; baseline 0.005 -11"><span class='ocrx_word' id='word_1_1038' title='bbox 1112 2479 1211 2521; x_wconf 77' lang='lat' dir='ltr'>gione</span> <span class='ocrx_word' id='word_1_1039' title='bbox 1234 2476 1351 2509; x_wconf 88' lang='lat' dir='ltr'>dolor.</span> <span class='ocrx_word' id='word_1_1040' title='bbox 1375 2476 1482 2509; x_wconf 77' lang='lat' dir='ltr'>Tussis</span> <span class='ocrx_word' id='word_1_1041' title='bbox 1506 2476 1591 2509; x_wconf 86' lang='lat' dir='ltr'>nulla</span> <span class='ocrx_word' id='word_1_1042' title='bbox 1609 2500 1616 2507; x_wconf 89' lang='lat'>.</span> <span class='ocrx_word' id='word_1_1043' title='bbox 1655 2477 1807 2509; x_wconf 86' lang='lat' dir='ltr'>Omnino</span> <span class='ocrx_word' id='word_1_1044' title='bbox 1840 2488 1906 2511; x_wconf 87' lang='lat' dir='ltr'>erat</span> <span class='ocrx_word' id='word_1_1045' title='bbox 1942 2479 2027 2513; x_wconf 86' lang='lat' dir='ltr'>nihil</span> <span class='ocrx_word' id='word_1_1046' title='bbox 2048 2481 2061 2518; x_wconf 72' lang='lat'>&#39;,</span> <span class='ocrx_word' id='word_1_1047' title='bbox 2099 2482 2120 2516; x_wconf 83' lang='lat' dir='ltr'>si</span> 
     </span>
     <span class='ocr_line' id='line_1_131' title="bbox 1114 2517 2124 2564; baseline 0.008 -12"><span class='ocrx_word' id='word_1_1048' title='bbox 1114 2533 1187 2564; x_wconf 81' lang='lat' dir='ltr'>qnae</span> <span class='ocrx_word' id='word_1_1049' title='bbox 1211 2519 1303 2562; x_wconf 85' lang='lat' dir='ltr'>supra</span> <span class='ocrx_word' id='word_1_1050' title='bbox 1326 2518 1412 2552; x_wconf 53' lang='lat' dir='ltr'>dista</span> <span class='ocrx_word' id='word_1_1051' title='bbox 1439 2517 1531 2559; x_wconf 85' lang='lat' dir='ltr'>sunt,</span> <span class='ocrx_word' id='word_1_1052' title='bbox 1556 2522 1588 2551; x_wconf 64' lang='grc' dir='ltr'>ἃς</span> <span class='ocrx_word' id='word_1_1053' title='bbox 1611 2530 1681 2562; x_wconf 78' lang='lat' dir='ltr'>quae</span> <span class='ocrx_word' id='word_1_1054' title='bbox 1717 2531 1793 2553; x_wconf 76' lang='lat' dir='ltr'>mox</span> <span class='ocrx_word' id='word_1_1055' title='bbox 1825 2521 1973 2557; x_wconf 82' lang='lat' dir='ltr'>dicentur</span> <span class='ocrx_word' id='word_1_1056' title='bbox 1992 2549 2001 2562; x_wconf 86' lang='lat'>‚</span> <span class='ocrx_word' id='word_1_1057' title='bbox 2037 2527 2124 2560; x_wconf 74' lang='lat' dir='ltr'>exci-</span> 
     </span>
     <span class='ocr_line' id='line_1_132' title="bbox 1116 2561 2121 2607; baseline 0.001 -10"><span class='ocrx_word' id='word_1_1058' title='bbox 1116 2566 1210 2607; x_wconf 71' lang='lat' dir='ltr'>pias,</span> <span class='ocrx_word' id='word_1_1059' title='bbox 1235 2563 1339 2599; x_wconf 83' lang='lat' dir='ltr'>nihil,</span> <span class='ocrx_word' id='word_1_1060' title='bbox 1362 2563 1518 2604; x_wconf 61' lang='lat' dir='ltr'>inquam,</span> <span class='ocrx_word' id='word_1_1061' title='bbox 1541 2571 1605 2594; x_wconf 80' lang='lat' dir='ltr'>erat</span> <span class='ocrx_word' id='word_1_1062' title='bbox 1630 2561 1718 2605; x_wconf 88' lang='lat' dir='ltr'>quod</span> <span class='ocrx_word' id='word_1_1063' title='bbox 1741 2564 1939 2606; x_wconf 83' lang='lat' dir='ltr'>improbares</span> <span class='ocrx_word' id='word_1_1064' title='bbox 1958 2590 1970 2607; x_wconf 89' lang='lat'>,</span> <span class='ocrx_word' id='word_1_1065' title='bbox 1994 2576 2048 2602; x_wconf 85' lang='lat' dir='ltr'>aut</span> <span class='ocrx_word' id='word_1_1066' title='bbox 2083 2569 2121 2603; x_wconf 74' lang='lat' dir='ltr'>de</span> 
     </span>
     <span class='ocr_line' id='line_1_133' title="bbox 1116 2607 2123 2651; baseline 0.006 -12"><span class='ocrx_word' id='word_1_1067' title='bbox 1116 2620 1185 2651; x_wconf 76' lang='lat' dir='ltr'>quo</span> <span class='ocrx_word' id='word_1_1068' title='bbox 1207 2607 1262 2639; x_wconf 76' lang='lat' dir='ltr'>illa</span> <span class='ocrx_word' id='word_1_1069' title='bbox 1286 2615 1545 2647; x_wconf 85' lang='lat' dir='ltr'>conquereretur.</span> <span class='ocrx_word' id='word_1_1070' title='bbox 1571 2607 1703 2642; x_wconf 87' lang='lat' dir='ltr'>Quibus</span> <span class='ocrx_word' id='word_1_1071' title='bbox 1737 2618 1901 2648; x_wconf 79' lang='lat' dir='ltr'>permotus</span> <span class='ocrx_word' id='word_1_1072' title='bbox 1934 2611 2123 2649; x_wconf 71' lang='lat' dir='ltr'>Albertinus</span> 
     </span>
     <span class='ocr_line' id='line_1_134' title="bbox 1116 2650 2120 2691; baseline 0.004 -7"><span class='ocrx_word' id='word_1_1073' title='bbox 1116 2654 1151 2684; x_wconf 88' lang='lat' dir='ltr'>in</span> <span class='ocrx_word' id='word_1_1074' title='bbox 1177 2652 1319 2684; x_wconf 84' lang='lat' dir='ltr'>aliorum</span> <span class='ocrx_word' id='word_1_1075' title='bbox 1344 2660 1407 2681; x_wconf 89' lang='lat' dir='ltr'>non</span> <span class='ocrx_word' id='word_1_1076' title='bbox 1429 2650 1488 2682; x_wconf 87' lang='lat' dir='ltr'>ivit</span> <span class='ocrx_word' id='word_1_1077' title='bbox 1514 2650 1720 2682; x_wconf 83' lang='lat' dir='ltr'>sententiam.</span> <span class='ocrx_word' id='word_1_1078' title='bbox 1749 2652 1810 2683; x_wconf 80' lang='lat' dir='ltr'>Pro</span> <span class='ocrx_word' id='word_1_1079' title='bbox 1834 2652 1885 2686; x_wconf 86' lang='lat' dir='ltr'>sua</span> <span class='ocrx_word' id='word_1_1080' title='bbox 1911 2664 2016 2688; x_wconf 80' lang='lat' dir='ltr'>autem</span> <span class='ocrx_word' id='word_1_1081' title='bbox 2052 2656 2120 2691; x_wconf 66' lang='lat' dir='ltr'>lia-c</span> 
     </span>
     <span class='ocr_line' id='line_1_135' title="bbox 1118 2692 2121 2740; baseline 0.007 -14"><span class='ocrx_word' id='word_1_1082' title='bbox 1118 2693 1196 2734; x_wconf 76' lang='lat' dir='ltr'>csse,</span> <span class='ocrx_word' id='word_1_1083' title='bbox 1220 2692 1448 2740; x_wconf 33' lang='lat' dir='ltr'>existimabat&amp;</span> <span class='ocrx_word' id='word_1_1084' title='bbox 1465 2693 1551 2735; x_wconf 86' lang='lat' dir='ltr'>quod</span> <span class='ocrx_word' id='word_1_1085' title='bbox 1577 2695 1684 2733; x_wconf 68' lang='lat' dir='ltr'>Virgo</span> <span class='ocrx_word' id='word_1_1086' title='bbox 1708 2692 1766 2726; x_wconf 81' lang='lat' dir='ltr'>sibi</span> <span class='ocrx_word' id='word_1_1087' title='bbox 1789 2705 1845 2727; x_wconf 89' lang='lat' dir='ltr'>cor</span> <span class='ocrx_word' id='word_1_1088' title='bbox 1870 2700 2017 2738; x_wconf 80' lang='lat' dir='ltr'>gravari,</span> <span class='ocrx_word' id='word_1_1089' title='bbox 2051 2710 2121 2734; x_wconf 81' lang='lat' dir='ltr'>tan-</span> 
     </span>
     <span class='ocr_line' id='line_1_136' title="bbox 1116 2736 2120 2785; baseline 0.004 -14"><span class='ocrx_word' id='word_1_1090' title='bbox 1116 2750 1211 2781; x_wconf 87' lang='lat' dir='ltr'>quam</span> <span class='ocrx_word' id='word_1_1091' title='bbox 1237 2737 1312 2771; x_wconf 82' lang='lat' dir='ltr'>saxo</span> <span class='ocrx_word' id='word_1_1092' title='bbox 1335 2738 1508 2779; x_wconf 81' lang='lat' dir='ltr'>imposito,</span> <span class='ocrx_word' id='word_1_1093' title='bbox 1532 2736 1708 2776; x_wconf 83' lang='lat' dir='ltr'>sentiebat,</span> <span class='ocrx_word' id='word_1_1094' title='bbox 1732 2739 1764 2769; x_wconf 63' lang='grc' dir='ltr'>ἃ</span> <span class='ocrx_word' id='word_1_1095' title='bbox 1787 2740 1876 2781; x_wconf 87' lang='lat' dir='ltr'>quod</span> <span class='ocrx_word' id='word_1_1096' title='bbox 1897 2751 1972 2774; x_wconf 84' lang='lat' dir='ltr'>cum</span> <span class='ocrx_word' id='word_1_1097' title='bbox 1993 2740 2083 2776; x_wconf 77' lang='lat' dir='ltr'>filens</span> <span class='ocrx_word' id='word_1_1098' title='bbox 2106 2768 2120 2785; x_wconf 79' lang='lat'>,</span> 
     </span>
     <span class='ocr_line' id='line_1_137' title="bbox 1117 2778 2118 2826; baseline -0.001 -11"><span class='ocrx_word' id='word_1_1099' title='bbox 1117 2786 1150 2815; x_wconf 64' lang='grc' dir='ltr'>ὃ(</span> <span class='ocrx_word' id='word_1_1100' title='bbox 1174 2781 1335 2824; x_wconf 88' lang='lat' dir='ltr'>quiescens</span> <span class='ocrx_word' id='word_1_1101' title='bbox 1353 2778 1545 2823; x_wconf 74' lang='lat' dir='ltr'>oppressione</span> <span class='ocrx_word' id='word_1_1102' title='bbox 1569 2779 1624 2812; x_wconf 83' lang='lat' dir='ltr'>illa</span> <span class='ocrx_word' id='word_1_1103' title='bbox 1647 2779 1777 2820; x_wconf 89' lang='lat' dir='ltr'>cordis,</span> <span class='ocrx_word' id='word_1_1104' title='bbox 1800 2781 1837 2814; x_wconf 93' lang='lat' dir='ltr'>de</span> <span class='ocrx_word' id='word_1_1105' title='bbox 1861 2795 1921 2826; x_wconf 86' lang='lat' dir='ltr'>qua</span> <span class='ocrx_word' id='word_1_1106' title='bbox 1945 2785 2044 2818; x_wconf 81' lang='lat' dir='ltr'>initio</span> <span class='ocrx_word' id='word_1_1107' title='bbox 2067 2787 2118 2819; x_wconf 65' lang='lat' dir='ltr'>di-</span> 
     </span>
    </p>

    <p class='ocr_par' dir='ltr' id='par_1_10' title="bbox 1113 2821 2119 2913">
     <span class='ocr_line' id='line_1_138' title="bbox 1113 2821 2119 2869; baseline 0.003 -11"><span class='ocrx_word' id='word_1_1108' title='bbox 1113 2827 1245 2866; x_wconf 73' lang='lat' dir='ltr'>ximus,</span> <span class='ocrx_word' id='word_1_1109' title='bbox 1269 2836 1331 2858; x_wconf 87' lang='lat' dir='ltr'>non</span> <span class='ocrx_word' id='word_1_1110' title='bbox 1356 2833 1545 2865; x_wconf 81' lang='lat' dir='ltr'>angeretur3</span> <span class='ocrx_word' id='word_1_1111' title='bbox 1569 2821 1590 2854; x_wconf 84' lang='lat' dir='ltr'>si</span> <span class='ocrx_word' id='word_1_1112' title='bbox 1604 2821 1725 2865; x_wconf 88' lang='lat' dir='ltr'>aliquid</span> <span class='ocrx_word' id='word_1_1113' title='bbox 1737 2834 1851 2866; x_wconf 80' lang='lat' dir='ltr'>agere,</span> <span class='ocrx_word' id='word_1_1114' title='bbox 1872 2828 2035 2869; x_wconf 85' lang='lat' dir='ltr'>autpaulo</span> <span class='ocrx_word' id='word_1_1115' title='bbox 2046 2828 2119 2864; x_wconf 79' lang='lat' dir='ltr'>diu-</span> 
     </span>
     <span class='ocr_line' id='line_1_139' title="bbox 1114 2865 2117 2913; baseline 0.005 -13"><span class='ocrx_word' id='word_1_1116' title='bbox 1114 2871 1180 2902; x_wconf 87' lang='lat' dir='ltr'>tius</span> <span class='ocrx_word' id='word_1_1117' title='bbox 1205 2869 1296 2912; x_wconf 87' lang='lat' dir='ltr'>loqui</span> <span class='ocrx_word' id='word_1_1118' title='bbox 1323 2867 1437 2905; x_wconf 87' lang='lat' dir='ltr'>vellet,</span> <span class='ocrx_word' id='word_1_1119' title='bbox 1459 2866 1617 2912; x_wconf 77' lang='lat' dir='ltr'>continuo</span> <span class='ocrx_word' id='word_1_1120' title='bbox 1629 2865 1734 2899; x_wconf 84' lang='lat' dir='ltr'>eadem</span> <span class='ocrx_word' id='word_1_1121' title='bbox 1746 2867 1945 2911; x_wconf 85' lang='lat' dir='ltr'>angebatur,</span> <span class='ocrx_word' id='word_1_1122' title='bbox 1968 2871 2117 2913; x_wconf 73' lang='lat' dir='ltr'>cujusita</span> 
     </span>
    </p>

    <p class='ocr_par' dir='ltr' id='par_1_11' title="bbox 1113 2908 2118 2956">
     <span class='ocr_line' id='line_1_140' title="bbox 1113 2908 2118 2956; baseline 0.001 -11"><span class='ocrx_word' id='word_1_1123' title='bbox 1113 2912 1236 2946; x_wconf 86' lang='lat' dir='ltr'>sensum</span> <span class='ocrx_word' id='word_1_1124' title='bbox 1261 2913 1438 2953; x_wconf 78' lang='lat' dir='ltr'>exprimere</span> <span class='ocrx_word' id='word_1_1125' title='bbox 1463 2909 1610 2950; x_wconf 78' lang='lat' dir='ltr'>solebat,</span> <span class='ocrx_word' id='word_1_1126' title='bbox 1633 2908 1719 2953; x_wconf 81' lang='lat' dir='ltr'>quasi</span> <span class='ocrx_word' id='word_1_1127' title='bbox 1743 2921 1818 2943; x_wconf 89' lang='lat' dir='ltr'>cnm</span> <span class='ocrx_word' id='word_1_1128' title='bbox 1841 2913 1874 2945; x_wconf 89' lang='lat' dir='ltr'>in</span> <span class='ocrx_word' id='word_1_1129' title='bbox 1900 2924 2012 2956; x_wconf 80' lang='lat' dir='ltr'>magna</span> <span class='ocrx_word' id='word_1_1130' title='bbox 2043 2928 2118 2950; x_wconf 32' lang='lat' dir='ltr'>coni.</span> 
     </span>
    </p>

    <p class='ocr_par' dir='ltr' id='par_1_12' title="bbox 1111 2952 2117 2999">
     <span class='ocr_line' id='line_1_141' title="bbox 1111 2952 2117 2999; baseline -0.015 -10"><span class='ocrx_word' id='word_1_1131' title='bbox 1111 2956 1219 2998; x_wconf 84' lang='lat' dir='ltr'>stipati</span> <span class='ocrx_word' id='word_1_1132' title='bbox 1245 2955 1357 2998; x_wconf 85' lang='lat' dir='ltr'>populi</span> <span class='ocrx_word' id='word_1_1133' title='bbox 1380 2953 1577 2995; x_wconf 76' lang='lat' dir='ltr'>frequentia,</span> <span class='ocrx_word' id='word_1_1134' title='bbox 1600 2952 1741 2996; x_wconf 86' lang='lat' dir='ltr'>undique</span> <span class='ocrx_word' id='word_1_1135' title='bbox 1772 2954 2019 2999; x_wconf 60' lang='lat' dir='ltr'>constringimur</span> <span class='ocrx_word' id='word_1_1136' title='bbox 2039 2983 2050 2999; x_wconf 56' lang='lat'><em>,</em></span> <span class='ocrx_word' id='word_1_1137' title='bbox 2083 2964 2117 2994; x_wconf 75' lang='lat'>&amp;</span> 
     </span>
    </p>

    <p class='ocr_par' dir='ltr' id='par_1_13' title="bbox 1109 2995 2118 3046">
     <span class='ocr_line' id='line_1_142' title="bbox 1109 2995 2118 3046; baseline -0.001 -14"><span class='ocrx_word' id='word_1_1138' title='bbox 1109 3001 1329 3033; x_wconf 59' lang='lat' dir='ltr'>cometamur:</span> <span class='ocrx_word' id='word_1_1139' title='bbox 1354 3008 1421 3030; x_wconf 89' lang='lat' dir='ltr'>eam</span> <span class='ocrx_word' id='word_1_1140' title='bbox 1446 3005 1548 3029; x_wconf 87' lang='lat' dir='ltr'>autem</span> <span class='ocrx_word' id='word_1_1141' title='bbox 1572 2995 1678 3030; x_wconf 90' lang='lat' dir='ltr'>cordis</span> <span class='ocrx_word' id='word_1_1142' title='bbox 1702 2997 2118 3046; x_wconf 73' lang='lat' dir='ltr'>oppressionemlevisquae..</span> 
     </span>
    </p>

    <p class='ocr_par' dir='ltr' id='par_1_14' title="bbox 1109 3039 2117 3087">
     <span class='ocr_line' id='line_1_143' title="bbox 1109 3039 2117 3087; baseline 0.001 -11"><span class='ocrx_word' id='word_1_1143' title='bbox 1109 3043 1183 3076; x_wconf 84' lang='lat' dir='ltr'>dam</span> <span class='ocrx_word' id='word_1_1144' title='bbox 1216 3044 1314 3075; x_wconf 88' lang='lat' dir='ltr'>animi</span> <span class='ocrx_word' id='word_1_1145' title='bbox 1347 3039 1432 3083; x_wconf 81' lang='lat' dir='ltr'>quasi</span> <span class='ocrx_word' id='word_1_1146' title='bbox 1466 3039 1605 3073; x_wconf 60' lang='lat' dir='ltr'>defectio</span> <span class='ocrx_word' id='word_1_1147' title='bbox 1638 3041 1857 3086; x_wconf 82' lang='lat' dir='ltr'>comitabatur</span> <span class='ocrx_word' id='word_1_1148' title='bbox 1880 3056 1890 3076; x_wconf 89' lang='grc'>.-</span> <span class='ocrx_word' id='word_1_1149' title='bbox 1922 3045 2029 3087; x_wconf 83' lang='lat' dir='ltr'>pulsus</span> <span class='ocrx_word' id='word_1_1150' title='bbox 2063 3059 2117 3080; x_wconf 82' lang='lat' dir='ltr'>ve-</span> 
     </span>
    </p>

    <p class='ocr_par' dir='ltr' id='par_1_15' title="bbox 1110 3085 2110 3127">
     <span class='ocr_line' id='line_1_144' title="bbox 1110 3085 2110 3127; baseline -0.004 -7"><span class='ocrx_word' id='word_1_1151' title='bbox 1110 3098 1148 3120; x_wconf 86' lang='lat' dir='ltr'>ro</span> <span class='ocrx_word' id='word_1_1152' title='bbox 1182 3086 1299 3127; x_wconf 86' lang='lat' dir='ltr'>semper</span> <span class='ocrx_word' id='word_1_1153' title='bbox 1322 3107 1331 3122; x_wconf 88' lang='lat'>,</span> <span class='ocrx_word' id='word_1_1154' title='bbox 1364 3086 1460 3117; x_wconf 77' lang='lat' dir='ltr'>etiam</span> <span class='ocrx_word' id='word_1_1155' title='bbox 1493 3095 1567 3117; x_wconf 85' lang='lat' dir='ltr'>curn</span> <span class='ocrx_word' id='word_1_1156' title='bbox 1600 3085 1772 3126; x_wconf 85' lang='lat' dir='ltr'>quiesceret</span> <span class='ocrx_word' id='word_1_1157' title='bbox 1792 3108 1801 3123; x_wconf 93' lang='lat'>‚</span> <span class='ocrx_word' id='word_1_1158' title='bbox 1833 3086 1951 3121; x_wconf 81' lang='lat' dir='ltr'>debiles</span> <span class='ocrx_word' id='word_1_1159' title='bbox 1991 3099 2079 3123; x_wconf 75' lang='lat' dir='ltr'>erant</span> <span class='ocrx_word' id='word_1_1160' title='bbox 2103 3115 2110 3121; x_wconf 80' lang='lat'>,</span> 
     </span>
    </p>

    <p class='ocr_par' dir='ltr' id='par_1_16' title="bbox 1106 3126 2167 3649">
     <span class='ocr_line' id='line_1_145' title="bbox 1112 3126 2167 3173; baseline -0.006 -10"><span class='ocrx_word' id='word_1_1161' title='bbox 1112 3131 1195 3173; x_wconf 80' lang='lat' dir='ltr'>Qae</span> <span class='ocrx_word' id='word_1_1162' title='bbox 1227 3141 1273 3163; x_wconf 88' lang='lat' dir='ltr'>res</span> <span class='ocrx_word' id='word_1_1163' title='bbox 1304 3127 1373 3161; x_wconf 85' lang='lat' dir='ltr'>sane</span> <span class='ocrx_word' id='word_1_1164' title='bbox 1408 3126 1627 3170; x_wconf 83' lang='lat' dir='ltr'>perdifficilem</span> <span class='ocrx_word' id='word_1_1165' title='bbox 1659 3126 1828 3161; x_wconf 86' lang='lat' dir='ltr'>reddebant</span> <span class='ocrx_word' id='word_1_1166' title='bbox 1873 3132 2070 3166; x_wconf 68' lang='lat' dir='ltr'>curationem</span> <span class='ocrx_word' id='word_1_1167' title='bbox 2101 3146 2113 3173; x_wconf 77' lang='lat'>3</span> <span class='ocrx_word' id='word_1_1168' title='bbox 2161 3155 2167 3157; x_wconf 30' lang='lat' dir='ltr'><em>f</em></span> 
     </span>
     <span class='ocr_line' id='line_1_146' title="bbox 1111 3170 2113 3216; baseline -0.002 -9"><span class='ocrx_word' id='word_1_1169' title='bbox 1111 3185 1184 3207; x_wconf 82' lang='lat' dir='ltr'>nam</span> <span class='ocrx_word' id='word_1_1170' title='bbox 1211 3182 1422 3216; x_wconf 75' lang='lat' dir='ltr'>praetcrquam</span> <span class='ocrx_word' id='word_1_1171' title='bbox 1444 3170 1530 3214; x_wconf 90' lang='lat' dir='ltr'>quod</span> <span class='ocrx_word' id='word_1_1172' title='bbox 1555 3170 1577 3204; x_wconf 86' lang='lat' dir='ltr'>si</span> <span class='ocrx_word' id='word_1_1173' title='bbox 1602 3170 1844 3206; x_wconf 87' lang='lat' dir='ltr'>medicamentis</span> <span class='ocrx_word' id='word_1_1174' title='bbox 1868 3175 1979 3206; x_wconf 86' lang='lat' dir='ltr'>elicere</span> <span class='ocrx_word' id='word_1_1175' title='bbox 2013 3187 2113 3209; x_wconf 76' lang='lat' dir='ltr'>cona-</span> 
     </span>
     <span class='ocr_line' id='line_1_147' title="bbox 1112 3214 2112 3261; baseline 0.001 -12"><span class='ocrx_word' id='word_1_1176' title='bbox 1112 3227 1221 3251; x_wconf 89' lang='lat' dir='ltr'>rentur</span> <span class='ocrx_word' id='word_1_1177' title='bbox 1245 3215 1402 3258; x_wconf 83' lang='lat' dir='ltr'>aggestum</span> <span class='ocrx_word' id='word_1_1178' title='bbox 1428 3214 1549 3253; x_wconf 83' lang='lat' dir='ltr'>serum;</span> <span class='ocrx_word' id='word_1_1179' title='bbox 1572 3225 1675 3248; x_wconf 87' lang='lat' dir='ltr'>metus</span> <span class='ocrx_word' id='word_1_1180' title='bbox 1709 3224 1775 3248; x_wconf 88' lang='lat' dir='ltr'>erat</span> <span class='ocrx_word' id='word_1_1181' title='bbox 1795 3240 1807 3256; x_wconf 89' lang='lat'>,</span> <span class='ocrx_word' id='word_1_1182' title='bbox 1842 3228 1878 3250; x_wconf 87' lang='lat' dir='ltr'>ue</span> <span class='ocrx_word' id='word_1_1183' title='bbox 1910 3218 1969 3250; x_wconf 84' lang='lat' dir='ltr'>ilio</span> <span class='ocrx_word' id='word_1_1184' title='bbox 2002 3217 2112 3261; x_wconf 75' lang='lat' dir='ltr'>potius</span> 
     </span>
     <span class='ocr_line' id='line_1_148' title="bbox 1111 3257 2113 3303; baseline 0 -10"><span class='ocrx_word' id='word_1_1185' title='bbox 1111 3259 1198 3302; x_wconf 85' lang='lat' dir='ltr'>quod</span> <span class='ocrx_word' id='word_1_1186' title='bbox 1223 3259 1365 3303; x_wconf 80' lang='lat' dir='ltr'>sanguini</span> <span class='ocrx_word' id='word_1_1187' title='bbox 1390 3257 1591 3293; x_wconf 89' lang='lat' dir='ltr'>necessarium</span> <span class='ocrx_word' id='word_1_1188' title='bbox 1613 3258 1655 3292; x_wconf 86' lang='lat' dir='ltr'>est</span> <span class='ocrx_word' id='word_1_1189' title='bbox 1677 3282 1689 3299; x_wconf 96' lang='lat'>,</span> <span class='ocrx_word' id='word_1_1190' title='bbox 1719 3261 1892 3293; x_wconf 89' lang='lat' dir='ltr'>imminuto</span> <span class='ocrx_word' id='word_1_1191' title='bbox 1915 3282 1926 3298; x_wconf 86' lang='lat'>‚</span> <span class='ocrx_word' id='word_1_1192' title='bbox 1949 3259 2001 3294; x_wconf 89' lang='lat' dir='ltr'>hic</span> <span class='ocrx_word' id='word_1_1193' title='bbox 2027 3264 2113 3297; x_wconf 79' lang='lat' dir='ltr'>mul-</span> 
     </span>
     <span class='ocr_line' id='line_1_149' title="bbox 1112 3301 2110 3345; baseline 0.001 -8"><span class='ocrx_word' id='word_1_1194' title='bbox 1112 3313 1150 3336; x_wconf 87' lang='lat' dir='ltr'>to</span> <span class='ocrx_word' id='word_1_1195' title='bbox 1174 3304 1279 3338; x_wconf 81' lang='lat' dir='ltr'>minus</span> <span class='ocrx_word' id='word_1_1196' title='bbox 1302 3301 1397 3335; x_wconf 77' lang='lat' dir='ltr'>facile</span> <span class='ocrx_word' id='word_1_1197' title='bbox 1420 3313 1474 3344; x_wconf 91' lang='lat' dir='ltr'>per</span> <span class='ocrx_word' id='word_1_1198' title='bbox 1496 3313 1554 3335; x_wconf 92' lang='lat' dir='ltr'>cor</span> <span class='ocrx_word' id='word_1_1199' title='bbox 1585 3312 1700 3335; x_wconf 81' lang='lat' dir='ltr'>mearet</span> <span class='ocrx_word' id='word_1_1200' title='bbox 1720 3324 1732 3342; x_wconf 86' lang='lat'>,</span> <span class='ocrx_word' id='word_1_1201' title='bbox 1765 3314 1843 3345; x_wconf 88' lang='lat' dir='ltr'>aqna</span> <span class='ocrx_word' id='word_1_1202' title='bbox 1876 3304 2011 3345; x_wconf 86' lang='lat' dir='ltr'>pressum</span> <span class='ocrx_word' id='word_1_1203' title='bbox 2035 3329 2043 3343; x_wconf 94' lang='lat'>‚</span> <span class='ocrx_word' id='word_1_1204' title='bbox 2077 3310 2110 3340; x_wconf 83' lang='lat'>&amp;</span> 
     </span>
     <span class='ocr_line' id='line_1_150' title="bbox 1111 3344 2110 3390; baseline -0.003 -9"><span class='ocrx_word' id='word_1_1205' title='bbox 1111 3346 1210 3390; x_wconf 83' lang='lat' dir='ltr'>hujus</span> <span class='ocrx_word' id='word_1_1206' title='bbox 1243 3358 1309 3380; x_wconf 86' lang='lat' dir='ltr'>tam</span> <span class='ocrx_word' id='word_1_1207' title='bbox 1341 3346 1494 3380; x_wconf 78' lang='lat' dir='ltr'>diuturna</span> <span class='ocrx_word' id='word_1_1208' title='bbox 1528 3357 1616 3379; x_wconf 85' lang='lat' dir='ltr'>mora</span> <span class='ocrx_word' id='word_1_1209' title='bbox 1661 3344 1724 3388; x_wconf 77' lang='lat' dir='ltr'>jam</span> <span class='ocrx_word' id='word_1_1210' title='bbox 1770 3346 1939 3381; x_wconf 86' lang='lat' dir='ltr'>flaccidum</span> <span class='ocrx_word' id='word_1_1211' title='bbox 1973 3362 1981 3385; x_wconf 73' lang='lat'>3</span> <span class='ocrx_word' id='word_1_1212' title='bbox 2028 3350 2110 3383; x_wconf 70' lang='lat' dir='ltr'>illud</span> 
     </span>
     <span class='ocr_line' id='line_1_151' title="bbox 1111 3389 2111 3434; baseline 0.003 -11"><span class='ocrx_word' id='word_1_1213' title='bbox 1111 3402 1197 3424; x_wconf 84' lang='lat' dir='ltr'>certe</span> <span class='ocrx_word' id='word_1_1214' title='bbox 1230 3401 1295 3424; x_wconf 86' lang='lat' dir='ltr'>erat</span> <span class='ocrx_word' id='word_1_1215' title='bbox 1318 3389 1583 3423; x_wconf 64' lang='lat' dir='ltr'>evidentissimum</span> <span class='ocrx_word' id='word_1_1216' title='bbox 1606 3413 1618 3430; x_wconf 86' lang='lat'>,</span> <span class='ocrx_word' id='word_1_1217' title='bbox 1651 3400 1845 3432; x_wconf 79' lang='lat' dir='ltr'>quaecunque</span> <span class='ocrx_word' id='word_1_1218' title='bbox 1870 3390 2007 3425; x_wconf 81' lang='lat' dir='ltr'>remedia</span> <span class='ocrx_word' id='word_1_1219' title='bbox 2031 3404 2111 3434; x_wconf 85' lang='lat' dir='ltr'>pan-</span> 
     </span>
     <span class='ocr_line' id='line_1_152' title="bbox 1111 3432 2109 3478; baseline 0.001 -12"><span class='ocrx_word' id='word_1_1220' title='bbox 1111 3435 1146 3466; x_wconf 91' lang='lat' dir='ltr'>lo</span> <span class='ocrx_word' id='word_1_1221' title='bbox 1190 3433 1284 3468; x_wconf 86' lang='lat' dir='ltr'>essent</span> <span class='ocrx_word' id='word_1_1222' title='bbox 1328 3432 1486 3475; x_wconf 78' lang='lat' dir='ltr'>majorum</span> <span class='ocrx_word' id='word_1_1223' title='bbox 1531 3434 1648 3466; x_wconf 88' lang='lat' dir='ltr'>virium</span> <span class='ocrx_word' id='word_1_1224' title='bbox 1674 3458 1682 3473; x_wconf 95' lang='lat'>,</span> <span class='ocrx_word' id='word_1_1225' title='bbox 1727 3432 1813 3466; x_wconf 89' lang='lat' dir='ltr'>idern</span> <span class='ocrx_word' id='word_1_1226' title='bbox 1856 3433 1979 3468; x_wconf 73' lang='lat' dir='ltr'>factura</span> <span class='ocrx_word' id='word_1_1227' title='bbox 2021 3435 2109 3478; x_wconf 81' lang='lat' dir='ltr'>quod</span> 
     </span>
     <span class='ocr_line' id='line_1_153' title="bbox 1111 3477 2110 3519; baseline -0.001 -8"><span class='ocrx_word' id='word_1_1228' title='bbox 1111 3477 1228 3511; x_wconf 82' lang='lat' dir='ltr'>faceret</span> <span class='ocrx_word' id='word_1_1229' title='bbox 1273 3478 1418 3519; x_wconf 72' lang='lat' dir='ltr'>corporis</span> <span class='ocrx_word' id='word_1_1230' title='bbox 1460 3487 1567 3510; x_wconf 85' lang='lat' dir='ltr'>motus</span> <span class='ocrx_word' id='word_1_1231' title='bbox 1589 3490 1598 3514; x_wconf 69' lang='grc' dir='ltr'>ς</span> <span class='ocrx_word' id='word_1_1232' title='bbox 1645 3488 1715 3519; x_wconf 79' lang='lat' dir='ltr'>quae</span> <span class='ocrx_word' id='word_1_1233' title='bbox 1760 3486 1865 3509; x_wconf 87' lang='lat' dir='ltr'>autem</span> <span class='ocrx_word' id='word_1_1234' title='bbox 1911 3478 2026 3512; x_wconf 87' lang='lat' dir='ltr'>leviora</span> <span class='ocrx_word' id='word_1_1235' title='bbox 2042 3503 2054 3519; x_wconf 83' lang='lat'>,</span> <span class='ocrx_word' id='word_1_1236' title='bbox 2077 3490 2110 3512; x_wconf 82' lang='lat' dir='ltr'>ea</span> 
     </span>
     <span class='ocr_line' id='line_1_154' title="bbox 1111 3518 2111 3567; baseline 0.002 -13"><span class='ocrx_word' id='word_1_1237' title='bbox 1111 3532 1188 3555; x_wconf 88' lang='lat' dir='ltr'>vero</span> <span class='ocrx_word' id='word_1_1238' title='bbox 1213 3532 1266 3556; x_wconf 83' lang='lat' dir='ltr'>aut</span> <span class='ocrx_word' id='word_1_1239' title='bbox 1289 3520 1396 3561; x_wconf 86' lang='lat' dir='ltr'>nihil,</span> <span class='ocrx_word' id='word_1_1240' title='bbox 1423 3529 1477 3567; x_wconf 73' lang='lat' dir='ltr'>aut</span> <span class='ocrx_word' id='word_1_1241' title='bbox 1502 3531 1566 3553; x_wconf 90' lang='lat' dir='ltr'>non</span> <span class='ocrx_word' id='word_1_1242' title='bbox 1592 3519 1665 3552; x_wconf 83' lang='lat' dir='ltr'>satis</span> <span class='ocrx_word' id='word_1_1243' title='bbox 1687 3521 1759 3563; x_wconf 90' lang='lat' dir='ltr'>opis</span> <span class='ocrx_word' id='word_1_1244' title='bbox 1782 3518 1840 3553; x_wconf 85' lang='lat' dir='ltr'>esse</span> <span class='ocrx_word' id='word_1_1245' title='bbox 1862 3520 1985 3555; x_wconf 85' lang='lat' dir='ltr'>latura.</span> <span class='ocrx_word' id='word_1_1246' title='bbox 2010 3523 2111 3564; x_wconf 82' lang='lat' dir='ltr'>Qod</span> 
     </span>
     <span class='ocr_line' id='line_1_155' title="bbox 1109 3562 2111 3609; baseline -0.001 -10"><span class='ocrx_word' id='word_1_1247' title='bbox 1109 3568 1141 3598; x_wconf 85' lang='lat'>&amp;</span> <span class='ocrx_word' id='word_1_1248' title='bbox 1164 3566 1282 3600; x_wconf 84' lang='lat' dir='ltr'>accidit</span> <span class='ocrx_word' id='word_1_1249' title='bbox 1306 3577 1315 3603; x_wconf 76' lang='lat'>5</span> <span class='ocrx_word' id='word_1_1250' title='bbox 1347 3575 1419 3598; x_wconf 83' lang='lat' dir='ltr'>nam</span> <span class='ocrx_word' id='word_1_1251' title='bbox 1442 3565 1533 3598; x_wconf 84' lang='lat' dir='ltr'>sicuti</span> <span class='ocrx_word' id='word_1_1252' title='bbox 1557 3564 1624 3598; x_wconf 78' lang='lat' dir='ltr'>haec</span> <span class='ocrx_word' id='word_1_1253' title='bbox 1656 3562 1851 3607; x_wconf 88' lang='lat' dir='ltr'>prospiciens</span> <span class='ocrx_word' id='word_1_1254' title='bbox 1873 3587 1887 3604; x_wconf 94' lang='lat'>,</span> <span class='ocrx_word' id='word_1_1255' title='bbox 1930 3573 2006 3598; x_wconf 85' lang='lat' dir='ltr'>tunc</span> <span class='ocrx_word' id='word_1_1256' title='bbox 2029 3577 2111 3609; x_wconf 88' lang='lat' dir='ltr'>prae-</span> 
     </span>
     <span class='ocr_line' id='line_1_156' title="bbox 1106 3606 2114 3649; baseline -0.004 -7"><span class='ocrx_word' id='word_1_1257' title='bbox 1106 3608 1231 3643; x_wconf 85' lang='lat' dir='ltr'>dixerat</span> <span class='ocrx_word' id='word_1_1258' title='bbox 1254 3609 1440 3643; x_wconf 85' lang='lat' dir='ltr'>Albertinus</span> <span class='ocrx_word' id='word_1_1259' title='bbox 1464 3630 1473 3645; x_wconf 89' lang='lat'><em>‚</em></span> <span class='ocrx_word' id='word_1_1260' title='bbox 1509 3619 1548 3642; x_wconf 87' lang='lat' dir='ltr'>eo</span> <span class='ocrx_word' id='word_1_1261' title='bbox 1571 3608 1679 3648; x_wconf 71' lang='lat' dir='ltr'>Virgo</span> <span class='ocrx_word' id='word_1_1262' title='bbox 1700 3606 1845 3640; x_wconf 65' lang='lat' dir='ltr'>confeeta</span> <span class='ocrx_word' id='word_1_1263' title='bbox 1867 3607 2004 3649; x_wconf 85' lang='lat' dir='ltr'>denique</span> <span class='ocrx_word' id='word_1_1264' title='bbox 2026 3620 2114 3643; x_wconf 90' lang='lat' dir='ltr'>mor..</span> 
     </span>
    </p>
   </div>
   <div class='ocr_carea' id='block_1_7' title="bbox 69 3742 2111 3757">
    <p class='ocr_par' dir='ltr' id='par_1_17' title="bbox 69 3742 2111 3757">
     <span class='ocr_line' id='line_1_157' title="bbox 69 3742 2111 3757; baseline 0 318"><span class='ocrx_word' id='word_1_1265' title='bbox 69 3742 2111 3757; x_wconf 95' lang='lat' dir='ltr'> </span> 
     </span>
    </p>
   </div>
   <div class='ocr_carea' id='block_1_8' title="bbox 125 3650 2071 3864">
    <p class='ocr_par' dir='ltr' id='par_1_18' title="bbox 125 3650 2071 3864">
     <span class='ocr_line' id='line_1_158' title="bbox 149 3650 2071 3695; baseline 0 -9"><span class='ocrx_word' id='word_1_1266' title='bbox 149 3651 314 3695; x_wconf 78' lang='lat' dir='ltr'>Morgagm&#39;</span> <span class='ocrx_word' id='word_1_1267' title='bbox 323 3651 357 3686; x_wconf 87' lang='lat' dir='ltr'>de</span> <span class='ocrx_word' id='word_1_1268' title='bbox 371 3652 438 3685; x_wconf 78' lang='lat' dir='ltr'>Sed.</span> <span class='ocrx_word' id='word_1_1269' title='bbox 451 3652 493 3684; x_wconf 53' lang='grc' dir='ltr'><em>Θ</em></span> <span class='ocrx_word' id='word_1_1270' title='bbox 505 3651 590 3693; x_wconf 74' lang='lat' dir='ltr'>Caufi</span> <span class='ocrx_word' id='word_1_1271' title='bbox 604 3652 706 3686; x_wconf 88' lang='lat' dir='ltr'>Morb.</span> <span class='ocrx_word' id='word_1_1272' title='bbox 724 3654 823 3687; x_wconf 90' lang='lat' dir='ltr'>Tom.</span> <span class='ocrx_word' id='word_1_1273' title='bbox 836 3655 863 3687; x_wconf 90' lang='grc' dir='ltr'>Ι.</span> <span class='ocrx_word' id='word_1_1274' title='bbox 1625 3651 1659 3684; x_wconf 91' lang='lat' dir='ltr'>T</span> <span class='ocrx_word' id='word_1_1275' title='bbox 1705 3662 1722 3683; x_wconf 86' lang='lat'>2</span> <span class='ocrx_word' id='word_1_1276' title='bbox 1940 3650 1983 3684; x_wconf 89' lang='lat' dir='ltr'>bo</span> <span class='ocrx_word' id='word_1_1277' title='bbox 2007 3652 2049 3686; x_wconf 89' lang='lat' dir='ltr'>est</span> <span class='ocrx_word' id='word_1_1278' title='bbox 2063 3678 2071 3685; x_wconf 87' lang='lat'>.</span> 
     </span>
     <span class='ocr_line' id='line_1_159' title="bbox 125 3800 1930 3864; baseline 0 -35"><span class='ocrx_word' id='word_1_1279' title='bbox 125 3800 196 3864; x_wconf 50' lang='lat'>{2¹3</span> <span class='ocrx_word' id='word_1_1280' title='bbox 212 3803 264 3864; x_wconf 49' lang='grc' dir='ltr'>ἓξῖἱ</span> <span class='ocrx_word' id='word_1_1281' title='bbox 308 3821 314 3826; x_wconf 87' lang='grc'><em>.</em></span> <span class='ocrx_word' id='word_1_1282' title='bbox 510 3804 569 3830; x_wconf 89' lang='lat' dir='ltr'>obs.</span> <span class='ocrx_word' id='word_1_1283' title='bbox 588 3814 625 3835; x_wconf 80' lang='lat'>50.</span> <span class='ocrx_word' id='word_1_1284' title='bbox 687 3805 702 3836; x_wconf 88' lang='lat'><strong>(</strong></span> <span class='ocrx_word' id='word_1_1285' title='bbox 717 3813 732 3829; x_wconf 68' lang='lat' dir='ltr'>x</span> <span class='ocrx_word' id='word_1_1286' title='bbox 746 3806 760 3835; x_wconf 85' lang='lat'><strong>)</strong></span> <span class='ocrx_word' id='word_1_1287' title='bbox 775 3805 831 3830; x_wconf 76' lang='lat' dir='ltr'>vid.</span> <span class='ocrx_word' id='word_1_1288' title='bbox 848 3805 915 3835; x_wconf 73' lang='lat' dir='ltr'>suprn</span> <span class='ocrx_word' id='word_1_1289' title='bbox 931 3815 956 3832; x_wconf 86' lang='lat' dir='ltr'>n.</span> <span class='ocrx_word' id='word_1_1290' title='bbox 972 3814 1008 3831; x_wconf 67' lang='grc' dir='ltr'>ιι.</span> <span class='ocrx_word' id='word_1_1291' title='bbox 1071 3808 1114 3839; x_wconf 78' lang='lat' dir='ltr'>(y</span> <span class='ocrx_word' id='word_1_1292' title='bbox 1127 3807 1142 3838; x_wconf 83' lang='lat'>)</span> <span class='ocrx_word' id='word_1_1293' title='bbox 1159 3806 1215 3832; x_wconf 86' lang='lat' dir='ltr'>vid.</span> <span class='ocrx_word' id='word_1_1294' title='bbox 1233 3815 1256 3831; x_wconf 85' lang='lat' dir='ltr'>n.</span> <span class='ocrx_word' id='word_1_1295' title='bbox 1274 3814 1310 3835; x_wconf 84' lang='lat'>24.</span> <span class='ocrx_word' id='word_1_1296' title='bbox 1326 3806 1348 3829; x_wconf 73' lang='grc' dir='ltr'>δι</span> <span class='ocrx_word' id='word_1_1297' title='bbox 1365 3810 1402 3833; x_wconf 79' lang='lat'>25·</span> <span class='ocrx_word' id='word_1_1298' title='bbox 1464 3805 1479 3835; x_wconf 76' lang='grc' dir='ltr'>ζ</span> <span class='ocrx_word' id='word_1_1299' title='bbox 1494 3812 1512 3834; x_wconf 72' lang='lat'>2.</span> <span class='ocrx_word' id='word_1_1300' title='bbox 1528 3803 1537 3835; x_wconf 85' lang='lat'>)</span> <span class='ocrx_word' id='word_1_1301' title='bbox 1554 3811 1577 3828; x_wconf 81' lang='lat' dir='ltr'>n·</span> <span class='ocrx_word' id='word_1_1302' title='bbox 1595 3811 1632 3834; x_wconf 65' lang='grc' dir='ltr'>ιφ.</span> <span class='ocrx_word' id='word_1_1303' title='bbox 1694 3804 1709 3833; x_wconf 87' lang='grc'>(</span> <span class='ocrx_word' id='word_1_1304' title='bbox 1724 3811 1740 3829; x_wconf 77' lang='grc' dir='ltr'><em>α</em></span> <span class='ocrx_word' id='word_1_1305' title='bbox 1754 3809 1763 3832; x_wconf 95' lang='grc'>)</span> <span class='ocrx_word' id='word_1_1306' title='bbox 1779 3804 1833 3832; x_wconf 82' lang='lat' dir='ltr'>Vid.</span> <span class='ocrx_word' id='word_1_1307' title='bbox 1850 3811 1874 3830; x_wconf 80' lang='lat' dir='ltr'>n.</span> <span class='ocrx_word' id='word_1_1308' title='bbox 1892 3810 1930 3830; x_wconf 58' lang='grc' dir='ltr'>ιι,</span> 
     </span>
    </p>
   </div>
   <div class='ocr_carea' id='block_1_9' title="bbox 448 3823 718 3867">
    <p class='ocr_par' dir='ltr' id='par_1_19' title="bbox 448 3823 718 3867">
     <span class='ocr_line' id='line_1_160' title="bbox 448 3823 718 3867; baseline 0.007 -7"><span class='ocrx_word' id='word_1_1309' title='bbox 448 3823 452 3827; x_wconf 57' lang='grc'><strong>’</strong></span> <span class='ocrx_word' id='word_1_1310' title='bbox 478 3853 484 3858; x_wconf 89' lang='grc'>.</span> <span class='ocrx_word' id='word_1_1311' title='bbox 501 3837 521 3860; x_wconf 79' lang='grc' dir='ltr'>Α</span> <span class='ocrx_word' id='word_1_1312' title='bbox 548 3845 559 3866; x_wconf 82' lang='lat'>5</span> <span class='ocrx_word' id='word_1_1313' title='bbox 585 3836 647 3863; x_wconf 69' lang='grc' dir='ltr'>ΟΜ.</span> <span class='ocrx_word' id='word_1_1314' title='bbox 665 3844 718 3867; x_wconf 73' lang='lat'>¹5⁴·</span> 
     </span>
    </p>
   </div>
   <div class='ocr_carea' id='block_1_10' title="bbox 777 3837 1079 3872">
    <p class='ocr_par' dir='ltr' id='par_1_20' title="bbox 777 3837 1079 3872">
     <span class='ocr_line' id='line_1_161' title="bbox 777 3837 1079 3872; baseline 0.003 -11"><span class='ocrx_word' id='word_1_1315' title='bbox 777 3837 793 3867; x_wconf 89' lang='lat'>(</span> <span class='ocrx_word' id='word_1_1316' title='bbox 808 3846 818 3861; x_wconf 80' lang='lat' dir='ltr'>c</span> <span class='ocrx_word' id='word_1_1317' title='bbox 834 3839 844 3872; x_wconf 85' lang='lat'><em>)</em></span> <span class='ocrx_word' id='word_1_1318' title='bbox 858 3837 929 3867; x_wconf 76' lang='lat' dir='ltr'>Epist.</span> <span class='ocrx_word' id='word_1_1319' title='bbox 946 3846 985 3865; x_wconf 68' lang='grc' dir='ltr'>ιο,</span> <span class='ocrx_word' id='word_1_1320' title='bbox 1003 3838 1026 3862; x_wconf 68' lang='grc'>8(</span> <span class='ocrx_word' id='word_1_1321' title='bbox 1042 3846 1079 3865; x_wconf 79' lang='lat'>21.</span> 
     </span>
    </p>
   </div>
   <div class='ocr_carea' id='block_1_11' title="bbox 1140 3838 1463 3868">
    <p class='ocr_par' dir='ltr' id='par_1_21' title="bbox 1140 3838 1463 3868">
     <span class='ocr_line' id='line_1_162' title="bbox 1140 3838 1463 3868; baseline -0.012 -5"><span class='ocrx_word' id='word_1_1322' title='bbox 1140 3839 1154 3868; x_wconf 88' lang='lat'><strong>(</strong></span> <span class='ocrx_word' id='word_1_1323' title='bbox 1169 3838 1187 3862; x_wconf 78' lang='lat' dir='ltr'>d</span> <span class='ocrx_word' id='word_1_1324' title='bbox 1202 3839 1217 3867; x_wconf 85' lang='lat'>)</span> <span class='ocrx_word' id='word_1_1325' title='bbox 1234 3838 1298 3868; x_wconf 80' lang='lat' dir='ltr'>Epist</span> <span class='ocrx_word' id='word_1_1326' title='bbox 1325 3844 1364 3867; x_wconf 74' lang='lat' dir='ltr'>45v</span> <span class='ocrx_word' id='word_1_1327' title='bbox 1384 3842 1409 3859; x_wconf 83' lang='lat' dir='ltr'>n-</span> <span class='ocrx_word' id='word_1_1328' title='bbox 1427 3838 1463 3860; x_wconf 81' lang='lat'>16.</span> 
     </span>
    </p>
   </div>
  </div>
 </body>
</html>
