2498 4075
617 259 770 326 Epist.
803 247 966 313 Anat.
998 259 1214 314 Medica
1249 258 1442 323 LvltL
1461 250 1654 332 Arta)

100 344 165 381 vea,
187 338 362 385 diffluant3
385 340 466 382 quod
479 338 608 383 propria
632 339 754 380 quidem
776 337 993 380 experientia,
1015 340 1048 373 in
1070 338 1120 383 os·

94 380 138 425 se
161 384 271 418 dextro
295 384 486 418 innominata
514 381 581 417 viri
614 380 778 423 cujusdam
810 388 1002 421 compertum
1046 382 1085 422 efi
1106 405 1117 417 .

106 428 279 469 Denique,
301 436 338 460 ut
360 437 377 460 a
400 424 627 461 diffluentibus
651 426 689 458 ad
713 423 835 458 sciffilia
857 422 926 458 ossa
957 424 1084 460 redeam
1109 446 1121 463 ‚

109 471 163 504 Ill.
186 472 315 506 Halleri
337 472 351 509 (
373 469 440 512 m)
463 468 662 504 observatio
687 477 774 501 extat
814 469 847 501 in
882 466 981 501 fibula
1002 491 1016 509 ,
1049 480 1119 512 quae

107 515 264 557 periostio
287 524 351 548 non
376 522 524 553 mutato,
548 521 661 545 carnea
684 512 841 550 omnino,
862 519 917 543 aut
943 512 1036 547 molli
1050 523 1120 546 car-

106 553 239 601 tilagini
264 557 399 596 similis,
422 556 504 590 casei
526 553 593 589 fere
615 553 782 588 solidioris
805 553 903 587 modo
928 553 1047 590 sciffilis
1070 554 1120 589 fa-

106 600 158 635 &a
182 610 273 642 erat,
294 600 482 643 tumensque
497 621 509 639 ‚
531 600 617 632 intus
640 596 761 632 foetido
783 597 887 631 ulcere
909 599 1018 633 erosa.
1033 599 1120 641 Quae

105 646 217 678 omnia
241 646 302 679 etfi
326 655 391 678 non
414 643 516 685 magis
539 652 636 685 quam
682 642 783 675 Petiti
827 639 1085 675 Observationes
1107 664 1121 681 ,

107 689 154 722 ob
177 689 367 722 alterutram
383 709 392 724 ‚
417 695 472 720 aut
496 686 540 719 ob
563 693 733 727 utramque
755 683 795 718 de
816 694 882 726 qua
927 683 1022 727 supra
1067 685 1120 718 di-

105 731 197 765 &um
219 732 283 771 est,
307 728 434 765 causam
457 727 496 762 ad
520 726 720 771 propositam
766 726 906 760 attinent
929 740 939 764 3
985 737 1119 770 praeter-

106 775 238 809 mittere
262 784 369 809 tamen
394 773 507 813 nolui,
530 772 664 805 minime
685 770 839 805 dubitans
855 791 866 806 ‚
889 771 969 813 quin
994 769 1118 813 aliquid

103 828 144 852 ex
165 820 205 852 iis
252 829 299 852 uae
324 816 500 858 insingulis
525 823 690 857 comperta
703 815 776 848 sunt
787 813 935 856 partibus
951 814 1119 856 ,aliquan-

102 860 147 895 do
169 873 213 906 po
238 859 263 894 is
286 861 324 895 ad
346 871 388 900 ea,
405 871 477 902 quae
498 859 530 890 in
557 857 703 899 pluribus
726 856 819 890 simul
834 880 843 896 ‚
867 866 922 891 aut
933 857 1119 892 fereomni-

103 904 164 938 bus
185 913 356 938 occurrent
373 928 383 944 ,
427 900 637 945 intelligenda
682 898 853 934 transferre
877 923 884 931 .
1017 901 1118 934 Nunc

102 957 211 982 autem
237 957 273 981 ut
298 948 334 981 ad
359 957 429 980 eam
452 956 553 988 quam
576 944 630 979 hic
657 942 863 986 speetandam
889 941 1084 986 suscepimus
1106 966 1117 982 ,

104 991 212 1025 morbi
238 991 371 1033 speciem
399 987 572 1022 referamus
594 987 695 1034 supra·
712 995 905 1020 memoratas
928 987 1120 1028 Gabrielii,

103 1037 135 1068 δι
158 1035 342 1069 Courti-alis
364 1031 641 1068 Observationes,
665 1041 733 1071 ejus
765 1041 836 1072 quae
880 1040 919 1063 ex
963 1031 1116 1065 Valsalva

106 1077 272 1120 proposita
297 1077 339 1111 est
359 1102 369 1118 ‚
392 1078 426 1109 in
450 1087 488 1109 eo
510 1085 639 1117 quoque
662 1072 871 1113 consimiles,
893 1074 982 1116 quod
1013 1074 1117 1107 ernol-

103 1121 252 1155 litionem
277 1121 388 1155 offium
412 1119 542 1154 dolores
575 1127 649 1152 toto
682 1127 818 1159 corpore
851 1116 1081 1152 antecesserant
1106 1128 1117 1155 3

104 1165 225 1199 mirum
249 1173 334 1198 certe
358 1163 422 1201 est,
446 1163 515 1205 post
537 1170 683 1198 tantam,
711 1161 796 1194 dum,
812 1169 877 1193 tres
901 1160 966 1194 illae
1001 1161 1118 1194 mulie-

102 1219 153 1241 res
176 1211 348 1248 viverent,
372 1208 477 1240 morbi
502 1203 773 1244 similitudinem,
795 1212 920 1238 tantam
952 1206 986 1237 in
1031 1215 1117 1238 mor-

101 1258 233 1285 tuarum
254 1251 372 1284 offibus
393 1247 683 1284 dissimilitudinem
706 1247 764 1281 esse
786 1256 944 1290 repertam
959 1271 969 1287 ,
994 1256 1030 1281 ut
1042 1258 1117 1281 cum

99 1295 136 1329 in
159 1294 282 1328 duabus
304 1305 429 1327 carnem
454 1291 631 1330 referrent,
655 1293 690 1325 in
736 1301 798 1324 una
842 1290 1011 1334 spongiosa
1043 1292 1118 1334 qui-

96 1337 195 1377 dem,
219 1340 252 1372 δε’
272 1337 393 1371 cariosa
417 1337 521 1373 facta,
546 1335 598 1369 sed
621 1333 684 1369 ossa
711 1342 818 1368 tamen
853 1344 1077 1376 permanerent
1102 1358 1111 1367 .

100 1381 216 1415 Multo
237 1391 353 1416 autem·
369 1379 473 1422 major
494 1378 721 1414 dissimilitudo
765 1382 776 1417 (
801 1376 860 1411 nisi
883 1375 969 1411 forte
993 1378 1075 1412 hanc
1097 1399 1111 1417 ,

100 1425 242 1468 aliasque
264 1424 335 1467 ejus
357 1423 478 1458 similes
503 1423 596 1457 malis
619 1422 658 1456 ab
682 1422 779 1455 nimis
804 1420 968 1464 progresso
991 1422 1110 1455 morbo

100 1478 240 1511 repetere
263 1470 277 1507 )
300 1469 334 1501 in
355 1466 507 1509 exemplo
530 1466 589 1500 illo
612 1468 757 1500 occurrit
779 1465 868 1508 quod
902 1477 920 1498 a
953 1466 1115 1499 Boerhaa-

99 1513 155 1545 vio
175 1515 189 1552 (
215 1522 234 1545 n
256 1515 272 1552 )
293 1520 584 1546 commemoratum
609 1510 670 1544 est.
695 1509 782 1543 Nam
804 1511 861 1552 qui
884 1509 1039 1543 emollitis
1062 1508 1113 1543 os-

99 1554 207 1596 sibus,
231 1566 288 1589 nec
313 1554 377 1588 sine
400 1553 605 1588 acerbiffimis
628 1552 821 1590 doloribus,
845 1553 991 1593 vixerat,
1023 1563 1114 1586 mor-

100 1608 176 1632 tuus
200 1599 264 1633 offa
289 1599 405 1632 habuit
424 1597 514 1640 pulti
527 1595 716 1639 fimillima,
763 1594 868 1638 qualzs
911 1608 950 1630 ex
993 1596 1114 1631 offibus

98 1651 234 1684 paratur
255 1643 287 1676 in
310 1642 490 1683 ‘Papiniana
513 1640 677 1673 machina.
707 1640 791 1678 Quae
824 1650 899 1674 cum
933 1641 981 1673 ita
1017 1640 1078 1673 sint
1102 1652 1113 1677 ς

98 1686 200 1727 probe
222 1685 404 1727 intelligis,
428 1682 583 1725 siquando
617 1682 815 1724 ejuscemodi
851 1683 958 1718 morbi
1004 1694 1111 1717 recur-

97 1738 195 1768 rant,
216 1736 348 1762 cautum
372 1725 429 1761 esse
451 1725 624 1760 Medicum
647 1735 801 1769 oportere
833 1727 867 1760 in
911 1727 1112 1769 praedicenda

97 1770 212 1805 offium
234 1771 489 1809 constitutione,
511 1781 586 1804 cum
611 1770 679 1813 post
703 1770 801 1808 illos,
826 1770 860 1803 in
885 1780 1027 1813 quatuor
1059 1782 1113 1805 ca-

96 1813 272 1849 daveribus
294 1815 432 1857 triplex,
459 1812 539 1848 adeo
561 1817 644 1849 inter
670 1813 699 1847 se
721 1812 902 1856 discrepans
918 1839 928 1855 ,
952 1812 1112 1849 constitu-

96 1860 150 1892 tio
172 1857 368 1900 deprehensa
392 1856 452 1891 fit.

140 1912 171 1943 7.
196 1903 246 1935 De
271 1900 324 1935 his
348 1909 457 1935 autem
480 1900 586 1936 tribus
609 1901 667 1935 ista
690 1911 764 1943 quae
788 1912 805 1934 a
831 1900 984 1935 Valsalva
1007 1911 1113 1943 reper-

100 1953 134 1978 ta
156 1945 223 1983 est,
249 1956 286 1978 ne
310 1944 349 1978 ad
374 1944 464 1980 illam
509 1945 645 1988 quidem
689 1943 956 1978 constitutionem
1000 1945 1113 1978 referri

94 1990 223 2030 potest,
248 1999 346 2030 quam
369 1987 560 2026 interdum,
583 1986 761 2030 praesertim
786 1998 863 2021 vcro
884 1999 901 2021 a
925 1987 978 2021 lue
1003 1989 1113 2021 Vene-

96 2042 170 2068 rea‚
196 2031 320 2065 Medici
345 2030 668 2068 animadverterunt,
691 2031 812 2065 cariem
835 2030 988 2066 videlicet
1011 2031 1112 2073 usque

100 2075 180 2107 adeo
203 2073 397 2116 progressam
411 2099 421 2114 ,
445 2084 480 2109 ut
502 2072 568 2109 ossa
593 2074 685 2108 nullo
709 2076 845 2117 negotio
867 2076 901 2109 in
923 2073 1077 2108 cadavere
1099 2096 1113 2114 ‚

97 2126 153 2152 aut
175 2129 371 2163 quocunque
395 2118 535 2152 viventis
559 2117 665 2152 adhuc
688 2117 832 2151 hominis
855 2127 948 2152 motu
980 2117 1109 2160 frange-

96 2170 234 2196 rentur.-
256 2160 440 2204 cujusmodi
463 2160 631 2204 exempla3
655 2170 696 2194 ne
718 2161 847 2203 longius
870 2171 904 2196 te
928 2160 1108 2200 abducam,

97 2215 172 2247 quae
196 2204 337 2238 Blawius
359 2208 373 2244 (
396 2215 413 2237 ο
435 2207 470 2244 )‚
494 2203 616 2247 aliique
648 2204 819 2238 ediderunt
841 2227 853 2244 ‚
898 2204 1074 2239 indicando
1098 2215 1109 2243 ς

95 2246 194 2282 habes
217 2247 252 2281 in
276 2247 479 2290 Sepulchreti
504 2248 564 2282 hac
589 2248 647 2281 IX.
672 2248 818 2282 Sefflone
840 2248 953 2291 (p),
996 2251 1028 2282 &
1074 2249 1109 2282 in

97 2290 144 2324 V.
168 2290 223 2333 (q
245 2295 259 2331 )
282 2289 381 2333 hujus
402 2291 501 2334 ipsius
526 2291 605 2324 libri
630 2290 695 2325 IV.
729 2292 769 2325 In
813 2290 977 2335 proposita
1020 2294 1109 2325 enirn

94 2332 256 2368 Valsalvae
280 2335 415 2368 muliere
437 2333 500 2368 ossa
523 2342 615 2369 erant
636 2333 769 2376 quidem
790 2336 824 2368 in
835 2334 1001 2378 superficie
1012 2335 1110 2378 spon-

94 2377 207 2419 giosa,
229 2380 262 2410 δε
286 2377 322 2411 ad
344 2378 566 2412 meditullium
587 2376 785 2419 quibusdam
807 2388 938 2413 tantum
962 2381 1043 2412 locis
1055 2391 1110 2413 ca-

96 2422 204 2458 riosa3
228 2420 278 2454 sed
302 2423 383 2455 locis
406 2423 530 2455 caeteris
553 2421 592 2456 ad
617 2421 864 2463 meditullium,
884 2425 916 2456 δι
938 2431 1009 2456 tota
1033 2433 1111 2465 par-

97 2473 131 2498 te
153 2465 239 2498 inter
262 2464 347 2501 hoc,
370 2467 402 2498 δε
427 2464 629 2507 superficiem
653 2464 822 2507 interit—eta
838 2468 901 2499 sine
923 2467 1007 2500 carie
1021 2476 1111 2500 erat.

97 2507 213 2549 Itaque
237 2519 301 2541 non
326 2507 579 2551 frangebantur;
603 2506 654 2541 sed
664 2505 901 2549 flefiebantur‚
925 2508 1031 2552 sicque
1046 2521 1114 2544 non

96 2553 202 2584 exesas
226 2554 330 2585 multo
355 2554 495 2586 maxima
517 2563 559 2586 ex
579 2560 669 2593 parte
693 2549 811 2593 fibras,
854 2552 905 2587 sed
950 2554 1113 2588 emollitas

94 2594 180 2633 effe,
203 2594 431 2629 ostendebant.
461 2595 555 2629 Unde
578 2604 686 2630 autem
709 2595 777 2629 haec
803 2596 998 2630 emollitio?
1021 2597 1110 2630 Nam

97 2636 121 2670 si
144 2648 279 2679 carnea,
304 2648 362 2672 aut
385 2639 532 2682 pultacea
556 2637 656 2673 essent
691 2638 777 2674 safra
803 2654 812 2677 ς
856 2651 924 2675 non
967 2639 1108 2675 deessent

94 2692 178 2723 quos
221 2681 395 2726 sequereris
415 2705 429 2723 ,
473 2681 722 2724 Ingeniosissimi
773 2683 849 2718 Viri
872 2708 882 2724 ‚
925 2682 1106 2725 conjicien-

95 2733 143 2758 tes
164 2745 175 2766 ,
219 2725 256 2759 in
299 2726 408 2760 locum
451 2725 611 2759 ossearum
644 2727 876 2767 particularum
903 2752 912 2767 ,
953 2738 1032 2770 quas
1056 2728 1105 2761 vel

96 2769 132 2800 in
179 2765 263 2801 sanis
306 2768 408 2802 deteri
430 2790 441 2806 ,
473 2778 568 2811 atque
601 2768 711 2803 abradi
758 2771 798 2804 ab
841 2771 958 2805 offibus
978 2792 989 2808 ,
1033 2782 1105 2805 cre-

95 2809 179 2844 dunt
200 2833 215 2852 ‚
258 2821 357 2844 novas
400 2811 562 2852 ejusdem,
595 2821 632 2846 ut
654 2824 711 2855 par
734 2823 823 2851 erat,
866 2815 992 2857 generis
1035 2825 1102 2848 non

96 2852 192 2888 suiffe
216 2852 380 2892 inficetas,
407 2855 458 2888 sed
483 2854 580 2898 longe
602 2855 702 2895 alias,
726 2868 892 2900 nunquam
934 2859 968 2892 in
1012 2857 1103 2891 duri-

97 2899 181 2944 tiem
204 2895 322 2933 osseam
345 2898 488 2932 coituras
503 2922 511 2930 .
536 2899 643 2941 Igitur
667 2898 689 2932 fi
723 2901 786 2934 tibi
819 2912 950 2944 quoque
995 2901 1102 2935 lubeat

97 2940 294 2982 comesturis
315 2941 506 2983 indulgere3
530 2942 765 2983 excogitandas
787 2943 841 2978 hic
875 2944 995 2979 humor
1025 2945 1068 2979 est
1092 2967 1102 2983 ‚

97 2985 158 3026 qui
181 2985 215 3017 in
238 2980 303 3016 ossa
326 2984 437 3018 illatus
456 3006 466 3021 ‚
485 2986 554 3027 ipsa
588 2985 681 3028 poffit
725 2989 871 3022 emollire
895 3012 903 3021 .
949 2988 1103 3031 Namque

97 3035 189 3060 extra
210 3037 347 3069 corpus,
372 3026 405 3060 id
428 3026 472 3061 est
493 3040 567 3064 cum
589 3027 655 3062 offa
679 3030 786 3064 multo
808 3031 965 3074 rigidiora
1000 3031 1072 3065 sunt
1095 3050 1105 3073 ‚-

97 3080 164 3104 non
187 3069 288 3103 deesse
311 3071 369 3113 qui
392 3071 425 3105 id
449 3072 566 3113 possit,
589 3071 781 3107 monstravit
805 3074 998 3118 Ruyschius
1021 3079 1104 3117 (r),

93 3125 173 3148 cum
197 3113 237 3147 ab
258 3113 388 3156 liquore
410 3115 443 3147 in
467 3126 534 3157 quo
555 3115 658 3149 costas
701 3117 881 3152 servaverat
905 3141 917 3158 ,
962 3119 1103 3154 acidiore

97 3155 189 3192 faeto
208 3181 219 3196 ,
243 3156 314 3190 illas
337 3156 415 3191 adeo
437 3158 577 3193 mollitas
599 3158 716 3200 fuisse,
739 3159 886 3204 scripsit,
910 3173 947 3196 ut
970 3161 1102 3197 funicu-

96 3199 122 3233 li
146 3198 246 3234 instar
268 3201 477 3243 contorqueri
522 3203 556 3236 in
599 3202 691 3246 spirae
734 3206 868 3239 modurn
912 3207 1076 3248 potuerint
1091 3220 1102 3241 .·

95 3243 186 3284 quod
209 3241 437 3293 postea,·alias
459 3245 493 3278 in
515 3246 640 3289 liquore
663 3246 757 3281 acido
779 3250 987 3290 macerando,
1021 3260 1099 3283 con-

96 3286 265 3326 firmaV1t;
288 3286 434 3329 redigere
456 3289 544 3323 enim
566 3292 677 3331 potuit
701 3290 784 3334 (s)
809 3293 843 3324 in
867 3294 1009 3326 formam
1043 3294 1098 3326 lit-

96 3338 239 3379 terarum
263 3330 317 3370 C,
339 3332 370 3363 δέ
394 3331 417 3363 Ρ
434 3355 441 3363 .
465 3333 504 3365 In
525 3333 722 3368 Adversariis
746 3344 852 3369 autem
877 3335 924 3369 II.
950 3336 1002 3380 (t
1022 3339 1037 3375 )
1060 3338 1100 3370 ab

96 3373 251 3407 diuturna
275 3373 383 3406 eadem
407 3378 622 3410 maceratione
643 3388 708 3411 non
731 3379 832 3412 costas
864 3378 967 3413 solum
991 3402 1002 3419 ‚
1047 3381 1099 3415 sed

96 3416 277 3466 generatim
299 3415 363 3450 ossa
387 3416 524 3466 humana
547 3420 674 3460 mollia,
697 3424 728 3455 δι
753 3421 872 3456 flexilia
896 3422 993 3462 fieri,
1024 3423 1099 3457 asse-

98 3467 246 3493 veravit:
268 3462 348 3502 quin
372 3458 489 3495 diserte
511 3462 580 3497 haec
604 3463 747 3498 addidit:
770 3476 810 3498 an
841 3477 899 3499 non
944 3467 988 3499 Θ·
1028 3468 1099 3501 inde

98 3502 306 3552 ratio-‘liquet
327 3503 539 3539 memorabilis
560 3507 659 3540 morbi
674 3532 683 3547 ,
708 3519 765 3550 quo
787 3507 897 3553 affeHa
919 3509 1010 3552 virgo
1027 3535 1035 3550 ‚
1067 3511 1099 3544 in

101 3544 241 3584 Gallus,
263 3547 365 3580 omnia
386 3546 497 3581 habuit
518 3550 721 3594 corporis-offa
735 3552 826 3593 pasiae
848 3553 888 3585 ad
907 3550 1001 3585 instar
1022 3553 1101 3587 mol—

98 3588 167 3623 lia?
188 3588 248 3624 Sed
271 3591 426 3632 quoniam
449 3592 484 3624 in
507 3592 572 3626 suis
616 3594 682 3626 illis
729 3596 955 3638 experimentis
998 3597 1102 3631 costas

2009 266 2105 329 367

1169 340 1366 373 memoravit
1388 337 1547 382 infantum
1568 339 1765 380 dumtaxat,
1785 339 1818 372 ἃ
1840 338 1894 375 bic
1904 360 1926 380 7
1941 338 2049 374 eadem
2072 340 2171 384 respi-

1168 384 1279 419 ciens,
1301 382 1366 417 offa
1383 392 1573 425 puerorum3
1595 381 1659 418 huc
1681 383 1737 417 illa
1761 381 1877 417 addere
1897 381 1964 417 ossa
1989 386 2108 426 poteris
2130 383 2172 418 ab

1168 425 1359 460 Hunauldio
1381 424 1502 460 ostensa
1525 426 1640 469 Regiae
1661 426 1874 461 Scientiarum
1896 425 2079 460 Academiae
2113 428 2172 460 Pa-

1169 468 1286 502 rifiensi
1310 473 1321 509 (
1344 480 1363 502 u
1385 472 1419 510 )‚
1441 480 1513 512 quae
1536 477 1697 504 macerata
1719 470 1754 502 in
1788 477 1880 504 aceto
1901 492 1916 510 ,
1960 467 2003 503 fic
2046 469 2180 504 fuerans

1171 511 1336 546 emollita:
1360 515 1391 546 &
1412 515 1488 555 quia
1511 512 1579 547 ossa
1602 514 1657 546 illa
1679 513 1799 556 quibus
1821 524 1860 547 ex
1892 512 2085 555 corporibus
2118 523 2174 546 ac·

1169 566 1263 599 cepta
1283 555 1404 589 fuerint
1419 578 1429 594 ‚
1452 566 1516 589 non
1541 564 1694 600 apparet,
1719 567 1793 590 cum
1815 557 1856 590 iis
1877 555 2074 598 conjungere
2099 566 2172 599 quae

1168 599 1210 633 de
1231 597 1358 632 duobus
1379 599 1524 632 eburneis
1546 599 1767 634 cochlearibus
1789 600 1892 634 eidem
1925 600 2110 634 Academiae
2155 609 2174 632 a

1170 641 1225 676 Cl.
1251 643 1342 676 Viris
1364 641 1543 684 Fauchyo,
1566 645 1598 676 &
1620 642 1805 685 Geoffroyo
1827 644 1926 677 relata
1949 642 2021 676 sunt
2044 647 2058 684 (
2081 652 2103 676 x
2124 645 2139 682 )
2162 664 2173 680 ‚

1169 695 1309 728 quorum
1332 685 1473 719 alterum
1496 687 1530 717 in
1553 685 1635 719 laste
1658 685 1714 719 diu
1729 708 1739 723 ‚
1760 688 1814 724 δι,
1837 685 1926 730 quod
1938 685 2174 729 consequitur,

1169 729 1204 762 in
1229 729 1309 763 lac'te
1333 729 1425 762 acido
1447 726 1554 765 fauo,
1578 740 1616 762 ex
1638 727 1807 762 oblivione
1829 730 2003 769 relidffflm,
2026 729 2138 763 flexile
2160 750 2173 768 ,

1170 781 1206 805 ut
1229 775 1380 812 corium,
1404 773 1573 805 inventum
1596 771 1664 811 est,
1688 771 1823 805 alterurn
1848 780 1958 806 autem
1979 772 2069 814 quod
2103 782 2177 814 par-

1170 826 1249 849 vum
1271 823 1359 855 erat,
1383 817 1415 848 &
1437 815 1478 848 ab
1501 814 1678 849 Academia
1701 814 1766 857 ipsa
1792 814 1919 854 visum,
1942 825 2045 849 cornu
2077 814 2177 848 instar

1168 858 1339 895 flexibile,
1362 859 1393 890 &
1417 857 1614 900 pellucidum
1638 856 1760 892 fafitum
1784 856 1910 896 fuerat,
1941 867 2016 893 cum
2050 868 2179 891 reman-

1170 901 1257 935 sisset
1278 903 1379 944 longo
1401 910 1548 944 tempore
1570 903 1604 935 in
1638 901 1852 943 embammate
1893 902 1981 945 quod
2027 901 2177 940 mostarda

1170 947 1355 979 vocitatur.
1379 945 1455 978 Hoc
1478 946 1600 983 etiam3
1622 954 1660 980 ut
1683 945 1721 980 ad
1745 955 1871 980 acetum
1895 946 1999 988 ipsum
2023 945 2151 978 redeam
2166 953 2180 982 ;

1172 989 1317 1023 attendas
1341 987 1438 1021 velim
1453 1009 1464 1026 ,
1489 998 1563 1022 cum
1586 999 1641 1031 per
1665 998 1792 1023 acetum
1815 989 1945 1023 mollita
1966 987 2098 1024 fuissent
2119 987 2179 1021 illa.

1170 1032 1236 1066 ossa
1259 1043 1334 1074 quae
1357 1031 1493 1065 ostendit
1517 1031 1747 1072 Hunauldius,·
1770 1032 1959 1067 macerando
1992 1034 2027 1065 in
2062 1041 2143 1074 aqua
2168 1050 2181 1068 2

1168 1075 1335 1118 pristinam
1358 1074 1513 1110 duritiem
1546 1075 1746 1118 reuperasse5
1770 1077 1804 1109 in
1828 1085 1920 1111 aceto
1943 1084 2053 1109 autem
2073 1099 2083 1114 ,
2112 1075 2178 1107 ite-

1167 1129 1240 1153 rum
1264 1115 1420 1152 amififfe:
1443 1129 1483 1151 ex
1505 1116 1593 1152 hisce
1615 1129 1721 1153 autem
1745 1120 1900 1154 omnibus
1924 1143 1933 1159 ,
1980 1121 2013 1152 δε
2055 1129 2095 1152 ex
2137 1128 2179 1151 eo

1168 1161 1256 1204 quod
1280 1161 1371 1203 supra
1393 1164 1448 1202 (y
1470 1163 1484 1198 )
1507 1171 1799 1196 commemoratum
1823 1163 1866 1198 est
1888 1163 1926 1197 de
1951 1161 2074 1195 balneis
2106 1160 2179 1194 alu-

1168 1204 1301 1239 minosis
1324 1215 1395 1246 quae
1419 1202 1655 1239 firmitudinem
1680 1204 1823 1239 amissam
1856 1207 2035 1240 viventium
2068 1203 2181 1238 homi-

1169 1260 1247 1282 num
1269 1247 1388 1281 offibus
1411 1246 1619 1281 reddiderunt
1636 1272 1647 1288 ‚
1672 1259 1794 1282 novum
1819 1258 2048 1292 argumentum
2071 1248 2180 1290 capias

1168 1291 1382 1333 multiplicis,
1403 1293 1433 1324 &
1456 1291 1552 1325 variae
1576 1301 1645 1326 tum
1667 1291 1795 1333 causae,
1818 1302 1889 1326 tum
1914 1292 1995 1326 labis
2017 1301 2181 1336 perquam

1166 1334 1231 1369 ossa
1257 1334 1385 1369 flexilia
1408 1333 1514 1372 fiant3
1537 1343 1623 1369 certe
1645 1337 1733 1370 enim
1758 1334 1781 1369 si
1805 1347 1917 1371 carnea
1933 1356 1944 1374 ‚
1968 1346 2023 1370 aut
2068 1335 2180 1378 pulta-

1159 1390 1213 1413 cea
1237 1378 1388 1418 fuiffent,
1413 1378 1494 1412 nulli
1517 1379 1663 1414 remedio
1684 1378 1745 1415 effe
1767 1379 1921 1422 potuisset
1944 1378 2051 1414 locus.
2077 1378 2181 1417 Quod

1165 1422 1188 1456 si
1214 1424 1299 1457 inter
1321 1431 1431 1455 omnes
1454 1420 1636 1462 constaret,
1671 1421 1736 1457 ossa
1781 1425 1816 1457 in
1861 1422 2050 1459 rhachiticis
2074 1423 2183 1463 pueris

1164 1478 1251 1500 cerea
1274 1464 1333 1500 esse
1355 1464 1552 1503 flexilitate,
1577 1476 1636 1500 nec
1658 1467 1850 1508 Mayowius
1870 1492 1880 1508 ‚
1914 1476 1951 1502 ut
1994 1469 2028 1501 in
2071 1466 2183 1509 Sepul-

1165 1509 1281 1544 chreto
1303 1513 1318 1548 (
1340 1521 1367 1552 z
1386 1512 1400 1547 )
1424 1509 1523 1542 etiam
1545 1508 1667 1551 habes,
1689 1509 1749 1544 esse
1769 1512 1880 1549 potius
1895 1510 2064 1554 firmiora,
2087 1520 2181 1552 quam

1166 1555 1198 1586 in
1222 1552 1320 1592 aliis,
1342 1552 1574 1598 contenderet;
1593 1553 1742 1596 quaedam
1765 1553 1819 1588 hic
1862 1564 1993 1589 externa
2039 1552 2181 1588 remedia

1165 1608 1237 1639 quae
1261 1594 1339 1638 ipsis
1361 1594 1514 1638 profuisse
1536 1593 1691 1630 dicuntur
1710 1619 1722 1635 ,
1764 1596 2066 1632 commemorassem
2092 1619 2103 1635 ‚
2147 1598 2182 1630 &

1162 1651 1238 1674 cum
1263 1639 1448 1673 I-lunauldii
1471 1640 1693 1681 experimento
1714 1640 1920 1674 contulissem
1935 1666 1942 1673 .
1956 1642 2082 1674 Verum
2104 1651 2182 1675 curn

1165 1682 1203 1717 ad
1227 1682 1341 1716 offium
1365 1693 1574 1722 curvaturas,
1595 1694 1668 1726 quae
1690 1684 1725 1718 in
1749 1685 1856 1726 pueris
1881 1685 1945 1718 illis
1959 1683 2053 1724 sunt,
2075 1685 2182 1726 expli-

1163 1726 1279 1761 candas
1299 1736 1373 1768 apta
1397 1725 1556 1769 quidem,
1578 1727 1631 1761 sed
1655 1736 1721 1760 non
1747 1725 1879 1767 prorsus
1900 1728 2068 1762 necessaria
2094 1727 2179 1761 mihi

1163 1770 1311 1804 videatur
1333 1781 1424 1803 cerea
1446 1769 1502 1804 ista
1526 1770 1683 1804 mollities
1705 1770 1840 1809 ossium,
1864 1782 1939 1814 quae
1982 1770 2058 1805 satis
2103 1771 2148 1805 est
2173 1797 2186 1813 ,

1165 1814 1271 1848 multo
1296 1815 1404 1847 minus
1425 1824 1524 1856 quam
1549 1817 1583 1848 in
1606 1813 1750 1850 adultis,
1773 1812 1854 1849 sicut
1877 1815 1933 1848 illa
1967 1823 2042 1849 aetas
2073 1817 2184 1858 requi-

1164 1859 1230 1897 rit,
1253 1856 1313 1890 esse
1332 1858 1412 1891 dura
1427 1878 1438 1894 ‚
1460 1865 1497 1890 ut
1522 1869 1537 1891 a
1563 1857 1758 1900 praevalente
1781 1857 2006 1893 musculorum
2032 1860 2065 1892 vi
2088 1881 2099 1896 ‚
2143 1858 2184 1893 ad

1164 1912 1262 1935 unam
1285 1900 1429 1942 aliquam
1449 1900 1565 1935 offium
1586 1899 1703 1935 faciem
1736 1902 1951 1936 attinentium
1975 1923 1988 1939 ,
2030 1903 2065 1935 in
2111 1914 2183 1937 eam

1165 1954 1379 1987 torqueantur
1402 1952 1554 1986 partem,
1574 1943 1857 1987 quemadmodum
1892 1945 1971 1979 alibi
2006 1949 2018 1986 (
2041 1957 2062 1978 a
2083 1949 2095 1985 >
2130 1947 2185 1980 in-

1163 1987 1312 2021 dicatum
1334 1987 1401 2026 est,
1424 1986 1481 2021 ubi
1506 1989 1607 2021 etiam
1630 1988 1670 2022 de
1693 1987 1867 2032 proposito
1890 2012 1907 2030 ,
1951 1989 2181 2034 explicatoque

1163 2043 1180 2065 a
1204 2031 1322 2073 Meryo
1346 2035 1356 2070 (
1380 2028 1399 2063 b
1423 2033 1435 2068 )
1460 2030 1706 2066 adolescentulae
1730 2032 1851 2066 sceleto
1894 2033 2026 2067 locutus
2072 2035 2143 2068 sum
2168 2045 2180 2073 ς

1163 2074 1237 2109 ideo
1257 2085 1363 2117 neque
1386 2085 1453 2115 ejus
1476 2075 1723 2110 adolescentulae
1756 2084 1891 2110 curvata
1938 2076 2019 2110 adeo
2042 2087 2175 2113 artuum

1161 2118 1231 2151 ossa
1259 2141 1271 2156 ‚
1314 2121 1346 2151 &
1389 2117 1549 2152 humilem
1591 2118 1670 2153 inde
1712 2119 1811 2153 etiam
1855 2118 2011 2155 staturam
2043 2144 2055 2159 ,
2103 2122 2183 2156 licet

1161 2160 1281 2195 similia
1324 2159 1377 2194 his
1419 2161 1595 2196 acciderint
1638 2163 1674 2196 in
1718 2162 1789 2197 illis
1829 2174 1973 2206 quorum
2018 2164 2087 2199 ossa
2110 2177 2182 2200 car-

1161 2216 1217 2238 nea
1248 2226 1259 2241 ,
1303 2213 1360 2238 aut
1405 2204 1549 2246 pultacea
1594 2205 1679 2240 faeta
1722 2204 1786 2240 esse
1811 2229 1821 2245 ,
1866 2207 1966 2248 dixi,
1995 2218 2103 2251 neque.
2122 2222 2183 2253 pu-

1160 2250 1335 2283 milionum
1350 2272 1359 2287 ,
1384 2247 1448 2282 sive
1471 2259 1630 2284 nanorum
1653 2249 1698 2282 ob
1721 2251 1848 2284 intorta
1871 2262 1888 2284 a
1911 2251 2099 2288 rliachitide
2129 2254 2183 2288 os·

1161 2294 1191 2327 sa
1215 2293 1409 2326 brevitatem
1430 2290 1494 2326 huc
1517 2295 1680 2336 pertinere
1701 2314 1714 2332 ,
1745 2293 1928 2328 existimavi
1943 2307 1954 2327 .·
1986 2294 2178 2374 quanqlssam

1162 2348 1227 2370 non
1251 2336 1385 2370 cuncios
1410 2337 1466 2378 qui
1490 2338 1566 2370 nani
1589 2335 1673 2374 sint,
1695 2335 1898 2371 rhachiticos
1933 2337 1996 2372 esse
2021 2363 2030 2378 ,
2076 2341 2106 2375 sc
2123 2353 2144 2375 0
2168 2367 2177 2375 .

1164 2379 1259 2415 Posse
1281 2381 1369 2413 euim
1391 2378 1575 2414 breviffimo
1597 2390 1734 2422 corpore
1756 2381 1914 2424 quosdam
1938 2383 2047 2423 nasci,
2066 2385 2098 2418 &
2121 2396 2180 2428 pa-

1164 2435 1236 2457 rum
1259 2422 1418 2462 crescere,
1438 2422 1557 2457 offibus
1582 2423 1696 2461 reetis,
1721 2423 2107 2467 membrisque-omnibus
2127 2430 2180 2462 in-

1163 2477 1213 2501 ter
1236 2467 1264 2500 se
1290 2466 1504 2510 proportione
1526 2465 1793 2509 respondentibus
1809 2493 1822 2508 ‚
1842 2468 1866 2502 fi
1889 2468 1978 2504 forte
2008 2470 2141 2506 dubitas
2163 2484 2175 2510 3

1164 2511 1216 2544 vel
1242 2508 1413 2543 novissi-mo
1443 2509 1503 2543 isto
1527 2509 1678 2551 exemplo
1698 2512 1855 2545 convinci-
1878 2522 1995 2554 potes,
2026 2515 2115 2556 quod
2139 2517 2174 2550 in

1162 2553 1301 2600 laudataej
1322 2551 1507 2600 Academiae
1529 2553 1676 2587 Historia
1701 2554 1786 2596 (c)
1818 2555 1902 2598 leges
1926 2579 1938 2597 ,
1984 2556 2172 2600 hujusmodi

1162 2598 1258 2640 pueri
1281 2608 1348 2639 jam
1370 2607 1436 2639 jam
1457 2598 1703 2640 quinquennis,
1725 2608 1829 2640 neque
1854 2608 1963 2634 tamen
1996 2602 2173 2644 pollicibus

1158 2641 1291 2675 duobus
1313 2643 1344 2674 &
1368 2641 1489 2683 viginti
1522 2641 1684 2683 longioris
1704 2666 1714 2676 .
1845 2643 1945 2677 Nunc
1979 2645 2171 2690 priusquam

1158 2685 1198 2718 ad
1222 2686 1283 2718 alia
1306 2683 1500 2721 transrmu53
1525 2683 1564 2718 ad
1586 2694 1636 2717 eas
1659 2683 1698 2718 de
1742 2685 1865 2728 quibus·
1907 2686 2001 2730 supra
2044 2690 2172 2725 dietum

1156 2728 1220 2767 est,
1243 2726 1357 2761 ossium
1380 2725 1566 2774 flexilitatis
1580 2749 1591 2766 ‚
1613 2730 1646 2761 &
1668 2727 1865 2771 fragilitatis
1895 2731 2004 2765 causas
2024 2754 2034 2769 ,
2076 2732 2170 2775 juvat

1156 2771 1211 2805 has
1233 2782 1363 2814 quoque
1386 2771 1544 2812 adjicere.
1590 2772 1786 2806 Dominicus
1830 2773 2030 2816 Gagliardus
2076 2777 2134 2820 (d
2155 2781 2168 2817 )

1155 2815 1292 2853 mollia,
1315 2817 1366 2852 δι,
1390 2814 1480 2857 quod
1493 2813 1719 2857 consequitur,
1743 2814 1872 2858 fragilia
1896 2816 1962 2850 ossa
1985 2819 2028 2852 iis·
2046 2820 2080 2853 in
2092 2832 2168 2855 cor.

1155 2859 1287 2902 poribus
1310 2856 1398 2895 fieri,
1420 2858 1544 2892 cen-suit
1558 2883 1566 2898 ,
1590 2858 1708 2901 quibus
1730 2860 1836 2893 minus
1871 2859 1952 2894 dura
1984 2862 2132 2902 obtigere
2153 2877 2168 2906 ;

1154 2914 1259 2945 neque
1280 2902 1370 2934 enim
1392 2902 1426 2933 in
1448 2901 1604 2934 omnibus
1625 2902 1736 2936 eadem
1759 2901 1823 2936 esse
1843 2902 1993 2943 duritie,
2017 2900 2073 2940 sed'
2104 2919 2166 2950 pro

1155 2947 1246 2978 vario
1271 2943 1352 2978 ossei
1373 2944 1457 2978 succi
1481 2946 1793 2988 coagmentationis,
1819 2949 1851 2980 δε
1895 2947 2165 2986 consolidationis

1155 2989 1279 3033 gradu,
1301 2988 1375 3022 aliis
1395 2989 1522 3030 magis,
1545 2989 1618 3021 aliis
1638 2990 1746 3023 minus
1769 2989 1832 3024 esse
1855 2990 1934 3026 dura
1956 3004 1966 3026 :
1998 2994 2089 3036 quod
2125 3007 2166 3029 ex

1154 3045 1194 3066 eo
1215 3031 1348 3066 forsitan
1370 3031 1564 3066 confirmare
1584 3031 1763 3075 potuisset,
1797 3035 1888 3077 quod
1930 3036 1966 3069 in
2009 3037 2161 3074 foeminis

1155 3077 1261 3110 multo
1285 3074 1418 3118 saepius,
1447 3087 1548 3118 quam
1589 3077 1625 3109 in
1668 3076 1852 3117 maribus,
1883 3079 1997 3114 mollia
2041 3080 2126 3116 fiunt
2149 3096 2162 3116 .-

1153 3120 1295 3153 emolliri
1319 3130 1428 3153 autem
1452 3119 1533 3153 illud
1557 3118 1703 3157 osseum,
1728 3130 1767 3154 ut
1789 3122 1950 3160 vocabat,
1986 3125 2126 3167 gypsum
2149 3149 2160 3165 ‚

1151 3167 1271 3207 qnippe
1293 3162 1476 3200 alcaicum,
1502 3163 1542 3197 ab
1566 3163 1666 3197 acidis
1687 3173 1762 3206 quae
1782 3165 1817 3197 in
1840 3166 1955 3199 offium
2001 3168 2072 3201 vasa
2115 3170 2162 3202 ir-

1152 3216 1268 3243 ruant,
1293 3206 1429 3248 indeque
1452 3206 1538 3246 esse‚
1559 3207 1648 3249 quod
1672 3205 1876 3240 rheumaticis
1906 3220 1943 3242 ac
1976 3209 2157 3245 arthriticis

1148 3248 1341 3284 cruciatibus
1354 3275 1364 3290 ,
1382 3248 1557 3292 praesertim
1573 3249 1719 3293 gallicis,
1742 3250 1878 3284 obnoxii
1891 3274 1904 3291 ,
1926 3252 2064 3287 obnoxii
2073 3266 2160 3298 quo-

1149 3305 1214 3336 que
1257 3290 1319 3327 fint
1366 3293 1480 3327 offium
1524 3293 1745 3327 emollitioni.
1770 3294 1816 3326 Et
1839 3293 1881 3326 fic
1903 3295 2036 3337 quidem
2060 3299 2158 3340 praei.

1150 3338 1200 3370 vit
1222 3336 1263 3368 iis
1285 3337 1343 3379 qui
1367 3336 1495 3379 postea,
1518 3347 1555 3371 ut
1579 3337 1675 3378 paulo
1698 3345 1772 3369 ante
1794 3335 1997 3376 dicebamus;
2024 3351 2080 3383 per
2093 3343 2157 3376 aci.

1148 3380 1208 3414 dos
1230 3379 1372 3420 liquores
1395 3380 1537 3414 emolliri
1559 3379 1627 3414 ossa
1641 3405 1650 3419 ‚
1674 3378 1909 3414 confirmarunt
1925 3406 1934 3415 .
1967 3384 2012 3415 Et
2050 3385 2158 3419 Rheu-

1150 3423 1275 3457 maticis
1297 3423 1453 3465 quidem,
1477 3433 1575 3466 atque
1599 3421 1790 3456 Arthriticis
1814 3434 1878 3457 non
1892 3425 1985 3458 semel
1998 3427 2159 3470 contigis-

1150 3467 1178 3500 se
1202 3476 1238 3501 ut
1261 3463 1384 3500 flexilia
1406 3466 1475 3501 ossa
1498 3467 1612 3500 fierent
1626 3488 1634 3502 ‚
1656 3467 1775 3500 docent
1787 3466 2059 3509 Observationes,
2081 3472 2159 3513 qui-

1149 3512 1207 3544 bus
1230 3512 1262 3542 δε
1285 3511 1375 3543 illam
1397 3511 1490 3545 addes
1513 3510 1567 3543 CI.
1593 3510 1769 3551 Targionii
1791 3513 1802 3548 (
1823 3520 1838 3543 e
1860 3514 1872 3549 )
1909 3512 1943 3543 in
1986 3513 2120 3548 muliere
2144 3535 2156 3552 ,

1151 3556 1204 3587 cui
1228 3555 1456 3588 articularium
1480 3553 1634 3587 dolorum
1657 3552 1859 3586 vehementia
1890 3552 2045 3589 humeros
2065 3579 2074 3594 ‚
2105 3557 2158 3591 ul-

1152 3608 1230 3637 nas,
1252 3601 1283 3632 δι
1306 3600 1414 3632 radios
1436 3600 1470 3630 in
1494 3607 1585 3631 arcus
1608 3596 1742 3631 modurn
1766 3596 1968 3632 contorserat
1988 3622 1997 3630 .
2031 3600 2071 3632 In
2116 3601 2158 3636 iis

2005 3651 2112 3678 autem

101 3696 2137 3721 ——ffl-——Q-——qffl

232 3737 241 3768 )
257 3738 347 3768 opusc.
365 3739 460 3764 Pathol.
478 3739 536 3765 Obs.
556 3749 592 3770 34·
654 3741 666 3766 (
681 3748 698 3764 n
715 3740 725 3770 )
739 3742 890 3768 Praelest.¹ad
908 3742 987 3767 instit.

225 3770 239 3799 )
253 3769 312 3795 Obs.
330 3778 354 3795 1.
373 3770 397 3801 §.
414 3778 437 3795 a..
454 3772 477 3796 ἃ
494 3771 573 3796 schol.
589 3770 619 3795 ad
637 3770 659 3802 §.
678 3778 715 3796 ιο.

223 3801 236 3829 )
252 3800 314 3835 Hirr.
329 3803 359 3825 A.
379 3809 442 3830 ¹74²-
461 3801 518 3826 Obs.
537 3802 566 3827 de
582 3801 651 3831 Phys.
669 3801 692 3825 ἃ
707 3809 727 3826 e.
744 3810 767 3832 7.

219 3835 235 3888 ἐ
253 3831 325 3865 1391st.
343 3839 380 3860 27.
397 3840 420 3856 n.
438 3840 474 3861 33.
494 3841 531 3861 34.

1005 3743 1028 3773 §.
1042 3751 1095 3771 40¹.

160 3738 175 3768 (

160 3770 168 3796 s

161 3799 176 3827 (

161 3830 175 3855 ί

163 3860 177 3889 (

775 3774 791 3802 ζ
804 3781 816 3798 r
829 3774 845 3803 )
859 3773 931 3798 Thes.
945 3775 1022 3808 nnat.
1040 3777 1064 3808 6.-
1080 3782 1103 3799 n.
1123 3783 1157 3805 ¹3·

622 3831 637 3855 h
652 3837 663 3860 >
679 3834 759 3857 Mem.
776 3832 806 3858 de
821 3803 1025 3859 Ιξέειὶᾱξιτζῗάῗς
1034 3804 1225 3860 {gire-1¹32}
1241 3805 1299 3830 ΟΜ
1316 3807 1346 3830 de
1363 3806 1431 3837 ‘’hy‘'
1449 3808 1472 3832 ἃ
1488 3815 1510 3831 ε’
1526 3814 1561 3835 ¹3-
1622 3806 1637 3835 (
1649 3813 1667 3836 Ι

249 3863 330 3886 Prima
347 3864 461 3888 Raccolta
478 3833 632 3889 tl’Osservtiz.
649 3864 719 3888 Med.
737 3862 801 3889 nella
815 3865 917 3890 Deseriz.
934 3864 998 3889 d’un
1014 3866 1124 3891 Tumor-e
1139 3845 1255 3892 Faliscus.

1855 3745 1870 3774 c
1883 3751 1901 3775 P
1917 3749 1928 3774 )
1943 3745 2026 3771 obs-1.
2045 3746 2160 3777 §.13‚14‚.

1218 3775 1227 3806 (
1242 3775 1287 3804 s)
1303 3775 1373 3800 Thes-
1391 3778 1462 3803 Max.
1479 3784 1506 3801 n.
1525 3779 1575 3805 164.
1593 3777 1616 3799 8:
1633 3774 1705 3800 Thes.
1721 3777 1787 3798 Nov.
1804 3782 1829 3799 n.
1846 3782 1900 3805 ης.
1960 3779 1968 3803 1
1988 3784 2000 3800 ς
2017 3778 2030 3805 )
2044 3786 2065 3803 0,
2082 3783 2108 3803 ⁶,

1683 3806 1734 3834 2¹¹·
1752 3809 1777 3830 ⁶·
1836 3804 1882 3836 (z
1898 3808 1911 3835 )
1928 3806 1970 3831 12.
1987 3809 2050 3832 S.12.
2068 3809 2091 3832 in
2111 3807 2153 3833 fin.

1274 3838 1283 3867 (
1301 3844 1313 3860 ἒ
1336 3837 1350 3865 )
1364 3840 1393 3862 Α.
1410 3842 1479 3869 1746.
1494 3836 1554 3861 ΟΜ.
1571 3838 1644 3862 Anat.
1660 3837 1683 3860 8.

1155 3747 1169 3775 (
1183 3754 1197 3770 ο
1214 3744 1223 3775 )
1238 3746 1301 3774 Eph.
1318 3747 1352 3770 N.
1369 3746 1398 3770 C.
1415 3747 1473 3771 Dec.
1490 3754 1513 3776 3.
1531 3747 1585 3773 A.7.
1602 3744 1625 3768 tc
1642 3747 1664 3769 8.
1682 3744 1793 3774 Obsist.

1744 3834 1754 3865 (
1769 3836 1786 3860 d
1800 3834 1809 3865 )
1825 3836 1909 3868 obs-3.
1930 3837 1996 3869 supra
2005 3842 2035 3864 ad
2044 3843 2092 3864 nus.
2108 3846 2151 3864 ert.
