2498 4075
518 233 669 299 Epist.
704 233 865 286 Anat.
899 233 1114 287 Medica
1137 229 1348 287 XXIII.
1369 230 1487 283 Art.
1534 248 1576 292 5.
1612 233 1667 285 &
1700 234 1750 284 6.

116 321 192 346 cum
212 311 335 354 reliqua
359 310 456 356 usque
480 310 518 346 ad
539 309 729 346 divisionem
750 311 785 344 in
809 312 924 346 Iliacas
956 309 1117 345 conferre-

115 364 189 394 tur3
213 354 382 388 manifesto
405 355 445 388 ab
468 354 605 392 naturali
629 366 700 398 quae
723 356 756 388 in
780 352 841 388 hac
863 365 928 389 erat
950 379 963 397 ,
996 354 1116 388 albedi-

114 408 176 436 ne,
199 400 231 433 &
255 398 392 432 laevitate
416 397 456 431 ad
479 398 666 433 flavedinem
688 398 889 439 inclinabat,
912 402 944 433 δι
975 400 1117 444 inaequa-

114 442 268 482 litatem,
290 452 361 485 quae
383 443 485 476 oculis
508 441 605 485 paulo
628 442 781 476 attentius
804 440 916 477 defixis
940 453 978 476 ex
1002 454 1039 476 eo
1063 439 1119 475 effe

115 483 283 518 videbatur
304 484 392 528 quod
416 485 493 518 alibi
515 485 549 518 in
573 485 654 518 leves
678 485 935 527 protuberantias
958 485 987 518 se
1019 484 1117 518 attol-

115 528 195 561 leret
210 553 219 568 ‚
243 527 324 563 alibi
348 529 382 561 in
405 530 535 571 exiguos
557 525 831 564 finussubsideret
854 552 863 561 .
895 530 1017 564 Verum
1049 528 1119 562 haec

114 571 226 606 omnia
250 571 415 614 superficie
438 580 551 611 tenus3
573 570 631 605 nisi
654 571 743 615 quod
768 572 864 614 paulo
886 571 975 615 supra
1006 572 1119 607 valvu-

112 614 159 651 las
181 615 305 649 aretum
325 623 390 648 erat
414 615 611 658 spatiolum,
633 616 690 650 ubi
710 638 723 655 ,
754 614 840 658 quafi
872 615 912 649 ab
943 614 1083 650 erofione
1105 637 1116 653 ,

112 657 265 691 nonnihil
278 667 422 692 excavata
435 680 444 695 ‚
468 657 585 692 divisas
598 681 610 697 ,
632 670 704 702 quae
718 658 865 693 suberant
877 683 890 700 ,
912 658 1005 694 fibras
1015 657 1118 693 osten-

113 700 230 735 debat.-
254 702 287 734 in
312 702 429 735 vicinia
453 710 560 735 autem
585 704 773 736 arteriarum
795 702 1046 745 Emulgentium
1069 703 1115 736 la-

111 745 207 779 mella
230 745 366 785 intima,
390 745 502 778 leviter
525 745 659 779 admoto
681 756 790 788 ungue
814 768 826 786 ,
859 747 950 781 nullo
984 746 1117 788 negotio

114 787 342 823 abradebatur.
365 790 527 822 Caeterum
550 789 636 823 nulla
660 788 793 831 usquam
823 790 859 823 in
881 790 987 824 Aorta
1022 788 1117 822 indu-

113 832 217 865 ratio.
241 830 301 865 Sed
324 831 443 866 vitium
465 832 554 875 quod
577 833 611 865 in
635 841 727 867 tanto
760 831 826 875 ejus
858 834 961 869 tractu
999 831 1117 866 descri-

110 883 205 918 ptum
227 873 287 911 est,
314 876 348 907 in
371 876 494 918 aliquos
518 876 627 911 saltem
649 887 690 910 ex
712 875 928 919 superioribus
948 875 1044 920 ipfius
1067 887 1117 908 ra-

111 918 174 953 mis
197 916 452 960 producebatur,
473 918 746 962 quemadmodum
768 919 886 954 horum
910 921 944 953 in
966 927 1117 954 curvatu-

109 971 145 994 ra
166 960 291 995 orificia
315 962 563 1005 introspiciens,
587 962 799 997 animadverti
824 986 832 993 .
966 965 1004 997 In
1028 964 1118 996 Ven-

109 1011 158 1038 tre
201 1015 282 1048 aqua
327 1005 415 1046 fuit,
440 1016 540 1049 neque
564 1007 612 1039 ita
634 1017 731 1049 pauca
746 1031 753 1039 .
777 1008 961 1041 Omentum
992 1014 1120 1039 contra-

110 1047 201 1083 &um
222 1070 235 1088 ,
268 1050 300 1082 δε
322 1049 379 1083 vix
402 1049 528 1084 modica
551 1048 606 1083 hic
628 1050 699 1084 illic
733 1048 927 1093 pinguedine
963 1049 1085 1092 reliqua
1109 1069 1119 1086 ,

108 1091 215 1124 multo
237 1089 427 1128 laxiffimum
450 1117 458 1125 .
497 1093 677 1137 Peramplus
701 1093 919 1135 ventriculus,
944 1096 976 1126 &
998 1092 1121 1127 humo-

108 1144 141 1166 re
165 1134 273 1175 plenus
298 1159 305 1167 .
336 1136 435 1181 Jecur
459 1137 577 1179 pallens
599 1160 612 1177 ‚
644 1136 734 1180 cujus
755 1135 888 1170 vesicula
911 1147 1064 1180 paucam,
1088 1137 1121 1169 &

106 1176 291 1212 decolorem
314 1180 503 1213 continebat
527 1181 648 1214 bilem.
675 1181 771 1223 Splen
795 1180 891 1215 durus
912 1204 926 1221 ‚
959 1191 1014 1214 nec
1051 1190 1122 1212 ma-

108 1231 190 1264 gnus
214 1229 320 1256 tamen
344 1247 351 1254 .
388 1224 484 1257 Uteri
510 1235 637 1268 quoque
660 1248 673 1265 ‚
706 1226 820 1257 caetera
844 1223 908 1259 sani
931 1247 944 1264 ,
974 1223 1120 1257 duriores

107 1266 242 1307 parietes
267 1291 276 1304 ,
316 1265 367 1300 sed
392 1269 423 1301 &
446 1268 602 1303 craffiores
627 1293 634 1301 .
669 1269 760 1302 Dura
780 1268 877 1300 etiam
899 1268 1008 1301 ovaria
1033 1290 1046 1308 ,
1081 1269 1114 1301 δε

107 1307 178 1342 alba
205 1309 344 1345 exterius
367 1333 380 1350 ‚
414 1321 473 1344 nec
507 1322 633 1354 parva:
672 1312 759 1345 intus
793 1310 916 1345 cellulae
949 1310 1080 1345 suerunt
1104 1333 1115 1350 ,

106 1352 177 1386 aliae
199 1353 307 1388 inanes
332 1365 510 1396 ,quarum
535 1356 628 1390 unius
659 1364 746 1388 erant
779 1355 914 1397 parietes
946 1354 1078 1388 subflavi
1101 1375 1111 1392 ,

105 1396 178 1430 aliae
201 1393 335 1431 humore
359 1396 605 1441 sanguinolento
630 1397 754 1433 refertae
778 1421 786 1429 .
819 1398 904 1432 Bene
928 1396 957 1431 se
992 1396 1114 1431 habue-

109 1448 186 1473 runt
220 1440 343 1484 reliqua
368 1465 375 1473 .
513 1444 622 1484 Caput
657 1452 722 1476 non
758 1441 914 1476 secuimus
937 1465 946 1474 .
979 1440 1117 1474 Collum

103 1481 337 1518 craffiusculum
358 1483 473 1526 fuisse,
508 1485 653 1526 ostendi,
677 1495 810 1529 propter
832 1483 992 1527 glandulae
1017 1483 1116 1529 Thy-

103 1526 231 1560 roidaeae
255 1527 488 1563 crassitudinem
510 1552 520 1568 ‚
552 1530 657 1563 multo
680 1540 778 1572 quam
823 1539 952 1572 aequum
1004 1527 1076 1560 eslet
1102 1548 1116 1566 ‚

103 1567 261 1612 majorem
281 1597 289 1606 .
329 1569 469 1608 Diss‘ecisa
491 1596 503 1613 ,
535 1574 639 1616 parvis
669 1570 755 1614 quafi
790 1572 909 1606 lobulis
945 1569 1115 1613 compacta

103 1612 298 1652 videbatur,v
315 1625 397 1656 quos
419 1618 503 1650 inter
526 1616 688 1657 globulus
709 1615 858 1649 inventus
891 1615 934 1651 est
967 1612 1115 1648 humoris

101 1657 234 1699 plenus,
257 1656 341 1691 nihil
358 1660 474 1702 magis
489 1670 586 1702 quam
632 1656 811 1701 expressum
856 1670 894 1692 ex
939 1656 1116 1701 amygdalis

102 1700 233 1742 oleum,
254 1700 390 1736 referens
413 1727 421 1735 .
555 1702 689 1745 Sanguis
713 1703 747 1735 in
772 1701 833 1736 hoc
857 1701 1007 1736 cadavere
1030 1700 1117 1735 mul-

102 1752 156 1777 tus
180 1743 245 1779 fuit
261 1767 275 1785 ,
299 1746 331 1778 δε
355 1743 496 1787 ubique,
522 1754 557 1780 ut
580 1746 673 1785 dixi,
699 1744 841 1785 fluidus,
864 1745 886 1780 fi
910 1746 1042 1789 exiguas
1074 1744 1116 1776 il-

103 1785 149 1822 las
172 1790 394 1823 concretiones
417 1790 450 1821 in
473 1789 572 1824 corde
592 1790 753 1833 excipias.

146 1841 175 1872 5.
201 1833 240 1865 In
265 1829 402 1865 foemina
425 1833 577 1867 iracunda
603 1856 617 1875 ‚
651 1831 871 1867 accedentibus
895 1833 975 1874 irae‚
995 1832 1120 1866 ,moesti-

103 1874 222 1923 tiaeque
243 1872 365 1913 causis,
387 1877 422 1910 &
443 1878 590 1919 appetitu
612 1876 765 1911 ciborum
797 1876 925 1919 dejecto
950 1899 963 1916 ,
995 1877 1119 1910 intelli-

101 1928 152 1959 gis
171 1917 261 1956 sane,
285 1919 389 1961 qualis
412 1930 450 1953 ex
473 1919 635 1954 alimentis
658 1919 778 1962 chylus
794 1945 803 1960 ‚
828 1922 860 1954 &
884 1921 993 1963 quales
1004 1932 1043 1954 ex
1054 1919 1118 1954 hoc

101 1959 252 1997 humores
275 1961 527 1997 conficerentur.
554 1966 670 2006 Itaque
702 1962 725 1997 fi
770 1974 844 1998 cum
888 1964 1012 2006 liquore
1058 1963 1120 1997 illo

102 2004 232 2039 oleaceo
250 2029 264 2047 ‚
287 2017 354 2049 quo
376 2005 542 2041 Lancifius
563 2004 620 2051 (f
635 2011 645 2046 )
671 2008 803 2046 laevem,
826 2018 860 2040 ac
884 2007 1044 2041 lubricam
1058 2007 1119 2041 ser-

102 2049 170 2082 vari
193 2049 344 2084 intimam
370 2051 557 2085 arteriarum
580 2051 697 2085 faciem
717 2074 730 2092 ,
753 2050 877 2085 censuit
904 2074 918 2091 ,
965 2050 1079 2094 asperae
1107 2073 1120 2092 ,

105 2092 278 2136 alienaeque
299 2094 466 2136 particulae
489 2095 522 2127 in
545 2095 658 2129 Aortae
685 2096 871 2128 interiorem
906 2093 1115 2128 substantiam

100 2136 134 2169 se
158 2133 356 2171 insinuarunt
371 2160 385 2178 ,
407 2140 440 2172 &
464 2139 546 2172 circa
579 2139 731 2172 intimam
777 2139 922 2171 tunicam
967 2136 1116 2171 substite-

100 2188 201 2219 runt5
221 2190 287 2213 non
310 2181 371 2214 erit
394 2179 590 2222 obscurum,
612 2180 780 2223 quomodo
803 2181 942 2222 genitae,
964 2191 1020 2213 nec
1031 2191 1115 2223 quo-

105 2221 206 2257 modo
230 2234 299 2257 eam
319 2235 417 2266 quam
440 2224 487 2257 ibi
510 2224 757 2267 conspeximus,
782 2222 892 2257 afferre
902 2222 1118 2257 mutationem

102 2268 270 2309 potuerint
284 2290 292 2299 .
317 2267 420 2308 Qod
443 2266 465 2301 fi
489 2269 588 2302 etiam
608 2267 725 2310 quaeris
738 2290 752 2308 ,
772 2277 830 2300 cur
851 2267 886 2299 in
918 2266 979 2299 illo
1012 2265 1115 2309 potis-

100 2309 216 2344 fimum
237 2310 351 2344 Aortae
374 2310 503 2351 transtu,
525 2312 558 2344 &
592 2309 792 2353 superiorum
836 2309 902 2352 ejus
949 2320 1114 2343 ramorum

101 2351 303 2388 substiterint
316 2365 327 2393 5
351 2352 409 2387 nisi
432 2353 516 2388 hunc
539 2353 625 2388 forte
648 2366 662 2386 a
687 2352 875 2398 primordiis
899 2350 990 2386 suiffe
1021 2352 1113 2386 infir-

102 2396 241 2430 miorem
265 2395 459 2439 suspiceris5
481 2409 520 2431 ex
542 2398 583 2431 iis
606 2396 681 2440 ipsis
716 2408 796 2440 quos
829 2395 1076 2430 memoravimus
1100 2418 1111 2434 ‚

101 2440 204 2474 animi
228 2437 394 2475 affeftibus
416 2440 572 2474 rationem
595 2440 708 2474 duces.
735 2441 839 2474 Nervi
863 2441 947 2472 enim
984 2439 1028 2472 ob
1052 2439 1111 2474 hos

101 2483 287 2523 commoti,
310 2483 344 2515 in
369 2481 488 2525 majora
513 2482 708 2526 potisiimum
730 2486 789 2522 (ut
812 2495 846 2517 ea
869 2482 1016 2516 indicant
1035 2494 1108 2525 quae

100 2536 179 2561 tunc
202 2528 234 2560 δε
258 2525 459 2565 sentiuntur,
485 2529 517 2560 &
541 2531 715 2570 apparent)
738 2528 775 2560 in
785 2526 929 2570 majora,
952 2527 1109 2570 inquam,

98 2568 296 2613 potiffimum
318 2579 419 2612 agunt
440 2569 537 2610 vasa,
559 2574 591 2604 δε
614 2570 706 2604 cordi
730 2572 902 2614 propiora,
926 2579 963 2604 ut
998 2570 1109 2604 mirari

99 2624 165 2647 non
188 2620 359 2656 oporteat,
381 2611 404 2646 fi
426 2624 493 2656 quo
517 2614 621 2648 tra&u
644 2615 766 2656 Magna
789 2615 904 2647 arteria
927 2613 1029 2657 major
1042 2611 1111 2654 est,

99 2639 232 2700 ipsacilue
253 2658 286 2691 &
307 2655 373 2699 ejus
397 2658 477 2690 rami
512 2669 528 2690 a
549 2656 645 2692 corde
667 2659 772 2692 minus
805 2657 907 2692 diffita
931 2657 1002 2692 sunt
1024 2680 1033 2695 ‚
1068 2667 1110 2690 eo

99 2701 135 2734 in
159 2700 264 2741 tractu
286 2700 446 2734 arteriosae
469 2701 633 2736 annulares
657 2700 746 2735 fibrae
769 2702 804 2735 in
826 2700 1107 2741 vehementiores,

100 2752 157 2777 aut
177 2741 393 2779 diuturniores
415 2743 479 2778 fine
502 2755 589 2779 certa
612 2755 723 2778 norma
748 2747 782 2779 δε
805 2745 873 2788 lege
904 2744 1108 2779 contractio-

100 2797 155 2820 nes
176 2795 254 2820 tunc
279 2786 468 2829 adigantur,
491 2786 596 2832 sicque
618 2799 658 2822 ex
681 2787 815 2822 vasculis
830 2811 843 2829 ,
867 2789 953 2822 inter
976 2788 1005 2822 se
1025 2812 1035 2829 ‚
1075 2789 1108 2821 δε

101 2830 252 2863 intimam
274 2832 418 2865 tunicam
440 2830 642 2875 interjectis,
666 2842 703 2864 eo
725 2840 857 2875 urgeant
879 2843 945 2875 quo
984 2842 1039 2874 per
1078 2829 1110 2863 se

100 2884 165 2908 non
187 2873 270 2907 irent
285 2899 296 2915 ,
318 2874 365 2906 vel
376 2874 532 2909 craffiores
542 2899 555 2916 ,
579 2873 674 2919 fiquae
684 2873 746 2908 fint
757 2899 770 2916 ‚
794 2873 1025 2919 asperioresque
1038 2884 1112 2916 par-

102 2916 238 2953 ticulas‚
262 2916 463 2960 haerendique
486 2919 534 2952 ibi
564 2916 762 2952 occasionem
795 2918 955 2962 praebeant
982 2943 990 2952 .
1025 2919 1111 2960 Qae

102 2961 257 3002 quoniam
279 2961 443 3004 particulae
466 2960 528 2997 huc
550 2962 631 2996 illuc
654 2961 797 3002 adaetae,
818 2971 933 3005 praeter
956 2961 1046 2995 illam
1059 2972 1111 2994 1n-

103 3004 194 3037 timae
217 3002 390 3046 superficiei
416 3008 652 3046 mutationem,
675 3004 829 3039 erofionis
862 3016 992 3049 quoque
1037 3005 1105 3039 sen-

103 3046 195 3087 sum,
216 3048 336 3090 quippe
359 3047 492 3091 asperae,
514 3047 640 3092 possunt
663 3048 838 3088 inducere;
871 3051 1012 3092 proclive
1042 3050 1104 3082 erit

101 3090 283 3134 intelligere
306 3090 388 3124 unde
409 3090 481 3125 effer
502 3091 658 3135 ejusmodi
680 3091 783 3126 sensus
804 3093 861 3135 qui
885 3093 1013 3127 mulieri
1034 3104 1107 3126 mo-

104 3133 197 3168 lestus
220 3143 285 3168 erat
308 3133 347 3167 ad
372 3135 521 3176 Spinam,
543 3137 683 3179 itemque
706 3136 761 3169 ille
785 3137 863 3170 alter
885 3138 942 3179 qui
967 3146 1022 3179 per
1039 3135 1110 3170 bra-

94 3177 179 3211 rchia
201 3176 382 3220 praesertim
405 3176 434 3211 se
455 3179 623 3214 extendens
643 3202 653 3218 ‚
688 3179 918 3223 aneurysmatis
952 3179 1111 3223 suspicio-

103 3232 178 3255 nem
202 3220 335 3263 augebat
349 3243 358 3259 ,
381 3232 455 3255 cum
479 3221 518 3255 ab
540 3225 651 3257 arteria
674 3224 806 3267 quidem
830 3223 924 3258 facile
935 3223 1110 3264 effet,non

104 3273 212 3298 tamen
233 3265 392 3306 dilatata,
415 3263 469 3298 sed
488 3265 706 3309 quadantenus
727 3267 814 3301 erosa
835 3292 847 3309 ,
880 3279 952 3311 quae
982 3266 1107 3301 tametfi

105 3319 214 3342 ramos
237 3308 292 3343 dat
316 3320 373 3352 per
394 3318 488 3342 omne
509 3320 627 3352 corpus.
646 3312 864 3354 pertinentes,
885 3312 986 3354 magis
999 3320 1107 3344 tamen

104 3352 236 3386 brachia
258 3350 500 3402 afficiebatstfld
521 3364 592 3395 quae
615 3365 720 3389 ramos
734 3378 747 3396 ,
776 3355 862 3399 ipsos
896 3366 1024 3399 quoque
1054 3366 1108 3388 eo-

52 3404 54 3407 ’
104 3395 180 3430 dem
202 3405 368 3439 correptos
389 3405 476 3429 vitio
490 3420 499 3435 ,
523 3407 623 3439 prope
643 3408 794 3433 truncum
819 3398 930 3432 saltem
950 3422 959 3437 ,
994 3399 1106 3432 mitte-

105 3439 161 3472 bat
184 3465 192 3471 .
218 3440 295 3485 Jam
317 3450 392 3474 vero
412 3438 436 3473 fi
458 3440 570 3479 Aortae
592 3451 657 3476 non
688 3439 774 3485 quafi
805 3442 843 3476 ab
874 3443 964 3477 illito
995 3442 1106 3475 oleoso

105 3482 245 3559 2u⁰d³m
268 3483 405 3518 humore
426 3483 633 3524 laevem,-sed
656 3486 817 3528 asperam,
851 3488 884 3520 &
917 3486 1106 3529 inaequalem

124 3526 251 3566 aetam,
277 3536 313 3561 ut
335 3527 501 3568 diximus,
523 3528 673 3561 intimam
695 3528 813 3563 faciem
838 3530 983 3564 attendas
999 3553 1012 3570 ,
1044 3531 1108 3562 rni-

105 3569 227 3613 nusque
249 3581 415 3615 propterea
437 3570 593 3604 lubricam
607 3597 617 3611 ,
640 3574 674 3606 &
696 3574 896 3613 mollem‚&
912 3572 1020 3617 ‚quod
1031 3584 1109 3606 con-

108 3612 273 3657 sequitur,
299 3625 364 3648 non
386 3614 487 3649 modo
509 3614 706 3657 transeunti,
729 3615 1024 3653 sed&distendenti
1039 3616 1108 3650 san-

1164 309 1260 353 guini
1281 307 1388 341 minus
1410 307 1595 346 cedentem,
1619 307 1785 351 multoque
1807 309 1905 342 etiam
1927 308 2034 343 minus
2045 248 2171 342 ³ceden-

1166 363 1231 386 tem
1256 349 1466 385 musculosam
1489 352 1657 392 tunicam,
1679 350 1725 384 ob
1747 349 1841 384 fibras
1863 350 2014 385 videlicet
2047 353 2172 393 magis,

1168 394 1332 435 minusve,
1356 393 1406 428 sed
1430 394 1508 438 saepe
1530 393 1608 428 adeo
1629 394 1795 435 convulsas
1810 417 1824 434 ,
1846 403 1881 428 ut
1904 395 1954 429 vel
1977 396 2012 429 in
2041 394 2173 428 cadave-

1170 450 1202 472 re
1246 447 1396 472 truncum
1429 439 1552 471 arteriae
1576 438 1746 481 aliquanto
1767 438 2018 474 contractiorem
2041 439 2171 471 invene-

1144 480 1253 520 'rim5
1278 480 1479 532 perspicuum
1503 482 1589 523 erit,
1611 489 1766 525 quantum
1797 480 1840 514 ob
1870 480 1927 516 has
1959 492 2071 516 omnes
2091 503 2104 522 ‚
2136 482 2169 514 &

1169 523 1345 568 praesertim
1368 524 1413 557 ob
1435 524 1585 558 ultimam
1607 524 1735 560 causam
1755 525 1863 559 Aorta
1886 525 2032 568 sanguini
2054 523 2171 558 resiste-

1170 578 1238 606 γεῖς
1262 577 1298 602 ut
1322 568 1397 602 esset
1422 577 1589 610 propterea
1626 567 1718 603 cordi
1751 566 1970 601 vehementius
2002 568 2172 602 conniten-

1167 611 1245 646 dum
1268 610 1307 645 ad
1331 611 1493 646 obstacula
1518 611 1713 653 superanda,
1738 613 1771 645 &
1793 611 1999 653 sanguinem,
2025 610 2104 654 saepe
2126 616 2172 643 'ex

1168 665 1259 698 parte
1282 655 1387 698 aliqua
1410 656 1444 688 in
1468 653 1497 688 se
1520 654 1738 695 restitantem,
1760 655 1896 689 omnino
1917 653 2172 689 extrudendum.-

1168 710 1307 741 quorum
1334 710 1373 732 ex
1396 699 1498 732 altero
1520 698 1747 742 palpitationis
1769 697 1915 739 causam,
1939 710 1978 732 ex
2000 698 2104 730 altero
2125 705 2176 729 et-

1168 743 1233 774 iam
1257 741 1356 776 auftae
1378 740 1485 776 cordis
1509 741 1744 785 magnitudinis
1766 742 1979 784 intelligimus
1994 767 2003 775 .
2034 742 2085 776 De
2116 737 2178 773 hac

1168 794 1277 820 autem
1299 796 1374 820 cum
1398 786 1476 828 alias
1499 788 1513 823 (
1532 787 1589 828 g)
1613 785 1653 820 ad
1674 795 1705 820 te
1730 784 1949 828 scripserimus
1968 797 1980 824 3
2010 794 2109 826 neque
2137 781 2177 816 de

1169 828 1236 870 ejus
1258 827 1379 866 causis,
1406 839 1459 864 aut
1483 826 1671 868 effectibus,
1694 839 1794 871 neque
1815 828 1854 862 de
1876 828 1941 871 ejus
1965 826 2176 863 Observatio-

1169 872 1264 909 nibus
1286 882 1369 907 nunc
1392 884 1472 916 opus
1495 870 1537 907 est
1559 872 1650 915 plura
1672 872 1774 906 dicere
1788 885 1798 904 ε
1820 872 1895 905 satis
1918 871 1960 905 est
1982 882 2021 905 ex
2054 870 2107 904 his
2137 869 2178 902 il-

1169 916 1215 948 las
1237 916 1271 948 in
1293 916 1409 958 quibus
1431 915 1538 950 cordis
1562 916 1739 959 palpitatio
1762 914 1914 950 adnotata
1938 914 2004 950 fuit
2019 940 2028 954 ,
2052 913 2178 948 indica·
2228 926 2233 933 ·

1169 970 1224 997 re,
1246 958 1334 993 velut
1355 971 1424 1001 quae
1447 956 1622 993 aValsalva
1647 961 1664 1003 (
1683 958 1704 993 h
1724 963 1760 1001 ),
1784 969 1799 991 a
1824 959 1989 993 Meckelio
2009 962 2024 997 (
2046 957 2058 991 i
2081 961 2116 998 2,
2138 955 2180 990 ab

1170 1001 1314 1044 Schreyo
1336 1002 1401 1043 (k)
1424 1002 1544 1036 habitae
1567 1002 1662 1037 sunt.-
1685 1000 1867 1047 cujusmodi
1890 1003 1967 1037 alias
1990 1000 2073 1034 infra
2096 1011 2180 1045 quo-

1196 1057 1232 1080 ue
1255 1046 1582 1080 commemorabimus
1597 1069 1604 1078 .
1740 1046 1847 1079 Habes
1870 1048 2104 1089 praecipuarum
2127 1043 2181 1077 hi·

1173 1088 1186 1122 s
1200 1089 1280 1122 oriae
1305 1087 1477 1131 propofitae
1502 1089 1646 1132 partium
1668 1089 1919 1131 explicationem
1935 1113 1945 1128 ,
1982 1087 2065 1123 unde
2098 1087 2183 1121 libe«

1175 1144 1246 1167 rum
1269 1131 1331 1165 tibi
1356 1134 1417 1165 erit
1440 1130 1544 1175 siquid
1569 1131 1658 1167 sorte
1680 1132 1828 1175 placeat,
1851 1134 2016 1176 accipere,
2038 1132 2181 1174 neglige-

1174 1188 1207 1210 re
1234 1185 1369 1215 caetera,
1391 1179 1424 1209 &
1457 1186 1626 1211 nervorum
1658 1173 1921 1209 convulfionibus
1953 1174 2051 1218 paulo
2082 1175 2181 1208 etiarn

1175 1221 1277 1262 magis
1300 1219 1375 1255 uti,
1398 1230 1491 1261 quam
1515 1230 1575 1262 ego
1598 1219 1752 1253 fecerim.
1780 1218 1870 1252 Nam
1893 1218 1965 1253 sunt
1989 1219 2125 1252 omnino
2146 1219 2182 1251 in

1167 1263 1234 1297 ‘hac
1261 1262 1392 1297 historia
1415 1274 1485 1305 quae
1509 1262 1571 1298 fine
1594 1262 1645 1298 his
1669 1262 1806 1297 minime
1828 1261 1997 1297 videantur
2021 1260 2106 1304 posse
2128 1272 2184 1294 ex-

1168 1307 1307 1350 plicari,
1332 1315 1369 1339 ut
1393 1306 1601 1348 paroxysmus
1624 1306 1680 1341 ille
1703 1306 1737 1341 in
1760 1317 1827 1348 quo
1851 1306 1881 1339 se
1905 1305 1983 1340 adeo
2014 1314 2184 1338 contraxe-

1167 1360 1239 1385 rant
1262 1349 1421 1390 musculi,
1444 1348 1632 1385 inferiorem
1655 1348 1822 1385 maxillam
1843 1350 2049 1386 attollentes,
2073 1350 2105 1382 &
2128 1347 2186 1381 ob-

1165 1394 1321 1429 staculum
1344 1392 1426 1428 illud
1451 1393 1613 1428 alimentis
1634 1391 1823 1437 oppofitum
1838 1416 1850 1433 ,
1869 1404 1908 1426 ne
1923 1392 2092 1436 postquam
2105 1402 2185 1435 pro-

1166 1438 1255 1473 xime
1297 1436 1516 1471 ventriculum
1560 1446 1711 1473 venerant
1734 1459 1747 1476 ,
1769 1437 1803 1469 in
1826 1435 1912 1470 hunc
1934 1433 2184 1476 descenderent,

1169 1480 1353 1524 convulsis,
1376 1489 1412 1514 ut
1436 1490 1541 1524 pum,
1563 1481 1604 1514 iis
1627 1481 1754 1517 lacertis
1776 1478 2032 1523 diaphragmatis
2052 1502 2066 1519 ‚
2100 1479 2187 1512 inter

1171 1536 1253 1567 quos
1276 1534 1419 1560 extrema
1442 1523 1621 1559 traducitur
1643 1525 1717 1565 gula
1731 1547 1739 1556 .
1874 1522 1934 1557 Sed
1956 1523 2022 1567 jam
2031 1520 2125 1560 vide,
2145 1532 2187 1556 an

1170 1569 1318 1611 proxima
1341 1578 1468 1612 quoque
1492 1566 1687 1603 Observatio
1709 1564 1870 1611 postulet,
1893 1575 1929 1602 ut
1952 1576 2065 1601 nervos
2079 1564 2186 1609 aliqua

1171 1611 1283 1646 saltem
1306 1623 1344 1645 ex
1367 1620 1456 1656 parte
1479 1611 1657 1648 accusemus
1671 1634 1680 1643 .

1215 1659 1246 1688 6.
1271 1655 1536 1690 MULIEREM
1570 1666 1669 1689 annos
1701 1663 1811 1689 natam
1845 1653 2012 1697 sexaginta
2042 1661 2185 1698 quatuor

1170 1700 1284 1742 ingens
1307 1697 1414 1733 cordis
1437 1698 1611 1741 palpitatio
1632 1699 1766 1732 vexabat
1787 1723 1795 1731 .
1830 1700 1934 1733 Simul
1955 1698 2119 1741 -utrinque
2152 1697 2190 1736 ἰῇ

1174 1744 1268 1776 collo
1292 1742 1440 1775 vasorum
1464 1742 1606 1784 pulsatio
1629 1742 1915 1786 conspiciebatur.-
1941 1744 1976 1776 in
1999 1744 2105 1785 carpis
2129 1752 2186 1775 au-

1172 1796 1242 1820 tem
1267 1785 1372 1827 pulsus
1395 1794 1483 1818 erant
1506 1787 1704 1829 inaequales,
1727 1789 1760 1820 δε
1784 1785 1968 1820 subobscuri
1994 1811 2001 1819 .
2037 1785 2187 1829 Respira-

1171 1832 1224 1863 tio
1248 1829 1419 1867 difficili53
1443 1829 1617 1864 noviffimis
1641 1839 1751 1864 autem
1773 1828 1885 1865 diebus
1908 1828 2128 1869 difficillima,
2150 1837 2188 1863 ut

1170 1873 1237 1919 jam
1262 1884 1325 1906 non
1350 1873 1472 1916 posset,
1503 1872 1562 1906 nifi
1598 1875 1700 1907 erecta
1733 1875 1856 1907 cervice
1874 1897 1887 1915 ,
1917 1874 2050 1916 spiritus
2082 1871 2186 1907 duci.

1176 1918 1292 1961 Nuper
1315 1915 1607 1962 quoqueoedema
1642 1915 1806 1952 accesserat
1839 1917 2006 1960 utriusque
2040 1927 2151 1950 manus
2173 1939 2188 1956 ‚

1176 1961 1226 1995 sed
1261 1960 1366 1994 multo
1400 1970 1502 2002 majus
1532 1959 1727 1994 inferiorum
1761 1970 1925 2001 artuum,
1960 1972 2034 1995 cum
2065 1960 2186 1993 ventris

1172 2003 1310 2039 universi
1336 2013 1461 2038 tumore
1483 2002 1714 2048 conjunc‘tum.
1749 2002 1950 2039 Credebatur
1983 2004 2103 2038 mulier·
2129 2012 2187 2037 aut

1175 2048 1323 2091 polypo,
1347 2057 1402 2081 aut
1427 2047 1672 2090 aneurysmate,
1695 2057 1749 2083 aut
1773 2059 1892 2092 magno
1903 2048 1969 2081 alio
1981 2045 2187 2091 aliquoejus-

1173 2090 1266 2124 modi
1290 2091 1407 2125 morbo
1430 2090 1593 2130 laborare,
1615 2103 1689 2127 cum
1715 2102 1842 2128 mortua
1866 2091 1909 2126 est
1929 2093 1964 2125 in
1987 2092 2055 2127 hoc
2075 2090 2186 2125 Noso·

1170 2135 1284 2169 comio
1306 2136 1391 2169 circa
1402 2134 1546 2169 medium
1560 2135 1771 2171 Februarium
1783 2138 1826 2171 A.
1844 2146 1936 2180 1741.
1962 2134 2106 2178 Qando
2130 2145 2185 2182 au-

1174 2186 1266 2218 tem,
1289 2180 1322 2211 &
1344 2190 1421 2221 quas
1443 2178 1486 2212 ob
1508 2179 1614 2213 causas
1637 2179 1767 2214 morbus
1803 2178 1949 2223 coepisset
1967 2204 1981 2221 ‚
2012 2178 2083 2223 post
2117 2189 2185 2221 ejus

1169 2230 1312 2254 mortem
1335 2221 1412 2255 scire
1436 2233 1501 2255 non
1523 2223 1638 2261 licuit;
1664 2225 1810 2258 Veneriis
1843 2224 1929 2257 enim
1959 2222 2024 2259 huc
2054 2230 2185 2257 venerat

1171 2266 1284 2307 paucis
1306 2274 1379 2299 ante
1401 2262 1632 2299 hebdomadis.
1767 2267 1999 2302 CADAVER
2009 2290 2037 2307 ‚<
2054 2278 2071 2301 e
2092 2265 2184 2309 cujus

1165 2319 1225 2340 ore
1247 2308 1377 2351 sanguis
1400 2306 1571 2343 effluxerat
1583 2333 1595 2350 ,
1618 2309 1741 2353 inspexi
1765 2310 1916 2354 postridie
1939 2311 2056 2344 mortis
2075 2333 2088 2350 ,
2128 2319 2200 2351 aut?

1164 2360 1252 2384 certe
1274 2362 1340 2385 non
1362 2350 1459 2386 serius
1482 2351 1602 2386 biduo.
1628 2354 1744 2389 Manus
1765 2353 1987 2390 detumueraut
2000 2370 2009 2393 ;
2034 2354 2084 2389 sed
2107 2364 2185 2387 ven-

1166 2395 1251 2434 tris,
1275 2397 1308 2428 &
1331 2404 1459 2430 artuum
1482 2396 1673 2431 inferiorum
1696 2406 1809 2432 tumor
1842 2398 1998 2442 perstabat
2022 2423 2030 2430 .
2080 2395 2183 2432 Nihil

1167 2437 1298 2472 facilius
1320 2450 1416 2481 quam
1437 2439 1607 2473 claviculas
1629 2440 1668 2473 ab
1690 2440 1794 2476 sterno
1816 2441 2021 2485 disjungere,
2044 2444 2077 2476 &
2111 2452 2182 2475 car-

1169 2482 1322 2523 tilagines
1365 2481 1525 2516 costarum
1559 2482 1724 2524 incidere,·
1746 2494 1783 2519 ut
1806 2484 1865 2518 nisi
1889 2486 2006 2519 mulier
2050 2493 2180 2521 aetatem

1162 2536 1238 2567 quae
1262 2524 1352 2565 supra
1377 2525 1493 2568 scripta
1518 2525 1583 2566 est,
1606 2525 1681 2561 fassa
1706 2528 1775 2570 ipsa
1798 2528 1872 2563 esset
1889 2553 1903 2570 ‚
1926 2530 2035 2564 multo
2067 2528 2179 2572 junior

1161 2567 1251 2601 credi
1277 2567 1461 2618 potuisset..
1501 2570 1615 2603 Sterno
1649 2569 1776 2605 sublato
1801 2595 1810 2610 ‚
1849 2573 2016 2616 pulmones
2048 2573 2176 2617 turgidi

1166 2620 1407 2654 apparuerunt,
1429 2611 1594 2657 iidemque
1618 2612 1718 2648 albidi
1740 2639 1752 2656 ,
1773 2615 1834 2651 nifi
1857 2616 1948 2661 quod
1971 2629 1987 2651 a
2011 2626 2106 2660 tergo
2130 2618 2177 2653 sa-

1162 2664 1240 2688 turo
1263 2654 1394 2696 colore,
1416 2665 1453 2690 ut
1476 2656 1603 2697 solent,
1624 2657 1800 2692 rubebant.
1826 2660 1947 2694 Molles
1971 2671 2058 2695 erant
2075 2685 2087 2703 ,
2120 2672 2178 2695 ne-

1161 2709 1226 2740 que
1249 2697 1313 2732 ulla
1337 2709 1375 2732 ex
1423 2707 1490 2733 arte
1515 2702 1555 2735 ad
1579 2699 1720 2736 thoracis
1744 2704 1879 2745 parietes
1912 2707 2025 2739 annexi
2048 2728 2057 2738 .
2094 2705 2175 2739 Non

1163 2752 1264 2784 pauca
1288 2753 1367 2785 aqua
1417 2754 1472 2777 ava
1487 2769 1496 2784 ‚
1520 2747 1554 2779 δι
1576 2744 1711 2779 inodora
1736 2754 1807 2781 tum
1829 2748 1863 2781 in
1894 2757 2030 2791 utraque
2064 2746 2178 2781 thora-

1163 2785 1212 2818 cis
1233 2795 1347 2827 cavea,
1371 2794 1442 2821 tum
1467 2788 1501 2820 in
1524 2787 1704 2830 pericardio
1726 2787 1791 2823 fuit
1806 2802 1819 2829 ‚-
1842 2802 1899 2825 nec
1931 2801 2039 2826 tamen
2071 2791 2175 2834 pluri-

1163 2839 1216 2861 ma
1242 2852 1251 2861 .
1285 2829 1405 2864 Cordis
1430 2831 1623 2871 ventriculi,
1646 2834 1679 2865 &
1701 2833 1850 2868 auriculae
1873 2835 2025 2878 sanguine
2059 2833 2176 2869 disten-

1163 2880 1198 2922 ta
1210 2873 1303 2921 ‚lqui
1327 2874 1362 2907 in
1384 2885 1514 2917 grumos
1535 2874 1667 2918 quidem
1690 2886 1916 2918 concreverat,
1939 2878 1997 2914 sed
2025 2878 2173 2921 polyposi

1165 2914 1250 2948 nihil
1274 2915 1411 2963 habebat
1423 2941 1436 2958 ,
1459 2919 1505 2951 vel
1529 2918 1693 2960 postquam
1738 2930 1837 2955 vacua
1879 2921 1964 2956 facta
2010 2922 2136 2956 fuerant
2160 2946 2175 2964 ,

1163 2970 1259 3001 aequo
1282 2971 1402 3003 majora
1425 2960 1732 3004 conspiciebantur,
1755 2963 1789 2998 id
1811 2965 1902 3007 quod
1914 2967 1947 2998 in
1959 2964 2080 3000 sinistra
2092 2977 2172 3008 prae-

1163 3002 1274 3036 sertim
1296 3004 1440 3037 auricula
1464 3004 1700 3040 animadverti.
1723 3007 1862 3042 Arteriae
1884 3021 2012 3053 quoque
2037 3011 2172 3044 Pulmo-

1164 3047 1249 3080 naris
1271 3069 1282 3084 ,
1318 3049 1372 3080 δι’
1382 3048 1504 3094 Magna
1536 3059 1630 3092 aequo
1660 3051 1874 3093 capaciores;
1905 3054 2030 3088 cunftae
2063 3063 2171 3088 autem

1163 3090 1300 3124 valvula:
1324 3101 1479 3137 majores.
1505 3091 1564 3126 Sed
1587 3093 1654 3127 haec
1677 3102 1782 3127 tamen
1805 3107 1877 3139 quae
1899 3095 1987 3131 diffita
2011 3095 2083 3131 sunt
2105 3097 2172 3131 fer-

1162 3144 1214 3167 me
1237 3134 1346 3181 omnia
1367 3133 1448 3175 justa
1471 3136 1555 3168 inter
1578 3136 1607 3170 se
1629 3140 1840 3180 proportione
1855 3152 1865 3171 :
1888 3142 1920 3174 δι
1953 3139 2060 3174 cordis
2094 3142 2170 3184 qui-

1162 3177 1259 3216 dem,
1283 3177 1409 3221 ejusque
1433 3180 1599 3221 partium,
1626 3182 1659 3214 δέ
1681 3190 1928 3217 memoratarum
1959 3184 2169 3225 arteriarum,

1162 3219 1186 3254 fi
1210 3219 1370 3254 conferres
1393 3232 1468 3255 cum
1491 3223 1618 3267 reliquo
1639 3235 1800 3267 corpore,
1822 3226 1947 3259 auctam
1970 3227 2169 3269 magnitudi-

1161 3276 1235 3298 nem
1256 3264 1460 3307 cognosceres
1469 3278 1483 3304 3,
1502 3277 1568 3300 non
1590 3267 1768 3310 plurimum
1792 3277 1896 3302 tamen
1921 3270 2165 3306 auctam.cum

1160 3306 1229 3342 haec
1254 3309 1357 3350 igitur
1380 3309 1426 3341 ita
1450 3307 1479 3342 se
1502 3309 1675 3349 haberent,
1698 3322 1755 3345 nec
1779 3313 1942 3356 plurima,
1965 3322 2002 3347 ut
2024 3312 2094 3348 dixi
2129 3315 2164 3348 in

1159 3351 1364 3395 pericardio,
1386 3361 1440 3386 aut
1463 3352 1594 3388 thorace
1617 3353 1723 3388 fuisset
1746 3366 1847 3398 aqua,
1869 3358 1904 3389 <Sc
1926 3356 2094 3399 pulmones
2119 3356 2168 3390 sa*-

1158 3397 1193 3429 ni
1214 3394 1495 3439 conspicerentur;
1515 3399 1601 3440 coepi
1616 3397 1805 3439 diligentius
1822 3408 1891 3434 tum
1900 3410 1981 3441 cor,
2000 3409 2073 3435 tum
2095 3400 2166 3435 illas

1158 3442 1289 3473 arterias
1298 3462 1310 3479 ‚
1319 3449 1389 3473 tum
1400 3440 1460 3473 alia
1471 3441 1541 3474 vasa
1553 3446 1584 3475 &
1596 3451 1700 3482 extra,
1710 3444 1742 3475 &
1756 3443 1840 3476 intra
1853 3443 2021 3485 pulmones
2031 3443 2167 3487 inspice-

1159 3495 1211 3517 re.
1239 3482 1298 3516 Sed
1323 3484 1357 3516 in
1380 3484 1477 3517 corde
1498 3484 1582 3518 nihil
1605 3494 1756 3528 praeterea
1778 3485 1930 3521 adnotare
1953 3487 2073 3530 potui,
2104 3487 2163 3522 nisi

1161 3528 1196 3560 in
1220 3527 1345 3561 valvula
1367 3525 1483 3569 majori
1507 3528 1636 3563 Mitrali
1658 3539 1722 3571 qua
1745 3526 1827 3563 facie
1838 3530 1969 3563 alteram
1982 3530 2167 3574 speetabat,

1160 3569 1321 3605 mediocre
1344 3569 1528 3605 semilunare
1549 3571 1734 3613 orificium,
1753 3582 1809 3614 per
1830 3571 1918 3616 quod
1941 3573 2169 3616 specillumiu-

1160 3624 1209 3648 ter
1232 3614 1364 3648 valvulae
1386 3614 1584 3650 membranas
1608 3615 1646 3650 ad
1678 3616 1798 3650 lineam
1829 3611 1961 3650 circiter
1989 3617 2167 3654 secundum.

2022 3662 2129 3706 longi-

251 3817 288 3840 ne
304 3814 447 3845 Aneurrsm.
463 3818 479 3842 l.
500 3823 522 3842 ει.
537 3823 562 3842 ε.
578 3824 598 3843 r.
615 3815 712 3848 Propos-
727 3818 752 3841 6.

286 3844 291 3848 .
827 3820 843 3848 (
854 3827 873 3850 ε
890 3817 900 3848 )
917 3819 991 3850 Epist.
1010 3826 1046 3849 17.
1063 3820 1085 3844 a:
1102 3820 1138 3843 18.

255 3845 317 3873 lbid.
333 3854 356 3871 n.
377 3854 413 3876 ις.

167 3813 239 3875 εἰ),

1200 3819 1215 3848 ζ
1231 3819 1245 3843 b
1262 3819 1274 3847 )
1291 3817 1367 3847 Epist,
1385 3825 1419 3846 ¹7.
1435 3824 1460 3842 n.
1477 3825 1513 3843 ιι.
1576 3818 1634 3847 (ι’)
1651 3816 1723 3847 Epist.
1742 3820 1777 3843 13.
1796 3826 1822 3843 n.
1838 3827 1860 3847 a,
