<?xml version="1.0" encoding="UTF-8"?>
<!DOCTYPE html PUBLIC "-//W3C//DTD XHTML 1.0 Transitional//EN"
    "http://www.w3.org/TR/xhtml1/DTD/xhtml1-transitional.dtd">
<html xmlns="http://www.w3.org/1999/xhtml" xml:lang="en" lang="en">
 <head>
  <title>
</title>
<meta http-equiv="Content-Type" content="text/html;charset=utf-8" />
  <meta name='ocr-system' content='tesseract 3.04.00' />
  <meta name='ocr-capabilities' content='ocr_page ocr_carea ocr_par ocr_line ocrx_word'/>
</head>
<body>
  <div class='ocr_page' id='page_1' title='image "./desedibusetcausi00morg_0150.png"; bbox 0 0 2498 4075; ppageno 0'>
   <div class='ocr_carea' id='block_1_1' title="bbox 422 173 486 224">
    <p class='ocr_par' dir='ltr' id='par_1_1' title="bbox 422 173 486 224">
     <span class='ocr_line' id='line_1_1' title="bbox 422 173 486 224; baseline 0 -7"><span class='ocrx_word' id='word_1_1' title='bbox 422 173 486 224; x_wconf 74' lang='lat'>52</span> 
     </span>
    </p>
   </div>
   <div class='ocr_carea' id='block_1_2' title="bbox 343 240 1381 3617">
    <p class='ocr_par' dir='ltr' id='par_1_2' title="bbox 343 240 1381 3617">
     <span class='ocr_line' id='line_1_2' title="bbox 350 240 1366 287; baseline 0.001 -11"><span class='ocrx_word' id='word_1_2' title='bbox 350 243 506 286; x_wconf 64' lang='lat' dir='ltr'>Figulum</span> <span class='ocrx_word' id='word_1_3' title='bbox 530 240 677 282; x_wconf 68' lang='lat' dir='ltr'>redemi,-</span> <span class='ocrx_word' id='word_1_4' title='bbox 700 240 780 276; x_wconf 88' lang='lat' dir='ltr'>ficut</span> <span class='ocrx_word' id='word_1_5' title='bbox 804 244 940 287; x_wconf 88' lang='lat' dir='ltr'>pulmo,</span> <span class='ocrx_word' id='word_1_6' title='bbox 963 247 995 278; x_wconf 88' lang='lat'>&amp;</span> <span class='ocrx_word' id='word_1_7' title='bbox 1019 245 1151 285; x_wconf 85' lang='lat' dir='ltr'>pleura,</span> <span class='ocrx_word' id='word_1_8' title='bbox 1176 246 1209 277; x_wconf 68' lang='grc' dir='ltr'>ὃ(</span> <span class='ocrx_word' id='word_1_9' title='bbox 1227 245 1366 287; x_wconf 86' lang='lat' dir='ltr'>pericar-</span> 
     </span>
     <span class='ocr_line' id='line_1_3' title="bbox 351 285 1366 327; baseline 0.003 -9"><span class='ocrx_word' id='word_1_10' title='bbox 351 285 443 326; x_wconf 72' lang='lat' dir='ltr'>dinm</span> <span class='ocrx_word' id='word_1_11' title='bbox 465 285 659 322; x_wconf 83' lang='lat' dir='ltr'>inflammata</span> <span class='ocrx_word' id='word_1_12' title='bbox 681 295 770 320; x_wconf 86' lang='lat' dir='ltr'>erant</span> <span class='ocrx_word' id='word_1_13' title='bbox 785 299 801 320; x_wconf 90' lang='lat' dir='ltr'>a</span> <span class='ocrx_word' id='word_1_14' title='bbox 815 286 945 321; x_wconf 83' lang='lat' dir='ltr'>sinistris</span> <span class='ocrx_word' id='word_1_15' title='bbox 962 310 972 327; x_wconf 91' lang='lat'>,</span> <span class='ocrx_word' id='word_1_16' title='bbox 996 288 1220 320; x_wconf 81' lang='lat' dir='ltr'>ita&amp;meninx</span> <span class='ocrx_word' id='word_1_17' title='bbox 1243 289 1366 321; x_wconf 86' lang='lat' dir='ltr'>Tenuis</span> 
     </span>
     <span class='ocr_line' id='line_1_4' title="bbox 350 329 1364 373; baseline 0.001 -10"><span class='ocrx_word' id='word_1_18' title='bbox 350 330 552 368; x_wconf 73' lang='lat' dir='ltr'>inflammata</span> <span class='ocrx_word' id='word_1_19' title='bbox 578 336 642 364; x_wconf 79' lang='lat' dir='ltr'>erat</span> <span class='ocrx_word' id='word_1_20' title='bbox 667 329 706 363; x_wconf 76' lang='lat' dir='ltr'>ab</span> <span class='ocrx_word' id='word_1_21' title='bbox 730 330 839 364; x_wconf 87' lang='lat' dir='ltr'>eodem</span> <span class='ocrx_word' id='word_1_22' title='bbox 862 331 956 365; x_wconf 83' lang='lat' dir='ltr'>latere</span> <span class='ocrx_word' id='word_1_23' title='bbox 969 354 981 371; x_wconf 95' lang='lat'>,</span> <span class='ocrx_word' id='word_1_24' title='bbox 1016 331 1162 373; x_wconf 89' lang='lat' dir='ltr'>exemplo</span> <span class='ocrx_word' id='word_1_25' title='bbox 1184 330 1267 365; x_wconf 89' lang='lat' dir='ltr'>haud</span> <span class='ocrx_word' id='word_1_26' title='bbox 1298 331 1364 364; x_wconf 89' lang='lat' dir='ltr'>scio</span> 
     </span>
     <span class='ocr_line' id='line_1_5' title="bbox 351 370 1363 413; baseline 0.004 -10"><span class='ocrx_word' id='word_1_27' title='bbox 351 383 390 408; x_wconf 82' lang='lat' dir='ltr'>an</span> <span class='ocrx_word' id='word_1_28' title='bbox 415 373 456 405; x_wconf 92' lang='lat' dir='ltr'>ab</span> <span class='ocrx_word' id='word_1_29' title='bbox 480 371 550 404; x_wconf 86' lang='lat' dir='ltr'>aliis</span> <span class='ocrx_word' id='word_1_30' title='bbox 575 371 749 413; x_wconf 87' lang='lat' dir='ltr'>adnotato,</span> <span class='ocrx_word' id='word_1_31' title='bbox 773 372 824 409; x_wconf 85' lang='lat' dir='ltr'>sed</span> <span class='ocrx_word' id='word_1_32' title='bbox 847 383 952 409; x_wconf 84' lang='lat' dir='ltr'>tamen</span> <span class='ocrx_word' id='word_1_33' title='bbox 976 370 1104 411; x_wconf 75' lang='lat' dir='ltr'>fortasse</span> <span class='ocrx_word' id='word_1_34' title='bbox 1128 384 1191 406; x_wconf 91' lang='lat' dir='ltr'>non</span> <span class='ocrx_word' id='word_1_35' title='bbox 1222 373 1363 410; x_wconf 77' lang='lat' dir='ltr'>dislimili</span> 
     </span>
     <span class='ocr_line' id='line_1_6' title="bbox 351 415 1365 460; baseline 0.003 -13"><span class='ocrx_word' id='word_1_36' title='bbox 351 416 480 452; x_wconf 82' lang='lat' dir='ltr'>ratione</span> <span class='ocrx_word' id='word_1_37' title='bbox 502 415 692 458; x_wconf 80' lang='lat' dir='ltr'>explicando</span> <span class='ocrx_word' id='word_1_38' title='bbox 706 440 715 455; x_wconf 89' lang='lat'><em>‚</em></span> <span class='ocrx_word' id='word_1_39' title='bbox 737 427 771 449; x_wconf 92' lang='lat' dir='ltr'>ac</span> <span class='ocrx_word' id='word_1_40' title='bbox 794 416 896 459; x_wconf 85' lang='lat' dir='ltr'>major</span> <span class='ocrx_word' id='word_1_41' title='bbox 917 418 951 452; x_wconf 87' lang='lat' dir='ltr'>in</span> <span class='ocrx_word' id='word_1_42' title='bbox 974 428 1007 449; x_wconf 89' lang='lat' dir='ltr'>ea</span> <span class='ocrx_word' id='word_1_43' title='bbox 1027 417 1107 449; x_wconf 85' lang='lat' dir='ltr'>mala</span> <span class='ocrx_word' id='word_1_44' title='bbox 1121 417 1219 450; x_wconf 90' lang='lat' dir='ltr'>rubor</span> <span class='ocrx_word' id='word_1_45' title='bbox 1230 429 1300 460; x_wconf 87' lang='lat' dir='ltr'>quae</span> <span class='ocrx_word' id='word_1_46' title='bbox 1314 420 1365 450; x_wconf 90' lang='lat' dir='ltr'>vi-</span> 
     </span>
     <span class='ocr_line' id='line_1_7' title="bbox 352 457 1363 502; baseline 0.003 -12"><span class='ocrx_word' id='word_1_47' title='bbox 352 459 439 496; x_wconf 69' lang='lat' dir='ltr'>tiato</span> <span class='ocrx_word' id='word_1_48' title='bbox 465 458 503 491; x_wconf 90' lang='lat' dir='ltr'>ab</span> <span class='ocrx_word' id='word_1_49' title='bbox 524 457 638 492; x_wconf 85' lang='lat' dir='ltr'>eodem</span> <span class='ocrx_word' id='word_1_50' title='bbox 660 459 756 491; x_wconf 89' lang='lat' dir='ltr'>latere</span> <span class='ocrx_word' id='word_1_51' title='bbox 779 459 925 502; x_wconf 86' lang='lat' dir='ltr'>pulmoni</span> <span class='ocrx_word' id='word_1_52' title='bbox 937 459 1126 502; x_wconf 82' lang='lat' dir='ltr'>respondet,</span> <span class='ocrx_word' id='word_1_53' title='bbox 1149 460 1271 502; x_wconf 88' lang='lat' dir='ltr'>aliaque</span> <span class='ocrx_word' id='word_1_54' title='bbox 1283 459 1363 501; x_wconf 82' lang='lat' dir='ltr'>ejus-</span> 
     </span>
     <span class='ocr_line' id='line_1_8' title="bbox 351 500 1361 547; baseline 0.002 -13"><span class='ocrx_word' id='word_1_55' title='bbox 351 500 442 535; x_wconf 88' lang='lat' dir='ltr'>modi</span> <span class='ocrx_word' id='word_1_56' title='bbox 467 513 536 544; x_wconf 81' lang='lat' dir='ltr'>quae</span> <span class='ocrx_word' id='word_1_57' title='bbox 561 509 628 539; x_wconf 62' lang='grc' dir='ltr'>κατ’</span> <span class='ocrx_word' id='word_1_58' title='bbox 648 508 705 547; x_wconf 59' lang='grc' dir='ltr'>ἴξιν</span> <span class='ocrx_word' id='word_1_59' title='bbox 729 501 810 537; x_wconf 85' lang='lat' dir='ltr'>fiunt</span> <span class='ocrx_word' id='word_1_60' title='bbox 831 525 844 544; x_wconf 84' lang='lat'>,</span> <span class='ocrx_word' id='word_1_61' title='bbox 874 511 910 538; x_wconf 86' lang='lat' dir='ltr'>ut</span> <span class='ocrx_word' id='word_1_62' title='bbox 933 503 1151 544; x_wconf 82' lang='lat' dir='ltr'>Hippocratis</span> <span class='ocrx_word' id='word_1_63' title='bbox 1184 504 1361 545; x_wconf 86' lang='lat' dir='ltr'>loquuntur</span> 
     </span>
     <span class='ocr_line' id='line_1_9' title="bbox 351 545 1360 588; baseline 0.003 -12"><span class='ocrx_word' id='word_1_64' title='bbox 351 547 571 588; x_wconf 73' lang='lat' dir='ltr'>Interpretes,</span> <span class='ocrx_word' id='word_1_65' title='bbox 594 550 625 580; x_wconf 88' lang='lat'>&amp;</span> <span class='ocrx_word' id='word_1_66' title='bbox 650 549 682 579; x_wconf 90' lang='lat' dir='ltr'>in</span> <span class='ocrx_word' id='word_1_67' title='bbox 709 546 758 578; x_wconf 80' lang='lat' dir='ltr'>his</span> <span class='ocrx_word' id='word_1_68' title='bbox 780 547 923 579; x_wconf 84' lang='lat' dir='ltr'>Duretus</span> <span class='ocrx_word' id='word_1_69' title='bbox 947 549 960 584; x_wconf 91' lang='lat'>(</span> <span class='ocrx_word' id='word_1_70' title='bbox 982 557 1001 578; x_wconf 89' lang='lat' dir='ltr'>u</span> <span class='ocrx_word' id='word_1_71' title='bbox 1024 550 1059 585; x_wconf 89' lang='lat'>),</span> <span class='ocrx_word' id='word_1_72' title='bbox 1083 545 1148 587; x_wconf 79' lang='lat' dir='ltr'>ubi</span> <span class='ocrx_word' id='word_1_73' title='bbox 1182 546 1269 579; x_wconf 90' lang='lat' dir='ltr'>illius</span> <span class='ocrx_word' id='word_1_74' title='bbox 1305 558 1360 579; x_wconf 87' lang='lat' dir='ltr'>ex-</span> 
     </span>
     <span class='ocr_line' id='line_1_10' title="bbox 351 588 1361 632; baseline 0.002 -11"><span class='ocrx_word' id='word_1_75' title='bbox 351 589 450 631; x_wconf 88' lang='lat' dir='ltr'>ponit</span> <span class='ocrx_word' id='word_1_76' title='bbox 475 589 607 627; x_wconf 78' lang='lat' dir='ltr'>locum:</span> <span class='ocrx_word' id='word_1_77' title='bbox 636 588 749 631; x_wconf 77' lang='lat' dir='ltr'>quibus</span> <span class='ocrx_word' id='word_1_78' title='bbox 768 589 1050 630; x_wconf 73' lang='lat' dir='ltr'><em>peripneumonicis</em></span> <span class='ocrx_word' id='word_1_79' title='bbox 1083 597 1151 621; x_wconf 76' lang='lat' dir='ltr'>tota</span> <span class='ocrx_word' id='word_1_80' title='bbox 1183 588 1290 631; x_wconf 79' lang='lat' dir='ltr'>lingua</span> <span class='ocrx_word' id='word_1_81' title='bbox 1316 588 1361 632; x_wconf 76' lang='lat' dir='ltr'>fit</span> 
     </span>
     <span class='ocr_line' id='line_1_11' title="bbox 355 630 1357 673; baseline 0.001 -9"><span class='ocrx_word' id='word_1_82' title='bbox 355 631 428 669; x_wconf 80' lang='lat' dir='ltr'>alba</span> <span class='ocrx_word' id='word_1_83' title='bbox 451 633 493 664; x_wconf 57' lang='grc' dir='ltr'>εἴ]</span> <span class='ocrx_word' id='word_1_84' title='bbox 518 632 647 673; x_wconf 79' lang='lat' dir='ltr'>aspera3</span> <span class='ocrx_word' id='word_1_85' title='bbox 666 631 830 672; x_wconf 78' lang='lat' dir='ltr'><em>pulmonis</em></span> <span class='ocrx_word' id='word_1_86' title='bbox 854 631 949 664; x_wconf 75' lang='lat' dir='ltr'>ambae</span> <span class='ocrx_word' id='word_1_87' title='bbox 993 641 1078 669; x_wconf 78' lang='lat' dir='ltr'>artes</span> <span class='ocrx_word' id='word_1_88' title='bbox 1101 630 1357 673; x_wconf 69' lang='lat' dir='ltr'>inflammantur:</span> 
     </span>
     <span class='ocr_line' id='line_1_12' title="bbox 353 674 1359 716; baseline -0.004 -8"><span class='ocrx_word' id='word_1_89' title='bbox 353 674 468 716; x_wconf 78' lang='lat' dir='ltr'>quibus</span> <span class='ocrx_word' id='word_1_90' title='bbox 492 683 597 708; x_wconf 82' lang='lat' dir='ltr'>autem</span> <span class='ocrx_word' id='word_1_91' title='bbox 621 674 776 713; x_wconf 73' lang='lat' dir='ltr'>dimidia,</span> <span class='ocrx_word' id='word_1_92' title='bbox 801 682 926 709; x_wconf 80' lang='lat' dir='ltr'>tantum</span> <span class='ocrx_word' id='word_1_93' title='bbox 949 674 1006 707; x_wconf 83' lang='lat' dir='ltr'>ila</span> <span class='ocrx_word' id='word_1_94' title='bbox 1036 685 1112 716; x_wconf 80' lang='lat' dir='ltr'>pars</span> <span class='ocrx_word' id='word_1_95' title='bbox 1144 685 1208 715; x_wconf 74' lang='lat' dir='ltr'>quae</span> <span class='ocrx_word' id='word_1_96' title='bbox 1234 674 1359 716; x_wconf 69' lang='lat' dir='ltr'>spetfla.</span> 
     </span>
     <span class='ocr_line' id='line_1_13' title="bbox 351 715 1358 759; baseline 0.003 -10"><span class='ocrx_word' id='word_1_97' title='bbox 351 725 425 752; x_wconf 62' lang='lat' dir='ltr'>tur⁴⁹</span> <span class='ocrx_word' id='word_1_98' title='bbox 452 718 511 749; x_wconf 87' lang='lat' dir='ltr'>Illa</span> <span class='ocrx_word' id='word_1_99' title='bbox 537 726 643 756; x_wconf 81' lang='lat' dir='ltr'>autem</span> <span class='ocrx_word' id='word_1_100' title='bbox 667 715 847 759; x_wconf 83' lang='lat' dir='ltr'>explicandi</span> <span class='ocrx_word' id='word_1_101' title='bbox 873 718 983 756; x_wconf 86' lang='lat' dir='ltr'>ratio,</span> <span class='ocrx_word' id='word_1_102' title='bbox 1007 717 1062 750; x_wconf 83' lang='lat' dir='ltr'>etfi</span> <span class='ocrx_word' id='word_1_103' title='bbox 1086 725 1154 749; x_wconf 87' lang='lat' dir='ltr'>tam</span> <span class='ocrx_word' id='word_1_104' title='bbox 1178 716 1321 752; x_wconf 85' lang='lat' dir='ltr'>difficilis</span> <span class='ocrx_word' id='word_1_105' title='bbox 1344 742 1358 759; x_wconf 85' lang='lat'>,</span> 
     </span>
     <span class='ocr_line' id='line_1_14' title="bbox 351 758 1359 803; baseline 0.003 -12"><span class='ocrx_word' id='word_1_106' title='bbox 351 762 384 792; x_wconf 69' lang='grc' dir='ltr'>δε</span> <span class='ocrx_word' id='word_1_107' title='bbox 411 760 529 795; x_wconf 85' lang='lat' dir='ltr'>retrusa</span> <span class='ocrx_word' id='word_1_108' title='bbox 548 782 557 796; x_wconf 92' lang='lat'>‚</span> <span class='ocrx_word' id='word_1_109' title='bbox 581 771 636 793; x_wconf 89' lang='lat' dir='ltr'>aut</span> <span class='ocrx_word' id='word_1_110' title='bbox 658 768 758 797; x_wconf 89' lang='lat' dir='ltr'>certe,</span> <span class='ocrx_word' id='word_1_111' title='bbox 783 758 807 793; x_wconf 79' lang='lat' dir='ltr'>si</span> <span class='ocrx_word' id='word_1_112' title='bbox 830 758 866 791; x_wconf 89' lang='lat' dir='ltr'>ad</span> <span class='ocrx_word' id='word_1_113' title='bbox 891 771 1003 792; x_wconf 87' lang='lat' dir='ltr'>nervos</span> <span class='ocrx_word' id='word_1_114' title='bbox 1025 760 1124 792; x_wconf 88' lang='lat' dir='ltr'>etiam</span> <span class='ocrx_word' id='word_1_115' title='bbox 1158 759 1325 803; x_wconf 83' lang='lat' dir='ltr'>confugias</span> <span class='ocrx_word' id='word_1_116' title='bbox 1347 784 1359 801; x_wconf 85' lang='lat'>,</span> 
     </span>
     <span class='ocr_line' id='line_1_15' title="bbox 351 802 1361 845; baseline 0.006 -12"><span class='ocrx_word' id='word_1_117' title='bbox 351 802 504 845; x_wconf 74' lang='lat' dir='ltr'>ambigua</span> <span class='ocrx_word' id='word_1_118' title='bbox 526 802 590 842; x_wconf 85' lang='lat' dir='ltr'>fit,</span> <span class='ocrx_word' id='word_1_119' title='bbox 613 813 708 845; x_wconf 81' lang='lat' dir='ltr'>quam</span> <span class='ocrx_word' id='word_1_120' title='bbox 732 814 771 836; x_wconf 87' lang='lat' dir='ltr'>ex</span> <span class='ocrx_word' id='word_1_121' title='bbox 793 813 902 836; x_wconf 87' lang='lat' dir='ltr'>eorum</span> <span class='ocrx_word' id='word_1_122' title='bbox 938 803 1073 845; x_wconf 81' lang='lat' dir='ltr'>Scriptis</span> <span class='ocrx_word' id='word_1_123' title='bbox 1104 803 1160 845; x_wconf 90' lang='lat' dir='ltr'>qui</span> <span class='ocrx_word' id='word_1_124' title='bbox 1195 815 1263 836; x_wconf 88' lang='lat' dir='ltr'>eam</span> <span class='ocrx_word' id='word_1_125' title='bbox 1287 817 1361 839; x_wconf 87' lang='lat' dir='ltr'>cum</span> 
     </span>
     <span class='ocr_line' id='line_1_16' title="bbox 353 844 1362 890; baseline 0.006 -14"><span class='ocrx_word' id='word_1_126' title='bbox 353 854 443 879; x_wconf 87' lang='lat' dir='ltr'>antea</span> <span class='ocrx_word' id='word_1_127' title='bbox 459 869 470 885; x_wconf 87' lang='lat'>,</span> <span class='ocrx_word' id='word_1_128' title='bbox 493 856 565 879; x_wconf 86' lang='lat' dir='ltr'>tum</span> <span class='ocrx_word' id='word_1_129' title='bbox 588 854 681 878; x_wconf 79' lang='lat' dir='ltr'>aetate</span> <span class='ocrx_word' id='word_1_130' title='bbox 706 844 764 878; x_wconf 89' lang='lat' dir='ltr'>hac</span> <span class='ocrx_word' id='word_1_131' title='bbox 787 845 891 881; x_wconf 80' lang='lat' dir='ltr'>nostra</span> <span class='ocrx_word' id='word_1_132' title='bbox 914 848 1098 888; x_wconf 77' lang='lat' dir='ltr'>excogitare</span> <span class='ocrx_word' id='word_1_133' title='bbox 1119 849 1230 883; x_wconf 84' lang='lat' dir='ltr'>conati</span> <span class='ocrx_word' id='word_1_134' title='bbox 1255 847 1326 882; x_wconf 87' lang='lat' dir='ltr'>sunt</span> <span class='ocrx_word' id='word_1_135' title='bbox 1349 873 1362 890; x_wconf 94' lang='lat'>,</span> 
     </span>
     <span class='ocr_line' id='line_1_17' title="bbox 348 887 1360 935; baseline 0.008 -17"><span class='ocrx_word' id='word_1_136' title='bbox 348 887 496 929; x_wconf 85' lang='lat' dir='ltr'>proclive</span> <span class='ocrx_word' id='word_1_137' title='bbox 516 888 558 921; x_wconf 86' lang='lat' dir='ltr'>est</span> <span class='ocrx_word' id='word_1_138' title='bbox 582 889 781 927; x_wconf 84' lang='lat' dir='ltr'>existimare3</span> <span class='ocrx_word' id='word_1_139' title='bbox 805 899 1033 931; x_wconf 77' lang='lat' dir='ltr'>nonnunquam</span> <span class='ocrx_word' id='word_1_140' title='bbox 1055 898 1161 923; x_wconf 87' lang='lat' dir='ltr'>tamen</span> <span class='ocrx_word' id='word_1_141' title='bbox 1193 891 1360 935; x_wconf 86' lang='lat' dir='ltr'>aliquanto</span> 
     </span>
     <span class='ocr_line' id='line_1_18' title="bbox 351 931 1360 977; baseline 0.006 -14"><span class='ocrx_word' id='word_1_142' title='bbox 351 931 463 969; x_wconf 82' lang='lat' dir='ltr'>minus</span> <span class='ocrx_word' id='word_1_143' title='bbox 488 931 689 966; x_wconf 84' lang='lat' dir='ltr'>difficultatis</span> <span class='ocrx_word' id='word_1_144' title='bbox 714 932 826 966; x_wconf 89' lang='lat' dir='ltr'>habere</span> <span class='ocrx_word' id='word_1_145' title='bbox 850 931 978 977; x_wconf 88' lang='lat' dir='ltr'>potest,</span> <span class='ocrx_word' id='word_1_146' title='bbox 1001 933 1087 966; x_wconf 89' lang='lat' dir='ltr'>velut</span> <span class='ocrx_word' id='word_1_147' title='bbox 1112 932 1191 974; x_wconf 87' lang='lat' dir='ltr'>hic,</span> <span class='ocrx_word' id='word_1_148' title='bbox 1215 932 1236 967; x_wconf 84' lang='lat' dir='ltr'>fi</span> <span class='ocrx_word' id='word_1_149' title='bbox 1270 936 1360 969; x_wconf 88' lang='lat' dir='ltr'>illam</span> 
     </span>
     <span class='ocr_line' id='line_1_19' title="bbox 352 973 1361 1018; baseline 0.006 -12"><span class='ocrx_word' id='word_1_150' title='bbox 352 973 522 1016; x_wconf 86' lang='lat' dir='ltr'>pulmonis</span> <span class='ocrx_word' id='word_1_151' title='bbox 547 974 661 1011; x_wconf 84' lang='lat' dir='ltr'>finistri</span> <span class='ocrx_word' id='word_1_152' title='bbox 687 976 863 1018; x_wconf 84' lang='lat' dir='ltr'>supremam</span> <span class='ocrx_word' id='word_1_153' title='bbox 887 985 1008 1017; x_wconf 86' lang='lat' dir='ltr'>partem</span> <span class='ocrx_word' id='word_1_154' title='bbox 1032 988 1095 1011; x_wconf 90' lang='lat' dir='ltr'>non</span> <span class='ocrx_word' id='word_1_155' title='bbox 1117 977 1219 1013; x_wconf 84' lang='lat' dir='ltr'>solum</span> <span class='ocrx_word' id='word_1_156' title='bbox 1240 978 1361 1015; x_wconf 84' lang='lat' dir='ltr'>duritie</span> 
     </span>
     <span class='ocr_line' id='line_1_20' title="bbox 354 1017 1362 1062; baseline 0.006 -12"><span class='ocrx_word' id='word_1_157' title='bbox 354 1017 407 1050; x_wconf 86' lang='lat' dir='ltr'>sua</span> <span class='ocrx_word' id='word_1_158' title='bbox 433 1020 590 1062; x_wconf 82' lang='lat' dir='ltr'>antiqua,</span> <span class='ocrx_word' id='word_1_159' title='bbox 624 1018 675 1053; x_wconf 88' lang='lat' dir='ltr'>sed</span> <span class='ocrx_word' id='word_1_160' title='bbox 709 1030 789 1053; x_wconf 89' lang='lat' dir='ltr'>nova</span> <span class='ocrx_word' id='word_1_161' title='bbox 822 1018 929 1054; x_wconf 85' lang='lat' dir='ltr'>addita</span> <span class='ocrx_word' id='word_1_162' title='bbox 963 1029 1033 1053; x_wconf 90' lang='lat' dir='ltr'>tum</span> <span class='ocrx_word' id='word_1_163' title='bbox 1066 1033 1081 1054; x_wconf 89' lang='lat' dir='ltr'>a</span> <span class='ocrx_word' id='word_1_164' title='bbox 1115 1021 1261 1060; x_wconf 85' lang='lat' dir='ltr'>spumoso</span> <span class='ocrx_word' id='word_1_165' title='bbox 1292 1023 1362 1056; x_wconf 86' lang='lat' dir='ltr'>sero</span> 
     </span>
     <span class='ocr_line' id='line_1_21' title="bbox 352 1062 1362 1105; baseline 0.007 -11"><span class='ocrx_word' id='word_1_166' title='bbox 352 1063 542 1103; x_wconf 70' lang='lat' dir='ltr'>turgentia,</span> <span class='ocrx_word' id='word_1_167' title='bbox 565 1072 635 1095; x_wconf 89' lang='lat' dir='ltr'>tum</span> <span class='ocrx_word' id='word_1_168' title='bbox 659 1074 674 1100; x_wconf 87' lang='lat' dir='ltr'>a</span> <span class='ocrx_word' id='word_1_169' title='bbox 697 1063 827 1105; x_wconf 79' lang='lat' dir='ltr'>pleni-a,</span> <span class='ocrx_word' id='word_1_170' title='bbox 851 1062 897 1099; x_wconf 88' lang='lat' dir='ltr'>ibi</span> <span class='ocrx_word' id='word_1_171' title='bbox 920 1063 1060 1096; x_wconf 84' lang='lat' dir='ltr'>craffiore</span> <span class='ocrx_word' id='word_1_172' title='bbox 1083 1064 1272 1105; x_wconf 65' lang='lat' dir='ltr'>fafta,com</span> <span class='ocrx_word' id='word_1_173' title='bbox 1301 1065 1362 1101; x_wconf 84' lang='lat' dir='ltr'>res—</span> 
     </span>
     <span class='ocr_line' id='line_1_22' title="bbox 353 1103 1360 1149; baseline 0.007 -13"><span class='ocrx_word' id='word_1_174' title='bbox 353 1103 460 1142; x_wconf 77' lang='lat' dir='ltr'>iione,</span> <span class='ocrx_word' id='word_1_175' title='bbox 484 1104 637 1138; x_wconf 89' lang='lat' dir='ltr'>nonnihil</span> <span class='ocrx_word' id='word_1_176' title='bbox 660 1117 772 1148; x_wconf 80' lang='lat' dir='ltr'>urgere</span> <span class='ocrx_word' id='word_1_177' title='bbox 796 1104 952 1149; x_wconf 76' lang='lat' dir='ltr'>potuisse,</span> <span class='ocrx_word' id='word_1_178' title='bbox 978 1108 1176 1149; x_wconf 81' lang='lat' dir='ltr'>opinemur,</span> <span class='ocrx_word' id='word_1_179' title='bbox 1208 1105 1263 1140; x_wconf 86' lang='lat' dir='ltr'>fini</span> <span class='ocrx_word' id='word_1_180' title='bbox 1294 1121 1360 1143; x_wconf 90' lang='lat' dir='ltr'>ram</span> 
     </span>
     <span class='ocr_line' id='line_1_23' title="bbox 354 1147 1360 1194; baseline 0.008 -15"><span class='ocrx_word' id='word_1_181' title='bbox 354 1147 558 1180; x_wconf 79' lang='lat' dir='ltr'>Subclaviam</span> <span class='ocrx_word' id='word_1_182' title='bbox 591 1160 702 1185; x_wconf 81' lang='lat' dir='ltr'>venam</span> <span class='ocrx_word' id='word_1_183' title='bbox 730 1171 740 1187; x_wconf 86' lang='lat'>,</span> <span class='ocrx_word' id='word_1_184' title='bbox 773 1152 805 1183; x_wconf 65' lang='grc' dir='ltr'>ὃ(</span> <span class='ocrx_word' id='word_1_185' title='bbox 835 1148 922 1190; x_wconf 85' lang='lat' dir='ltr'>quod</span> <span class='ocrx_word' id='word_1_186' title='bbox 955 1149 1188 1194; x_wconf 84' lang='lat' dir='ltr'>consequitur,</span> <span class='ocrx_word' id='word_1_187' title='bbox 1222 1151 1360 1187; x_wconf 86' lang='lat' dir='ltr'>reditum</span> 
     </span>
     <span class='ocr_line' id='line_1_24' title="bbox 350 1190 1361 1236; baseline 0.006 -13"><span class='ocrx_word' id='word_1_188' title='bbox 350 1190 517 1233; x_wconf 82' lang='lat' dir='ltr'>sanguinis</span> <span class='ocrx_word' id='word_1_189' title='bbox 541 1203 557 1224; x_wconf 84' lang='lat' dir='ltr'>a</span> <span class='ocrx_word' id='word_1_190' title='bbox 583 1201 671 1233; x_wconf 87' lang='lat' dir='ltr'>parte</span> <span class='ocrx_word' id='word_1_191' title='bbox 693 1193 811 1235; x_wconf 86' lang='lat' dir='ltr'>capitis</span> <span class='ocrx_word' id='word_1_192' title='bbox 833 1192 976 1233; x_wconf 81' lang='lat' dir='ltr'>sinistra,</span> <span class='ocrx_word' id='word_1_193' title='bbox 999 1205 1069 1235; x_wconf 84' lang='lat' dir='ltr'>quae</span> <span class='ocrx_word' id='word_1_194' title='bbox 1094 1203 1240 1236; x_wconf 81' lang='lat' dir='ltr'>praeterea</span> <span class='ocrx_word' id='word_1_195' title='bbox 1271 1195 1361 1230; x_wconf 81' lang='lat' dir='ltr'>infir-</span> 
     </span>
     <span class='ocr_line' id='line_1_25' title="bbox 346 1234 1361 1282; baseline 0.006 -16"><span class='ocrx_word' id='word_1_196' title='bbox 346 1234 455 1274; x_wconf 84' lang='lat' dir='ltr'>mior,</span> <span class='ocrx_word' id='word_1_197' title='bbox 480 1246 575 1276; x_wconf 86' lang='lat' dir='ltr'>quam</span> <span class='ocrx_word' id='word_1_198' title='bbox 599 1234 751 1276; x_wconf 86' lang='lat' dir='ltr'>dextera,</span> <span class='ocrx_word' id='word_1_199' title='bbox 772 1235 937 1275; x_wconf 88' lang='lat' dir='ltr'>creditur,</span> <span class='ocrx_word' id='word_1_200' title='bbox 970 1240 1120 1270; x_wconf 89' lang='lat' dir='ltr'>remorari</span> <span class='ocrx_word' id='word_1_201' title='bbox 1143 1263 1149 1269; x_wconf 87' lang='lat'><strong><em>.</em></strong></span> <span class='ocrx_word' id='word_1_202' title='bbox 1186 1239 1361 1282; x_wconf 83' lang='lat' dir='ltr'>Utcunque</span> 
     </span>
     <span class='ocr_line' id='line_1_26' title="bbox 350 1276 1362 1323; baseline 0.008 -14"><span class='ocrx_word' id='word_1_203' title='bbox 350 1276 387 1310; x_wconf 87' lang='lat' dir='ltr'>:id</span> <span class='ocrx_word' id='word_1_204' title='bbox 410 1277 451 1311; x_wconf 85' lang='lat' dir='ltr'>est</span> <span class='ocrx_word' id='word_1_205' title='bbox 477 1281 577 1316; x_wconf 89' lang='lat' dir='ltr'>(nam</span> <span class='ocrx_word' id='word_1_206' title='bbox 611 1290 683 1321; x_wconf 64' lang='lat' dir='ltr'>quae</span> <span class='ocrx_word' id='word_1_207' title='bbox 718 1279 830 1321; x_wconf 79' lang='lat' dir='ltr'>poffint</span> <span class='ocrx_word' id='word_1_208' title='bbox 862 1277 995 1321; x_wconf 80' lang='lat' dir='ltr'>objici,</span> <span class='ocrx_word' id='word_1_209' title='bbox 1028 1291 1091 1315; x_wconf 90' lang='lat' dir='ltr'>non</span> <span class='ocrx_word' id='word_1_210' title='bbox 1124 1282 1276 1323; x_wconf 77' lang='lat' dir='ltr'>ign0103</span> <span class='ocrx_word' id='word_1_211' title='bbox 1311 1282 1362 1317; x_wconf 90' lang='lat' dir='ltr'>sed</span> 
     </span>
     <span class='ocr_line' id='line_1_27' title="bbox 351 1318 1361 1365; baseline 0.006 -12"><span class='ocrx_word' id='word_1_212' title='bbox 351 1318 673 1363; x_wconf 87' lang='lat' dir='ltr'>quantulumcunque</span> <span class='ocrx_word' id='word_1_213' title='bbox 696 1322 873 1364; x_wconf 77' lang='lat' dir='ltr'>concedas,</span> <span class='ocrx_word' id='word_1_214' title='bbox 895 1325 929 1355; x_wconf 86' lang='lat' dir='ltr'>in</span> <span class='ocrx_word' id='word_1_215' title='bbox 954 1334 988 1357; x_wconf 85' lang='lat' dir='ltr'>re</span> <span class='ocrx_word' id='word_1_216' title='bbox 1009 1321 1195 1365; x_wconf 68' lang='lat' dir='ltr'>huiusmodi</span> <span class='ocrx_word' id='word_1_217' title='bbox 1219 1324 1293 1358; x_wconf 87' lang='lat' dir='ltr'>satis</span> <span class='ocrx_word' id='word_1_218' title='bbox 1304 1325 1361 1361; x_wconf 86' lang='lat' dir='ltr'>ha-</span> 
     </span>
     <span class='ocr_line' id='line_1_28' title="bbox 349 1363 1360 1408; baseline 0.007 -12"><span class='ocrx_word' id='word_1_219' title='bbox 349 1363 436 1404; x_wconf 89' lang='lat' dir='ltr'>beo)</span> <span class='ocrx_word' id='word_1_220' title='bbox 461 1364 543 1398; x_wconf 88' lang='lat' dir='ltr'>illud</span> <span class='ocrx_word' id='word_1_221' title='bbox 568 1374 653 1398; x_wconf 87' lang='lat' dir='ltr'>certe</span> <span class='ocrx_word' id='word_1_222' title='bbox 676 1365 764 1407; x_wconf 85' lang='lat' dir='ltr'>quod</span> <span class='ocrx_word' id='word_1_223' title='bbox 788 1366 1017 1408; x_wconf 76' lang='lat' dir='ltr'>proposueram</span> <span class='ocrx_word' id='word_1_224' title='bbox 1050 1366 1089 1400; x_wconf 94' lang='lat' dir='ltr'>de</span> <span class='ocrx_word' id='word_1_225' title='bbox 1117 1367 1262 1402; x_wconf 84' lang='lat' dir='ltr'>vasorum</span> <span class='ocrx_word' id='word_1_226' title='bbox 1294 1381 1360 1403; x_wconf 90' lang='lat' dir='ltr'>me-</span> 
     </span>
     <span class='ocr_line' id='line_1_29' title="bbox 349 1407 1358 1454; baseline 0.006 -14"><span class='ocrx_word' id='word_1_227' title='bbox 349 1409 461 1450; x_wconf 78' lang='lat' dir='ltr'>ningis</span> <span class='ocrx_word' id='word_1_228' title='bbox 485 1409 611 1444; x_wconf 86' lang='lat' dir='ltr'>Tenuis</span> <span class='ocrx_word' id='word_1_229' title='bbox 638 1407 851 1449; x_wconf 83' lang='lat' dir='ltr'>distentione,</span> <span class='ocrx_word' id='word_1_230' title='bbox 873 1421 946 1443; x_wconf 89' lang='lat' dir='ltr'>cum</span> <span class='ocrx_word' id='word_1_231' title='bbox 972 1410 1041 1447; x_wconf 84' lang='lat' dir='ltr'>sero</span> <span class='ocrx_word' id='word_1_232' title='bbox 1054 1409 1153 1444; x_wconf 84' lang='lat' dir='ltr'>effuso</span> <span class='ocrx_word' id='word_1_233' title='bbox 1167 1411 1358 1454; x_wconf 50' lang='lat' dir='ltr'>conjuncta,</span> 
     </span>
     <span class='ocr_line' id='line_1_30' title="bbox 346 1451 1358 1494; baseline 0.008 -11"><span class='ocrx_word' id='word_1_234' title='bbox 346 1462 462 1488; x_wconf 81' lang='lat' dir='ltr'>verum</span> <span class='ocrx_word' id='word_1_235' title='bbox 485 1452 519 1484; x_wconf 86' lang='lat' dir='ltr'>in</span> <span class='ocrx_word' id='word_1_236' title='bbox 544 1451 606 1489; x_wconf 86' lang='lat' dir='ltr'>hoc</span> <span class='ocrx_word' id='word_1_237' title='bbox 629 1463 759 1494; x_wconf 84' lang='lat' dir='ltr'>quoque</span> <span class='ocrx_word' id='word_1_238' title='bbox 782 1453 971 1486; x_wconf 86' lang='lat' dir='ltr'>Phrenitico</span> <span class='ocrx_word' id='word_1_239' title='bbox 994 1451 1108 1494; x_wconf 78' lang='lat' dir='ltr'>fuisse,</span> <span class='ocrx_word' id='word_1_240' title='bbox 1129 1453 1235 1488; x_wconf 87' lang='lat' dir='ltr'>vides.</span> <span class='ocrx_word' id='word_1_241' title='bbox 1259 1456 1358 1491; x_wconf 87' lang='lat' dir='ltr'>Nunc</span> 
     </span>
     <span class='ocr_line' id='line_1_31' title="bbox 346 1494 1358 1542; baseline 0.005 -15"><span class='ocrx_word' id='word_1_242' title='bbox 346 1495 383 1527; x_wconf 84' lang='lat' dir='ltr'>in</span> <span class='ocrx_word' id='word_1_243' title='bbox 408 1494 677 1537; x_wconf 85' lang='lat' dir='ltr'>Paraphrenitico</span> <span class='ocrx_word' id='word_1_244' title='bbox 699 1495 792 1528; x_wconf 89' lang='lat' dir='ltr'>illam</span> <span class='ocrx_word' id='word_1_245' title='bbox 815 1496 1039 1532; x_wconf 86' lang='lat' dir='ltr'>distentionem</span> <span class='ocrx_word' id='word_1_246' title='bbox 1062 1497 1110 1531; x_wconf 86' lang='lat' dir='ltr'>vel</span> <span class='ocrx_word' id='word_1_247' title='bbox 1136 1501 1236 1542; x_wconf 79' lang='lat' dir='ltr'>magis</span> <span class='ocrx_word' id='word_1_248' title='bbox 1255 1522 1268 1539; x_wconf 90' lang='lat'>,</span> <span class='ocrx_word' id='word_1_249' title='bbox 1302 1510 1358 1536; x_wconf 85' lang='lat' dir='ltr'>nec</span> 
     </span>
     <span class='ocr_line' id='line_1_32' title="bbox 343 1536 1195 1581; baseline 0.004 -11"><span class='ocrx_word' id='word_1_250' title='bbox 343 1536 410 1573; x_wconf 79' lang='lat' dir='ltr'>fine</span> <span class='ocrx_word' id='word_1_251' title='bbox 434 1550 513 1581; x_wconf 86' lang='lat' dir='ltr'>aqua</span> <span class='ocrx_word' id='word_1_252' title='bbox 528 1564 536 1577; x_wconf 87' lang='lat'><em>‚</em></span> <span class='ocrx_word' id='word_1_253' title='bbox 560 1537 672 1579; x_wconf 77' lang='lat' dir='ltr'>fuisse,</span> <span class='ocrx_word' id='word_1_254' title='bbox 693 1539 854 1576; x_wconf 83' lang='lat' dir='ltr'>ostendam</span> <span class='ocrx_word' id='word_1_255' title='bbox 869 1564 877 1575; x_wconf 60' lang='lat'><em>0</em></span> <span class='ocrx_word' id='word_1_256' title='bbox 1192 1544 1195 1546; x_wconf 84' lang='lat'>&#39;</span> 
     </span>
     <span class='ocr_line' id='line_1_33' title="bbox 385 1583 1354 1630; baseline 0.007 -18"><span class='ocrx_word' id='word_1_257' title='bbox 385 1591 448 1630; x_wconf 27' lang='lat'>⁵13.</span> <span class='ocrx_word' id='word_1_258' title='bbox 476 1583 561 1616; x_wconf 84' lang='lat' dir='ltr'>VIR</span> <span class='ocrx_word' id='word_1_259' title='bbox 583 1593 732 1624; x_wconf 86' lang='lat' dir='ltr'>procerus</span> <span class='ocrx_word' id='word_1_260' title='bbox 750 1586 812 1629; x_wconf 80' lang='lat'>⁵.&amp;</span> <span class='ocrx_word' id='word_1_261' title='bbox 835 1584 1045 1625; x_wconf 85' lang='lat' dir='ltr'>macilentus,</span> <span class='ocrx_word' id='word_1_262' title='bbox 1069 1595 1107 1618; x_wconf 89' lang='lat' dir='ltr'>ex</span> <span class='ocrx_word' id='word_1_263' title='bbox 1127 1585 1275 1619; x_wconf 84' lang='lat' dir='ltr'>cannabis</span> <span class='ocrx_word' id='word_1_264' title='bbox 1286 1597 1354 1619; x_wconf 68' lang='lat' dir='ltr'>car-</span> 
     </span>
     <span class='ocr_line' id='line_1_34' title="bbox 348 1626 1354 1668; baseline 0.007 -12"><span class='ocrx_word' id='word_1_265' title='bbox 348 1626 549 1664; x_wconf 82' lang='lat' dir='ltr'>minatione‚</span> <span class='ocrx_word' id='word_1_266' title='bbox 573 1636 643 1667; x_wconf 78' lang='lat' dir='ltr'>quce</span> <span class='ocrx_word' id='word_1_267' title='bbox 666 1636 715 1659; x_wconf 87' lang='lat' dir='ltr'>ars</span> <span class='ocrx_word' id='word_1_268' title='bbox 738 1637 803 1668; x_wconf 79' lang='lat' dir='ltr'>ejus</span> <span class='ocrx_word' id='word_1_269' title='bbox 827 1637 893 1660; x_wconf 89' lang='lat' dir='ltr'>erat</span> <span class='ocrx_word' id='word_1_270' title='bbox 913 1651 925 1668; x_wconf 88' lang='lat'>‚</span> <span class='ocrx_word' id='word_1_271' title='bbox 949 1628 1091 1663; x_wconf 79' lang='lat' dir='ltr'>thoracis</span> <span class='ocrx_word' id='word_1_272' title='bbox 1123 1629 1354 1663; x_wconf 48' lang='lat' dir='ltr'>inflammatio,</span> 
     </span>
     <span class='ocr_line' id='line_1_35' title="bbox 348 1668 1355 1715; baseline 0.004 -16"><span class='ocrx_word' id='word_1_273' title='bbox 348 1668 443 1701; x_wconf 89' lang='lat' dir='ltr'>nibus</span> <span class='ocrx_word' id='word_1_274' title='bbox 467 1669 651 1715; x_wconf 68' lang='lat' dir='ltr'>obnoxius,</span> <span class='ocrx_word' id='word_1_275' title='bbox 676 1680 693 1701; x_wconf 85' lang='lat' dir='ltr'>a</span> <span class='ocrx_word' id='word_1_276' title='bbox 714 1670 832 1712; x_wconf 84' lang='lat' dir='ltr'>quibus</span> <span class='ocrx_word' id='word_1_277' title='bbox 856 1670 953 1705; x_wconf 79' lang='lat' dir='ltr'>sexies</span> <span class='ocrx_word' id='word_1_278' title='bbox 977 1681 1091 1713; x_wconf 88' lang='lat' dir='ltr'>antea,</span> <span class='ocrx_word' id='word_1_279' title='bbox 1115 1681 1169 1706; x_wconf 89' lang='lat' dir='ltr'>aut</span> <span class='ocrx_word' id='word_1_280' title='bbox 1181 1671 1293 1714; x_wconf 88' lang='lat' dir='ltr'>septies</span> <span class='ocrx_word' id='word_1_281' title='bbox 1303 1685 1355 1706; x_wconf 86' lang='lat' dir='ltr'>ve..</span> 
     </span>
     <span class='ocr_line' id='line_1_36' title="bbox 346 1710 1353 1754; baseline 0.004 -9"><span class='ocrx_word' id='word_1_282' title='bbox 346 1720 458 1745; x_wconf 86' lang='lat' dir='ltr'>xatum</span> <span class='ocrx_word' id='word_1_283' title='bbox 483 1711 511 1745; x_wconf 83' lang='lat' dir='ltr'>se</span> <span class='ocrx_word' id='word_1_284' title='bbox 534 1710 649 1752; x_wconf 85' lang='lat' dir='ltr'>fuisse,</span> <span class='ocrx_word' id='word_1_285' title='bbox 672 1713 839 1754; x_wconf 85' lang='lat' dir='ltr'>narrabat,</span> <span class='ocrx_word' id='word_1_286' title='bbox 862 1726 936 1748; x_wconf 91' lang='lat' dir='ltr'>cum</span> <span class='ocrx_word' id='word_1_287' title='bbox 959 1715 1082 1748; x_wconf 85' lang='lat' dir='ltr'>biliosae</span> <span class='ocrx_word' id='word_1_288' title='bbox 1107 1718 1138 1750; x_wconf 85' lang='lat'>&amp;</span> <span class='ocrx_word' id='word_1_289' title='bbox 1160 1715 1272 1750; x_wconf 87' lang='lat' dir='ltr'>viridis</span> <span class='ocrx_word' id='word_1_290' title='bbox 1286 1729 1353 1749; x_wconf 89' lang='lat' dir='ltr'>ma-</span> 
     </span>
     <span class='ocr_line' id='line_1_37' title="bbox 347 1756 1354 1801; baseline 0.004 -12"><span class='ocrx_word' id='word_1_291' title='bbox 347 1756 439 1789; x_wconf 82' lang='lat' dir='ltr'>teriae</span> <span class='ocrx_word' id='word_1_292' title='bbox 463 1757 590 1789; x_wconf 90' lang='lat' dir='ltr'>vomitu</span> <span class='ocrx_word' id='word_1_293' title='bbox 612 1756 645 1791; x_wconf 86' lang='lat' dir='ltr'>in</span> <span class='ocrx_word' id='word_1_294' title='bbox 669 1766 753 1794; x_wconf 84' lang='lat' dir='ltr'>una,</span> <span class='ocrx_word' id='word_1_295' title='bbox 777 1768 850 1791; x_wconf 89' lang='lat' dir='ltr'>cum</span> <span class='ocrx_word' id='word_1_296' title='bbox 872 1757 989 1793; x_wconf 87' lang='lat' dir='ltr'>delirio</span> <span class='ocrx_word' id='word_1_297' title='bbox 1013 1759 1046 1792; x_wconf 91' lang='lat' dir='ltr'>in</span> <span class='ocrx_word' id='word_1_298' title='bbox 1071 1758 1190 1801; x_wconf 77' lang='lat' dir='ltr'>altera3</span> <span class='ocrx_word' id='word_1_299' title='bbox 1214 1771 1278 1795; x_wconf 84' lang='lat' dir='ltr'>non</span> <span class='ocrx_word' id='word_1_300' title='bbox 1309 1761 1354 1793; x_wconf 89' lang='lat' dir='ltr'>ita</span> 
     </span>
     <span class='ocr_line' id='line_1_38' title="bbox 349 1798 1356 1844; baseline 0.005 -13"><span class='ocrx_word' id='word_1_301' title='bbox 349 1799 477 1841; x_wconf 83' lang='lat' dir='ltr'>pridem</span> <span class='ocrx_word' id='word_1_302' title='bbox 503 1811 520 1832; x_wconf 87' lang='lat' dir='ltr'>a</span> <span class='ocrx_word' id='word_1_303' title='bbox 544 1798 672 1842; x_wconf 80' lang='lat' dir='ltr'>pulvere</span> <span class='ocrx_word' id='word_1_304' title='bbox 694 1800 782 1834; x_wconf 90' lang='lat' dir='ltr'>inter</span> <span class='ocrx_word' id='word_1_305' title='bbox 803 1801 1046 1838; x_wconf 85' lang='lat' dir='ltr'>carminandum</span> <span class='ocrx_word' id='word_1_306' title='bbox 1069 1811 1200 1844; x_wconf 87' lang='lat' dir='ltr'>excepto</span> <span class='ocrx_word' id='word_1_307' title='bbox 1213 1815 1285 1836; x_wconf 83' lang='lat' dir='ltr'>cum</span> <span class='ocrx_word' id='word_1_308' title='bbox 1298 1815 1356 1836; x_wconf 90' lang='lat' dir='ltr'>vo-</span> 
     </span>
     <span class='ocr_line' id='line_1_39' title="bbox 350 1841 1354 1888; baseline 0.004 -12"><span class='ocrx_word' id='word_1_309' title='bbox 350 1842 397 1876; x_wconf 84' lang='lat' dir='ltr'>cis</span> <span class='ocrx_word' id='word_1_310' title='bbox 420 1853 539 1885; x_wconf 79' lang='lat' dir='ltr'>organa</span> <span class='ocrx_word' id='word_1_311' title='bbox 563 1841 709 1884; x_wconf 76' lang='lat' dir='ltr'>laefiffet,</span> <span class='ocrx_word' id='word_1_312' title='bbox 731 1853 767 1879; x_wconf 91' lang='lat' dir='ltr'>ut</span> <span class='ocrx_word' id='word_1_313' title='bbox 790 1845 931 1888; x_wconf 82' lang='lat' dir='ltr'>clangere</span> <span class='ocrx_word' id='word_1_314' title='bbox 962 1846 1071 1887; x_wconf 84' lang='lat' dir='ltr'>potius</span> <span class='ocrx_word' id='word_1_315' title='bbox 1094 1867 1104 1883; x_wconf 88' lang='lat'>‚</span> <span class='ocrx_word' id='word_1_316' title='bbox 1137 1856 1231 1887; x_wconf 87' lang='lat' dir='ltr'>quam</span> <span class='ocrx_word' id='word_1_317' title='bbox 1263 1847 1354 1888; x_wconf 85' lang='lat' dir='ltr'>loqui</span> 
     </span>
     <span class='ocr_line' id='line_1_40' title="bbox 350 1885 1354 1930; baseline 0.005 -12"><span class='ocrx_word' id='word_1_318' title='bbox 350 1885 539 1924; x_wconf 78' lang='lat' dir='ltr'>videretur3</span> <span class='ocrx_word' id='word_1_319' title='bbox 564 1896 730 1929; x_wconf 86' lang='lat' dir='ltr'>propterea</span> <span class='ocrx_word' id='word_1_320' title='bbox 764 1889 870 1923; x_wconf 88' lang='lat' dir='ltr'>minus</span> <span class='ocrx_word' id='word_1_321' title='bbox 901 1888 1150 1930; x_wconf 70' lang='lat' dir='ltr'>pulverulentam</span> <span class='ocrx_word' id='word_1_322' title='bbox 1186 1889 1354 1923; x_wconf 85' lang='lat' dir='ltr'>cannabim</span> 
     </span>
     <span class='ocr_line' id='line_1_41' title="bbox 351 1930 1352 1975; baseline 0.002 -14"><span class='ocrx_word' id='word_1_323' title='bbox 351 1930 484 1973; x_wconf 75' lang='lat' dir='ltr'>seligens</span> <span class='ocrx_word' id='word_1_324' title='bbox 501 1954 513 1970; x_wconf 88' lang='lat'>,</span> <span class='ocrx_word' id='word_1_325' title='bbox 535 1940 667 1972; x_wconf 85' lang='lat' dir='ltr'>eamque</span> <span class='ocrx_word' id='word_1_326' title='bbox 691 1930 826 1968; x_wconf 85' lang='lat' dir='ltr'>seorsum</span> <span class='ocrx_word' id='word_1_327' title='bbox 852 1944 867 1964; x_wconf 88' lang='lat' dir='ltr'>a</span> <span class='ocrx_word' id='word_1_328' title='bbox 891 1932 988 1964; x_wconf 88' lang='lat' dir='ltr'>sociis</span> <span class='ocrx_word' id='word_1_329' title='bbox 1014 1931 1185 1973; x_wconf 66' lang='lat' dir='ltr'>depectens</span> <span class='ocrx_word' id='word_1_330' title='bbox 1209 1956 1218 1972; x_wconf 95' lang='lat'>,</span> <span class='ocrx_word' id='word_1_331' title='bbox 1247 1933 1352 1975; x_wconf 66' lang='lat' dir='ltr'>prisii,</span> 
     </span>
     <span class='ocr_line' id='line_1_42' title="bbox 350 1972 1356 2018; baseline 0.004 -13"><span class='ocrx_word' id='word_1_332' title='bbox 350 1985 426 2009; x_wconf 82' lang='lat' dir='ltr'>narn</span> <span class='ocrx_word' id='word_1_333' title='bbox 449 1973 513 2015; x_wconf 82' lang='lat' dir='ltr'>jam</span> <span class='ocrx_word' id='word_1_334' title='bbox 538 1972 773 2015; x_wconf 76' lang='lat' dir='ltr'>propemodum</span> <span class='ocrx_word' id='word_1_335' title='bbox 797 1986 906 2008; x_wconf 85' lang='lat' dir='ltr'>vocem</span> <span class='ocrx_word' id='word_1_336' title='bbox 931 1983 1162 2016; x_wconf 81' lang='lat' dir='ltr'>recuperaverat</span> <span class='ocrx_word' id='word_1_337' title='bbox 1182 1997 1195 2014; x_wconf 85' lang='lat'>,</span> <span class='ocrx_word' id='word_1_338' title='bbox 1227 1976 1356 2018; x_wconf 86' lang='lat' dir='ltr'>quando</span> 
     </span>
     <span class='ocr_line' id='line_1_43' title="bbox 351 2015 1354 2061; baseline 0 -10"><span class='ocrx_word' id='word_1_339' title='bbox 351 2017 390 2052; x_wconf 90' lang='lat' dir='ltr'>ab</span> <span class='ocrx_word' id='word_1_340' title='bbox 412 2028 506 2050; x_wconf 90' lang='lat' dir='ltr'>onere</span> <span class='ocrx_word' id='word_1_341' title='bbox 531 2015 664 2050; x_wconf 84' lang='lat' dir='ltr'>ferendo</span> <span class='ocrx_word' id='word_1_342' title='bbox 686 2015 776 2052; x_wconf 73' lang='lat' dir='ltr'>lass‘us</span> <span class='ocrx_word' id='word_1_343' title='bbox 788 2041 801 2058; x_wconf 89' lang='lat'>,</span> <span class='ocrx_word' id='word_1_344' title='bbox 823 2017 930 2051; x_wconf 84' lang='lat' dir='ltr'>febrili</span> <span class='ocrx_word' id='word_1_345' title='bbox 956 2016 1102 2060; x_wconf 80' lang='lat' dir='ltr'>frigore,</span> <span class='ocrx_word' id='word_1_346' title='bbox 1125 2020 1156 2052; x_wconf 86' lang='lat'>&amp;</span> <span class='ocrx_word' id='word_1_347' title='bbox 1194 2028 1354 2061; x_wconf 80' lang='lat' dir='ltr'>pungente</span> 
     </span>
     <span class='ocr_line' id='line_1_44' title="bbox 349 2058 1355 2103; baseline -0.001 -8"><span class='ocrx_word' id='word_1_348' title='bbox 349 2060 390 2097; x_wconf 81' lang='lat' dir='ltr'>ad</span> <span class='ocrx_word' id='word_1_349' title='bbox 414 2061 524 2094; x_wconf 85' lang='lat' dir='ltr'>laevam</span> <span class='ocrx_word' id='word_1_350' title='bbox 548 2061 724 2097; x_wconf 78' lang='lat' dir='ltr'>mamillam</span> <span class='ocrx_word' id='word_1_351' title='bbox 760 2060 871 2096; x_wconf 87' lang='lat' dir='ltr'>dolore</span> <span class='ocrx_word' id='word_1_352' title='bbox 894 2069 1058 2103; x_wconf 87' lang='lat' dir='ltr'>correptus</span> <span class='ocrx_word' id='word_1_353' title='bbox 1082 2058 1123 2093; x_wconf 85' lang='lat' dir='ltr'>est</span> <span class='ocrx_word' id='word_1_354' title='bbox 1142 2085 1149 2093; x_wconf 89' lang='lat'>.</span> <span class='ocrx_word' id='word_1_355' title='bbox 1186 2061 1355 2099; x_wconf 86' lang='lat' dir='ltr'>Quamob-</span> 
     </span>
     <span class='ocr_line' id='line_1_45' title="bbox 352 2102 1356 2146; baseline 0.001 -9"><span class='ocrx_word' id='word_1_356' title='bbox 352 2115 419 2138; x_wconf 85' lang='lat' dir='ltr'>rem</span> <span class='ocrx_word' id='word_1_357' title='bbox 440 2127 453 2144; x_wconf 87' lang='lat'>,</span> <span class='ocrx_word' id='word_1_358' title='bbox 490 2102 600 2139; x_wconf 84' lang='lat' dir='ltr'>eodem</span> <span class='ocrx_word' id='word_1_359' title='bbox 623 2115 690 2146; x_wconf 82' lang='lat' dir='ltr'>quo</span> <span class='ocrx_word' id='word_1_360' title='bbox 712 2103 778 2141; x_wconf 88' lang='lat' dir='ltr'>duo</span> <span class='ocrx_word' id='word_1_361' title='bbox 802 2106 925 2144; x_wconf 81' lang='lat' dir='ltr'>priores</span> <span class='ocrx_word' id='word_1_362' title='bbox 948 2114 1031 2138; x_wconf 91' lang='lat' dir='ltr'>anno</span> <span class='ocrx_word' id='word_1_363' title='bbox 1052 2128 1062 2144; x_wconf 93' lang='lat'>,</span> <span class='ocrx_word' id='word_1_364' title='bbox 1096 2104 1180 2136; x_wconf 82' lang='lat' dir='ltr'>circa</span> <span class='ocrx_word' id='word_1_365' title='bbox 1215 2104 1356 2142; x_wconf 87' lang='lat' dir='ltr'>medium</span> 
     </span>
     <span class='ocr_line' id='line_1_46' title="bbox 353 2145 1360 2187; baseline 0.003 -7"><span class='ocrx_word' id='word_1_366' title='bbox 353 2147 565 2183; x_wconf 74' lang='lat' dir='ltr'>Februarium</span> <span class='ocrx_word' id='word_1_367' title='bbox 579 2170 590 2187; x_wconf 85' lang='lat'>,</span> <span class='ocrx_word' id='word_1_368' title='bbox 614 2148 647 2179; x_wconf 87' lang='lat' dir='ltr'>in</span> <span class='ocrx_word' id='word_1_369' title='bbox 671 2145 756 2180; x_wconf 87' lang='lat' dir='ltr'>idem</span> <span class='ocrx_word' id='word_1_370' title='bbox 778 2147 820 2180; x_wconf 87' lang='lat' dir='ltr'>est</span> <span class='ocrx_word' id='word_1_371' title='bbox 842 2147 1080 2183; x_wconf 84' lang='lat' dir='ltr'>Nosocotniurn</span> <span class='ocrx_word' id='word_1_372' title='bbox 1103 2147 1212 2180; x_wconf 84' lang='lat' dir='ltr'>illatus</span> <span class='ocrx_word' id='word_1_373' title='bbox 1232 2172 1239 2182; x_wconf 86' lang='grc'><em>,</em></span> <span class='ocrx_word' id='word_1_374' title='bbox 1274 2150 1360 2183; x_wconf 88' lang='lat' dir='ltr'>Cum</span> 
     </span>
     <span class='ocr_line' id='line_1_47' title="bbox 353 2188 1360 2232; baseline 0.001 -8"><span class='ocrx_word' id='word_1_375' title='bbox 353 2191 448 2226; x_wconf 88' lang='lat' dir='ltr'>domi</span> <span class='ocrx_word' id='word_1_376' title='bbox 473 2192 578 2223; x_wconf 73' lang='lat' dir='ltr'>oleum</span> <span class='ocrx_word' id='word_1_377' title='bbox 603 2188 776 2231; x_wconf 77' lang='lat' dir='ltr'>sumpsisset</span> <span class='ocrx_word' id='word_1_378' title='bbox 801 2202 840 2224; x_wconf 86' lang='lat' dir='ltr'>ex</span> <span class='ocrx_word' id='word_1_379' title='bbox 861 2190 1005 2224; x_wconf 87' lang='lat' dir='ltr'>dulcium</span> <span class='ocrx_word' id='word_1_380' title='bbox 1028 2189 1272 2232; x_wconf 80' lang='lat' dir='ltr'>amygdalarum</span> <span class='ocrx_word' id='word_1_381' title='bbox 1302 2203 1360 2225; x_wconf 88' lang='lat' dir='ltr'>nn-</span> 
     </span>
     <span class='ocr_line' id='line_1_48' title="bbox 352 2231 1364 2276; baseline 0.001 -9"><span class='ocrx_word' id='word_1_382' title='bbox 352 2236 429 2272; x_wconf 79' lang='lat' dir='ltr'>cleis</span> <span class='ocrx_word' id='word_1_383' title='bbox 456 2246 559 2270; x_wconf 79' lang='lat' dir='ltr'>recens</span> <span class='ocrx_word' id='word_1_384' title='bbox 581 2232 779 2276; x_wconf 85' lang='lat' dir='ltr'>expressum,</span> <span class='ocrx_word' id='word_1_385' title='bbox 803 2236 833 2267; x_wconf 73' lang='grc' dir='ltr'>δε</span> <span class='ocrx_word' id='word_1_386' title='bbox 868 2235 993 2275; x_wconf 78' lang='lat' dir='ltr'>sanguis</span> <span class='ocrx_word' id='word_1_387' title='bbox 1027 2245 1042 2265; x_wconf 92' lang='lat' dir='ltr'>e</span> <span class='ocrx_word' id='word_1_388' title='bbox 1076 2231 1200 2269; x_wconf 81' lang='lat' dir='ltr'>sinistro</span> <span class='ocrx_word' id='word_1_389' title='bbox 1232 2235 1364 2268; x_wconf 87' lang='lat' dir='ltr'>brachio</span> 
     </span>
     <span class='ocr_line' id='line_1_49' title="bbox 353 2274 1363 2315; baseline -0.002 -4"><span class='ocrx_word' id='word_1_390' title='bbox 353 2277 515 2311; x_wconf 65' lang='lat' dir='ltr'>detraetus</span> <span class='ocrx_word' id='word_1_391' title='bbox 537 2275 630 2315; x_wconf 74' lang='lat' dir='ltr'>effet5</span> <span class='ocrx_word' id='word_1_392' title='bbox 655 2278 771 2310; x_wconf 83' lang='lat' dir='ltr'>iterum</span> <span class='ocrx_word' id='word_1_393' title='bbox 793 2288 832 2313; x_wconf 82' lang='lat' dir='ltr'>ex</span> <span class='ocrx_word' id='word_1_394' title='bbox 853 2276 986 2310; x_wconf 88' lang='lat' dir='ltr'>brachio</span> <span class='ocrx_word' id='word_1_395' title='bbox 1011 2276 1112 2311; x_wconf 85' lang='lat' dir='ltr'>altero</span> <span class='ocrx_word' id='word_1_396' title='bbox 1135 2274 1260 2313; x_wconf 73' lang='lat' dir='ltr'>emissus</span> <span class='ocrx_word' id='word_1_397' title='bbox 1289 2276 1331 2312; x_wconf 86' lang='lat' dir='ltr'>est</span> <span class='ocrx_word' id='word_1_398' title='bbox 1355 2302 1363 2313; x_wconf 65' lang='grc'><em>,</em></span> 
     </span>
     <span class='ocr_line' id='line_1_50' title="bbox 355 2319 1363 2361; baseline -0.001 -7"><span class='ocrx_word' id='word_1_399' title='bbox 355 2319 502 2360; x_wconf 84' lang='lat' dir='ltr'>Difficile</span> <span class='ocrx_word' id='word_1_400' title='bbox 526 2321 611 2357; x_wconf 82' lang='lat' dir='ltr'>enim</span> <span class='ocrx_word' id='word_1_401' title='bbox 638 2319 833 2360; x_wconf 79' lang='lat' dir='ltr'>respirabat,</span> <span class='ocrx_word' id='word_1_402' title='bbox 855 2319 938 2353; x_wconf 86' lang='lat' dir='ltr'>nihil</span> <span class='ocrx_word' id='word_1_403' title='bbox 962 2319 1207 2361; x_wconf 58' lang='lat' dir='ltr'>expeffiffirabat.</span> <span class='ocrx_word' id='word_1_404' title='bbox 1244 2322 1284 2355; x_wconf 89' lang='lat' dir='ltr'>In</span> <span class='ocrx_word' id='word_1_405' title='bbox 1318 2321 1363 2353; x_wconf 83' lang='lat' dir='ltr'>la-</span> 
     </span>
     <span class='ocr_line' id='line_1_51' title="bbox 355 2361 1362 2403; baseline -0.003 -5"><span class='ocrx_word' id='word_1_406' title='bbox 355 2374 409 2402; x_wconf 84' lang='lat' dir='ltr'>tus</span> <span class='ocrx_word' id='word_1_407' title='bbox 435 2361 582 2396; x_wconf 47' lang='lat' dir='ltr'>afficium</span> <span class='ocrx_word' id='word_1_408' title='bbox 618 2362 729 2403; x_wconf 47' lang='lat' dir='ltr'>saei-*ius</span> <span class='ocrx_word' id='word_1_409' title='bbox 761 2362 970 2397; x_wconf 80' lang='lat' dir='ltr'>decumbebat</span> <span class='ocrx_word' id='word_1_410' title='bbox 992 2386 999 2396; x_wconf 85' lang='lat'><strong>.</strong></span> <span class='ocrx_word' id='word_1_411' title='bbox 1036 2362 1157 2395; x_wconf 86' lang='lat' dir='ltr'>Biliosa</span> <span class='ocrx_word' id='word_1_412' title='bbox 1189 2365 1222 2397; x_wconf 88' lang='lat'>&amp;</span> <span class='ocrx_word' id='word_1_413' title='bbox 1243 2363 1362 2396; x_wconf 87' lang='lat' dir='ltr'>viridia</span> 
     </span>
     <span class='ocr_line' id='line_1_52' title="bbox 355 2403 1361 2447; baseline 0.001 -9"><span class='ocrx_word' id='word_1_414' title='bbox 355 2415 541 2441; x_wconf 77' lang='lat' dir='ltr'>vomuerat,</span> <span class='ocrx_word' id='word_1_415' title='bbox 569 2406 717 2444; x_wconf 67' lang='lat' dir='ltr'>Quineto</span> <span class='ocrx_word' id='word_1_416' title='bbox 741 2405 792 2438; x_wconf 88' lang='lat' dir='ltr'>die</span> <span class='ocrx_word' id='word_1_417' title='bbox 815 2404 970 2447; x_wconf 78' lang='lat' dir='ltr'>plirenitis</span> <span class='ocrx_word' id='word_1_418' title='bbox 993 2403 1119 2446; x_wconf 78' lang='lat' dir='ltr'>ingruit</span> <span class='ocrx_word' id='word_1_419' title='bbox 1143 2405 1238 2445; x_wconf 78' lang='lat' dir='ltr'>laeta,</span> <span class='ocrx_word' id='word_1_420' title='bbox 1261 2406 1361 2446; x_wconf 83' lang='lat' dir='ltr'>seria,</span> 
     </span>
     <span class='ocr_line' id='line_1_53' title="bbox 359 2447 1359 2487; baseline -0.002 -4"><span class='ocrx_word' id='word_1_421' title='bbox 359 2450 521 2484; x_wconf 58' lang='lat' dir='ltr'>interdum</span> <span class='ocrx_word' id='word_1_422' title='bbox 546 2449 659 2487; x_wconf 76' lang='lat' dir='ltr'>ferox,</span> <span class='ocrx_word' id='word_1_423' title='bbox 684 2448 834 2483; x_wconf 68' lang='lat' dir='ltr'>haetenus</span> <span class='ocrx_word' id='word_1_424' title='bbox 858 2457 961 2481; x_wconf 89' lang='lat' dir='ltr'>tamen</span> <span class='ocrx_word' id='word_1_425' title='bbox 984 2457 1019 2481; x_wconf 90' lang='lat' dir='ltr'>ut</span> <span class='ocrx_word' id='word_1_426' title='bbox 1051 2447 1269 2483; x_wconf 86' lang='lat' dir='ltr'>accedentium</span> <span class='ocrx_word' id='word_1_427' title='bbox 1304 2461 1359 2483; x_wconf 88' lang='lat' dir='ltr'>ora</span> 
     </span>
     <span class='ocr_line' id='line_1_54' title="bbox 357 2490 1357 2535; baseline -0.001 -9"><span class='ocrx_word' id='word_1_428' title='bbox 357 2495 581 2535; x_wconf 62' lang='lat' dir='ltr'>computaret.</span> <span class='ocrx_word' id='word_1_429' title='bbox 608 2490 755 2526; x_wconf 80' lang='lat' dir='ltr'>Medicus</span> <span class='ocrx_word' id='word_1_430' title='bbox 778 2503 817 2524; x_wconf 87' lang='lat' dir='ltr'>ex</span> <span class='ocrx_word' id='word_1_431' title='bbox 841 2503 929 2525; x_wconf 87' lang='lat' dir='ltr'>crure</span> <span class='ocrx_word' id='word_1_432' title='bbox 950 2490 1039 2534; x_wconf 85' lang='lat' dir='ltr'>juxta</span> <span class='ocrx_word' id='word_1_433' title='bbox 1061 2491 1162 2524; x_wconf 84' lang='lat' dir='ltr'>talum</span> <span class='ocrx_word' id='word_1_434' title='bbox 1186 2492 1276 2525; x_wconf 89' lang='lat' dir='ltr'>mitti</span> <span class='ocrx_word' id='word_1_435' title='bbox 1291 2492 1357 2525; x_wconf 86' lang='lat' dir='ltr'>san-</span> 
     </span>
     <span class='ocr_line' id='line_1_55' title="bbox 359 2532 1364 2578; baseline -0.003 -8"><span class='ocrx_word' id='word_1_436' title='bbox 359 2538 516 2577; x_wconf 59' lang='lat' dir='ltr'>guinem,</span> <span class='ocrx_word' id='word_1_437' title='bbox 545 2535 625 2578; x_wconf 76' lang='lat' dir='ltr'>juffit</span> <span class='ocrx_word' id='word_1_438' title='bbox 648 2561 657 2575; x_wconf 90' lang='lat'>‚</span> <span class='ocrx_word' id='word_1_439' title='bbox 681 2538 712 2567; x_wconf 63' lang='grc' dir='ltr'>ὃς</span> <span class='ocrx_word' id='word_1_440' title='bbox 746 2534 814 2569; x_wconf 84' lang='lat' dir='ltr'>raso</span> <span class='ocrx_word' id='word_1_441' title='bbox 847 2536 946 2577; x_wconf 87' lang='lat' dir='ltr'>capiti</span> <span class='ocrx_word' id='word_1_442' title='bbox 978 2532 1137 2577; x_wconf 78' lang='lat' dir='ltr'>quoddam</span> <span class='ocrx_word' id='word_1_443' title='bbox 1172 2535 1364 2577; x_wconf 78' lang='lat' dir='ltr'>cataplasma</span> 
     </span>
     <span class='ocr_line' id='line_1_56' title="bbox 359 2575 1364 2623; baseline -0.001 -11"><span class='ocrx_word' id='word_1_444' title='bbox 359 2575 517 2623; x_wconf 82' lang='lat' dir='ltr'>imponi,</span> <span class='ocrx_word' id='word_1_445' title='bbox 541 2577 628 2621; x_wconf 90' lang='lat' dir='ltr'>quod</span> <span class='ocrx_word' id='word_1_446' title='bbox 651 2577 741 2621; x_wconf 85' lang='lat' dir='ltr'>quale</span> <span class='ocrx_word' id='word_1_447' title='bbox 764 2576 856 2617; x_wconf 80' lang='lat' dir='ltr'>esset,</span> <span class='ocrx_word' id='word_1_448' title='bbox 880 2576 1079 2613; x_wconf 85' lang='lat' dir='ltr'>commodius</span> <span class='ocrx_word' id='word_1_449' title='bbox 1110 2589 1183 2612; x_wconf 86' lang='lat' dir='ltr'>cum</span> <span class='ocrx_word' id='word_1_450' title='bbox 1219 2578 1256 2611; x_wconf 90' lang='lat' dir='ltr'>de</span> <span class='ocrx_word' id='word_1_451' title='bbox 1288 2579 1364 2611; x_wconf 89' lang='lat' dir='ltr'>Ma-</span> 
     </span>
     <span class='ocr_line' id='line_1_57' title="bbox 359 2620 1364 2661; baseline -0.003 -3"><span class='ocrx_word' id='word_1_452' title='bbox 359 2625 460 2658; x_wconf 86' lang='lat' dir='ltr'>niacis</span> <span class='ocrx_word' id='word_1_453' title='bbox 505 2622 639 2658; x_wconf 78' lang='lat' dir='ltr'>scribam</span> <span class='ocrx_word' id='word_1_454' title='bbox 683 2624 696 2660; x_wconf 82' lang='lat'><em>&lt;</em></span> <span class='ocrx_word' id='word_1_455' title='bbox 719 2631 740 2658; x_wconf 86' lang='lat' dir='ltr'>x</span> <span class='ocrx_word' id='word_1_456' title='bbox 763 2624 776 2661; x_wconf 85' lang='lat'>&gt;</span> <span class='ocrx_word' id='word_1_457' title='bbox 798 2644 808 2660; x_wconf 86' lang='lat'>,</span> <span class='ocrx_word' id='word_1_458' title='bbox 852 2620 976 2656; x_wconf 88' lang='lat' dir='ltr'>docebo</span> <span class='ocrx_word' id='word_1_459' title='bbox 998 2644 1006 2653; x_wconf 84' lang='lat'><strong>.</strong></span> <span class='ocrx_word' id='word_1_460' title='bbox 1043 2621 1165 2655; x_wconf 84' lang='lat' dir='ltr'>Interea</span> <span class='ocrx_word' id='word_1_461' title='bbox 1209 2621 1364 2660; x_wconf 73' lang='lat' dir='ltr'>convulsi-</span> 
     </span>
     <span class='ocr_line' id='line_1_58' title="bbox 358 2663 1365 2706; baseline -0.002 -6"><span class='ocrx_word' id='word_1_462' title='bbox 358 2669 392 2701; x_wconf 84' lang='lat' dir='ltr'>vi</span> <span class='ocrx_word' id='word_1_463' title='bbox 417 2676 524 2699; x_wconf 79' lang='lat' dir='ltr'>motus</span> <span class='ocrx_word' id='word_1_464' title='bbox 547 2666 649 2706; x_wconf 77' lang='lat' dir='ltr'>coepti</span> <span class='ocrx_word' id='word_1_465' title='bbox 672 2663 745 2698; x_wconf 85' lang='lat' dir='ltr'>sunt</span> <span class='ocrx_word' id='word_1_466' title='bbox 771 2664 915 2699; x_wconf 79' lang='lat' dir='ltr'>adnotari</span> <span class='ocrx_word' id='word_1_467' title='bbox 948 2666 1026 2698; x_wconf 84' lang='lat' dir='ltr'>leves</span> <span class='ocrx_word' id='word_1_468' title='bbox 1059 2664 1198 2705; x_wconf 87' lang='lat' dir='ltr'>primum</span> <span class='ocrx_word' id='word_1_469' title='bbox 1218 2688 1230 2704; x_wconf 93' lang='lat'>,</span> <span class='ocrx_word' id='word_1_470' title='bbox 1262 2674 1298 2697; x_wconf 88' lang='lat' dir='ltr'>ut</span> <span class='ocrx_word' id='word_1_471' title='bbox 1331 2666 1365 2700; x_wconf 91' lang='lat' dir='ltr'>in</span> 
     </span>
     <span class='ocr_line' id='line_1_59' title="bbox 361 2706 1366 2749; baseline -0.002 -6"><span class='ocrx_word' id='word_1_472' title='bbox 361 2710 530 2745; x_wconf 85' lang='lat' dir='ltr'>tendinum</span> <span class='ocrx_word' id='word_1_473' title='bbox 551 2708 638 2749; x_wconf 85' lang='lat' dir='ltr'>carpi</span> <span class='ocrx_word' id='word_1_474' title='bbox 663 2706 880 2748; x_wconf 80' lang='lat' dir='ltr'>subsultibus‚</span> <span class='ocrx_word' id='word_1_475' title='bbox 902 2706 1015 2741; x_wconf 88' lang='lat' dir='ltr'>deinde</span> <span class='ocrx_word' id='word_1_476' title='bbox 1038 2706 1173 2748; x_wconf 87' lang='lat' dir='ltr'>majores</span> <span class='ocrx_word' id='word_1_477' title='bbox 1191 2731 1199 2739; x_wconf 90' lang='lat'><strong><em>.</em></strong></span> <span class='ocrx_word' id='word_1_478' title='bbox 1223 2708 1366 2741; x_wconf 82' lang='lat' dir='ltr'>Noviffi-</span> 
     </span>
     <span class='ocr_line' id='line_1_60' title="bbox 364 2748 1367 2793; baseline -0.002 -7"><span class='ocrx_word' id='word_1_479' title='bbox 364 2765 416 2789; x_wconf 85' lang='lat' dir='ltr'>me</span> <span class='ocrx_word' id='word_1_480' title='bbox 439 2763 494 2785; x_wconf 83' lang='lat' dir='ltr'>nec</span> <span class='ocrx_word' id='word_1_481' title='bbox 518 2751 660 2788; x_wconf 84' lang='lat' dir='ltr'>difficilis</span> <span class='ocrx_word' id='word_1_482' title='bbox 687 2749 854 2792; x_wconf 82' lang='lat' dir='ltr'>respiratio</span> <span class='ocrx_word' id='word_1_483' title='bbox 878 2761 966 2791; x_wconf 85' lang='lat' dir='ltr'>erat,</span> <span class='ocrx_word' id='word_1_484' title='bbox 989 2753 1046 2789; x_wconf 67' lang='grc' dir='ltr'>δι,</span> <span class='ocrx_word' id='word_1_485' title='bbox 1067 2748 1090 2785; x_wconf 87' lang='lat' dir='ltr'>fi</span> <span class='ocrx_word' id='word_1_486' title='bbox 1113 2761 1286 2793; x_wconf 84' lang='lat' dir='ltr'>quaereres,</span> <span class='ocrx_word' id='word_1_487' title='bbox 1316 2752 1367 2785; x_wconf 88' lang='lat' dir='ltr'>ul-</span> 
     </span>
     <span class='ocr_line' id='line_1_61' title="bbox 363 2792 1368 2837; baseline -0.002 -9"><span class='ocrx_word' id='word_1_488' title='bbox 363 2798 431 2834; x_wconf 84' lang='lat' dir='ltr'>lum</span> <span class='ocrx_word' id='word_1_489' title='bbox 456 2794 484 2828; x_wconf 85' lang='lat' dir='ltr'>se</span> <span class='ocrx_word' id='word_1_490' title='bbox 509 2795 648 2836; x_wconf 83' lang='lat' dir='ltr'>usquam</span> <span class='ocrx_word' id='word_1_491' title='bbox 664 2792 807 2828; x_wconf 88' lang='lat' dir='ltr'>dolorem</span> <span class='ocrx_word' id='word_1_492' title='bbox 823 2817 834 2833; x_wconf 88' lang='lat'>,</span> <span class='ocrx_word' id='word_1_493' title='bbox 856 2803 910 2829; x_wconf 85' lang='lat' dir='ltr'>aut</span> <span class='ocrx_word' id='word_1_494' title='bbox 921 2792 1096 2828; x_wconf 85' lang='lat' dir='ltr'>molestiam</span> <span class='ocrx_word' id='word_1_495' title='bbox 1110 2795 1292 2837; x_wconf 77' lang='lat' dir='ltr'>percipere,</span> <span class='ocrx_word' id='word_1_496' title='bbox 1315 2805 1368 2829; x_wconf 83' lang='lat' dir='ltr'>ne-</span> 
     </span>
     <span class='ocr_line' id='line_1_62' title="bbox 362 2836 1366 2885; baseline 0.001 -15"><span class='ocrx_word' id='word_1_497' title='bbox 362 2839 477 2885; x_wconf 76' lang='lat' dir='ltr'>gabat.</span> <span class='ocrx_word' id='word_1_498' title='bbox 504 2837 561 2871; x_wconf 88' lang='lat' dir='ltr'>Sed</span> <span class='ocrx_word' id='word_1_499' title='bbox 585 2836 742 2869; x_wconf 85' lang='lat' dir='ltr'>clamabat</span> <span class='ocrx_word' id='word_1_500' title='bbox 766 2837 920 2878; x_wconf 84' lang='lat' dir='ltr'>interim,</span> <span class='ocrx_word' id='word_1_501' title='bbox 944 2848 1036 2879; x_wconf 86' lang='lat' dir='ltr'>atque</span> <span class='ocrx_word' id='word_1_502' title='bbox 1068 2837 1185 2871; x_wconf 86' lang='lat' dir='ltr'>inscius</span> <span class='ocrx_word' id='word_1_503' title='bbox 1215 2838 1366 2873; x_wconf 86' lang='lat' dir='ltr'>culcitam</span> 
     </span>
     <span class='ocr_line' id='line_1_63' title="bbox 362 2878 1368 2926; baseline -0.007 -11"><span class='ocrx_word' id='word_1_504' title='bbox 362 2881 584 2926; x_wconf 76' lang='lat' dir='ltr'>permingebat</span> <span class='ocrx_word' id='word_1_505' title='bbox 599 2904 606 2914; x_wconf 82' lang='grc'>,</span> <span class='ocrx_word' id='word_1_506' title='bbox 632 2879 780 2916; x_wconf 86' lang='lat' dir='ltr'>Tandem</span> <span class='ocrx_word' id='word_1_507' title='bbox 803 2879 894 2922; x_wconf 87' lang='lat' dir='ltr'>pulsu</span> <span class='ocrx_word' id='word_1_508' title='bbox 916 2879 1072 2914; x_wconf 88' lang='lat' dir='ltr'>debiliore</span> <span class='ocrx_word' id='word_1_509' title='bbox 1090 2878 1200 2920; x_wconf 59' lang='lat' dir='ltr'>saffo,</span> <span class='ocrx_word' id='word_1_510' title='bbox 1225 2879 1274 2914; x_wconf 86' lang='lat' dir='ltr'>sed</span> <span class='ocrx_word' id='word_1_511' title='bbox 1287 2891 1368 2914; x_wconf 81' lang='lat' dir='ltr'>nun.</span> 
     </span>
     <span class='ocr_line' id='line_1_64' title="bbox 365 2922 1372 2971; baseline 0.002 -16"><span class='ocrx_word' id='word_1_512' title='bbox 365 2937 462 2971; x_wconf 70' lang='lat' dir='ltr'>quam</span> <span class='ocrx_word' id='word_1_513' title='bbox 486 2923 662 2966; x_wconf 73' lang='lat' dir='ltr'>inaequali,</span> <span class='ocrx_word' id='word_1_514' title='bbox 684 2923 771 2956; x_wconf 89' lang='lat' dir='ltr'>obiit</span> <span class='ocrx_word' id='word_1_515' title='bbox 795 2923 892 2964; x_wconf 87' lang='lat' dir='ltr'>paulo</span> <span class='ocrx_word' id='word_1_516' title='bbox 915 2923 983 2966; x_wconf 87' lang='lat' dir='ltr'>post</span> <span class='ocrx_word' id='word_1_517' title='bbox 1005 2922 1100 2958; x_wconf 78' lang='lat' dir='ltr'>finem</span> <span class='ocrx_word' id='word_1_518' title='bbox 1126 2923 1189 2956; x_wconf 84' lang='lat' dir='ltr'>diei</span> <span class='ocrx_word' id='word_1_519' title='bbox 1222 2922 1350 2966; x_wconf 83' lang='lat' dir='ltr'>septimi</span> <span class='ocrx_word' id='word_1_520' title='bbox 1365 2951 1372 2961; x_wconf 81' lang='grc'>.,</span> 
     </span>
     <span class='ocr_line' id='line_1_65' title="bbox 500 2965 1375 3002; baseline 0 -4"><span class='ocrx_word' id='word_1_521' title='bbox 500 2968 554 3001; x_wconf 89' lang='grc' dir='ltr'>ΙΝ</span> <span class='ocrx_word' id='word_1_522' title='bbox 589 2966 853 3002; x_wconf 81' lang='lat' dir='ltr'>CADAVERE</span> <span class='ocrx_word' id='word_1_523' title='bbox 887 2967 969 3000; x_wconf 86' lang='lat' dir='ltr'>latus</span> <span class='ocrx_word' id='word_1_524' title='bbox 991 2966 1069 2998; x_wconf 92' lang='lat' dir='ltr'>colli</span> <span class='ocrx_word' id='word_1_525' title='bbox 1101 2965 1267 3002; x_wconf 84' lang='lat' dir='ltr'>dexterum</span> <span class='ocrx_word' id='word_1_526' title='bbox 1298 2968 1375 3000; x_wconf 77' lang='lat' dir='ltr'>live-</span> 
     </span>
     <span class='ocr_line' id='line_1_66' title="bbox 366 3008 1374 3051; baseline -0.002 -6"><span class='ocrx_word' id='word_1_527' title='bbox 366 3012 441 3049; x_wconf 88' lang='lat' dir='ltr'>bat.</span> <span class='ocrx_word' id='word_1_528' title='bbox 467 3012 519 3046; x_wconf 83' lang='lat' dir='ltr'>Sic</span> <span class='ocrx_word' id='word_1_529' title='bbox 534 3033 547 3050; x_wconf 83' lang='lat'>,</span> <span class='ocrx_word' id='word_1_530' title='bbox 571 3010 693 3043; x_wconf 83' lang='lat' dir='ltr'>Ventre</span> <span class='ocrx_word' id='word_1_531' title='bbox 717 3020 731 3044; x_wconf 87' lang='lat' dir='ltr'>a</span> <span class='ocrx_word' id='word_1_532' title='bbox 759 3019 849 3044; x_wconf 86' lang='lat' dir='ltr'>erto,</span> <span class='ocrx_word' id='word_1_533' title='bbox 871 3008 1021 3051; x_wconf 77' lang='lat' dir='ltr'>jecinoris</span> <span class='ocrx_word' id='word_1_534' title='bbox 1058 3011 1154 3043; x_wconf 84' lang='lat' dir='ltr'>etiam</span> <span class='ocrx_word' id='word_1_535' title='bbox 1189 3010 1305 3046; x_wconf 86' lang='lat' dir='ltr'>limbus</span> <span class='ocrx_word' id='word_1_536' title='bbox 1336 3012 1374 3049; x_wconf 85' lang='lat' dir='ltr'>acl</span> 
     </span>
     <span class='ocr_line' id='line_1_67' title="bbox 371 3051 1374 3098; baseline -0.004 -9"><span class='ocrx_word' id='word_1_537' title='bbox 371 3057 510 3098; x_wconf 80' lang='lat' dir='ltr'>aliquem</span> <span class='ocrx_word' id='word_1_538' title='bbox 536 3053 674 3088; x_wconf 65' lang='lat' dir='ltr'>tractum</span> <span class='ocrx_word' id='word_1_539' title='bbox 690 3077 699 3091; x_wconf 93' lang='lat'>‚</span> <span class='ocrx_word' id='word_1_540' title='bbox 740 3052 777 3085; x_wconf 87' lang='lat' dir='ltr'>ed</span> <span class='ocrx_word' id='word_1_541' title='bbox 802 3051 838 3085; x_wconf 87' lang='lat' dir='ltr'>ad</span> <span class='ocrx_word' id='word_1_542' title='bbox 863 3054 1008 3094; x_wconf 74' lang='lat' dir='ltr'>exiguam</span> <span class='ocrx_word' id='word_1_543' title='bbox 1034 3051 1257 3088; x_wconf 84' lang='lat' dir='ltr'>altitudinem.</span> <span class='ocrx_word' id='word_1_544' title='bbox 1283 3054 1374 3087; x_wconf 81' lang='lat' dir='ltr'>Vefi.</span> 
     </span>
     <span class='ocr_line' id='line_1_68' title="bbox 367 3095 1372 3141; baseline -0.004 -10"><span class='ocrx_word' id='word_1_545' title='bbox 367 3099 439 3133; x_wconf 88' lang='lat' dir='ltr'>cula</span> <span class='ocrx_word' id='word_1_546' title='bbox 463 3096 646 3134; x_wconf 48' lang='lat' dir='ltr'>contracta,</span> <span class='ocrx_word' id='word_1_547' title='bbox 669 3106 766 3137; x_wconf 85' lang='lat' dir='ltr'>pauca</span> <span class='ocrx_word' id='word_1_548' title='bbox 790 3096 877 3129; x_wconf 87' lang='lat' dir='ltr'>intus</span> <span class='ocrx_word' id='word_1_549' title='bbox 901 3095 985 3134; x_wconf 87' lang='lat' dir='ltr'>bile,</span> <span class='ocrx_word' id='word_1_550' title='bbox 1008 3107 1077 3141; x_wconf 78' lang='lat' dir='ltr'>quae</span> <span class='ocrx_word' id='word_1_551' title='bbox 1101 3095 1242 3131; x_wconf 86' lang='lat' dir='ltr'>dilutum</span> <span class='ocrx_word' id='word_1_552' title='bbox 1264 3095 1372 3132; x_wconf 49' lang='lat' dir='ltr'>tabae*</span> 
     </span>
     <span class='ocr_line' id='line_1_69' title="bbox 368 3138 1370 3176; baseline -0.005 0"><span class='ocrx_word' id='word_1_553' title='bbox 368 3142 398 3176; x_wconf 81' lang='lat' dir='ltr'>ci</span> <span class='ocrx_word' id='word_1_554' title='bbox 419 3141 561 3174; x_wconf 87' lang='lat' dir='ltr'>colorem</span> <span class='ocrx_word' id='word_1_555' title='bbox 583 3138 755 3173; x_wconf 83' lang='lat' dir='ltr'>referebat.</span> <span class='ocrx_word' id='word_1_556' title='bbox 781 3139 986 3172; x_wconf 83' lang='lat' dir='ltr'>Ventriculus</span> <span class='ocrx_word' id='word_1_557' title='bbox 1010 3141 1117 3172; x_wconf 82' lang='lat' dir='ltr'>ianus..</span> <span class='ocrx_word' id='word_1_558' title='bbox 1131 3141 1279 3174; x_wconf 86' lang='lat' dir='ltr'>Pancreas</span> <span class='ocrx_word' id='word_1_559' title='bbox 1289 3140 1370 3173; x_wconf 62' lang='lat' dir='ltr'>crase</span> 
     </span>
     <span class='ocr_line' id='line_1_70' title="bbox 367 3180 1370 3227; baseline -0.001 -10"><span class='ocrx_word' id='word_1_560' title='bbox 367 3184 428 3217; x_wconf 81' lang='lat' dir='ltr'>sius</span> <span class='ocrx_word' id='word_1_561' title='bbox 446 3208 454 3221; x_wconf 90' lang='lat'><strong><em>‚</em></strong></span> <span class='ocrx_word' id='word_1_562' title='bbox 478 3185 510 3220; x_wconf 74' lang='lat' dir='ltr'>&lt;Sc</span> <span class='ocrx_word' id='word_1_563' title='bbox 535 3180 706 3219; x_wconf 82' lang='lat' dir='ltr'>subdurum</span> <span class='ocrx_word' id='word_1_564' title='bbox 721 3206 728 3213; x_wconf 93' lang='lat'><strong>.</strong></span> <span class='ocrx_word' id='word_1_565' title='bbox 864 3183 900 3218; x_wconf 89' lang='lat' dir='ltr'>In</span> <span class='ocrx_word' id='word_1_566' title='bbox 926 3180 1073 3217; x_wconf 85' lang='lat' dir='ltr'>Thorace</span> <span class='ocrx_word' id='word_1_567' title='bbox 1097 3180 1179 3227; x_wconf 69' lang='lat' dir='ltr'>nihil</span> <span class='ocrx_word' id='word_1_568' title='bbox 1213 3192 1279 3215; x_wconf 90' lang='lat' dir='ltr'>erat</span> <span class='ocrx_word' id='word_1_569' title='bbox 1310 3182 1370 3219; x_wconf 87' lang='lat' dir='ltr'>seri</span> 
     </span>
     <span class='ocr_line' id='line_1_71' title="bbox 368 3224 1371 3268; baseline -0.002 -5"><span class='ocrx_word' id='word_1_570' title='bbox 368 3225 475 3263; x_wconf 73' lang='lat' dir='ltr'>effufi,</span> <span class='ocrx_word' id='word_1_571' title='bbox 503 3226 617 3259; x_wconf 86' lang='lat' dir='ltr'>Pulmo</span> <span class='ocrx_word' id='word_1_572' title='bbox 647 3224 758 3259; x_wconf 82' lang='lat' dir='ltr'>dexter</span> <span class='ocrx_word' id='word_1_573' title='bbox 789 3225 904 3267; x_wconf 85' lang='lat' dir='ltr'>pleurae</span> <span class='ocrx_word' id='word_1_574' title='bbox 935 3225 1075 3268; x_wconf 82' lang='lat' dir='ltr'>undique</span> <span class='ocrx_word' id='word_1_575' title='bbox 1107 3236 1161 3267; x_wconf 88' lang='lat' dir='ltr'>per</span> <span class='ocrx_word' id='word_1_576' title='bbox 1193 3224 1371 3267; x_wconf 71' lang='lat' dir='ltr'>interjeetas</span> 
     </span>
     <span class='ocr_line' id='line_1_72' title="bbox 370 3267 1373 3310; baseline 0.001 -8"><span class='ocrx_word' id='word_1_577' title='bbox 370 3269 567 3307; x_wconf 81' lang='lat' dir='ltr'>membranas</span> <span class='ocrx_word' id='word_1_578' title='bbox 591 3268 753 3304; x_wconf 72' lang='lat' dir='ltr'>arffiffime</span> <span class='ocrx_word' id='word_1_579' title='bbox 775 3267 964 3310; x_wconf 77' lang='lat' dir='ltr'>alligabatur</span> <span class='ocrx_word' id='word_1_580' title='bbox 987 3278 1056 3303; x_wconf 84' lang='lat' dir='ltr'>tum</span> <span class='ocrx_word' id='word_1_581' title='bbox 1079 3269 1118 3305; x_wconf 90' lang='lat' dir='ltr'>ad</span> <span class='ocrx_word' id='word_1_582' title='bbox 1140 3268 1237 3302; x_wconf 88' lang='lat' dir='ltr'>costas</span> <span class='ocrx_word' id='word_1_583' title='bbox 1256 3292 1266 3307; x_wconf 90' lang='lat'><em>‚</em></span> <span class='ocrx_word' id='word_1_584' title='bbox 1303 3279 1373 3306; x_wconf 86' lang='lat' dir='ltr'>turn</span> 
     </span>
     <span class='ocr_line' id='line_1_73' title="bbox 371 3309 1374 3355; baseline -0.003 -9"><span class='ocrx_word' id='word_1_585' title='bbox 371 3313 410 3346; x_wconf 87' lang='lat' dir='ltr'>ad</span> <span class='ocrx_word' id='word_1_586' title='bbox 434 3313 558 3354; x_wconf 89' lang='lat' dir='ltr'>septum</span> <span class='ocrx_word' id='word_1_587' title='bbox 583 3311 837 3348; x_wconf 74' lang='lat' dir='ltr'>Transversum:</span> <span class='ocrx_word' id='word_1_588' title='bbox 863 3309 981 3346; x_wconf 75' lang='lat' dir='ltr'>sinister</span> <span class='ocrx_word' id='word_1_589' title='bbox 1003 3322 1112 3347; x_wconf 86' lang='lat' dir='ltr'>contra</span> <span class='ocrx_word' id='word_1_590' title='bbox 1136 3315 1244 3355; x_wconf 86' lang='lat' dir='ltr'>paucis</span> <span class='ocrx_word' id='word_1_591' title='bbox 1267 3314 1300 3345; x_wconf 91' lang='lat' dir='ltr'>in</span> <span class='ocrx_word' id='word_1_592' title='bbox 1324 3315 1374 3347; x_wconf 91' lang='lat'>10-</span> 
     </span>
     <span class='ocr_line' id='line_1_74' title="bbox 372 3353 1376 3399; baseline 0.002 -10"><span class='ocrx_word' id='word_1_593' title='bbox 372 3358 442 3395; x_wconf 87' lang='lat' dir='ltr'>cis,</span> <span class='ocrx_word' id='word_1_594' title='bbox 465 3355 561 3398; x_wconf 83' lang='lat' dir='ltr'>idque</span> <span class='ocrx_word' id='word_1_595' title='bbox 584 3353 623 3389; x_wconf 82' lang='lat' dir='ltr'>ad</span> <span class='ocrx_word' id='word_1_596' title='bbox 648 3355 825 3390; x_wconf 84' lang='lat' dir='ltr'>anteriora.</span> <span class='ocrx_word' id='word_1_597' title='bbox 852 3354 910 3389; x_wconf 87' lang='lat' dir='ltr'>Sed</span> <span class='ocrx_word' id='word_1_598' title='bbox 942 3355 1073 3389; x_wconf 72' lang='lat' dir='ltr'>viciOEm</span> <span class='ocrx_word' id='word_1_599' title='bbox 1106 3355 1215 3389; x_wconf 89' lang='lat' dir='ltr'>dexter</span> <span class='ocrx_word' id='word_1_600' title='bbox 1246 3356 1376 3399; x_wconf 89' lang='lat' dir='ltr'>quidem</span> 
     </span>
     <span class='ocr_line' id='line_1_75' title="bbox 375 3396 1378 3441; baseline -0.001 -9"><span class='ocrx_word' id='word_1_601' title='bbox 375 3398 549 3434; x_wconf 86' lang='lat' dir='ltr'>secundum</span> <span class='ocrx_word' id='word_1_602' title='bbox 572 3406 718 3432; x_wconf 85' lang='lat' dir='ltr'>naturam</span> <span class='ocrx_word' id='word_1_603' title='bbox 742 3397 772 3430; x_wconf 90' lang='lat' dir='ltr'>se</span> <span class='ocrx_word' id='word_1_604' title='bbox 796 3396 932 3432; x_wconf 86' lang='lat' dir='ltr'>habuit:</span> <span class='ocrx_word' id='word_1_605' title='bbox 955 3396 1068 3433; x_wconf 73' lang='lat' dir='ltr'>sinistri</span> <span class='ocrx_word' id='word_1_606' title='bbox 1092 3408 1196 3436; x_wconf 84' lang='lat' dir='ltr'>autem</span> <span class='ocrx_word' id='word_1_607' title='bbox 1209 3410 1277 3441; x_wconf 87' lang='lat' dir='ltr'>pars</span> <span class='ocrx_word' id='word_1_608' title='bbox 1294 3401 1378 3435; x_wconf 56' lang='lat' dir='ltr'>mul„</span> 
     </span>
     <span class='ocr_line' id='line_1_76' title="bbox 378 3439 1379 3486; baseline 0.003 -13"><span class='ocrx_word' id='word_1_609' title='bbox 378 3451 416 3474; x_wconf 85' lang='lat' dir='ltr'>to</span> <span class='ocrx_word' id='word_1_610' title='bbox 439 3440 544 3486; x_wconf 82' lang='lat' dir='ltr'>major</span> <span class='ocrx_word' id='word_1_611' title='bbox 569 3439 716 3476; x_wconf 83' lang='lat' dir='ltr'>morbida</span> <span class='ocrx_word' id='word_1_612' title='bbox 738 3449 826 3475; x_wconf 82' lang='lat' dir='ltr'>erat.</span> <span class='ocrx_word' id='word_1_613' title='bbox 862 3442 949 3473; x_wconf 88' lang='lat' dir='ltr'>Nam</span> <span class='ocrx_word' id='word_1_614' title='bbox 979 3442 1120 3483; x_wconf 86' lang='lat' dir='ltr'>primurn</span> <span class='ocrx_word' id='word_1_615' title='bbox 1156 3441 1296 3484; x_wconf 83' lang='lat' dir='ltr'>superior</span> <span class='ocrx_word' id='word_1_616' title='bbox 1331 3444 1379 3476; x_wconf 95' lang='lat' dir='ltr'>lo-</span> 
     </span>
     <span class='ocr_line' id='line_1_77' title="bbox 377 3481 1379 3529; baseline 0.003 -12"><span class='ocrx_word' id='word_1_617' title='bbox 377 3484 461 3522; x_wconf 86' lang='lat' dir='ltr'>bus,</span> <span class='ocrx_word' id='word_1_618' title='bbox 483 3484 627 3527; x_wconf 81' lang='lat' dir='ltr'>alioquin</span> <span class='ocrx_word' id='word_1_619' title='bbox 649 3481 691 3515; x_wconf 85' lang='lat' dir='ltr'>fic</span> <span class='ocrx_word' id='word_1_620' title='bbox 715 3482 789 3517; x_wconf 88' lang='lat' dir='ltr'>satis</span> <span class='ocrx_word' id='word_1_621' title='bbox 812 3482 923 3522; x_wconf 79' lang='lat' dir='ltr'>sanus,</span> <span class='ocrx_word' id='word_1_622' title='bbox 947 3493 1015 3520; x_wconf 86' lang='lat' dir='ltr'>tum</span> <span class='ocrx_word' id='word_1_623' title='bbox 1040 3484 1283 3529; x_wconf 80' lang='lat' dir='ltr'>strigosuserat,</span> <span class='ocrx_word' id='word_1_624' title='bbox 1309 3495 1379 3520; x_wconf 88' lang='lat' dir='ltr'>tum</span> 
     </span>
     <span class='ocr_line' id='line_1_78' title="bbox 380 3524 1380 3571; baseline 0.004 -12"><span class='ocrx_word' id='word_1_625' title='bbox 380 3529 414 3559; x_wconf 90' lang='lat' dir='ltr'>in</span> <span class='ocrx_word' id='word_1_626' title='bbox 439 3525 586 3567; x_wconf 79' lang='lat' dir='ltr'>summe,</span> <span class='ocrx_word' id='word_1_627' title='bbox 608 3524 692 3569; x_wconf 81' lang='lat' dir='ltr'>quasi</span> <span class='ocrx_word' id='word_1_628' title='bbox 718 3528 803 3559; x_wconf 89' lang='lat' dir='ltr'>intra</span> <span class='ocrx_word' id='word_1_629' title='bbox 825 3525 1051 3569; x_wconf 86' lang='lat' dir='ltr'>tuberculum,</span> <span class='ocrx_word' id='word_1_630' title='bbox 1073 3540 1131 3571; x_wconf 87' lang='lat' dir='ltr'>pus</span> <span class='ocrx_word' id='word_1_631' title='bbox 1163 3528 1268 3563; x_wconf 88' lang='lat' dir='ltr'>album</span> <span class='ocrx_word' id='word_1_632' title='bbox 1300 3541 1380 3563; x_wconf 89' lang='lat' dir='ltr'>con-</span> 
     </span>
     <span class='ocr_line' id='line_1_79' title="bbox 375 3569 1381 3617; baseline 0.002 -11"><span class='ocrx_word' id='word_1_633' title='bbox 375 3569 519 3606; x_wconf 84' lang='lat' dir='ltr'>tinebat:</span> <span class='ocrx_word' id='word_1_634' title='bbox 543 3581 613 3612; x_wconf 84' lang='lat' dir='ltr'>quae</span> <span class='ocrx_word' id='word_1_635' title='bbox 637 3578 766 3611; x_wconf 81' lang='lat' dir='ltr'>tamen,</span> <span class='ocrx_word' id='word_1_636' title='bbox 788 3578 824 3604; x_wconf 89' lang='lat' dir='ltr'>ut</span> <span class='ocrx_word' id='word_1_637' title='bbox 848 3571 880 3606; x_wconf 63' lang='grc' dir='ltr'>δέ</span> <span class='ocrx_word' id='word_1_638' title='bbox 903 3570 966 3606; x_wconf 71' lang='lat' dir='ltr'>illae</span> <span class='ocrx_word' id='word_1_639' title='bbox 990 3581 1042 3607; x_wconf 88' lang='lat' dir='ltr'>tot</span> <span class='ocrx_word' id='word_1_640' title='bbox 1064 3581 1191 3615; x_wconf 83' lang='lat' dir='ltr'>tamque</span> <span class='ocrx_word' id='word_1_641' title='bbox 1204 3571 1295 3606; x_wconf 71' lang='lat' dir='ltr'>aretae</span> <span class='ocrx_word' id='word_1_642' title='bbox 1308 3575 1381 3617; x_wconf 86' lang='lat' dir='ltr'>pul-</span> 
     </span>
    </p>
   </div>
   <div class='ocr_carea' id='block_1_3' title="bbox 523 3698 1237 3733">
    <p class='ocr_par' dir='ltr' id='par_1_3' title="bbox 523 3698 1237 3733">
     <span class='ocr_line' id='line_1_80' title="bbox 523 3698 1237 3733; baseline 0.011 -12"><span class='ocrx_word' id='word_1_643' title='bbox 523 3698 549 3721; x_wconf 85' lang='lat' dir='ltr'>in</span> <span class='ocrx_word' id='word_1_644' title='bbox 567 3699 639 3723; x_wconf 84' lang='lat' dir='ltr'>Coae.</span> <span class='ocrx_word' id='word_1_645' title='bbox 656 3698 673 3721; x_wconf 58' lang='lat'>1-</span> <span class='ocrx_word' id='word_1_646' title='bbox 690 3705 711 3721; x_wconf 82' lang='lat'>2.</span> <span class='ocrx_word' id='word_1_647' title='bbox 728 3707 751 3723; x_wconf 82' lang='lat' dir='ltr'>c.</span> <span class='ocrx_word' id='word_1_648' title='bbox 769 3703 807 3724; x_wconf 82' lang='lat'>16.</span> <span class='ocrx_word' id='word_1_649' title='bbox 826 3708 851 3724; x_wconf 88' lang='lat' dir='ltr'>n.</span> <span class='ocrx_word' id='word_1_650' title='bbox 868 3708 905 3729; x_wconf 85' lang='lat'>3¹·</span> <span class='ocrx_word' id='word_1_651' title='bbox 967 3703 981 3730; x_wconf 94' lang='lat'>(</span> <span class='ocrx_word' id='word_1_652' title='bbox 996 3710 1010 3725; x_wconf 77' lang='lat' dir='ltr'>x</span> <span class='ocrx_word' id='word_1_653' title='bbox 1026 3704 1039 3731; x_wconf 83' lang='grc'>)</span> <span class='ocrx_word' id='word_1_654' title='bbox 1056 3704 1129 3733; x_wconf 77' lang='lat' dir='ltr'>Epist.</span> <span class='ocrx_word' id='word_1_655' title='bbox 1140 3706 1161 3727; x_wconf 85' lang='lat'>8.</span> <span class='ocrx_word' id='word_1_656' title='bbox 1179 3712 1202 3728; x_wconf 90' lang='lat' dir='ltr'>n.</span> <span class='ocrx_word' id='word_1_657' title='bbox 1213 3707 1237 3729; x_wconf 90' lang='lat'>8.</span> 
     </span>
    </p>
   </div>
   <div class='ocr_carea' id='block_1_4' title="bbox 435 3697 1197 3793">
    <p class='ocr_par' dir='ltr' id='par_1_4' title="bbox 435 3697 1197 3793">
     <span class='ocr_line' id='line_1_81' title="bbox 436 3698 477 3723; baseline -0.049 0"><span class='ocrx_word' id='word_1_658' title='bbox 436 3698 443 3723; x_wconf 69' lang='lat' dir='ltr'>i</span> <span class='ocrx_word' id='word_1_659' title='bbox 461 3706 477 3721; x_wconf 81' lang='lat' dir='ltr'>u</span> 
     </span>
     <span class='ocr_line' id='line_1_82' title="bbox 435 3697 1197 3793; baseline 0.005 -6"><span class='ocrx_word' id='word_1_660' title='bbox 435 3697 613 3792; x_wconf 51' lang='lat' dir='ltr'>{girantu-</span> <span class='ocrx_word' id='word_1_661' title='bbox 627 3760 675 3789; x_wconf 70' lang='lat'>¹05·</span> <span class='ocrx_word' id='word_1_662' title='bbox 691 3766 711 3785; x_wconf 79' lang='lat' dir='ltr'>c.</span> <span class='ocrx_word' id='word_1_663' title='bbox 730 3766 766 3786; x_wconf 77' lang='lat' dir='ltr'>u,</span> <span class='ocrx_word' id='word_1_664' title='bbox 826 3759 870 3790; x_wconf 78' lang='lat' dir='ltr'>(d</span> <span class='ocrx_word' id='word_1_665' title='bbox 884 3761 899 3790; x_wconf 75' lang='lat'>&gt;</span> <span class='ocrx_word' id='word_1_666' title='bbox 916 3762 978 3788; x_wconf 68' lang='lat' dir='ltr'>Sest-</span> <span class='ocrx_word' id='word_1_667' title='bbox 994 3763 1037 3789; x_wconf 78' lang='lat' dir='ltr'>hac</span> <span class='ocrx_word' id='word_1_668' title='bbox 1054 3772 1079 3793; x_wconf 85' lang='lat'>7.</span> <span class='ocrx_word' id='word_1_669' title='bbox 1097 3764 1156 3791; x_wconf 61' lang='lat' dir='ltr'>oss.</span> <span class='ocrx_word' id='word_1_670' title='bbox 1175 3772 1197 3791; x_wconf 85' lang='lat'>1.</span> 
     </span>
    </p>
   </div>
   <div class='ocr_carea' id='block_1_5' title="bbox 526 3706 1814 3768">
    <p class='ocr_par' dir='ltr' id='par_1_5' title="bbox 526 3706 1814 3768">
     <span class='ocr_line' id='line_1_83' title="bbox 1300 3706 1814 3737; baseline 0.012 -8"><span class='ocrx_word' id='word_1_671' title='bbox 1300 3707 1342 3737; x_wconf 83' lang='lat' dir='ltr'>(y</span> <span class='ocrx_word' id='word_1_672' title='bbox 1358 3706 1371 3734; x_wconf 86' lang='lat'>)</span> <span class='ocrx_word' id='word_1_673' title='bbox 1387 3707 1491 3732; x_wconf 79' lang='lat' dir='ltr'>Diatrib.</span> <span class='ocrx_word' id='word_1_674' title='bbox 1510 3707 1538 3732; x_wconf 83' lang='lat' dir='ltr'>de</span> <span class='ocrx_word' id='word_1_675' title='bbox 1553 3708 1636 3733; x_wconf 89' lang='lat' dir='ltr'>Morb.</span> <span class='ocrx_word' id='word_1_676' title='bbox 1655 3710 1728 3734; x_wconf 82' lang='lat' dir='ltr'>Artif—</span> <span class='ocrx_word' id='word_1_677' title='bbox 1746 3714 1814 3735; x_wconf 80' lang='lat' dir='ltr'>c.26.</span> 
     </span>
     <span class='ocr_line' id='line_1_84' title="bbox 526 3729 1712 3768; baseline 0.012 -17"><span class='ocrx_word' id='word_1_678' title='bbox 526 3729 555 3752; x_wconf 87' lang='grc' dir='ltr'>Α.</span> <span class='ocrx_word' id='word_1_679' title='bbox 572 3734 638 3757; x_wconf 76' lang='lat'>1736.</span> <span class='ocrx_word' id='word_1_680' title='bbox 654 3730 731 3753; x_wconf 85' lang='lat' dir='ltr'>Hebd.</span> <span class='ocrx_word' id='word_1_681' title='bbox 741 3738 778 3754; x_wconf 85' lang='lat'>22.</span> <span class='ocrx_word' id='word_1_682' title='bbox 795 3737 851 3755; x_wconf 81' lang='lat' dir='ltr'>n.2.</span> <span class='ocrx_word' id='word_1_683' title='bbox 870 3730 948 3758; x_wconf 78' lang='lat' dir='ltr'>Hebd.</span> <span class='ocrx_word' id='word_1_684' title='bbox 966 3740 1006 3761; x_wconf 74' lang='lat'>4¹·</span> <span class='ocrx_word' id='word_1_685' title='bbox 1023 3741 1046 3757; x_wconf 91' lang='lat' dir='ltr'>n.</span> <span class='ocrx_word' id='word_1_686' title='bbox 1066 3741 1086 3757; x_wconf 87' lang='grc' dir='ltr'>ι.</span> <span class='ocrx_word' id='word_1_687' title='bbox 1104 3734 1180 3758; x_wconf 84' lang='lat' dir='ltr'>Hebd.</span> <span class='ocrx_word' id='word_1_688' title='bbox 1198 3744 1233 3764; x_wconf 44' lang='lat'>52&lt;</span> <span class='ocrx_word' id='word_1_689' title='bbox 1250 3743 1273 3760; x_wconf 85' lang='lat' dir='ltr'>n.</span> <span class='ocrx_word' id='word_1_690' title='bbox 1292 3744 1314 3760; x_wconf 84' lang='lat'>2.</span> <span class='ocrx_word' id='word_1_691' title='bbox 1333 3739 1354 3762; x_wconf 73' lang='grc' dir='ltr'>δι</span> <span class='ocrx_word' id='word_1_692' title='bbox 1371 3739 1399 3762; x_wconf 82' lang='grc' dir='ltr'>Α.</span> <span class='ocrx_word' id='word_1_693' title='bbox 1420 3745 1484 3768; x_wconf 79' lang='lat'>1737.</span> <span class='ocrx_word' id='word_1_694' title='bbox 1503 3738 1579 3764; x_wconf 81' lang='lat' dir='ltr'>Hebd.</span> <span class='ocrx_word' id='word_1_695' title='bbox 1597 3745 1634 3764; x_wconf 83' lang='lat'>16.</span> <span class='ocrx_word' id='word_1_696' title='bbox 1653 3749 1677 3766; x_wconf 89' lang='lat' dir='ltr'>n.</span> <span class='ocrx_word' id='word_1_697' title='bbox 1694 3749 1712 3765; x_wconf 86' lang='lat'>1.</span> 
     </span>
    </p>
   </div>
   <div class='ocr_carea' id='block_1_6' title="bbox 953 159 1776 228">
    <p class='ocr_par' dir='ltr' id='par_1_6' title="bbox 953 159 1776 228">
     <span class='ocr_line' id='line_1_85' title="bbox 953 159 1776 228; baseline -0.001 -12"><span class='ocrx_word' id='word_1_698' title='bbox 953 160 1111 216; x_wconf 82' lang='lat' dir='ltr'>Liber</span> <span class='ocrx_word' id='word_1_699' title='bbox 1141 160 1179 214; x_wconf 79' lang='grc'>1,</span> <span class='ocrx_word' id='word_1_700' title='bbox 1212 160 1296 214; x_wconf 91' lang='lat' dir='ltr'>De</span> <span class='ocrx_word' id='word_1_701' title='bbox 1331 160 1538 215; x_wconf 87' lang='lat' dir='ltr'>Morbis</span> <span class='ocrx_word' id='word_1_702' title='bbox 1569 159 1776 228; x_wconf 83' lang='lat' dir='ltr'>Capitis</span> 
     </span>
    </p>
   </div>
   <div class='ocr_carea' id='block_1_7' title="bbox 1403 244 2471 3662">
    <p class='ocr_par' dir='ltr' id='par_1_7' title="bbox 1403 244 2471 2056">
     <span class='ocr_line' id='line_1_86' title="bbox 1414 244 2412 288; baseline 0 -8"><span class='ocrx_word' id='word_1_703' title='bbox 1414 246 1518 280; x_wconf 86' lang='lat' dir='ltr'>monis</span> <span class='ocrx_word' id='word_1_704' title='bbox 1540 244 1662 280; x_wconf 87' lang='lat' dir='ltr'>dexteri</span> <span class='ocrx_word' id='word_1_705' title='bbox 1686 245 1904 287; x_wconf 82' lang='lat' dir='ltr'>alligationes,</span> <span class='ocrx_word' id='word_1_706' title='bbox 1939 245 2110 288; x_wconf 80' lang='lat' dir='ltr'>praeteritis</span> <span class='ocrx_word' id='word_1_707' title='bbox 2142 244 2412 281; x_wconf 78' lang='lat' dir='ltr'>inflammationi-</span> 
     </span>
     <span class='ocr_line' id='line_1_87' title="bbox 1414 288 2414 329; baseline 0.002 -7"><span class='ocrx_word' id='word_1_708' title='bbox 1414 290 1471 322; x_wconf 89' lang='lat' dir='ltr'>bus</span> <span class='ocrx_word' id='word_1_709' title='bbox 1493 288 1682 322; x_wconf 84' lang='lat' dir='ltr'>videbantut</span> <span class='ocrx_word' id='word_1_710' title='bbox 1703 288 1910 329; x_wconf 82' lang='lat' dir='ltr'>imputanda.</span> <span class='ocrx_word' id='word_1_711' title='bbox 1934 289 2056 323; x_wconf 88' lang='lat' dir='ltr'>Verum</span> <span class='ocrx_word' id='word_1_712' title='bbox 2081 289 2172 323; x_wconf 86' lang='lat' dir='ltr'>Iobus</span> <span class='ocrx_word' id='word_1_713' title='bbox 2194 288 2334 324; x_wconf 86' lang='lat' dir='ltr'>inferior</span> <span class='ocrx_word' id='word_1_714' title='bbox 2361 302 2414 324; x_wconf 92' lang='lat' dir='ltr'>ru-</span> 
     </span>
     <span class='ocr_line' id='line_1_88' title="bbox 1415 330 2417 375; baseline 0.001 -10"><span class='ocrx_word' id='word_1_715' title='bbox 1415 333 1491 365; x_wconf 86' lang='lat' dir='ltr'>bens</span> <span class='ocrx_word' id='word_1_716' title='bbox 1505 354 1514 368; x_wconf 84' lang='lat'><em>,</em></span> <span class='ocrx_word' id='word_1_717' title='bbox 1537 331 1654 371; x_wconf 86' lang='lat' dir='ltr'>durus,</span> <span class='ocrx_word' id='word_1_718' title='bbox 1677 332 1781 374; x_wconf 78' lang='lat' dir='ltr'>gravis</span> <span class='ocrx_word' id='word_1_719' title='bbox 1795 353 1804 370; x_wconf 91' lang='lat'>‚</span> <span class='ocrx_word' id='word_1_720' title='bbox 1820 331 1953 375; x_wconf 74' lang='lat' dir='ltr'>ejusque</span> <span class='ocrx_word' id='word_1_721' title='bbox 1973 331 2102 365; x_wconf 87' lang='lat' dir='ltr'>densata</span> <span class='ocrx_word' id='word_1_722' title='bbox 2125 330 2315 372; x_wconf 84' lang='lat' dir='ltr'>substantia,</span> <span class='ocrx_word' id='word_1_723' title='bbox 2339 335 2417 368; x_wconf 89' lang='lat' dir='ltr'>&amp;in</span> 
     </span>
     <span class='ocr_line' id='line_1_89' title="bbox 1417 375 2419 418; baseline 0.001 -9"><span class='ocrx_word' id='word_1_724' title='bbox 1417 375 1573 417; x_wconf 87' lang='lat' dir='ltr'>superiore</span> <span class='ocrx_word' id='word_1_725' title='bbox 1598 384 1684 416; x_wconf 87' lang='lat' dir='ltr'>parte</span> <span class='ocrx_word' id='word_1_726' title='bbox 1707 386 1783 417; x_wconf 87' lang='lat' dir='ltr'>pus,</span> <span class='ocrx_word' id='word_1_727' title='bbox 1808 384 1862 409; x_wconf 89' lang='lat' dir='ltr'>aut</span> <span class='ocrx_word' id='word_1_728' title='bbox 1884 376 1957 417; x_wconf 89' lang='lat' dir='ltr'>puri</span> <span class='ocrx_word' id='word_1_729' title='bbox 1980 375 2091 410; x_wconf 82' lang='lat' dir='ltr'>similis</span> <span class='ocrx_word' id='word_1_730' title='bbox 2113 376 2244 410; x_wconf 87' lang='lat' dir='ltr'>materia</span> <span class='ocrx_word' id='word_1_731' title='bbox 2256 386 2310 418; x_wconf 88' lang='lat' dir='ltr'>per</span> <span class='ocrx_word' id='word_1_732' title='bbox 2321 377 2419 410; x_wconf 79' lang='lat' dir='ltr'>bron-</span> 
     </span>
     <span class='ocr_line' id='line_1_90' title="bbox 1415 417 2418 463; baseline 0.001 -11"><span class='ocrx_word' id='word_1_733' title='bbox 1415 419 1565 455; x_wconf 88' lang='lat' dir='ltr'>chiorum</span> <span class='ocrx_word' id='word_1_734' title='bbox 1590 418 1741 452; x_wconf 65' lang='lat' dir='ltr'>semones</span> <span class='ocrx_word' id='word_1_735' title='bbox 1764 417 1918 459; x_wconf 83' lang='lat' dir='ltr'>effluens,</span> <span class='ocrx_word' id='word_1_736' title='bbox 1940 419 2124 461; x_wconf 81' lang='lat' dir='ltr'>praesentem</span> <span class='ocrx_word' id='word_1_737' title='bbox 2135 442 2148 459; x_wconf 85' lang='lat'>,</span> <span class='ocrx_word' id='word_1_738' title='bbox 2171 429 2241 463; x_wconf 87' lang='lat' dir='ltr'>quae</span> <span class='ocrx_word' id='word_1_739' title='bbox 2265 418 2418 463; x_wconf 83' lang='lat' dir='ltr'>suppura-</span> 
     </span>
     <span class='ocr_line' id='line_1_91' title="bbox 1414 460 2419 504; baseline 0.005 -10"><span class='ocrx_word' id='word_1_740' title='bbox 1414 474 1446 494; x_wconf 80' lang='lat' dir='ltr'>re</span> <span class='ocrx_word' id='word_1_741' title='bbox 1469 463 1648 504; x_wconf 84' lang='lat' dir='ltr'>inciperet,</span> <span class='ocrx_word' id='word_1_742' title='bbox 1670 460 1961 497; x_wconf 67' lang='lat' dir='ltr'>‚commonstrabant</span> <span class='ocrx_word' id='word_1_743' title='bbox 1983 462 2293 498; x_wconf 84' lang='lat' dir='ltr'>inflammationem.</span> <span class='ocrx_word' id='word_1_744' title='bbox 2326 464 2419 500; x_wconf 80' lang='lat' dir='ltr'>Pleu-</span> 
     </span>
     <span class='ocr_line' id='line_1_92' title="bbox 1413 504 2419 547; baseline -0.003 -10"><span class='ocrx_word' id='word_1_745' title='bbox 1413 515 1446 538; x_wconf 85' lang='lat' dir='ltr'>ra</span> <span class='ocrx_word' id='word_1_746' title='bbox 1469 516 1594 547; x_wconf 87' lang='lat' dir='ltr'>quoque</span> <span class='ocrx_word' id='word_1_747' title='bbox 1617 504 1656 537; x_wconf 88' lang='lat' dir='ltr'>ab</span> <span class='ocrx_word' id='word_1_748' title='bbox 1680 504 1791 540; x_wconf 83' lang='lat' dir='ltr'>eodem</span> <span class='ocrx_word' id='word_1_749' title='bbox 1816 504 1939 538; x_wconf 78' lang='lat' dir='ltr'>sinistro</span> <span class='ocrx_word' id='word_1_750' title='bbox 1961 505 2058 541; x_wconf 89' lang='lat' dir='ltr'>latere</span> <span class='ocrx_word' id='word_1_751' title='bbox 2080 504 2180 540; x_wconf 86' lang='lat' dir='ltr'>ferme</span> <span class='ocrx_word' id='word_1_752' title='bbox 2205 514 2274 538; x_wconf 89' lang='lat' dir='ltr'>tota</span> <span class='ocrx_word' id='word_1_753' title='bbox 2290 505 2419 541; x_wconf 82' lang='lat' dir='ltr'>inflam-</span> 
     </span>
     <span class='ocr_line' id='line_1_93' title="bbox 1410 546 2419 590; baseline 0.001 -9"><span class='ocrx_word' id='word_1_754' title='bbox 1410 558 1495 582; x_wconf 88' lang='lat' dir='ltr'>mata</span> <span class='ocrx_word' id='word_1_755' title='bbox 1519 547 1707 589; x_wconf 85' lang='lat' dir='ltr'>videbatur,</span> <span class='ocrx_word' id='word_1_756' title='bbox 1731 559 1805 581; x_wconf 89' lang='lat' dir='ltr'>curn</span> <span class='ocrx_word' id='word_1_757' title='bbox 1827 546 2005 590; x_wconf 79' lang='lat' dir='ltr'>{anguifera</span> <span class='ocrx_word' id='word_1_758' title='bbox 2028 549 2081 585; x_wconf 84' lang='lat' dir='ltr'>sua</span> <span class='ocrx_word' id='word_1_759' title='bbox 2097 548 2220 583; x_wconf 84' lang='lat' dir='ltr'>vascula</span> <span class='ocrx_word' id='word_1_760' title='bbox 2232 548 2329 582; x_wconf 90' lang='lat' dir='ltr'>nimis</span> <span class='ocrx_word' id='word_1_761' title='bbox 2340 561 2419 582; x_wconf 89' lang='lat' dir='ltr'>con-</span> 
     </span>
     <span class='ocr_line' id='line_1_94' title="bbox 1412 591 2421 634; baseline 0.002 -10"><span class='ocrx_word' id='word_1_762' title='bbox 1412 591 1518 634; x_wconf 88' lang='lat' dir='ltr'>spicua</span> <span class='ocrx_word' id='word_1_763' title='bbox 1539 591 1695 633; x_wconf 87' lang='lat' dir='ltr'>haberet,</span> <span class='ocrx_word' id='word_1_764' title='bbox 1717 603 1752 624; x_wconf 90' lang='lat' dir='ltr'>ac</span> <span class='ocrx_word' id='word_1_765' title='bbox 1775 600 1845 624; x_wconf 88' lang='lat' dir='ltr'>tota</span> <span class='ocrx_word' id='word_1_766' title='bbox 1868 591 2021 625; x_wconf 82' lang='lat' dir='ltr'>facillime</span> <span class='ocrx_word' id='word_1_767' title='bbox 2046 603 2061 624; x_wconf 89' lang='lat' dir='ltr'>a</span> <span class='ocrx_word' id='word_1_768' title='bbox 2084 591 2176 626; x_wconf 81' lang='lat' dir='ltr'>costis</span> <span class='ocrx_word' id='word_1_769' title='bbox 2199 602 2260 627; x_wconf 85' lang='lat' dir='ltr'>una</span> <span class='ocrx_word' id='word_1_770' title='bbox 2284 593 2421 627; x_wconf 75' lang='lat' dir='ltr'>traffio-</span> 
     </span>
     <span class='ocr_line' id='line_1_95' title="bbox 1411 633 2471 679; baseline 0.002 -12"><span class='ocrx_word' id='word_1_771' title='bbox 1411 646 1448 667; x_wconf 86' lang='lat' dir='ltr'>ne</span> <span class='ocrx_word' id='word_1_772' title='bbox 1472 634 1676 669; x_wconf 79' lang='lat' dir='ltr'>avelleretur.</span> <span class='ocrx_word' id='word_1_773' title='bbox 1716 634 1939 679; x_wconf 78' lang='lat' dir='ltr'>Diaphragma</span> <span class='ocrx_word' id='word_1_774' title='bbox 1974 645 2080 670; x_wconf 87' lang='lat' dir='ltr'>autem</span> <span class='ocrx_word' id='word_1_775' title='bbox 2115 636 2148 667; x_wconf 93' lang='lat' dir='ltr'>in</span> <span class='ocrx_word' id='word_1_776' title='bbox 2181 646 2215 669; x_wconf 88' lang='lat' dir='ltr'>ea</span> <span class='ocrx_word' id='word_1_777' title='bbox 2250 633 2419 671; x_wconf 80' lang='lat' dir='ltr'>dumtaxat</span> <span class='ocrx_word' id='word_1_778' title='bbox 2470 636 2471 639; x_wconf 72' lang='grc'>’</span> 
     </span>
     <span class='ocr_line' id='line_1_96' title="bbox 1410 676 2419 723; baseline 0.001 -12"><span class='ocrx_word' id='word_1_779' title='bbox 1410 678 1457 711; x_wconf 85' lang='lat' dir='ltr'>sui</span> <span class='ocrx_word' id='word_1_780' title='bbox 1481 677 1620 711; x_wconf 82' lang='lat' dir='ltr'>tendinei</span> <span class='ocrx_word' id='word_1_781' title='bbox 1638 679 1768 719; x_wconf 80' lang='lat' dir='ltr'>centri,</span> <span class='ocrx_word' id='word_1_782' title='bbox 1791 687 1827 712; x_wconf 93' lang='lat' dir='ltr'>ut</span> <span class='ocrx_word' id='word_1_783' title='bbox 1838 678 1984 711; x_wconf 85' lang='lat' dir='ltr'>vocitant</span> <span class='ocrx_word' id='word_1_784' title='bbox 1999 701 2012 718; x_wconf 90' lang='lat'>,</span> <span class='ocrx_word' id='word_1_785' title='bbox 2035 688 2123 723; x_wconf 75' lang='lat' dir='ltr'>parte</span> <span class='ocrx_word' id='word_1_786' title='bbox 2132 689 2202 721; x_wconf 76' lang='lat' dir='ltr'>quae</span> <span class='ocrx_word' id='word_1_787' title='bbox 2214 676 2338 712; x_wconf 84' lang='lat' dir='ltr'>sinistro</span> <span class='ocrx_word' id='word_1_788' title='bbox 2346 680 2419 722; x_wconf 87' lang='lat' dir='ltr'>pul-</span> 
     </span>
     <span class='ocr_line' id='line_1_97' title="bbox 1410 720 2419 764; baseline 0.003 -11"><span class='ocrx_word' id='word_1_789' title='bbox 1410 722 1499 754; x_wconf 84' lang='lat' dir='ltr'>moni</span> <span class='ocrx_word' id='word_1_790' title='bbox 1512 720 1737 764; x_wconf 82' lang='lat' dir='ltr'>subjiciebatur</span> <span class='ocrx_word' id='word_1_791' title='bbox 1752 744 1761 759; x_wconf 90' lang='lat'>,</span> <span class='ocrx_word' id='word_1_792' title='bbox 1782 720 1852 755; x_wconf 85' lang='lat' dir='ltr'>vasa</span> <span class='ocrx_word' id='word_1_793' title='bbox 1865 720 2000 755; x_wconf 87' lang='lat' dir='ltr'>habebat</span> <span class='ocrx_word' id='word_1_794' title='bbox 2012 744 2024 761; x_wconf 89' lang='lat'><em>‚</em></span> <span class='ocrx_word' id='word_1_795' title='bbox 2048 723 2147 756; x_wconf 88' lang='lat' dir='ltr'>etiam</span> <span class='ocrx_word' id='word_1_796' title='bbox 2162 723 2317 762; x_wconf 89' lang='lat' dir='ltr'>minima,</span> <span class='ocrx_word' id='word_1_797' title='bbox 2339 721 2419 756; x_wconf 87' lang='lat' dir='ltr'>adeo</span> 
     </span>
     <span class='ocr_line' id='line_1_98' title="bbox 1411 763 2419 806; baseline 0.001 -9"><span class='ocrx_word' id='word_1_798' title='bbox 1411 764 1543 797; x_wconf 83' lang='lat' dir='ltr'>distenta</span> <span class='ocrx_word' id='word_1_799' title='bbox 1557 767 1573 805; x_wconf 52' lang='lat'>,²</span> <span class='ocrx_word' id='word_1_800' title='bbox 1591 774 1627 800; x_wconf 90' lang='lat' dir='ltr'>ut</span> <span class='ocrx_word' id='word_1_801' title='bbox 1650 766 1697 801; x_wconf 89' lang='lat' dir='ltr'>ibi</span> <span class='ocrx_word' id='word_1_802' title='bbox 1721 765 1956 799; x_wconf 85' lang='lat' dir='ltr'>inflammatum</span> <span class='ocrx_word' id='word_1_803' title='bbox 1980 764 2059 806; x_wconf 82' lang='lat' dir='ltr'>esse,</span> <span class='ocrx_word' id='word_1_804' title='bbox 2082 775 2145 797; x_wconf 90' lang='lat' dir='ltr'>non</span> <span class='ocrx_word' id='word_1_805' title='bbox 2168 763 2345 799; x_wconf 87' lang='lat' dir='ltr'>dubitares.</span> <span class='ocrx_word' id='word_1_806' title='bbox 2378 768 2419 800; x_wconf 89' lang='lat' dir='ltr'>In</span> 
     </span>
     <span class='ocr_line' id='line_1_99' title="bbox 1412 806 2416 855; baseline 0.002 -15"><span class='ocrx_word' id='word_1_807' title='bbox 1412 807 1591 850; x_wconf 79' lang='lat' dir='ltr'>pericardio</span> <span class='ocrx_word' id='word_1_808' title='bbox 1615 810 1816 852; x_wconf 87' lang='lat' dir='ltr'>aliquantum</span> <span class='ocrx_word' id='word_1_809' title='bbox 1838 807 1899 841; x_wconf 83' lang='lat' dir='ltr'>seri</span> <span class='ocrx_word' id='word_1_810' title='bbox 1924 806 2091 846; x_wconf 84' lang='lat' dir='ltr'>subrubri,</span> <span class='ocrx_word' id='word_1_811' title='bbox 2115 810 2148 842; x_wconf 72' lang='grc' dir='ltr'>δε</span> <span class='ocrx_word' id='word_1_812' title='bbox 2170 807 2295 842; x_wconf 87' lang='lat' dir='ltr'>turbidi</span> <span class='ocrx_word' id='word_1_813' title='bbox 2315 834 2333 855; x_wconf 37' lang='grc' dir='ltr'>,Ι</span> <span class='ocrx_word' id='word_1_814' title='bbox 2358 810 2416 842; x_wconf 88' lang='lat' dir='ltr'>Per</span> 
     </span>
     <span class='ocr_line' id='line_1_100' title="bbox 1411 850 2419 895; baseline -0.002 -10"><span class='ocrx_word' id='word_1_815' title='bbox 1411 855 1519 886; x_wconf 83' lang='lat' dir='ltr'>omnia</span> <span class='ocrx_word' id='word_1_816' title='bbox 1541 851 1647 886; x_wconf 87' lang='lat' dir='ltr'>cordis</span> <span class='ocrx_word' id='word_1_817' title='bbox 1672 852 1798 887; x_wconf 84' lang='lat' dir='ltr'>orificia</span> <span class='ocrx_word' id='word_1_818' title='bbox 1820 851 2038 884; x_wconf 87' lang='lat' dir='ltr'>concretiones</span> <span class='ocrx_word' id='word_1_819' title='bbox 2069 850 2235 893; x_wconf 85' lang='lat' dir='ltr'>polyposae</span> <span class='ocrx_word' id='word_1_820' title='bbox 2270 852 2419 895; x_wconf 74' lang='lat' dir='ltr'>trajicie-</span> 
     </span>
     <span class='ocr_line' id='line_1_101' title="bbox 1409 894 2419 940; baseline 0 -12"><span class='ocrx_word' id='word_1_821' title='bbox 1409 896 1550 938; x_wconf 85' lang='lat' dir='ltr'>bantur,</span> <span class='ocrx_word' id='word_1_822' title='bbox 1572 898 1605 928; x_wconf 93' lang='lat' dir='ltr'>in</span> <span class='ocrx_word' id='word_1_823' title='bbox 1629 896 1815 929; x_wconf 82' lang='lat' dir='ltr'>ventriculis</span> <span class='ocrx_word' id='word_1_824' title='bbox 1837 903 1937 940; x_wconf 47' lang='lat' dir='ltr'>ortae2‚</span> <span class='ocrx_word' id='word_1_825' title='bbox 1960 895 1994 926; x_wconf 90' lang='lat' dir='ltr'>in</span> <span class='ocrx_word' id='word_1_826' title='bbox 2016 894 2085 927; x_wconf 87' lang='lat' dir='ltr'>vasa</span> <span class='ocrx_word' id='word_1_827' title='bbox 2111 894 2296 936; x_wconf 65' lang='lat' dir='ltr'>productae,</span> <span class='ocrx_word' id='word_1_828' title='bbox 2320 906 2358 928; x_wconf 84' lang='lat' dir='ltr'>ex</span> <span class='ocrx_word' id='word_1_829' title='bbox 2369 894 2419 928; x_wconf 89' lang='lat' dir='ltr'>so-</span> 
     </span>
     <span class='ocr_line' id='line_1_102' title="bbox 1411 937 2417 980; baseline 0 -9"><span class='ocrx_word' id='word_1_830' title='bbox 1411 939 1526 972; x_wconf 86' lang='lat' dir='ltr'>lidiore</span> <span class='ocrx_word' id='word_1_831' title='bbox 1549 939 1718 973; x_wconf 86' lang='lat' dir='ltr'>substantia</span> <span class='ocrx_word' id='word_1_832' title='bbox 1741 937 1916 977; x_wconf 49' lang='lat' dir='ltr'>ornnesAi</span> <span class='ocrx_word' id='word_1_833' title='bbox 1938 938 2072 971; x_wconf 86' lang='lat' dir='ltr'>initium</span> <span class='ocrx_word' id='word_1_834' title='bbox 2095 938 2233 979; x_wconf 81' lang='lat' dir='ltr'>excipias</span> <span class='ocrx_word' id='word_1_835' title='bbox 2248 938 2334 972; x_wconf 84' lang='lat' dir='ltr'>illius</span> <span class='ocrx_word' id='word_1_836' title='bbox 2348 949 2417 980; x_wconf 83' lang='lat' dir='ltr'>quae</span> 
     </span>
     <span class='ocr_line' id='line_1_103' title="bbox 1412 979 2414 1028; baseline -0.001 -13"><span class='ocrx_word' id='word_1_837' title='bbox 1412 984 1636 1017; x_wconf 86' lang='lat' dir='ltr'>Pulmonarem</span> <span class='ocrx_word' id='word_1_838' title='bbox 1658 982 1843 1025; x_wconf 82' lang='lat' dir='ltr'>peragrabat</span> <span class='ocrx_word' id='word_1_839' title='bbox 1867 983 2034 1025; x_wconf 84' lang='lat' dir='ltr'>arteriam,</span> <span class='ocrx_word' id='word_1_840' title='bbox 2060 979 2269 1014; x_wconf 82' lang='lat' dir='ltr'>craffiffimurn</span> <span class='ocrx_word' id='word_1_841' title='bbox 2280 980 2414 1028; x_wconf 71' lang='lat' dir='ltr'>quidem</span> 
     </span>
     <span class='ocr_line' id='line_1_104' title="bbox 1412 1022 2418 1070; baseline -0.001 -12"><span class='ocrx_word' id='word_1_842' title='bbox 1412 1026 1445 1058; x_wconf 90' lang='lat' dir='ltr'>in</span> <span class='ocrx_word' id='word_1_843' title='bbox 1469 1027 1648 1060; x_wconf 88' lang='lat' dir='ltr'>ventriculo</span> <span class='ocrx_word' id='word_1_844' title='bbox 1669 1026 1828 1066; x_wconf 86' lang='lat' dir='ltr'>dextero,</span> <span class='ocrx_word' id='word_1_845' title='bbox 1852 1022 1902 1057; x_wconf 90' lang='lat' dir='ltr'>sed</span> <span class='ocrx_word' id='word_1_846' title='bbox 1925 1035 1963 1056; x_wconf 85' lang='lat' dir='ltr'>ex</span> <span class='ocrx_word' id='word_1_847' title='bbox 1987 1022 2149 1070; x_wconf 75' lang='lat' dir='ltr'>subflava,</span> <span class='ocrx_word' id='word_1_848' title='bbox 2172 1026 2204 1056; x_wconf 69' lang='grc' dir='ltr'>ἃ</span> <span class='ocrx_word' id='word_1_849' title='bbox 2227 1025 2312 1065; x_wconf 79' lang='lat' dir='ltr'>quasi</span> <span class='ocrx_word' id='word_1_850' title='bbox 2346 1035 2418 1060; x_wconf 90' lang='lat' dir='ltr'>rnu-</span> 
     </span>
     <span class='ocr_line' id='line_1_105' title="bbox 1413 1066 2419 1109; baseline -0.001 -8"><span class='ocrx_word' id='word_1_851' title='bbox 1413 1066 1483 1101; x_wconf 86' lang='lat' dir='ltr'>cosa</span> <span class='ocrx_word' id='word_1_852' title='bbox 1506 1068 1695 1104; x_wconf 83' lang='lat' dir='ltr'>substantia.</span> <span class='ocrx_word' id='word_1_853' title='bbox 1829 1069 1920 1103; x_wconf 85' lang='lat' dir='ltr'>Dum</span> <span class='ocrx_word' id='word_1_854' title='bbox 1932 1069 2040 1109; x_wconf 82' lang='lat' dir='ltr'>Caput</span> <span class='ocrx_word' id='word_1_855' title='bbox 2052 1066 2294 1100; x_wconf 75' lang='lat' dir='ltr'>abicindebatur</span> <span class='ocrx_word' id='word_1_856' title='bbox 2309 1090 2320 1108; x_wconf 94' lang='lat'>,</span> <span class='ocrx_word' id='word_1_857' title='bbox 2342 1067 2419 1100; x_wconf 90' lang='lat' dir='ltr'>lon-</span> 
     </span>
     <span class='ocr_line' id='line_1_106' title="bbox 1411 1108 2416 1155; baseline 0.002 -11"><span class='ocrx_word' id='word_1_858' title='bbox 1411 1123 1459 1155; x_wconf 77' lang='lat' dir='ltr'>gae</span> <span class='ocrx_word' id='word_1_859' title='bbox 1480 1113 1645 1154; x_wconf 85' lang='lat' dir='ltr'>portiones</span> <span class='ocrx_word' id='word_1_860' title='bbox 1668 1113 1811 1145; x_wconf 85' lang='lat' dir='ltr'>concreti</span> <span class='ocrx_word' id='word_1_861' title='bbox 1835 1110 1997 1152; x_wconf 76' lang='lat' dir='ltr'>sanguinis</span> <span class='ocrx_word' id='word_1_862' title='bbox 2020 1108 2142 1145; x_wconf 73' lang='lat' dir='ltr'>eduetae</span> <span class='ocrx_word' id='word_1_863' title='bbox 2180 1114 2249 1143; x_wconf 78' lang='lat' dir='ltr'>lunt</span> <span class='ocrx_word' id='word_1_864' title='bbox 2280 1122 2296 1143; x_wconf 87' lang='lat' dir='ltr'>e</span> <span class='ocrx_word' id='word_1_865' title='bbox 2328 1112 2416 1146; x_wconf 83' lang='lat' dir='ltr'>venis</span> 
     </span>
     <span class='ocr_line' id='line_1_107' title="bbox 1414 1153 2424 1199; baseline 0 -11"><span class='ocrx_word' id='word_1_866' title='bbox 1414 1155 1643 1199; x_wconf 71' lang='lat' dir='ltr'>Iugularibus,</span> <span class='ocrx_word' id='word_1_867' title='bbox 1665 1155 1754 1187; x_wconf 84' lang='lat' dir='ltr'>velut</span> <span class='ocrx_word' id='word_1_868' title='bbox 1779 1153 1863 1187; x_wconf 85' lang='lat' dir='ltr'>enses</span> <span class='ocrx_word' id='word_1_869' title='bbox 1896 1165 1912 1186; x_wconf 89' lang='lat' dir='ltr'>e</span> <span class='ocrx_word' id='word_1_870' title='bbox 1933 1154 2057 1196; x_wconf 83' lang='lat' dir='ltr'>vaginis</span> <span class='ocrx_word' id='word_1_871' title='bbox 2079 1177 2087 1185; x_wconf 78' lang='lat'><em>.</em></span> <span class='ocrx_word' id='word_1_872' title='bbox 2122 1153 2315 1195; x_wconf 76' lang='lat' dir='ltr'>Meningum</span> <span class='ocrx_word' id='word_1_873' title='bbox 2347 1154 2424 1188; x_wconf 74' lang='lat' dir='ltr'>vasav</span> 
     </span>
     <span class='ocr_line' id='line_1_108' title="bbox 1407 1194 2418 1240; baseline -0.002 -8"><span class='ocrx_word' id='word_1_874' title='bbox 1407 1194 1540 1234; x_wconf 76' lang='lat' dir='ltr'>&#39;suerunt</span> <span class='ocrx_word' id='word_1_875' title='bbox 1564 1198 1714 1240; x_wconf 77' lang='lat' dir='ltr'>sanguine</span> <span class='ocrx_word' id='word_1_876' title='bbox 1736 1207 1831 1240; x_wconf 86' lang='lat' dir='ltr'>quam</span> <span class='ocrx_word' id='word_1_877' title='bbox 1855 1198 1992 1230; x_wconf 84' lang='lat' dir='ltr'>maxime</span> <span class='ocrx_word' id='word_1_878' title='bbox 2014 1196 2166 1230; x_wconf 80' lang='lat' dir='ltr'>distenta.</span> <span class='ocrx_word' id='word_1_879' title='bbox 2181 1197 2226 1230; x_wconf 82' lang='lat' dir='ltr'>Et</span> <span class='ocrx_word' id='word_1_880' title='bbox 2249 1199 2418 1231; x_wconf 88' lang='lat' dir='ltr'>concretio</span> 
     </span>
     <span class='ocr_line' id='line_1_109' title="bbox 1411 1239 2418 1284; baseline 0 -9"><span class='ocrx_word' id='word_1_881' title='bbox 1411 1241 1539 1284; x_wconf 84' lang='lat' dir='ltr'>quidem</span> <span class='ocrx_word' id='word_1_882' title='bbox 1551 1241 1707 1284; x_wconf 87' lang='lat' dir='ltr'>polyposa</span> <span class='ocrx_word' id='word_1_883' title='bbox 1719 1263 1729 1278; x_wconf 90' lang='lat'>,</span> <span class='ocrx_word' id='word_1_884' title='bbox 1753 1239 1858 1273; x_wconf 81' lang='lat' dir='ltr'>albida</span> <span class='ocrx_word' id='word_1_885' title='bbox 1871 1265 1881 1279; x_wconf 87' lang='lat'>‚</span> <span class='ocrx_word' id='word_1_886' title='bbox 1904 1241 2139 1283; x_wconf 63' lang='lat' dir='ltr'>compastaeque</span> <span class='ocrx_word' id='word_1_887' title='bbox 2149 1239 2315 1275; x_wconf 61' lang='lat' dir='ltr'>stru&amp;urae</span> <span class='ocrx_word' id='word_1_888' title='bbox 2327 1263 2337 1280; x_wconf 90' lang='lat'>‚</span> <span class='ocrx_word' id='word_1_889' title='bbox 2352 1251 2418 1275; x_wconf 89' lang='lat' dir='ltr'>non</span> 
     </span>
     <span class='ocr_line' id='line_1_110' title="bbox 1412 1280 2417 1326; baseline -0.002 -8"><span class='ocrx_word' id='word_1_890' title='bbox 1412 1285 1512 1318; x_wconf 87' lang='lat' dir='ltr'>modo</span> <span class='ocrx_word' id='word_1_891' title='bbox 1535 1287 1647 1319; x_wconf 87' lang='lat' dir='ltr'>Sinum</span> <span class='ocrx_word' id='word_1_892' title='bbox 1670 1284 1771 1318; x_wconf 76' lang='lat' dir='ltr'>Paleis</span> <span class='ocrx_word' id='word_1_893' title='bbox 1795 1283 1946 1323; x_wconf 85' lang='lat' dir='ltr'>tenebat,</span> <span class='ocrx_word' id='word_1_894' title='bbox 1969 1280 2020 1316; x_wconf 78' lang='lat' dir='ltr'>sed</span> <span class='ocrx_word' id='word_1_895' title='bbox 2043 1285 2075 1316; x_wconf 67' lang='grc' dir='ltr'>ἃ</span> <span class='ocrx_word' id='word_1_896' title='bbox 2098 1284 2132 1314; x_wconf 86' lang='lat' dir='ltr'>in</span> <span class='ocrx_word' id='word_1_897' title='bbox 2156 1283 2322 1326; x_wconf 79' lang='lat' dir='ltr'>plerasque</span> <span class='ocrx_word' id='word_1_898' title='bbox 2346 1294 2417 1326; x_wconf 91' lang='lat' dir='ltr'>per-</span> 
     </span>
     <span class='ocr_line' id='line_1_111' title="bbox 1410 1325 2418 1370; baseline -0.002 -9"><span class='ocrx_word' id='word_1_899' title='bbox 1410 1328 1505 1370; x_wconf 80' lang='lat' dir='ltr'>gebat</span> <span class='ocrx_word' id='word_1_900' title='bbox 1528 1340 1642 1369; x_wconf 88' lang='lat' dir='ltr'>venas,</span> <span class='ocrx_word' id='word_1_901' title='bbox 1665 1339 1738 1361; x_wconf 88' lang='lat' dir='ltr'>cum</span> <span class='ocrx_word' id='word_1_902' title='bbox 1761 1340 1799 1361; x_wconf 90' lang='lat' dir='ltr'>eo</span> <span class='ocrx_word' id='word_1_903' title='bbox 1822 1328 1900 1360; x_wconf 83' lang='lat' dir='ltr'>Sinu</span> <span class='ocrx_word' id='word_1_904' title='bbox 1922 1325 2213 1359; x_wconf 87' lang='lat' dir='ltr'>communicantes.</span> <span class='ocrx_word' id='word_1_905' title='bbox 2238 1329 2278 1360; x_wconf 87' lang='lat' dir='ltr'>In</span> <span class='ocrx_word' id='word_1_906' title='bbox 2312 1328 2418 1363; x_wconf 88' lang='lat' dir='ltr'>tribus</span> 
     </span>
     <span class='ocr_line' id='line_1_112' title="bbox 1410 1368 2419 1415; baseline -0.001 -10"><span class='ocrx_word' id='word_1_907' title='bbox 1410 1373 1543 1415; x_wconf 85' lang='lat' dir='ltr'>reliquis</span> <span class='ocrx_word' id='word_1_908' title='bbox 1567 1371 1744 1414; x_wconf 88' lang='lat' dir='ltr'>majoribus</span> <span class='ocrx_word' id='word_1_909' title='bbox 1768 1369 1899 1404; x_wconf 81' lang='lat' dir='ltr'>Sinibus</span> <span class='ocrx_word' id='word_1_910' title='bbox 1923 1368 2039 1403; x_wconf 79' lang='lat' dir='ltr'>Craffae</span> <span class='ocrx_word' id='word_1_911' title='bbox 2063 1369 2223 1411; x_wconf 79' lang='lat' dir='ltr'>meningis</span> <span class='ocrx_word' id='word_1_912' title='bbox 2258 1379 2325 1404; x_wconf 86' lang='lat' dir='ltr'>erat</span> <span class='ocrx_word' id='word_1_913' title='bbox 2348 1370 2419 1404; x_wconf 86' lang='lat' dir='ltr'>san-</span> 
     </span>
     <span class='ocr_line' id='line_1_113' title="bbox 1409 1412 2420 1458; baseline -0.007 -9"><span class='ocrx_word' id='word_1_914' title='bbox 1409 1417 1480 1458; x_wconf 81' lang='lat' dir='ltr'>guis</span> <span class='ocrx_word' id='word_1_915' title='bbox 1500 1424 1686 1449; x_wconf 84' lang='lat' dir='ltr'>concretus.</span> <span class='ocrx_word' id='word_1_916' title='bbox 1714 1415 1838 1448; x_wconf 88' lang='lat' dir='ltr'>Tenuis</span> <span class='ocrx_word' id='word_1_917' title='bbox 1862 1424 1965 1447; x_wconf 84' lang='lat' dir='ltr'>autem</span> <span class='ocrx_word' id='word_1_918' title='bbox 1991 1412 2121 1445; x_wconf 86' lang='lat' dir='ltr'>meninx</span> <span class='ocrx_word' id='word_1_919' title='bbox 2143 1414 2252 1446; x_wconf 81' lang='lat' dir='ltr'>omnia</span> <span class='ocrx_word' id='word_1_920' title='bbox 2276 1414 2324 1447; x_wconf 85' lang='lat' dir='ltr'>vel</span> <span class='ocrx_word' id='word_1_921' title='bbox 2357 1415 2420 1448; x_wconf 86' lang='lat' dir='ltr'>mi..</span> 
     </span>
     <span class='ocr_line' id='line_1_114' title="bbox 1409 1455 2420 1503; baseline 0 -12"><span class='ocrx_word' id='word_1_922' title='bbox 1409 1460 1495 1492; x_wconf 87' lang='lat' dir='ltr'>nima</span> <span class='ocrx_word' id='word_1_923' title='bbox 1517 1458 1640 1494; x_wconf 88' lang='lat' dir='ltr'>vascula</span> <span class='ocrx_word' id='word_1_924' title='bbox 1664 1457 1741 1492; x_wconf 87' lang='lat' dir='ltr'>adeo</span> <span class='ocrx_word' id='word_1_925' title='bbox 1765 1458 1913 1499; x_wconf 77' lang='lat' dir='ltr'>sanguine</span> <span class='ocrx_word' id='word_1_926' title='bbox 1937 1456 2074 1490; x_wconf 85' lang='lat' dir='ltr'>habebat</span> <span class='ocrx_word' id='word_1_927' title='bbox 2096 1455 2246 1503; x_wconf 75' lang='lat' dir='ltr'>turgida,</span> <span class='ocrx_word' id='word_1_928' title='bbox 2269 1466 2306 1503; x_wconf 81' lang='lat' dir='ltr'>ut</span> <span class='ocrx_word' id='word_1_929' title='bbox 2328 1457 2420 1493; x_wconf 87' lang='lat' dir='ltr'>valde</span> 
     </span>
     <span class='ocr_line' id='line_1_115' title="bbox 1408 1500 2418 1539; baseline -0.005 -3"><span class='ocrx_word' id='word_1_930' title='bbox 1408 1502 1536 1537; x_wconf 84' lang='lat' dir='ltr'>ruberet</span> <span class='ocrx_word' id='word_1_931' title='bbox 1559 1502 1704 1538; x_wconf 82' lang='lat' dir='ltr'>universa</span> <span class='ocrx_word' id='word_1_932' title='bbox 1717 1525 1724 1533; x_wconf 89' lang='lat'><em>.</em></span> <span class='ocrx_word' id='word_1_933' title='bbox 1749 1502 1859 1539; x_wconf 78' lang='lat' dir='ltr'>Serum</span> <span class='ocrx_word' id='word_1_934' title='bbox 1882 1501 1915 1533; x_wconf 91' lang='lat' dir='ltr'>in</span> <span class='ocrx_word' id='word_1_935' title='bbox 1927 1500 2045 1534; x_wconf 84' lang='lat' dir='ltr'>cerebri</span> <span class='ocrx_word' id='word_1_936' title='bbox 2057 1501 2253 1534; x_wconf 54' lang='lat' dir='ltr'>anfracTibus</span> <span class='ocrx_word' id='word_1_937' title='bbox 2269 1500 2393 1536; x_wconf 75' lang='lat' dir='ltr'>iuberat</span> <span class='ocrx_word' id='word_1_938' title='bbox 2408 1526 2418 1534; x_wconf 79' lang='lat'><em>.</em></span> 
     </span>
     <span class='ocr_line' id='line_1_116' title="bbox 1406 1541 2421 1587; baseline -0.006 -9"><span class='ocrx_word' id='word_1_939' title='bbox 1406 1547 1444 1578; x_wconf 93' lang='lat' dir='ltr'>In</span> <span class='ocrx_word' id='word_1_940' title='bbox 1468 1546 1668 1581; x_wconf 82' lang='lat' dir='ltr'>Lateralibus</span> <span class='ocrx_word' id='word_1_941' title='bbox 1692 1556 1818 1587; x_wconf 87' lang='lat' dir='ltr'>quoque</span> <span class='ocrx_word' id='word_1_942' title='bbox 1841 1544 2031 1578; x_wconf 78' lang='lat' dir='ltr'>ventriculis</span> <span class='ocrx_word' id='word_1_943' title='bbox 2055 1542 2158 1576; x_wconf 86' lang='lat' dir='ltr'>serum</span> <span class='ocrx_word' id='word_1_944' title='bbox 2182 1541 2266 1582; x_wconf 80' lang='lat' dir='ltr'>fuit,</span> <span class='ocrx_word' id='word_1_945' title='bbox 2305 1546 2421 1580; x_wconf 80' lang='lat' dir='ltr'>subru-</span> 
     </span>
     <span class='ocr_line' id='line_1_117' title="bbox 1404 1586 2419 1630; baseline -0.001 -9"><span class='ocrx_word' id='word_1_946' title='bbox 1404 1588 1521 1630; x_wconf 85' lang='lat' dir='ltr'>brum,</span> <span class='ocrx_word' id='word_1_947' title='bbox 1545 1588 1596 1623; x_wconf 86' lang='lat' dir='ltr'>sed</span> <span class='ocrx_word' id='word_1_948' title='bbox 1619 1598 1773 1630; x_wconf 86' lang='lat' dir='ltr'>paucum.</span> <span class='ocrx_word' id='word_1_949' title='bbox 1801 1588 1928 1627; x_wconf 82' lang='lat' dir='ltr'>Plures,</span> <span class='ocrx_word' id='word_1_950' title='bbox 1951 1598 2007 1620; x_wconf 87' lang='lat' dir='ltr'>nec</span> <span class='ocrx_word' id='word_1_951' title='bbox 2031 1597 2160 1628; x_wconf 63' lang='lat' dir='ltr'>parvae,</span> <span class='ocrx_word' id='word_1_952' title='bbox 2185 1586 2360 1628; x_wconf 80' lang='lat' dir='ltr'>hydatides</span> <span class='ocrx_word' id='word_1_953' title='bbox 2383 1590 2419 1622; x_wconf 84' lang='lat' dir='ltr'>in</span> 
     </span>
     <span class='ocr_line' id='line_1_118' title="bbox 1405 1628 2421 1677; baseline 0.001 -12"><span class='ocrx_word' id='word_1_954' title='bbox 1405 1631 1576 1677; x_wconf 85' lang='lat' dir='ltr'>posteriore</span> <span class='ocrx_word' id='word_1_955' title='bbox 1599 1631 1667 1667; x_wconf 83' lang='lat' dir='ltr'>sede</span> <span class='ocrx_word' id='word_1_956' title='bbox 1691 1632 1842 1673; x_wconf 87' lang='lat' dir='ltr'>plexuum</span> <span class='ocrx_word' id='word_1_957' title='bbox 1864 1628 2091 1665; x_wconf 87' lang='lat' dir='ltr'>Choroidum.</span> <span class='ocrx_word' id='word_1_958' title='bbox 2117 1631 2421 1675; x_wconf 57' lang='lat' dir='ltr'>caeterumsangui-</span> 
     </span>
     <span class='ocr_line' id='line_1_119' title="bbox 1404 1674 2421 1716; baseline -0.001 -7"><span class='ocrx_word' id='word_1_959' title='bbox 1404 1687 1443 1709; x_wconf 93' lang='lat' dir='ltr'>ne</span> <span class='ocrx_word' id='word_1_960' title='bbox 1465 1686 1551 1712; x_wconf 82' lang='lat' dir='ltr'>erant</span> <span class='ocrx_word' id='word_1_961' title='bbox 1575 1675 1730 1713; x_wconf 85' lang='lat' dir='ltr'>distenta,</span> <span class='ocrx_word' id='word_1_962' title='bbox 1752 1685 1851 1716; x_wconf 87' lang='lat' dir='ltr'>eoque</span> <span class='ocrx_word' id='word_1_963' title='bbox 1876 1675 1984 1708; x_wconf 84' lang='lat' dir='ltr'>multo</span> <span class='ocrx_word' id='word_1_964' title='bbox 2008 1674 2235 1715; x_wconf 82' lang='lat' dir='ltr'>quamioleant</span> <span class='ocrx_word' id='word_1_965' title='bbox 2249 1697 2258 1713; x_wconf 92' lang='lat'>,</span> <span class='ocrx_word' id='word_1_966' title='bbox 2283 1675 2421 1708; x_wconf 89' lang='lat' dir='ltr'>manife-</span> 
     </span>
     <span class='ocr_line' id='line_1_120' title="bbox 1403 1716 2420 1761; baseline -0.004 -9"><span class='ocrx_word' id='word_1_967' title='bbox 1403 1719 1498 1754; x_wconf 83' lang='lat' dir='ltr'>stiora</span> <span class='ocrx_word' id='word_1_968' title='bbox 1522 1730 1587 1751; x_wconf 82' lang='lat' dir='ltr'>non</span> <span class='ocrx_word' id='word_1_969' title='bbox 1609 1728 1735 1753; x_wconf 83' lang='lat' dir='ltr'>tantum</span> <span class='ocrx_word' id='word_1_970' title='bbox 1760 1717 1827 1749; x_wconf 74' lang='lat' dir='ltr'>vasa</span> <span class='ocrx_word' id='word_1_971' title='bbox 1849 1729 1921 1760; x_wconf 65' lang='lat' dir='ltr'>quse</span> <span class='ocrx_word' id='word_1_972' title='bbox 1947 1727 2001 1761; x_wconf 80' lang='lat' dir='ltr'>per</span> <span class='ocrx_word' id='word_1_973' title='bbox 2025 1716 2222 1751; x_wconf 86' lang='lat' dir='ltr'>Lateralium</span> <span class='ocrx_word' id='word_1_974' title='bbox 2256 1721 2420 1754; x_wconf 80' lang='lat' dir='ltr'>ventricu-</span> 
     </span>
     <span class='ocr_line' id='line_1_121' title="bbox 1405 1757 2416 1804; baseline 0 -9"><span class='ocrx_word' id='word_1_975' title='bbox 1405 1763 1512 1796; x_wconf 89' lang='lat' dir='ltr'>Iorum</span> <span class='ocrx_word' id='word_1_976' title='bbox 1538 1760 1732 1804; x_wconf 80' lang='lat' dir='ltr'>superficiem</span> <span class='ocrx_word' id='word_1_977' title='bbox 1755 1760 1947 1799; x_wconf 79' lang='lat' dir='ltr'>ducuntur3</span> <span class='ocrx_word' id='word_1_978' title='bbox 1984 1758 2035 1794; x_wconf 74' lang='lat' dir='ltr'>sed</span> <span class='ocrx_word' id='word_1_979' title='bbox 2068 1757 2090 1791; x_wconf 89' lang='lat' dir='ltr'>fi</span> <span class='ocrx_word' id='word_1_980' title='bbox 2115 1770 2248 1801; x_wconf 86' lang='lat' dir='ltr'>corpora</span> <span class='ocrx_word' id='word_1_981' title='bbox 2273 1763 2416 1800; x_wconf 83' lang='lat' dir='ltr'>striata,</span> 
     </span>
     <span class='ocr_line' id='line_1_122' title="bbox 1404 1804 2418 1845; baseline -0.005 -5"><span class='ocrx_word' id='word_1_982' title='bbox 1404 1806 1426 1842; x_wconf 79' lang='lat' dir='ltr'>si</span> <span class='ocrx_word' id='word_1_983' title='bbox 1475 1805 1655 1840; x_wconf 82' lang='lat' dir='ltr'>Thalamos</span> <span class='ocrx_word' id='word_1_984' title='bbox 1699 1805 1899 1845; x_wconf 79' lang='lat' dir='ltr'>Opticorum</span> <span class='ocrx_word' id='word_1_985' title='bbox 1944 1813 2117 1838; x_wconf 81' lang='lat' dir='ltr'>nervorum</span> <span class='ocrx_word' id='word_1_986' title='bbox 2162 1804 2279 1837; x_wconf 89' lang='lat' dir='ltr'>leviter</span> <span class='ocrx_word' id='word_1_987' title='bbox 2327 1806 2418 1839; x_wconf 87' lang='lat' dir='ltr'>abra-</span> 
     </span>
     <span class='ocr_line' id='line_1_123' title="bbox 1404 1845 2420 1892; baseline -0.001 -9"><span class='ocrx_word' id='word_1_988' title='bbox 1404 1848 1510 1888; x_wconf 84' lang='lat' dir='ltr'>deres,</span> <span class='ocrx_word' id='word_1_989' title='bbox 1536 1858 1588 1883; x_wconf 89' lang='lat' dir='ltr'>aut</span> <span class='ocrx_word' id='word_1_990' title='bbox 1612 1847 1634 1883; x_wconf 84' lang='lat' dir='ltr'>fi</span> <span class='ocrx_word' id='word_1_991' title='bbox 1659 1846 1851 1890; x_wconf 72' lang='lat' dir='ltr'>profundius</span> <span class='ocrx_word' id='word_1_992' title='bbox 1875 1856 1946 1880; x_wconf 92' lang='lat' dir='ltr'>tum</span> <span class='ocrx_word' id='word_1_993' title='bbox 1979 1845 2045 1888; x_wconf 88' lang='lat' dir='ltr'>ipsa</span> <span class='ocrx_word' id='word_1_994' title='bbox 2060 1869 2069 1883; x_wconf 90' lang='lat'>‚</span> <span class='ocrx_word' id='word_1_995' title='bbox 2093 1855 2164 1880; x_wconf 88' lang='lat' dir='ltr'>turn</span> <span class='ocrx_word' id='word_1_996' title='bbox 2192 1858 2420 1892; x_wconf 86' lang='lat' dir='ltr'>quamcunque</span> 
     </span>
     <span class='ocr_line' id='line_1_124' title="bbox 1405 1888 2421 1935; baseline 0.001 -12"><span class='ocrx_word' id='word_1_997' title='bbox 1405 1894 1503 1926; x_wconf 83' lang='lat' dir='ltr'>velles</span> <span class='ocrx_word' id='word_1_998' title='bbox 1528 1891 1714 1926; x_wconf 84' lang='lat' dir='ltr'>medullaris</span> <span class='ocrx_word' id='word_1_999' title='bbox 1747 1889 1867 1923; x_wconf 90' lang='lat' dir='ltr'>cerebri</span> <span class='ocrx_word' id='word_1_1000' title='bbox 1894 1888 2074 1924; x_wconf 80' lang='lat' dir='ltr'>substantiae</span> <span class='ocrx_word' id='word_1_1001' title='bbox 2109 1899 2235 1932; x_wconf 85' lang='lat' dir='ltr'>partem</span> <span class='ocrx_word' id='word_1_1002' title='bbox 2271 1891 2421 1935; x_wconf 74' lang='lat' dir='ltr'>secares,-</span> 
     </span>
     <span class='ocr_line' id='line_1_125' title="bbox 1405 1931 2420 1979; baseline -0.002 -10"><span class='ocrx_word' id='word_1_1003' title='bbox 1405 1935 1474 1969; x_wconf 87' lang='lat' dir='ltr'>vasa</span> <span class='ocrx_word' id='word_1_1004' title='bbox 1498 1936 1708 1979; x_wconf 87' lang='lat' dir='ltr'>proportione</span> <span class='ocrx_word' id='word_1_1005' title='bbox 1735 1934 1772 1969; x_wconf 87' lang='lat' dir='ltr'>ad</span> <span class='ocrx_word' id='word_1_1006' title='bbox 1797 1931 1933 1967; x_wconf 87' lang='lat' dir='ltr'>eundem</span> <span class='ocrx_word' id='word_1_1007' title='bbox 1957 1931 2087 1969; x_wconf 89' lang='lat' dir='ltr'>modum</span> <span class='ocrx_word' id='word_1_1008' title='bbox 2110 1932 2230 1976; x_wconf 89' lang='lat' dir='ltr'>ubique</span> <span class='ocrx_word' id='word_1_1009' title='bbox 2252 1936 2364 1978; x_wconf 89' lang='lat' dir='ltr'>plena,</span> <span class='ocrx_word' id='word_1_1010' title='bbox 2386 1939 2420 1969; x_wconf 76' lang='grc' dir='ltr'>δι</span> 
     </span>
     <span class='ocr_line' id='line_1_126' title="bbox 1406 1976 2420 2016; baseline -0.001 -3"><span class='ocrx_word' id='word_1_1011' title='bbox 1406 1979 1571 2013; x_wconf 80' lang='lat' dir='ltr'>manifesta</span> <span class='ocrx_word' id='word_1_1012' title='bbox 1594 1978 1821 2011; x_wconf 86' lang='lat' dir='ltr'>occurrebant.</span> <span class='ocrx_word' id='word_1_1013' title='bbox 1848 1979 1887 2009; x_wconf 83' lang='lat' dir='ltr'>In</span> <span class='ocrx_word' id='word_1_1014' title='bbox 1910 1976 2029 2009; x_wconf 88' lang='lat' dir='ltr'>cerebri</span> <span class='ocrx_word' id='word_1_1015' title='bbox 2055 1986 2186 2016; x_wconf 78' lang='lat' dir='ltr'>autem,</span> <span class='ocrx_word' id='word_1_1016' title='bbox 2212 1981 2244 2013; x_wconf 71' lang='lat' dir='ltr'>c&amp;</span> <span class='ocrx_word' id='word_1_1017' title='bbox 2268 1979 2420 2014; x_wconf 85' lang='lat' dir='ltr'>cerebelli</span> 
     </span>
     <span class='ocr_line' id='line_1_127' title="bbox 1406 2019 2246 2056; baseline 0.001 -2"><span class='ocrx_word' id='word_1_1018' title='bbox 1406 2021 1538 2056; x_wconf 68' lang='lat' dir='ltr'>diffeeto</span> <span class='ocrx_word' id='word_1_1019' title='bbox 1559 2023 1680 2055; x_wconf 69' lang='lat' dir='ltr'>contice</span> <span class='ocrx_word' id='word_1_1020' title='bbox 1704 2022 1759 2053; x_wconf 91' lang='lat' dir='ltr'>vix</span> <span class='ocrx_word' id='word_1_1021' title='bbox 1781 2020 1847 2053; x_wconf 86' lang='lat' dir='ltr'>ulla</span> <span class='ocrx_word' id='word_1_1022' title='bbox 1870 2019 2084 2052; x_wconf 87' lang='lat' dir='ltr'>internoscere</span> <span class='ocrx_word' id='word_1_1023' title='bbox 2108 2019 2246 2055; x_wconf 84' lang='lat' dir='ltr'>licebat.</span> 
     </span>
    </p>

    <p class='ocr_par' dir='ltr' id='par_1_8' title="bbox 1411 2062 2426 3627">
     <span class='ocr_line' id='line_1_128' title="bbox 1452 2062 2422 2107; baseline 0.003 -12"><span class='ocrx_word' id='word_1_1024' title='bbox 1452 2076 1499 2107; x_wconf 76' lang='lat'>14.</span> <span class='ocrx_word' id='word_1_1025' title='bbox 1526 2066 1634 2099; x_wconf 83' lang='lat' dir='ltr'>Quam</span> <span class='ocrx_word' id='word_1_1026' title='bbox 1658 2065 1774 2098; x_wconf 88' lang='lat' dir='ltr'>noxius</span> <span class='ocrx_word' id='word_1_1027' title='bbox 1795 2062 1835 2095; x_wconf 85' lang='lat' dir='ltr'>fit</span> <span class='ocrx_word' id='word_1_1028' title='bbox 1858 2062 1965 2107; x_wconf 84' lang='lat' dir='ltr'>pulvis</span> <span class='ocrx_word' id='word_1_1029' title='bbox 1980 2087 1990 2102; x_wconf 93' lang='lat'>,</span> <span class='ocrx_word' id='word_1_1030' title='bbox 2012 2065 2070 2106; x_wconf 87' lang='lat' dir='ltr'>qui</span> <span class='ocrx_word' id='word_1_1031' title='bbox 2092 2075 2131 2096; x_wconf 86' lang='lat' dir='ltr'>ex</span> <span class='ocrx_word' id='word_1_1032' title='bbox 2166 2066 2302 2099; x_wconf 89' lang='lat' dir='ltr'>cannabe</span> <span class='ocrx_word' id='word_1_1033' title='bbox 2334 2067 2422 2100; x_wconf 82' lang='lat' dir='ltr'>inter</span> 
     </span>
     <span class='ocr_line' id='line_1_129' title="bbox 1411 2106 2423 2152; baseline -0.003 -12"><span class='ocrx_word' id='word_1_1034' title='bbox 1411 2107 1652 2144; x_wconf 87' lang='lat' dir='ltr'>carminandum</span> <span class='ocrx_word' id='word_1_1035' title='bbox 1675 2106 1796 2145; x_wconf 86' lang='lat' dir='ltr'>elatus,</span> <span class='ocrx_word' id='word_1_1036' title='bbox 1822 2106 1857 2139; x_wconf 85' lang='lat' dir='ltr'>in</span> <span class='ocrx_word' id='word_1_1037' title='bbox 1881 2107 2028 2138; x_wconf 83' lang='lat' dir='ltr'>arteriam</span> <span class='ocrx_word' id='word_1_1038' title='bbox 2050 2106 2229 2149; x_wconf 75' lang='lat' dir='ltr'>Asperam,</span> <span class='ocrx_word' id='word_1_1039' title='bbox 2243 2111 2275 2142; x_wconf 90' lang='lat'>&amp;</span> <span class='ocrx_word' id='word_1_1040' title='bbox 2290 2110 2423 2152; x_wconf 81' lang='lat' dir='ltr'>pulmo-</span> 
     </span>
     <span class='ocr_line' id='line_1_130' title="bbox 1412 2148 2423 2195; baseline -0.001 -10"><span class='ocrx_word' id='word_1_1041' title='bbox 1412 2163 1465 2185; x_wconf 82' lang='lat' dir='ltr'>nes</span> <span class='ocrx_word' id='word_1_1042' title='bbox 1489 2148 1686 2189; x_wconf 84' lang='lat' dir='ltr'>attrahitur,</span> <span class='ocrx_word' id='word_1_1043' title='bbox 1711 2149 1928 2183; x_wconf 81' lang='lat' dir='ltr'>Ramazzinus</span> <span class='ocrx_word' id='word_1_1044' title='bbox 1941 2148 2044 2182; x_wconf 86' lang='lat' dir='ltr'>noster</span> <span class='ocrx_word' id='word_1_1045' title='bbox 2066 2151 2134 2192; x_wconf 84' lang='lat' dir='ltr'>(y)</span> <span class='ocrx_word' id='word_1_1046' title='bbox 2155 2150 2294 2195; x_wconf 69' lang='lat' dir='ltr'>docuit,</span> <span class='ocrx_word' id='word_1_1047' title='bbox 2318 2153 2423 2188; x_wconf 85' lang='lat' dir='ltr'>tuffirn</span> 
     </span>
     <span class='ocr_line' id='line_1_131' title="bbox 1411 2190 2425 2243; baseline -0.003 -15"><span class='ocrx_word' id='word_1_1048' title='bbox 1411 2194 1486 2229; x_wconf 87' lang='lat' dir='ltr'>inde</span> <span class='ocrx_word' id='word_1_1049' title='bbox 1510 2193 1655 2227; x_wconf 83' lang='lat' dir='ltr'>affiduam</span> <span class='ocrx_word' id='word_1_1050' title='bbox 1678 2191 1780 2234; x_wconf 79' lang='lat' dir='ltr'>saepe,</span> <span class='ocrx_word' id='word_1_1051' title='bbox 1804 2193 1834 2224; x_wconf 74' lang='grc' dir='ltr'>δι</span> <span class='ocrx_word' id='word_1_1052' title='bbox 1860 2190 2081 2227; x_wconf 81' lang='lat' dir='ltr'>asthmaticam</span> <span class='ocrx_word' id='word_1_1053' title='bbox 2106 2193 2275 2235; x_wconf 85' lang='lat' dir='ltr'>paffionern</span> <span class='ocrx_word' id='word_1_1054' title='bbox 2298 2197 2425 2243; x_wconf 79' lang='lat' dir='ltr'>Opera.</span> 
     </span>
     <span class='ocr_line' id='line_1_132' title="bbox 1413 2234 2425 2279; baseline -0.001 -8"><span class='ocrx_word' id='word_1_1055' title='bbox 1413 2249 1485 2272; x_wconf 86' lang='lat' dir='ltr'>rum</span> <span class='ocrx_word' id='word_1_1056' title='bbox 1508 2236 1684 2270; x_wconf 83' lang='lat' dir='ltr'>deducens.</span> <span class='ocrx_word' id='word_1_1057' title='bbox 1709 2234 1769 2267; x_wconf 87' lang='lat' dir='ltr'>Sed</span> <span class='ocrx_word' id='word_1_1058' title='bbox 1790 2236 1824 2267; x_wconf 66' lang='grc' dir='ltr'>δε</span> <span class='ocrx_word' id='word_1_1059' title='bbox 1846 2237 1950 2270; x_wconf 84' lang='lat' dir='ltr'>acutis</span> <span class='ocrx_word' id='word_1_1060' title='bbox 1973 2234 2119 2270; x_wconf 77' lang='lat' dir='ltr'>indidem</span> <span class='ocrx_word' id='word_1_1061' title='bbox 2130 2237 2322 2279; x_wconf 85' lang='lat' dir='ltr'>pulmonum</span> <span class='ocrx_word' id='word_1_1062' title='bbox 2335 2251 2425 2274; x_wconf 88' lang='lat' dir='ltr'>mor..</span> 
     </span>
     <span class='ocr_line' id='line_1_133' title="bbox 1413 2276 2425 2326; baseline 0.007 -16"><span class='ocrx_word' id='word_1_1063' title='bbox 1413 2281 1462 2316; x_wconf 78' lang='lat' dir='ltr'>bis</span> <span class='ocrx_word' id='word_1_1064' title='bbox 1486 2290 1547 2322; x_wconf 90' lang='lat' dir='ltr'>pro</span> <span class='ocrx_word' id='word_1_1065' title='bbox 1571 2278 1733 2320; x_wconf 60' lang='lat' dir='ltr'>sanguinis</span> <span class='ocrx_word' id='word_1_1066' title='bbox 1756 2276 1945 2311; x_wconf 86' lang='lat' dir='ltr'>conditione</span> <span class='ocrx_word' id='word_1_1067' title='bbox 1968 2278 2165 2313; x_wconf 78' lang='lat' dir='ltr'>occasionem</span> <span class='ocrx_word' id='word_1_1068' title='bbox 2187 2282 2345 2324; x_wconf 75' lang='lat' dir='ltr'>praeberi,</span> <span class='ocrx_word' id='word_1_1069' title='bbox 2366 2285 2425 2326; x_wconf 86' lang='lat' dir='ltr'>qui</span> 
     </span>
     <span class='ocr_line' id='line_1_134' title="bbox 1415 2318 2424 2371; baseline -0.001 -16"><span class='ocrx_word' id='word_1_1070' title='bbox 1415 2323 1588 2359; x_wconf 81' lang='lat' dir='ltr'>chronicos</span> <span class='ocrx_word' id='word_1_1071' title='bbox 1612 2323 1691 2355; x_wconf 85' lang='lat' dir='ltr'>alios</span> <span class='ocrx_word' id='word_1_1072' title='bbox 1715 2318 1783 2361; x_wconf 90' lang='lat' dir='ltr'>post</span> <span class='ocrx_word' id='word_1_1073' title='bbox 1806 2319 1835 2352; x_wconf 86' lang='lat' dir='ltr'>se</span> <span class='ocrx_word' id='word_1_1074' title='bbox 1860 2322 2065 2362; x_wconf 85' lang='lat' dir='ltr'>relinquant,</span> <span class='ocrx_word' id='word_1_1075' title='bbox 2088 2333 2142 2357; x_wconf 87' lang='lat' dir='ltr'>aut</span> <span class='ocrx_word' id='word_1_1076' title='bbox 2154 2325 2281 2360; x_wconf 88' lang='lat' dir='ltr'>tandem</span> <span class='ocrx_word' id='word_1_1077' title='bbox 2299 2326 2358 2371; x_wconf 79' lang='lat' dir='ltr'>ipfi</span> <span class='ocrx_word' id='word_1_1078' title='bbox 2371 2328 2424 2362; x_wconf 75' lang='lat' dir='ltr'>vi-</span> 
     </span>
     <span class='ocr_line' id='line_1_135' title="bbox 1414 2361 2422 2407; baseline 0.004 -7"><span class='ocrx_word' id='word_1_1079' title='bbox 1414 2377 1482 2402; x_wconf 85' lang='lat' dir='ltr'>tam</span> <span class='ocrx_word' id='word_1_1080' title='bbox 1505 2366 1668 2401; x_wconf 84' lang='lat' dir='ltr'>adimant,</span> <span class='ocrx_word' id='word_1_1081' title='bbox 1693 2374 1731 2398; x_wconf 86' lang='lat' dir='ltr'>ex</span> <span class='ocrx_word' id='word_1_1082' title='bbox 1755 2361 1917 2405; x_wconf 80' lang='lat' dir='ltr'>propofita</span> <span class='ocrx_word' id='word_1_1083' title='bbox 1940 2363 2074 2397; x_wconf 82' lang='lat' dir='ltr'>historia</span> <span class='ocrx_word' id='word_1_1084' title='bbox 2109 2367 2314 2405; x_wconf 83' lang='lat' dir='ltr'>manifestum</span> <span class='ocrx_word' id='word_1_1085' title='bbox 2347 2370 2390 2407; x_wconf 87' lang='lat' dir='ltr'>est</span> <span class='ocrx_word' id='word_1_1086' title='bbox 2414 2396 2422 2405; x_wconf 89' lang='lat'>.</span> 
     </span>
     <span class='ocr_line' id='line_1_136' title="bbox 1413 2404 2424 2455; baseline 0 -12"><span class='ocrx_word' id='word_1_1087' title='bbox 1413 2411 1504 2443; x_wconf 90' lang='lat' dir='ltr'>Nam</span> <span class='ocrx_word' id='word_1_1088' title='bbox 1527 2407 1693 2452; x_wconf 82' lang='lat' dir='ltr'>postquam</span> <span class='ocrx_word' id='word_1_1089' title='bbox 1717 2404 1822 2455; x_wconf 38' lang='lat' dir='ltr'>homo·</span> <span class='ocrx_word' id='word_1_1090' title='bbox 1841 2416 1890 2453; x_wconf 42' lang='lat' dir='ltr'>ex·</span> <span class='ocrx_word' id='word_1_1091' title='bbox 1903 2407 2006 2449; x_wconf 86' lang='lat' dir='ltr'>prima</span> <span class='ocrx_word' id='word_1_1092' title='bbox 2023 2409 2135 2453; x_wconf 24' lang='lat' dir='ltr'>*evafit</span> <span class='ocrx_word' id='word_1_1093' title='bbox 2175 2412 2339 2451; x_wconf 87' lang='lat' dir='ltr'>pulmonis</span> <span class='ocrx_word' id='word_1_1094' title='bbox 2373 2416 2424 2449; x_wconf 84' lang='lat' dir='ltr'>in-</span> 
     </span>
     <span class='ocr_line' id='line_1_137' title="bbox 1415 2447 2426 2492; baseline 0.004 -6"><span class='ocrx_word' id='word_1_1095' title='bbox 1415 2452 1655 2492; x_wconf 86' lang='lat' dir='ltr'>flammatione,</span> <span class='ocrx_word' id='word_1_1096' title='bbox 1678 2460 1744 2482; x_wconf 89' lang='lat' dir='ltr'>non</span> <span class='ocrx_word' id='word_1_1097' title='bbox 1767 2447 1840 2484; x_wconf 79' lang='lat' dir='ltr'>fivit</span> <span class='ocrx_word' id='word_1_1098' title='bbox 1861 2460 1928 2491; x_wconf 77' lang='lat' dir='ltr'>ejus</span> <span class='ocrx_word' id='word_1_1099' title='bbox 1949 2451 2120 2491; x_wconf 71' lang='lat' dir='ltr'>opificium</span> <span class='ocrx_word' id='word_1_1100' title='bbox 2143 2451 2178 2487; x_wconf 91' lang='lat' dir='ltr'>id</span> <span class='ocrx_word' id='word_1_1101' title='bbox 2201 2455 2304 2489; x_wconf 84' lang='lat' dir='ltr'>viscus</span> <span class='ocrx_word' id='word_1_1102' title='bbox 2315 2460 2426 2490; x_wconf 85' lang='lat' dir='ltr'>omni-</span> 
     </span>
     <span class='ocr_line' id='line_1_138' title="bbox 1416 2493 2425 2541; baseline 0.009 -18"><span class='ocrx_word' id='word_1_1103' title='bbox 1416 2506 1458 2528; x_wconf 82' lang='lat' dir='ltr'>no</span> <span class='ocrx_word' id='word_1_1104' title='bbox 1480 2495 1718 2530; x_wconf 81' lang='lat' dir='ltr'>convalescere:</span> <span class='ocrx_word' id='word_1_1105' title='bbox 1741 2493 1850 2535; x_wconf 81' lang='lat' dir='ltr'>itaque</span> <span class='ocrx_word' id='word_1_1106' title='bbox 1873 2494 1907 2526; x_wconf 86' lang='lat' dir='ltr'>in</span> <span class='ocrx_word' id='word_1_1107' title='bbox 1933 2493 2008 2526; x_wconf 87' lang='lat' dir='ltr'>alias</span> <span class='ocrx_word' id='word_1_1108' title='bbox 2031 2493 2197 2538; x_wconf 84' lang='lat' dir='ltr'>deinceps,</span> <span class='ocrx_word' id='word_1_1109' title='bbox 2223 2507 2317 2541; x_wconf 88' lang='lat' dir='ltr'>atque</span> <span class='ocrx_word' id='word_1_1110' title='bbox 2349 2501 2425 2536; x_wconf 82' lang='lat' dir='ltr'>alias</span> 
     </span>
     <span class='ocr_line' id='line_1_139' title="bbox 1415 2535 2426 2585; baseline 0.002 -15"><span class='ocrx_word' id='word_1_1111' title='bbox 1415 2537 1556 2578; x_wconf 77' lang='lat' dir='ltr'>incidit,</span> <span class='ocrx_word' id='word_1_1112' title='bbox 1578 2538 1678 2572; x_wconf 83' lang='lat' dir='ltr'>donec</span> <span class='ocrx_word' id='word_1_1113' title='bbox 1703 2535 1809 2585; x_wconf 72' lang='lat' dir='ltr'>aliqua</span> <span class='ocrx_word' id='word_1_1114' title='bbox 1833 2546 1897 2571; x_wconf 83' lang='lat' dir='ltr'>non</span> <span class='ocrx_word' id='word_1_1115' title='bbox 1922 2535 1998 2569; x_wconf 87' lang='lat' dir='ltr'>bene</span> <span class='ocrx_word' id='word_1_1116' title='bbox 2019 2548 2216 2583; x_wconf 80' lang='lat' dir='ltr'>expurgata,</span> <span class='ocrx_word' id='word_1_1117' title='bbox 2238 2541 2324 2584; x_wconf 79' lang='lat' dir='ltr'>quali</span> <span class='ocrx_word' id='word_1_1118' title='bbox 2358 2545 2426 2577; x_wconf 84' lang='lat' dir='ltr'>ini-</span> 
     </span>
     <span class='ocr_line' id='line_1_140' title="bbox 1415 2580 2425 2626; baseline 0.003 -12"><span class='ocrx_word' id='word_1_1119' title='bbox 1415 2583 1498 2617; x_wconf 88' lang='lat' dir='ltr'>tium</span> <span class='ocrx_word' id='word_1_1120' title='bbox 1524 2580 1661 2624; x_wconf 72' lang='lat' dir='ltr'>phthifis</span> <span class='ocrx_word' id='word_1_1121' title='bbox 1685 2580 1897 2622; x_wconf 82' lang='lat' dir='ltr'>relinqueret,</span> <span class='ocrx_word' id='word_1_1122' title='bbox 1922 2589 1958 2612; x_wconf 88' lang='lat' dir='ltr'>ut</span> <span class='ocrx_word' id='word_1_1123' title='bbox 1985 2582 2124 2623; x_wconf 80' lang='lat' dir='ltr'>macies,</span> <span class='ocrx_word' id='word_1_1124' title='bbox 2147 2583 2303 2626; x_wconf 84' lang='lat' dir='ltr'>clangor,</span> <span class='ocrx_word' id='word_1_1125' title='bbox 2328 2590 2358 2620; x_wconf 82' lang='lat'>&amp;</span> <span class='ocrx_word' id='word_1_1126' title='bbox 2382 2589 2425 2622; x_wconf 78' lang='lat' dir='ltr'>fl..</span> 
     </span>
     <span class='ocr_line' id='line_1_141' title="bbox 1416 2622 2424 2672; baseline 0.006 -15"><span class='ocrx_word' id='word_1_1127' title='bbox 1416 2626 1446 2660; x_wconf 85' lang='lat' dir='ltr'>la</span> <span class='ocrx_word' id='word_1_1128' title='bbox 1469 2624 1644 2667; x_wconf 76' lang='lat' dir='ltr'>praesertim</span> <span class='ocrx_word' id='word_1_1129' title='bbox 1668 2624 1757 2667; x_wconf 87' lang='lat' dir='ltr'>puris</span> <span class='ocrx_word' id='word_1_1130' title='bbox 1779 2622 1955 2663; x_wconf 65' lang='lat' dir='ltr'>colle-Etit),</span> <span class='ocrx_word' id='word_1_1131' title='bbox 1977 2624 2064 2657; x_wconf 81' lang='lat' dir='ltr'>velut</span> <span class='ocrx_word' id='word_1_1132' title='bbox 2088 2626 2172 2659; x_wconf 88' lang='lat' dir='ltr'>intra</span> <span class='ocrx_word' id='word_1_1133' title='bbox 2196 2629 2424 2672; x_wconf 86' lang='lat' dir='ltr'>tuberculum,</span> 
     </span>
     <span class='ocr_line' id='line_1_142' title="bbox 1416 2665 2424 2714; baseline 0.009 -13"><span class='ocrx_word' id='word_1_1134' title='bbox 1416 2667 1640 2703; x_wconf 84' lang='lat' dir='ltr'>ostenderunt.</span> <span class='ocrx_word' id='word_1_1135' title='bbox 1663 2667 1728 2702; x_wconf 90' lang='lat' dir='ltr'>Cui</span> <span class='ocrx_word' id='word_1_1136' title='bbox 1753 2666 1914 2700; x_wconf 85' lang='lat' dir='ltr'>noviffima</span> <span class='ocrx_word' id='word_1_1137' title='bbox 1938 2665 2075 2711; x_wconf 87' lang='lat' dir='ltr'>denique</span> <span class='ocrx_word' id='word_1_1138' title='bbox 2110 2671 2424 2714; x_wconf 81' lang='lat' dir='ltr'>Pleuropnenmonia</span> 
     </span>
     <span class='ocr_line' id='line_1_143' title="bbox 1417 2709 2424 2759; baseline 0 -15"><span class='ocrx_word' id='word_1_1139' title='bbox 1417 2711 1557 2750; x_wconf 80' lang='lat' dir='ltr'>acceffit‚</span> <span class='ocrx_word' id='word_1_1140' title='bbox 1582 2715 1612 2745; x_wconf 73' lang='grc' dir='ltr'>δε</span> <span class='ocrx_word' id='word_1_1141' title='bbox 1637 2712 1712 2748; x_wconf 92' lang='lat' dir='ltr'>huic</span> <span class='ocrx_word' id='word_1_1142' title='bbox 1736 2709 1918 2750; x_wconf 81' lang='lat' dir='ltr'>Phrenitis,</span> <span class='ocrx_word' id='word_1_1143' title='bbox 1942 2718 2037 2757; x_wconf 88' lang='lat' dir='ltr'>atque</span> <span class='ocrx_word' id='word_1_1144' title='bbox 2060 2711 2138 2744; x_wconf 88' lang='lat' dir='ltr'>adeo</span> <span class='ocrx_word' id='word_1_1145' title='bbox 2163 2715 2424 2759; x_wconf 69' lang='lat' dir='ltr'>Pal-aphrenitis,</span> 
     </span>
     <span class='ocr_line' id='line_1_144' title="bbox 1417 2754 2426 2796; baseline 0.004 -9"><span class='ocrx_word' id='word_1_1146' title='bbox 1417 2766 1485 2796; x_wconf 72' lang='lat' dir='ltr'>quae</span> <span class='ocrx_word' id='word_1_1147' title='bbox 1510 2754 1673 2790; x_wconf 86' lang='lat' dir='ltr'>hominem</span> <span class='ocrx_word' id='word_1_1148' title='bbox 1696 2762 1881 2788; x_wconf 85' lang='lat' dir='ltr'>enecarunt.</span> <span class='ocrx_word' id='word_1_1149' title='bbox 1908 2754 2202 2796; x_wconf 77' lang='lat' dir='ltr'>Paraphrenitidem</span> <span class='ocrx_word' id='word_1_1150' title='bbox 2237 2769 2341 2793; x_wconf 87' lang='lat' dir='ltr'>autem</span> <span class='ocrx_word' id='word_1_1151' title='bbox 2375 2761 2426 2795; x_wconf 87' lang='lat' dir='ltr'>di-</span> 
     </span>
     <span class='ocr_line' id='line_1_145' title="bbox 1418 2795 2425 2843; baseline 0.006 -11"><span class='ocrx_word' id='word_1_1152' title='bbox 1418 2809 1456 2832; x_wconf 89' lang='lat' dir='ltr'>co</span> <span class='ocrx_word' id='word_1_1153' title='bbox 1471 2819 1479 2834; x_wconf 80' lang='lat'>‚</span> <span class='ocrx_word' id='word_1_1154' title='bbox 1502 2808 1567 2832; x_wconf 88' lang='lat' dir='ltr'>non</span> <span class='ocrx_word' id='word_1_1155' title='bbox 1592 2800 1638 2832; x_wconf 90' lang='lat' dir='ltr'>ita</span> <span class='ocrx_word' id='word_1_1156' title='bbox 1663 2797 1841 2838; x_wconf 68' lang='lat' dir='ltr'>accipiens,</span> <span class='ocrx_word' id='word_1_1157' title='bbox 1863 2805 1898 2829; x_wconf 90' lang='lat' dir='ltr'>ut</span> <span class='ocrx_word' id='word_1_1158' title='bbox 1923 2795 2049 2833; x_wconf 71' lang='lat' dir='ltr'>fortasse</span> <span class='ocrx_word' id='word_1_1159' title='bbox 2072 2798 2331 2843; x_wconf 79' lang='lat' dir='ltr'>estagraviffima</span> <span class='ocrx_word' id='word_1_1160' title='bbox 2355 2805 2425 2838; x_wconf 87' lang='lat' dir='ltr'>dia-</span> 
     </span>
     <span class='ocr_line' id='line_1_146' title="bbox 1418 2839 2425 2888; baseline 0.004 -16"><span class='ocrx_word' id='word_1_1161' title='bbox 1418 2840 1616 2883; x_wconf 75' lang='lat' dir='ltr'>phragmatis</span> <span class='ocrx_word' id='word_1_1162' title='bbox 1638 2842 1912 2879; x_wconf 85' lang='lat' dir='ltr'>inflammatione,</span> <span class='ocrx_word' id='word_1_1163' title='bbox 1933 2839 2225 2887; x_wconf 81' lang='lat' dir='ltr'>symptomatibus,</span> <span class='ocrx_word' id='word_1_1164' title='bbox 2247 2857 2316 2888; x_wconf 74' lang='lat' dir='ltr'>quae</span> <span class='ocrx_word' id='word_1_1165' title='bbox 2342 2849 2425 2882; x_wconf 88' lang='lat' dir='ltr'>Boe-</span> 
     </span>
     <span class='ocr_line' id='line_1_147' title="bbox 1418 2882 2426 2934; baseline 0.005 -18"><span class='ocrx_word' id='word_1_1166' title='bbox 1418 2882 1563 2919; x_wconf 87' lang='lat' dir='ltr'>rhaavius</span> <span class='ocrx_word' id='word_1_1167' title='bbox 1587 2888 1600 2925; x_wconf 88' lang='lat'>(</span> <span class='ocrx_word' id='word_1_1168' title='bbox 1622 2897 1647 2929; x_wconf 57' lang='grc' dir='ltr'><strong>ξ</strong></span> <span class='ocrx_word' id='word_1_1169' title='bbox 1667 2889 1680 2927; x_wconf 91' lang='grc'>)</span> <span class='ocrx_word' id='word_1_1170' title='bbox 1703 2882 1878 2923; x_wconf 83' lang='lat' dir='ltr'>describit,</span> <span class='ocrx_word' id='word_1_1171' title='bbox 1900 2883 1966 2929; x_wconf 74' lang='lat' dir='ltr'>illis</span> <span class='ocrx_word' id='word_1_1172' title='bbox 1980 2886 2285 2930; x_wconf 85' lang='lat' dir='ltr'>atrocibusstipata:</span> <span class='ocrx_word' id='word_1_1173' title='bbox 2311 2903 2426 2934; x_wconf 80' lang='lat' dir='ltr'>quam..</span> 
     </span>
     <span class='ocr_line' id='line_1_148' title="bbox 1424 2926 2426 2976; baseline 0.01 -17"><span class='ocrx_word' id='word_1_1174' title='bbox 1424 2926 1535 2961; x_wconf 86' lang='lat' dir='ltr'>obrem</span> <span class='ocrx_word' id='word_1_1175' title='bbox 1558 2939 1659 2972; x_wconf 89' lang='lat' dir='ltr'>neque</span> <span class='ocrx_word' id='word_1_1176' title='bbox 1682 2930 1722 2962; x_wconf 90' lang='lat' dir='ltr'>iis</span> <span class='ocrx_word' id='word_1_1177' title='bbox 1746 2926 1969 2962; x_wconf 77' lang='lat' dir='ltr'>controversiis</span> <span class='ocrx_word' id='word_1_1178' title='bbox 1992 2939 2040 2961; x_wconf 92' lang='lat' dir='ltr'>me</span> <span class='ocrx_word' id='word_1_1179' title='bbox 2076 2930 2231 2972; x_wconf 79' lang='lat' dir='ltr'>implicO,</span> <span class='ocrx_word' id='word_1_1180' title='bbox 2255 2945 2326 2976; x_wconf 83' lang='lat' dir='ltr'>quae</span> <span class='ocrx_word' id='word_1_1181' title='bbox 2353 2947 2426 2970; x_wconf 81' lang='lat' dir='ltr'>eru-</span> 
     </span>
     <span class='ocr_line' id='line_1_149' title="bbox 1424 2969 2426 3016; baseline 0.001 -14"><span class='ocrx_word' id='word_1_1182' title='bbox 1424 2969 1492 3003; x_wconf 86' lang='lat' dir='ltr'>dite</span> <span class='ocrx_word' id='word_1_1183' title='bbox 1515 2970 1632 3005; x_wconf 80' lang='lat' dir='ltr'>suntin</span> <span class='ocrx_word' id='word_1_1184' title='bbox 1644 2970 1853 3007; x_wconf 62' lang='lat' dir='ltr'>Comma-cio</span> <span class='ocrx_word' id='word_1_1185' title='bbox 1876 2970 2051 3006; x_wconf 84' lang='lat' dir='ltr'>Litterario</span> <span class='ocrx_word' id='word_1_1186' title='bbox 2073 2975 2141 3015; x_wconf 81' lang='lat' dir='ltr'>(a)</span> <span class='ocrx_word' id='word_1_1187' title='bbox 2165 2976 2316 3016; x_wconf 58' lang='lat' dir='ltr'>agitatae,</span> <span class='ocrx_word' id='word_1_1188' title='bbox 2341 2980 2426 3013; x_wconf 84' lang='lat' dir='ltr'>Satis</span> 
     </span>
     <span class='ocr_line' id='line_1_150' title="bbox 1425 3012 2425 3064; baseline 0.01 -19"><span class='ocrx_word' id='word_1_1189' title='bbox 1425 3013 1508 3048; x_wconf 87' lang='lat' dir='ltr'>mihi</span> <span class='ocrx_word' id='word_1_1190' title='bbox 1530 3013 1593 3052; x_wconf 90' lang='lat' dir='ltr'>est,</span> <span class='ocrx_word' id='word_1_1191' title='bbox 1618 3014 1679 3048; x_wconf 84' lang='lat' dir='ltr'>hoc</span> <span class='ocrx_word' id='word_1_1192' title='bbox 1704 3012 1861 3046; x_wconf 90' lang='lat' dir='ltr'>vocabulo</span> <span class='ocrx_word' id='word_1_1193' title='bbox 1884 3022 1964 3048; x_wconf 91' lang='lat' dir='ltr'>nunc</span> <span class='ocrx_word' id='word_1_1194' title='bbox 1990 3027 2005 3048; x_wconf 87' lang='lat' dir='ltr'>a</span> <span class='ocrx_word' id='word_1_1195' title='bbox 2030 3024 2061 3048; x_wconf 91' lang='lat' dir='ltr'>te</span> <span class='ocrx_word' id='word_1_1196' title='bbox 2082 3018 2183 3060; x_wconf 89' lang='lat' dir='ltr'>accipi</span> <span class='ocrx_word' id='word_1_1197' title='bbox 2196 3016 2425 3064; x_wconf 65' lang='lat' dir='ltr'>affectionem,</span> 
     </span>
     <span class='ocr_line' id='line_1_151' title="bbox 1424 3053 2420 3101; baseline 0.008 -12"><span class='ocrx_word' id='word_1_1198' title='bbox 1424 3068 1519 3099; x_wconf 88' lang='lat' dir='ltr'>quam</span> <span class='ocrx_word' id='word_1_1199' title='bbox 1545 3057 1636 3100; x_wconf 84' lang='lat' dir='ltr'>poffis</span> <span class='ocrx_word' id='word_1_1200' title='bbox 1659 3057 1697 3090; x_wconf 91' lang='lat' dir='ltr'>ad</span> <span class='ocrx_word' id='word_1_1201' title='bbox 1723 3053 2018 3099; x_wconf 83' lang='lat' dir='ltr'>Paraphrenitidem</span> <span class='ocrx_word' id='word_1_1202' title='bbox 2042 3060 2258 3101; x_wconf 87' lang='lat' dir='ltr'>quadantenus</span> <span class='ocrx_word' id='word_1_1203' title='bbox 2282 3064 2420 3100; x_wconf 84' lang='lat' dir='ltr'>referre.</span> 
     </span>
     <span class='ocr_line' id='line_1_152' title="bbox 1425 3098 2425 3144; baseline 0.012 -13"><span class='ocrx_word' id='word_1_1204' title='bbox 1425 3101 1494 3134; x_wconf 91' lang='lat' dir='ltr'>Sive</span> <span class='ocrx_word' id='word_1_1205' title='bbox 1516 3102 1601 3135; x_wconf 90' lang='lat' dir='ltr'>enim</span> <span class='ocrx_word' id='word_1_1206' title='bbox 1625 3098 1894 3142; x_wconf 86' lang='lat' dir='ltr'>Paraphrenitidis</span> <span class='ocrx_word' id='word_1_1207' title='bbox 1918 3103 2044 3134; x_wconf 88' lang='lat' dir='ltr'>nomine</span> <span class='ocrx_word' id='word_1_1208' title='bbox 2067 3105 2080 3141; x_wconf 87' lang='lat'><strong>(</strong></span> <span class='ocrx_word' id='word_1_1209' title='bbox 2101 3102 2120 3136; x_wconf 83' lang='lat' dir='ltr'><em>b</em></span> <span class='ocrx_word' id='word_1_1210' title='bbox 2141 3107 2155 3143; x_wconf 88' lang='lat'>)</span> <span class='ocrx_word' id='word_1_1211' title='bbox 2188 3104 2340 3141; x_wconf 84' lang='lat' dir='ltr'>delirium</span> <span class='ocrx_word' id='word_1_1212' title='bbox 2373 3112 2425 3144; x_wconf 90' lang='lat' dir='ltr'>in-</span> 
     </span>
     <span class='ocr_line' id='line_1_153' title="bbox 1423 3142 2424 3190; baseline 0.008 -14"><span class='ocrx_word' id='word_1_1213' title='bbox 1423 3144 1547 3185; x_wconf 81' lang='lat' dir='ltr'>telligas</span> <span class='ocrx_word' id='word_1_1214' title='bbox 1562 3166 1575 3183; x_wconf 95' lang='lat'>,</span> <span class='ocrx_word' id='word_1_1215' title='bbox 1597 3142 1702 3186; x_wconf 87' lang='lat' dir='ltr'>quod,</span> <span class='ocrx_word' id='word_1_1216' title='bbox 1725 3144 1827 3184; x_wconf 88' lang='lat' dir='ltr'>capite</span> <span class='ocrx_word' id='word_1_1217' title='bbox 1850 3153 1915 3176; x_wconf 85' lang='lat' dir='ltr'>non</span> <span class='ocrx_word' id='word_1_1218' title='bbox 1939 3146 2096 3186; x_wconf 85' lang='lat' dir='ltr'>primario</span> <span class='ocrx_word' id='word_1_1219' title='bbox 2118 3145 2233 3181; x_wconf 69' lang='lat' dir='ltr'>affecto</span> <span class='ocrx_word' id='word_1_1220' title='bbox 2250 3172 2264 3190; x_wconf 79' lang='lat'>,</span> <span class='ocrx_word' id='word_1_1221' title='bbox 2293 3155 2424 3187; x_wconf 86' lang='lat' dir='ltr'>contin-</span> 
     </span>
     <span class='ocr_line' id='line_1_154' title="bbox 1422 3184 2425 3234; baseline 0.009 -15"><span class='ocrx_word' id='word_1_1222' title='bbox 1422 3188 1494 3230; x_wconf 72' lang='lat' dir='ltr'>git5</span> <span class='ocrx_word' id='word_1_1223' title='bbox 1515 3196 1599 3220; x_wconf 90' lang='lat' dir='ltr'>certe</span> <span class='ocrx_word' id='word_1_1224' title='bbox 1622 3186 1675 3218; x_wconf 88' lang='lat' dir='ltr'>hic</span> <span class='ocrx_word' id='word_1_1225' title='bbox 1699 3184 1887 3228; x_wconf 80' lang='lat' dir='ltr'>praeceffcrat</span> <span class='ocrx_word' id='word_1_1226' title='bbox 1911 3188 2041 3228; x_wconf 84' lang='lat' dir='ltr'>pleurae‚</span> <span class='ocrx_word' id='word_1_1227' title='bbox 2069 3192 2100 3222; x_wconf 86' lang='lat'>&amp;</span> <span class='ocrx_word' id='word_1_1228' title='bbox 2123 3191 2286 3234; x_wconf 85' lang='lat' dir='ltr'>pulmonis</span> <span class='ocrx_word' id='word_1_1229' title='bbox 2299 3196 2425 3230; x_wconf 79' lang='lat' dir='ltr'>inflam-</span> 
     </span>
     <span class='ocr_line' id='line_1_155' title="bbox 1424 3228 2425 3276; baseline 0.001 -14"><span class='ocrx_word' id='word_1_1230' title='bbox 1424 3231 1546 3265; x_wconf 84' lang='lat' dir='ltr'>matio.¹</span> <span class='ocrx_word' id='word_1_1231' title='bbox 1569 3228 1630 3261; x_wconf 88' lang='lat' dir='ltr'>five</span> <span class='ocrx_word' id='word_1_1232' title='bbox 1652 3228 1800 3265; x_wconf 88' lang='lat' dir='ltr'>delirium</span> <span class='ocrx_word' id='word_1_1233' title='bbox 1823 3240 1861 3261; x_wconf 78' lang='lat' dir='ltr'>ex</span> <span class='ocrx_word' id='word_1_1234' title='bbox 1882 3231 2136 3268; x_wconf 64' lang='lat' dir='ltr'>inflammatione</span> <span class='ocrx_word' id='word_1_1235' title='bbox 2160 3233 2239 3276; x_wconf 79' lang='lat' dir='ltr'>septi</span> <span class='ocrx_word' id='word_1_1236' title='bbox 2252 3237 2425 3275; x_wconf 60' lang='lat' dir='ltr'>Transves,</span> 
     </span>
     <span class='ocr_line' id='line_1_156' title="bbox 1425 3271 2424 3318; baseline 0.008 -12"><span class='ocrx_word' id='word_1_1237' title='bbox 1425 3271 1472 3313; x_wconf 87' lang='lat' dir='ltr'>s1‚·</span> <span class='ocrx_word' id='word_1_1238' title='bbox 1494 3273 1555 3308; x_wconf 86' lang='lat' dir='ltr'>hoc</span> <span class='ocrx_word' id='word_1_1239' title='bbox 1578 3284 1705 3315; x_wconf 83' lang='lat' dir='ltr'>quoque</span> <span class='ocrx_word' id='word_1_1240' title='bbox 1737 3272 1974 3318; x_wconf 76' lang='lat' dir='ltr'>inflammatum</span> <span class='ocrx_word' id='word_1_1241' title='bbox 2009 3274 2275 3317; x_wconf 84' lang='lat' dir='ltr'>deprehendimus</span> <span class='ocrx_word' id='word_1_1242' title='bbox 2297 3306 2305 3317; x_wconf 85' lang='grc'><strong>.</strong></span> <span class='ocrx_word' id='word_1_1243' title='bbox 2340 3283 2424 3317; x_wconf 88' lang='lat' dir='ltr'>Noli</span> 
     </span>
     <span class='ocr_line' id='line_1_157' title="bbox 1425 3315 2425 3361; baseline 0.008 -13"><span class='ocrx_word' id='word_1_1244' title='bbox 1425 3325 1531 3350; x_wconf 86' lang='lat' dir='ltr'>tamen</span> <span class='ocrx_word' id='word_1_1245' title='bbox 1555 3315 1675 3349; x_wconf 88' lang='lat' dir='ltr'>credere</span> <span class='ocrx_word' id='word_1_1246' title='bbox 1700 3327 1748 3348; x_wconf 87' lang='lat' dir='ltr'>me</span> <span class='ocrx_word' id='word_1_1247' title='bbox 1773 3327 1847 3349; x_wconf 87' lang='lat' dir='ltr'>cum</span> <span class='ocrx_word' id='word_1_1248' title='bbox 1871 3318 1949 3359; x_wconf 79' lang='lat' dir='ltr'>lepti</span> <span class='ocrx_word' id='word_1_1249' title='bbox 1981 3317 2118 3361; x_wconf 82' lang='lat' dir='ltr'>ejusdem</span> <span class='ocrx_word' id='word_1_1250' title='bbox 2152 3321 2238 3356; x_wconf 87' lang='lat' dir='ltr'>vitio</span> <span class='ocrx_word' id='word_1_1251' title='bbox 2259 3345 2269 3360; x_wconf 90' lang='lat'>‚</span> <span class='ocrx_word' id='word_1_1252' title='bbox 2308 3325 2340 3357; x_wconf 89' lang='lat'>&amp;</span> <span class='ocrx_word' id='word_1_1253' title='bbox 2372 3327 2425 3360; x_wconf 85' lang='lat' dir='ltr'>in..</span> 
     </span>
     <span class='ocr_line' id='line_1_158' title="bbox 1427 3358 2425 3405; baseline 0.012 -15"><span class='ocrx_word' id='word_1_1254' title='bbox 1427 3359 1641 3395; x_wconf 84' lang='lat' dir='ltr'>flammatione</span> <span class='ocrx_word' id='word_1_1255' title='bbox 1662 3358 1813 3394; x_wconf 86' lang='lat' dir='ltr'>delirium</span> <span class='ocrx_word' id='word_1_1256' title='bbox 1838 3359 2002 3394; x_wconf 79' lang='lat' dir='ltr'>neccffario</span> <span class='ocrx_word' id='word_1_1257' title='bbox 2012 3361 2201 3405; x_wconf 79' lang='lat' dir='ltr'>conjungere</span> <span class='ocrx_word' id='word_1_1258' title='bbox 2214 3390 2221 3398; x_wconf 89' lang='lat'>.</span> <span class='ocrx_word' id='word_1_1259' title='bbox 2235 3366 2326 3398; x_wconf 88' lang='lat' dir='ltr'>Novi</span> <span class='ocrx_word' id='word_1_1260' title='bbox 2339 3371 2425 3404; x_wconf 89' lang='lat' dir='ltr'>enim</span> 
     </span>
     <span class='ocr_line' id='line_1_159' title="bbox 1427 3402 2424 3449; baseline 0.011 -16"><span class='ocrx_word' id='word_1_1261' title='bbox 1427 3403 1565 3436; x_wconf 79' lang='lat' dir='ltr'>Fernelii</span> <span class='ocrx_word' id='word_1_1262' title='bbox 1588 3405 1650 3442; x_wconf 81' lang='lat' dir='ltr'>(c)</span> <span class='ocrx_word' id='word_1_1263' title='bbox 1674 3402 1887 3436; x_wconf 84' lang='lat' dir='ltr'>adversantem</span> <span class='ocrx_word' id='word_1_1264' title='bbox 1910 3405 2198 3444; x_wconf 84' lang='lat' dir='ltr'>Observationem,</span> <span class='ocrx_word' id='word_1_1265' title='bbox 2221 3410 2424 3449; x_wconf 84' lang='lat' dir='ltr'>vetustiorem</span> 
     </span>
     <span class='ocr_line' id='line_1_160' title="bbox 1429 3444 2422 3492; baseline 0.013 -16"><span class='ocrx_word' id='word_1_1266' title='bbox 1429 3444 1495 3477; x_wconf 86' lang='lat' dir='ltr'>istis</span> <span class='ocrx_word' id='word_1_1267' title='bbox 1518 3457 1587 3487; x_wconf 79' lang='lat' dir='ltr'>quae</span> <span class='ocrx_word' id='word_1_1268' title='bbox 1611 3445 1644 3476; x_wconf 87' lang='lat' dir='ltr'>in</span> <span class='ocrx_word' id='word_1_1269' title='bbox 1659 3447 1864 3487; x_wconf 84' lang='lat' dir='ltr'>Sepulchreto</span> <span class='ocrx_word' id='word_1_1270' title='bbox 1886 3450 1899 3487; x_wconf 86' lang='grc'>&lt;</span> <span class='ocrx_word' id='word_1_1271' title='bbox 1920 3448 1939 3480; x_wconf 86' lang='lat' dir='ltr'>d</span> <span class='ocrx_word' id='word_1_1272' title='bbox 1960 3452 1973 3490; x_wconf 88' lang='lat'>)</span> <span class='ocrx_word' id='word_1_1273' title='bbox 1999 3457 2243 3491; x_wconf 83' lang='lat' dir='ltr'>proponuntur,</span> <span class='ocrx_word' id='word_1_1274' title='bbox 2266 3453 2422 3492; x_wconf 81' lang='lat' dir='ltr'>Willifii.</span> 
     </span>
     <span class='ocr_line' id='line_1_161' title="bbox 1430 3489 2425 3533; baseline 0.003 -9"><span class='ocrx_word' id='word_1_1275' title='bbox 1430 3489 1520 3524; x_wconf 85' lang='lat' dir='ltr'>Quin</span> <span class='ocrx_word' id='word_1_1276' title='bbox 1544 3489 1641 3520; x_wconf 87' lang='lat' dir='ltr'>etiam</span> <span class='ocrx_word' id='word_1_1277' title='bbox 1665 3500 1738 3522; x_wconf 88' lang='lat' dir='ltr'>cum</span> <span class='ocrx_word' id='word_1_1278' title='bbox 1760 3501 1870 3523; x_wconf 86' lang='lat' dir='ltr'>eorum</span> <span class='ocrx_word' id='word_1_1279' title='bbox 1891 3501 1999 3526; x_wconf 89' lang='lat' dir='ltr'>neuter</span> <span class='ocrx_word' id='word_1_1280' title='bbox 2023 3491 2306 3529; x_wconf 85' lang='lat' dir='ltr'>inflammationem</span> <span class='ocrx_word' id='word_1_1281' title='bbox 2327 3498 2425 3533; x_wconf 84' lang='lat' dir='ltr'>diser.</span> 
     </span>
     <span class='ocr_line' id='line_1_162' title="bbox 1432 3533 2424 3580; baseline 0.013 -16"><span class='ocrx_word' id='word_1_1282' title='bbox 1432 3540 1463 3564; x_wconf 92' lang='lat' dir='ltr'>te</span> <span class='ocrx_word' id='word_1_1283' title='bbox 1487 3541 1639 3563; x_wconf 83' lang='lat' dir='ltr'>memoret</span> <span class='ocrx_word' id='word_1_1284' title='bbox 1662 3543 1729 3572; x_wconf 75' lang='lat' dir='ltr'>ejus</span> <span class='ocrx_word' id='word_1_1285' title='bbox 1751 3533 1925 3574; x_wconf 70' lang='lat' dir='ltr'>praesertim</span> <span class='ocrx_word' id='word_1_1286' title='bbox 1957 3534 2037 3577; x_wconf 89' lang='lat' dir='ltr'>septi</span> <span class='ocrx_word' id='word_1_1287' title='bbox 2070 3539 2169 3577; x_wconf 87' lang='lat' dir='ltr'>partis</span> <span class='ocrx_word' id='word_1_1288' title='bbox 2201 3549 2297 3580; x_wconf 89' lang='lat' dir='ltr'>quam</span> <span class='ocrx_word' id='word_1_1289' title='bbox 2329 3552 2424 3577; x_wconf 90' lang='lat' dir='ltr'>unam</span> 
     </span>
     <span class='ocr_line' id='line_1_163' title="bbox 1433 3575 2425 3627; baseline 0.008 -20"><span class='ocrx_word' id='word_1_1290' title='bbox 1433 3576 1569 3609; x_wconf 83' lang='lat' dir='ltr'>maxime</span> <span class='ocrx_word' id='word_1_1291' title='bbox 1594 3575 1761 3611; x_wconf 83' lang='lat' dir='ltr'>attendunt</span> <span class='ocrx_word' id='word_1_1292' title='bbox 1783 3579 1839 3620; x_wconf 85' lang='lat' dir='ltr'>qui</span> <span class='ocrx_word' id='word_1_1293' title='bbox 1860 3577 2014 3613; x_wconf 82' lang='lat' dir='ltr'>delirium</span> <span class='ocrx_word' id='word_1_1294' title='bbox 2036 3578 2072 3611; x_wconf 90' lang='lat' dir='ltr'>ab</span> <span class='ocrx_word' id='word_1_1295' title='bbox 2095 3579 2345 3627; x_wconf 81' lang='lat' dir='ltr'>diaphragmatis</span> <span class='ocrx_word' id='word_1_1296' title='bbox 2375 3589 2425 3621; x_wconf 84' lang='lat' dir='ltr'>in-</span> 
     </span>
    </p>

    <p class='ocr_par' dir='ltr' id='par_1_9' title="bbox 2289 3627 2382 3662">
     <span class='ocr_line' id='line_1_164' title="bbox 2289 3627 2382 3662; baseline -0.032 -2"><span class='ocrx_word' id='word_1_1297' title='bbox 2289 3627 2382 3662; x_wconf 72' lang='lat' dir='ltr'>flam-</span> 
     </span>
    </p>
   </div>
   <div class='ocr_carea' id='block_1_8' title="bbox 1775 3712 2425 3776">
    <p class='ocr_par' dir='ltr' id='par_1_10' title="bbox 1775 3712 2425 3776">
     <span class='ocr_line' id='line_1_165' title="bbox 1869 3712 2424 3751; baseline 0.022 -18"><span class='ocrx_word' id='word_1_1298' title='bbox 1869 3712 1890 3745; x_wconf 24' lang='lat' dir='ltr'>*c</span> <span class='ocrx_word' id='word_1_1299' title='bbox 1905 3720 1924 3739; x_wconf 75' lang='lat' dir='ltr'><em>z</em></span> <span class='ocrx_word' id='word_1_1300' title='bbox 1940 3712 1950 3741; x_wconf 88' lang='lat'><strong><em>)</em></strong></span> <span class='ocrx_word' id='word_1_1301' title='bbox 1966 3713 2057 3741; x_wconf 83' lang='lat' dir='ltr'>Aphor.</span> <span class='ocrx_word' id='word_1_1302' title='bbox 2074 3713 2102 3737; x_wconf 86' lang='lat' dir='ltr'>de</span> <span class='ocrx_word' id='word_1_1303' title='bbox 2116 3715 2222 3743; x_wconf 78' lang='lat' dir='ltr'>cognosc.</span> <span class='ocrx_word' id='word_1_1304' title='bbox 2241 3720 2318 3743; x_wconf 80' lang='lat' dir='ltr'>morb.</span> <span class='ocrx_word' id='word_1_1305' title='bbox 2336 3718 2358 3749; x_wconf 84' lang='lat'>§.</span> <span class='ocrx_word' id='word_1_1306' title='bbox 2370 3727 2424 3751; x_wconf 82' lang='lat'><strong>909.</strong></span> 
     </span>
     <span class='ocr_line' id='line_1_166' title="bbox 1775 3740 2425 3776; baseline 0.017 -11"><span class='ocrx_word' id='word_1_1307' title='bbox 1775 3740 1827 3771; x_wconf 79' lang='lat' dir='ltr'>(b)</span> <span class='ocrx_word' id='word_1_1308' title='bbox 1847 3742 1900 3766; x_wconf 74' lang='lat' dir='ltr'>vid.</span> <span class='ocrx_word' id='word_1_1309' title='bbox 1918 3744 2028 3768; x_wconf 81' lang='lat' dir='ltr'>Sennert.</span> <span class='ocrx_word' id='word_1_1310' title='bbox 2045 3744 2199 3771; x_wconf 60' lang='lat' dir='ltr'>MedA’uQ.</span> <span class='ocrx_word' id='word_1_1311' title='bbox 2217 3746 2268 3772; x_wconf 91' lang='lat'><em>1.1.</em></span> <span class='ocrx_word' id='word_1_1312' title='bbox 2286 3750 2311 3774; x_wconf 80' lang='lat' dir='ltr'>P.</span> <span class='ocrx_word' id='word_1_1313' title='bbox 2323 3756 2346 3774; x_wconf 84' lang='lat'>2.</span> <span class='ocrx_word' id='word_1_1314' title='bbox 2357 3757 2379 3775; x_wconf 75' lang='lat' dir='ltr'>c.</span> <span class='ocrx_word' id='word_1_1315' title='bbox 2398 3755 2425 3776; x_wconf 84' lang='lat'>6.</span> 
     </span>
    </p>
   </div>
  </div>
 </body>
</html>
