2498 4075
424 144 520 198 208

359 227 444 263 cerei
467 220 634 257 flammula
652 243 661 258 ‚
682 220 827 255 nitidum
849 218 1012 263 speculum
1044 217 1082 250 ad
1112 229 1151 267 ⁰.⁵
1170 240 1180 255 ⁹
1212 217 1364 259 naresque

360 271 555 306 admovere:
582 264 738 306 poculum
761 275 847 307 aquae
872 263 1003 304 plenum
1027 260 1212 294 scrobiculo
1223 285 1241 308 ,ἱ
1268 272 1365 306 quarn

362 323 480 350 vocant
494 338 502 351 ,
525 309 655 347 cordis,
678 310 709 340 ὅ(
731 318 795 340 non
821 304 1128 346 u-nipeeto-risloco,
1154 305 1242 346 quasi
1259 305 1367 336 Wins-

363 358 454 391 lowii
479 358 532 395 (p
554 356 565 390 )
591 351 713 384 monita
736 349 978 384 divinasleinus‚
1003 349 1188 389 imponere:
1212 358 1365 386 manum,

360 398 550 442 digitosque
573 404 638 428 non
663 394 761 427 modo
784 392 821 425 ad
843 391 949 424 cordis
972 392 1158 432 regionem,
1182 401 1294 423 verum
1315 400 1365 424 et.

362 447 427 478 iam
452 440 490 475 ad
512 437 687 471 Carotides
711 438 743 469 in
766 435 855 469 collo
878 435 1030 479 arterias,
1054 433 1280 472 &adlliaca-s,
1300 445 1363 476 qua

362 497 418 530 per
442 483 600 517 anteriora
624 479 735 514 oslium
761 478 856 521 pubis
889 477 927 510 ad
974 481 1094 509 semora
1139 478 1331 511 descendunt
1358 501 1367 518 ‚

361 538 502 572 quorum
525 522 604 558 illud
629 523 734 565 postea
757 521 963 555 confirmavit
988 519 1121 553 illustris
1133 520 1280 554 Senacius
1304 524 1371 562 (q),

360 572 421 607 hoc
445 571 529 604 olim
553 568 711 601 Riolanus
734 565 800 606 (r)
824 563 1122 606 praemonstraverat
1138 589 1146 603 ‚
1171 564 1285 601 semel,
1309 567 1370 597 ite-

361 627 459 654 rum,
483 612 618 651 saepius,
641 609 661 642 si
689 609 766 652 quid
791 606 878 641 forte
902 607 1009 648 pulsus
1035 608 1197 649 percipere
1221 609 1332 641 liceret
1358 630 1368 645 ,

362 667 486 692 attente
511 655 690 698 applicare:
719 652 861 695 pulveres
885 650 1034 688 demum,
1069 651 1188 690 quibu-s
1232 653 1369 684 maxime

359 704 393 735 in
419 701 469 736 his
489 697 725 732 tentaminibus
751 694 869 728 fidebat
895 694 1059 727 Holietius
1080 692 1185 736 (s),
1210 705 1263 736 per
1287 705 1369 737 quos

360 744 512 778 videlicet
537 742 786 777 sternutamenta
809 747 1041 774 evocarentur,
1071 737 1182 770 {lando
1214 739 1247 770 in
1279 748 1368 771 nares

363 790 425 823 alte
448 785 607 827 conjicere
623 808 631 816 .
656 783 719 815 His
741 781 891 814 omnibus
906 805 914 818 ,
940 780 1070 822 aliisque
1093 780 1128 814 id
1152 791 1248 821 genus
1272 781 1369 813 mini-

365 844 414 866 me
437 829 608 869 contenti,
633 838 706 860 cum
732 826 845 858 leviter
868 825 966 856 incisa
991 823 1120 857 alterius
1154 824 1285 857 semoris
1314 835 1369 857 cu-

362 887 417 916 te,
444 874 529 907 forte
553 871 764 911 sanguinem,
787 869 936 910 quamvis
981 867 1088 904 lente,
1125 868 1335 909 prodeuntem
1359 890 1372 906 ,

364 921 395 951 &
420 916 549 960 prodire
576 923 764 956 pergentem
790 910 1000 950 vidissemus;
1024 921 1136 943 venam
1182 911 1219 945 ad
1265 912 1371 944 cubiti

360 961 485 995 flexum
509 957 726 1000 phlebotomo
750 953 791 988 sic
815 958 1020 997 aperuimus,
1045 965 1081 987 ut
1128 954 1149 987 {i
1197 955 1372 988 mittendus

361 998 438 1038 <sset
463 1004 591 1044 sangui-s
608 1026 616 1033 .
639 1001 728 1033 Tum
754 1010 831 1031 vero
855 998 1017 1040 {anguinis
1041 999 1173 1040 quidem
1210 998 1372 1040 pauxillu-

359 1048 428 1082 lum
452 1048 576 1086 exivit,
600 1044 649 1078 sed
674 1046 704 1075 &
730 1041 831 1075 serum
856 1053 872 1074 a
897 1042 1048 1083 sanguine
1072 1040 1252 1084 separatum
1276 1053 1286 1080 3
1333 1050 1369 1072 ut

361 1090 504 1126 seceffiss'e
531 1089 594 1131 jam
617 1090 704 1121 intra
729 1097 799 1119 eam
822 1084 933 1118 saltem
960 1095 1074 1118 venam
1099 1098 1114 1118 a
1140 1086 1262 1127 reliqua
1286 1083 1369 1117 mas-

358 1136 390 1170 sa
412 1161 420 1176 ,
453 1134 705 1176 intelligeremus
726 1155 734 1162 .
768 1129 847 1171 Qo
872 1138 1017 1169 tempore
1051 1129 1122 1161 aliis
1147 1130 1265 1171 pariter
1299 1137 1370 1160 ten-

359 1179 540 1213 taminibus
571 1177 622 1209 uti
656 1174 819 1207 voluimus
844 1197 853 1212 ‚
892 1183 964 1213 quae
991 1197 1000 1211 ,
1034 1170 1054 1203 fi
1091 1173 1246 1219 quopiafn
1266 1171 1368 1204 *forte

357 1220 528 1266 perniciosi
561 1219 686 1261 soporis
719 1227 831 1258 genere
864 1215 979 1248 mulier
1011 1214 1154 1256 oppressa
1178 1215 1278 1251 eslet,
1311 1227 1367 1247 au-

355 1266 427 1301 xilii
474 1265 548 1297 loco
604 1260 808 1294 valentiffirni
863 1259 974 1290 saltem
1029 1258 1067 1291 ad
1112 1257 1369 1301 expergefacien-

355 1310 432 1342 dum
490 1307 550 1341 esle
606 1303 727 1348 possent
752 1326 759 1335 .
817 1300 1045 1336 Acutiffimurn
1100 1303 1185 1337 enim
1241 1313 1370 1335 mucro-

356 1364 452 1393 nem,
478 1361 514 1384 ut
541 1349 624 1392 apud
649 1350 863 1381 fortunatum
889 1344 1028 1390 Fidelem
1054 1348 1067 1386 (
1093 1354 1107 1379 t
1129 1348 1142 1385 )
1188 1344 1231 1379 est
1251 1368 1261 1383 ,
1308 1344 1366 1391 [ub

354 1408 462 1439 ungue
486 1393 596 1427 sensim
618 1391 813 1430 defiximus:
840 1388 1018 1431 praesertim
1045 1400 1121 1422 vero
1143 1390 1280 1422 candens
1304 1391 1368 1422 ser-

353 1449 557 1476 ramentum‚
582 1446 617 1470 ut
642 1434 870 1472 Mistichellius
891 1435 905 1472 (
929 1443 949 1465 u
972 1437 982 1472 )
1006 1433 1042 1466 ad
1066 1433 1285 1475 apoplecti'cos
1316 1443 1368 1477 ex<-

354 1484 503 1519 citandos
525 1505 538 1522 ‚
572 1481 690 1524 plantis
713 1478 936 1511 admovimus.
963 1477 1046 1516 Qze
1070 1478 1181 1509 omnia
1215 1488 1289 1510 curn
1324 1476 1368 1507 es.

356 1529 424 1563 sent
450 1528 567 1563 irrita,
590 1528 620 1560 &
652 1522 741 1565 quod
773 1521 891 1555 caloris
924 1521 962 1553 ad
997 1519 1163 1552 thoracem
1202 1520 1368 1562 principio

355 1580 622 1615 perceperamus,
645 1564 870 1603 evanesceret,
894 1563 968 1597 satis
992 1563 1161 1606 quaeiitum
1186 1563 1242 1597 effe
1265 1586 1276 1603 ,
1310 1563 1368 1596 sta-

358 1612 503 1649 tuimus:
530 1614 559 1645 &
585 1610 802 1645 nihilominus
827 1605 1023 1650 pedetentim
1047 1617 1154 1640 cutem
1190 1608 1330 1650 primum
1357 1628 1366 1644 ,

357 1668 432 1693 tum
456 1658 631 1697 deinceps,
657 1654 768 1696 aliquo
793 1652 913 1694 semper
937 1652 1023 1684 inter
1046 1662 1145 1685 unam
1167 1653 1198 1684 δι
1234 1651 1367 1684 alteram

354 1701 555 1745 fimplicem‚
590 1700 782 1738 brevemque
816 1693 1007 1728 incisionem
1052 1695 1165 1728 ῐείἱᾶο
1209 1695 1366 1735 temporis

354 1743 529 1779 intervallo
554 1764 563 1780 ‚
611 1742 790 1781 Adiposam
812 1761 824 1779 ‚
868 1748 940 1779 quse
983 1736 1075 1770 valde
1118 1735 1219 1772 crassa
1262 1747 1330 1770 erat
1351 1759 1364 1777 ,

357 1790 581 1823 membranam
619 1808 627 1821 ,
679 1781 820 1825 denique
863 1784 894 1814 δι
941 1780 1102 1815 musculos
1147 1779 1322 1814 incidimus
1355 1805 1363 1813 .

355 1835 447 1867 Dum
469 1831 585 1865 cuneta
610 1840 681 1872 quae
702 1826 788 1860 dieta
821 1824 896 1859 sunt
922 1848 932 1865 ,
976 1822 1153 1858 faceremus
1178 1848 1187 1863 ,
1225 1823 1364 1866 spatium

354 1876 527 1911 habuimus
549 1869 849 1910 animadvertendi,
872 1877 959 1902 artus
981 1869 1113 1910 quidem
1138 1878 1202 1901 non
1229 1867 1365 1916 esse-ma-

357 1922 515 1954 cilentos,
539 1927 574 1951 ut
599 1927 701 1958 neque
725 1922 846 1956 caput5
871 1911 922 1945 sed
946 1913 1127 1955 praepingui
1163 1910 1329 1959 abdomini
1353 1932 1366 1950 ,

354 1968 385 1999 &
408 1962 537 1999 thoraci
562 1960 653 1993 nullo
677 1958 775 1991 modo
799 1955 1010 1998 respondere:
1038 1964 1188 1997 praeterea
1213 1954 1367 1995 posterio-

354 2020 423 2042 rem
447 2006 595 2049 corporis
618 2002 758 2039 faciem,
784 2003 818 2034 in
839 2009 937 2042 quam
962 2001 1103 2033 moriens
1138 1998 1331 2031 decubuerat
1354 2019 1364 2034 ,

353 2064 393 2087 ex
418 2052 518 2086 rubro
542 2048 721 2086 liventem,
746 2046 940 2078 anteriorem
963 2055 1040 2077 vero
1067 2053 1168 2085 neque
1192 2042 1229 2074 ad
1251 2049 1365 2088 caput,

353 2107 458 2139 neque
482 2093 519 2127 ad
543 2091 684 2128 collum,
711 2100 814 2133 neque
841 2087 998 2130 usquam,
1021 2085 1043 2119 si
1069 2086 1248 2128 superiores
1278 2094 1366 2116 exci-

354 2151 444 2181 peres
469 2138 628 2172 femorum
642 2142 767 2176 parter»,
790 2131 964 2168 ruborem,
987 2130 1164 2163 livoremve
1189 2128 1293 2161 ullum
1307 2126 1365 2160 ha-

355 2184 449 2217 bere.
584 2178 685 2212 Nune
709 2188 781 2220 quae
805 2176 838 2208 in
859 2175 985 2208 ventre
1008 2174 1150 2215 primum
1165 2174 1301 2221 ,bequae
1312 2169 1365 2203 de-

358 2227 431 2261 inde
455 2228 488 2258 in
518 2220 666 2257 Thorace
688 2219 726 2255 de
753 2218 980 2254 rehendirnus·‚
1002 2218 1127 2266 Caput·
1144 2225 1230 2249 enim
1273 2219 1286 2255 (
1310 2225 1367 2248 nec

355 2268 486 2305 sortasse
509 2265 628 2302 necesse
650 2273 719 2299 erat
765 2264 921 2303 attingere
944 2271 1011 2294 non
1034 2269 1224 2309 potuimus,·
1260 2268 1369 2292 tecum

355 2328 394 2349 eo
417 2313 531 2348 ordine
553 2309 793 2344 communicare
816 2306 932 2350 juvat,
955 2313 992 2337 ut
1014 2304 1171 2346 incipiam
1195 2315 1212 2335 a
1236 2303 1370 2351 Thora-

357 2372 413 2393 ce.
439 2359 526 2390 Cum
549 2353 643 2396 hujus
666 2353 906 2394 integumenta,
929 2351 960 2381 &
985 2346 1146 2381 musculos
1180 2358 1195 2378 a
1220 2346 1370 2395 subjectis

359 2402 476 2435 offibus
492 2425 499 2437 ,
522 2401 552 2431 &
577 2396 825 2437 cartilaginibus
857 2389 1080 2426 amovissemus
1101 2401 1111 2428 3
1145 2401 1300 2431 magnum
1333 2400 1370 2421 in

359 2445 411 2480 his
434 2445 551 2478 vitium
574 2441 747 2483 apparuit,
770 2437 858 2481 quod
881 2434 1041 2468 craffiores
1055 2444 1224 2470 mammae,
1249 2431 1371 2465 &cras-

359 2489 470 2523 siffima
494 2485 644 2527 imposita
670 2480 834 2524 pinguedo
858 2489 928 2512 ante
953 2476 1128 2510 sectionem
1160 2478 1207 2508 ita
1242 2476 1370 2508 occule-

359 2534 460 2572 bant,
483 2531 608 2563 nullum
634 2535 668 2559 ut
694 2525 740 2558 sui
763 2523 922 2557 indicium
946 2521 1052 2554 daret.
1079 2519 1209 2553 Scilicet
1232 2519 1370 2567 sternum

361 2578 448 2610 circa
473 2573 535 2607 suae
559 2568 775 2611 longitudinis
801 2567 943 2599 medium
967 2564 1147 2597 extrorsum
1184 2573 1369 2604 prominens

362 2629 498 2654 annexas
521 2608 675 2656 utrinque
699 2612 800 2645 costas
823 2609 927 2642 secum
951 2607 1120 2641 attollebat
1142 2620 1151 2638 z
1184 2607 1290 2639 coll-ter
1306 2617 1368 2653 *au-

364 2674 430 2698 tem
452 2671 523 2704 quae
551 2659 601 2693 his
625 2656 771 2699 proxime
798 2652 1069 2695 subjiciebantur,
1103 2649 1194 2682 valde
1233 2648 1372 2682 subside-

361 2708 464 2741 bant:
488 2703 609 2738 ultimae
633 2699 792 2741 denique,
817 2707 854 2730 ex
879 2697 918 2730 iis
941 2695 1017 2729 dico
1039 2705 1111 2736 quae
1136 2704 1190 2726 aut
1214 2704 1267 2734 per
1281 2693 1367 2732 suas,

364 2760 419 2785 aut
443 2760 496 2792 per
522 2746 660 2779 aliarum
683 2740 891 2783 cartilagines
914 2751 988 2773 cum
1014 2737 1117 2771 sterno
1152 2737 1368 2770 committun-

361 2804 436 2832 tur,
462 2790 589 2830 rursuS,
611 2797 648 2821 ut
671 2785 827 2820 naturalis
852 2783 991 2825 peetoris
1015 2780 1171 2814 strufflmra
1206 2780 1368 2826 postulat,

363 2834 592 2882 prominebant
613 2845 621 2864 z
657 2832 765 2872 itaque
789 2827 827 2861 ad
853 2827 975 2868 singula
997 2823 1091 2858 sterni
1115 2825 1215 2857 latera
1240 2822 1370 2865 singulae

364 2891 487 2923 magnae
510 2884 599 2911 erant
622 2875 781 2909 costarum
805 2870 1034 2913 depressiones,
1061 2878 1139 2909 quas
1172 2877 1316 2899 mammae
1341 2869 1371 2899 &

364 2922 549 2968 pinguedo,
573 2920 623 2952 uti
645 2917 772 2951 dictum
805 2915 868 2950 est,
893 2912 1088 2947 extrinsecus
1132 2910 1337 2959 inaequabant
1362 2934 1371 2943 .

493 2963 647 2997 Thorace
669 2959 817 2998 recluso,
840 2957 960 2991 sinister
986 2956 1099 2998 pulmo
1126 2954 1236 2996 aliquo
1271 2953 1344 2985 loco
1359 2976 1369 2991 ‚

365 3015 397 3046 δι
421 3009 559 3046 leviter,·
580 3004 691 3038 dexter
718 3012 824 3036 autem
850 2999 949 3034 ferme
981 2999 1125 3040 undique
1148 3020 1161 3038 ‚
1211 2995 1372 3046 superiore

365 3062 499 3095 excepta
523 3048 700 3092 particula,
725 3044 893 3078 arctiffime
918 3043 955 3077 ad
981 3045 1125 3085 pleuram
1150 3041 1373 3074 adbaerensin-

367 3106 483 3130 ventus
505 3094 549 3127 est
574 3103 629 3135 per
652 3089 813 3133 quandam
837 3087 924 3130 quasi
938 3087 1157 3120 membranam
1173 3110 1182 3125 ‚
1205 3094 1277 3126 quae
1293 3094 1373 3125 prae-

368 3152 415 3175 ter
439 3147 588 3173 naturam
610 3135 729 3168 tunicae
753 3132 900 3175 pulmoni
925 3132 1060 3164 inducta
1086 3139 1174 3162 erat.
1201 3126 1372 3177 l’ulmones

368 3184 480 3218 ambos
505 3192 578 3214 cum
603 3178 797 3214 secar-emus,
819 3174 938 3214 duros³
962 3177 991 3207 ἃ
1014 3173 1100 3214 quasi
1125 3170 1276 3205 tendineo
1302 3171 1373 3212 plu-

369 3228 457 3263 ribus
480 3223 675 3258 offendimus
700 3221 800 3255 locis:
824 3216 972 3263 spumoso
1007 3226 1158 3259 praeterea
1204 3213 1282 3263 bum
1307 3224 1339 3262 re
1362 3238 1371 3253 ‚

369 3270 457 3313 quasi
484 3268 579 3301 saliva
601 3263 762 3308 quadam,
787 3261 895 3304 paffim
920 3263 1074 3294 scatentes
1098 3284 1106 3293 .
1153 3260 1278 3291 Pericar
1305 3268 1373 3290 ium

371 3325 435 3347 non
461 3322 593 3353 paucam
619 3308 731 3342 habuit
755 3316 869 3347 aquam
892 3315 931 3337 ex
956 3303 1046 3337 fusco
1069 3302 1232 3336 turbidam
1258 3325 1266 3334 .
1320 3312 1373 3334 or-

370 3357 420 3391 dis
444 3365 548 3388 autem
573 3362 706 3393 uterque
731 3350 888 3384 thalamus
912 3350 1040 3389 nigrum
1086 3346 1270 3388 sanguinem
1291 3365 1299 3380 ‚
1346 3347 1377 3377 δι

372 3400 536 3437 fluidum,
560 3396 665 3439 qualis
690 3394 786 3428 ferme
809 3393 928 3434 ubique
952 3393 986 3425 in
1008 3390 1070 3424 hoc
1092 3399 1228 3432 corpore
1262 3397 1378 3422 occur-

943 138 1101 192 Liber
1132 137 1225 195 111.
1258 136 1343 192 De
1380 135 1585 190 Morbis
1618 136 1831 190 Ventris

1415 215 1525 249 rebat.-
1547 214 1660 248 deificet·
1682 215 1807 256 insuper
1830 213 1991 249 modicam
2016 215 2207 259 polyposam
2228 210 2413 246 concretio·

1417 269 1508 296 nem,
1532 257 1660 297 albam,
1686 258 1738 290 sed
1763 259 1914 297 mollem,
1938 261 1987 292 cui
2012 260 2122 293 similis
2144 259 2240 291 altera
2273 258 2304 287 in
2340 254 2409 287 Pul·

1419 303 1542 335 monari
1566 300 1627 333 fuit
1652 302 1789 340 arteria,
1814 302 1956 344 plurimo
1981 314 2051 336 cum
2078 299 2329 343 sanguinei-lm
2340 306 2409 347 tur-

1416 344 1571 388 gidiflima
1598 353 1663 377 erat
1689 345 1830 377 auricula
1852 344 2001 383 dextera3
2037 345 2168 387 strigosa
2200 352 2305 377 autem
2338 341 2411 373 sim-

1416 390 1493 422 sira.
1521 388 1643 420 Verum
1670 387 1743 420 hun:
1768 388 1915 421 auriculae
1940 400 2078 423 annexus
2104 386 2323 423 ventriculus,
2354 394 2411 416 na—

1415 430 1512 464 turali
1539 430 1676 471 amplior
1691 457 1700 470 ,
1722 442 1785 463 non
1810 442 1908 463 unum
1932 434 2056 466 obtulit
2079 428 2352 466 animadversione
2364 428 2414 461 di-

1421 486 1539 517 gnum.
1566 474 1735 515 Namque,
1763 483 1797 506 ut
1819 475 1982 508 tendineas
2005 478 2157 509 omittam
2179 473 2313 508 fibrillas
2344 481 2417 515 quae

1421 521 1505 551 inter
1529 517 1677 550 Mitrales
1701 516 1862 553 valvulam,
1886 519 2116 561 columnasque
2140 518 2303 551 ducuntur
2322 537 2332 552 ι
2366 517 2414 547 Vi-

1420 562 1466 595 sas
1488 560 1546 594 effe
1572 561 1674 601 plures
1699 571 1795 602 quam
1820 560 1965 601 soleant;
1987 574 2072 596 certe
2097 574 2137 594 eae
2149 563 2307 594 columnae
2323 568 2412 591 erant

1420 616 1513 648 aequo
1536 603 1718 640 marmores,
1741 604 1965 647 durioresque,
1990 616 2024 640 ut
2050 606 2153 640 inulto
2178 605 2287 647 potius
2309 601 2414 636 tendi-

1421 660 1509 688 neae,
1529 659 1625 690 quarn
1649 657 1790 682 carneae,
1816 647 2023 686 viderentur,
2048 650 2108 683 sive
2130 649 2273 682 colorem
2298 646 2416 687 speeta-

1420 703 1488 730 res,
1513 692 1568 733 qui
1594 690 1682 723 albus
1707 699 1772 736 erat
1788 712 1796 726 ‚
1820 689 1881 722 sive
1905 694 2051 726 renixurn
2076 693 2357 733 attenderesquem
2373 691 2417 724 se-

1418 736 1506 768 canti
1532 734 1675 774 scalpello
1699 733 1897 775 objiciebant
1913 760 1920 767 .
1948 737 2099 770 l’raeterea
2123 737 2155 769 in
2179 734 2315 776 ejusdcm
2343 746 2420 767 ven-

1420 779 1530 812 triculi
1554 778 1728 821 parietibus
1753 778 1805 810 hic
1828 777 1896 822 illic
1920 779 2029 819 passim
2051 779 2419 822 quaedamoccurrebant

1420 824 1490 856 loca
1515 822 1548 854 in
1573 820 1690 864 quibus
1715 832 1825 853 carnea
1849 822 2020 856 substantia
2045 825 2151 856 cordis
2175 832 2227 856 aut
2250 821 2343 862 alba,
2366 833 2422 856 aut

1421 879 1461 899 ex
1484 866 1582 898 rubro
1605 864 1676 897 alba
1701 864 1746 896 ita
1772 872 1860 903 erat,
1882 875 1918 897 ut
1944 867 2077 907 aprima)
2101 865 2322 908 glandularurn
2346 878 2420 909 qua-

1421 911 1442 943 si
1466 909 1665 951 quarundam
1690 907 1793 950 specie
1815 909 2039 949 impones-enm
2066 909 2114 944 sed
2140 910 2250 943 eodem
2274 910 2332 942 illo
2364 922 2421 952 pe-

1421 953 1536 986 culiari
1561 956 1696 991 renixu,
1718 950 1947 985 dissecantibus
1971 952 2105 986 similem
2131 954 2160 986 se
2192 953 2419 987 columnarum

1422 996 1578 1030 ostendit.
1606 996 1739 1029 Vitium
1752 993 1814 1027 hoc
1827 996 1929 1027 carnis
1950 996 2075 1033 cordis,
2100 998 2132 1028 in
2158 997 2343 1029 tendineam
2365 1007 2420 1029 na-

1423 1050 1528 1073 turam
1551 1039 1797 1081 degenerantis,
1819 1050 1885 1080 quo
1909 1040 2011 1080 magis
2035 1041 2077 1073 ab
2110 1041 2264 1073 interiore
2298 1040 2421 1072 ventri-

1420 1083 1485 1117 culi
1509 1083 1589 1116 facie
1613 1084 1651 1115 ad
1675 1090 1867 1115 exteriorem
1893 1083 2068 1125 pergebat,
2090 1096 2129 1116 eo
2161 1084 2258 1116 siebat
2292 1082 2423 1116 eviden-

1420 1129 1506 1164 tius,
1533 1125 1776 1169 pertinebatque
1800 1127 1942 1170 carterius·
1976 1125 2013 1159 ad
2048 1138 2119 1160 euru
2153 1138 2280 1169 quoque
2313 1128 2422 1160 locum

1419 1172 1471 1204 cui
1496 1171 1619 1211 septum
1645 1168 1753 1202 cordis
1776 1170 1965 1214 respondet·—
1988 1170 2079 1211 Qin
2093 1170 2254 1213 pinguedo
2269 1169 2333 1211 ipsa
2346 1169 2422 1205 huic

1421 1213 1533 1247 visceri
1558 1213 1707 1255 imposita
1731 1223 1795 1245 non
1819 1215 1924 1245 omnis
1951 1213 2121 1247 secundum
2145 1223 2290 1247 naturam
2314 1213 2344 1247 sc
2365 1214 2423 1246 lra-

1421 1259 1511 1292 buit.
1538 1259 1575 1290 In
1601 1257 1774 1299 posteriore
1797 1257 1884 1288 enim
1909 1255 1989 1289 facie
2024 1259 2129 1290 cordis
2163 1269 2214 1299 per
2246 1259 2326 1290 duos
2358 1268 2422 1290 nou

1422 1311 1538 1344 parvos
1560 1300 1732 1333 secuudum
1756 1299 1999 1341 longitudinem
2025 1302 2322 1343 traetusinaequalis
2334 1310 2422 1339 crat,

1421 1345 1607 1387 ibidemque
1629 1355 1669 1376 ex
1693 1341 1782 1377 fusco
1804 1342 2012 1377 rubescebat.
2036 1345 2163 1377 Arteria
2188 1344 2308 1386 Magna
2322 1355 2426 1377 acor-

1419 1388 1457 1422 de
1481 1387 1518 1422 ad
1543 1392 1750 1421 curvaturam
1774 1386 1872 1429 usque
1896 1388 2130 1430 propemodum
2173 1397 2278 1422 totam
2304 1413 2314 1428 ,
2359 1399 2425 1420 non

1421 1431 1512 1465 valde
1533 1431 1691 1474 quidem,
1717 1429 1766 1463 sed
1789 1430 2088 1464 evidentertamen
2113 1431 2247 1466 dilatata
2270 1455 2279 1469 ‚
2326 1443 2426 1473 prope

1422 1475 1548 1518 septum
1575 1472 1791 1507 transversum
1815 1485 1908 1516 aequo
1933 1474 2097 1516 angustior
2121 1474 2188 1508 visa
2211 1476 2275 1509 est.
2301 1476 2426 1516 Incisa,

1419 1522 1450 1552 ἃ
1474 1518 1650 1560 sanguine,
1672 1529 1739 1560 quo
1763 1528 1828 1550 non
1852 1517 2003 1555 carebat,
2025 1517 2150 1556 effuso,
2173 1518 2314 1552 ostendit
2354 1530 2425 1553 tota

1419 1563 1578 1597 interiore
1601 1561 1683 1595 facie
1709 1574 1726 1594 a
1748 1560 1845 1595 corde
1869 1561 1908 1594 ad
1931 1572 2037 1595 ramos
2063 1562 2174 1595 saltem
2199 1561 2299 1605 usque
2315 1564 2430 1597 Emul-

1419 1615 1551 1649 gentes,
1574 1605 1748 1646 particulas
1773 1604 1927 1647 quasdam
1949 1604 2144 1642 albidiores‚
2167 1608 2199 1639 δε
2224 1607 2323 1640 lineas
2346 1616 2431 1640 non-

1420 1648 1503 1683 nihil
1526 1648 1701 1682 exstantes:
1726 1657 1878 1690 praeterea
1901 1659 1965 1681 non
1990 1660 2032 1682 eoi
2059 1647 2163 1681 solum
2197 1660 2293 1691 quem
2329 1650 2430 1684 modo

1416 1693 1586 1731 dicebam,
1609 1692 1734 1730 traftu,
1758 1690 1808 1723 sed
1830 1693 1859 1724 &
1882 1691 1959 1737 alibi
1985 1715 1994 1730 ,
2026 1701 2188 1733 quantum
2221 1704 2260 1726 ex
2290 1692 2430 1728 dissectis

1418 1736 1637 1778 superioribus
1658 1733 1853 1777 quibusdam
1878 1744 1945 1776 ejus
1970 1736 2068 1769 ramis
2091 1739 2326 1776 cognovimus,
2349 1738 2431 1770 inti-

1419 1791 1504 1814 mam
1528 1780 1672 1812 tunicam
1696 1777 1791 1811 facile
1814 1777 1892 1810 adeo
1918 1779 2098 1819 aproxima
2124 1778 2368 1822 injungendam,
2394 1792 2430 1815 nt

1417 1822 1606 1858 levissimam
1630 1820 1771 1864 scalpelli
1796 1820 1982 1854 frietionem
2008 1832 2123 1864 inagna
2148 1822 2215 1864 ejus
2249 1823 2347 1857 frusta
2382 1822 2430 1856 se-

1416 1876 1614 1910 querentur.
1750 1866 1786 1897 In
1812 1864 1940 1899 Ventre
1963 1874 2072 1898 autem
2105 1865 2172 1900 haec
2209 1866 2394 1901 videramus
2419 1891 2427 1899 .

1417 1913 1599 1944 Omentum
1622 1910 1740 1942 lienem
1766 1907 1873 1940 versus
1895 1910 2088 1942 retractum.
2116 1912 2322 1945 perturbatos
2343 1911 2431 1944 inte-

1420 1953 1578 1988 stinorum
1601 1952 1680 1986 fitus
1696 1976 1703 1983 .
1729 1951 1830 1990 Haec,
1854 1951 1965 1985 Colon
1990 1954 2172 1995 praecipue,
2196 1957 2226 1987 δε
2263 1955 2427 1992 Ιὶεόέυηι,

1421 2009 1489 2031 aere
1515 1997 1654 2031 multum
1676 1995 1832 2041 distenta.
1857 1993 2089 2041 Mesenterium
2112 1997 2245 2039 quidem
2261 2020 2271 2035 ‚
2306 2000 2431 2032 ventri·

1419 2042 1553 2079 culum,
1577 2039 1737 2082 splenem,
1760 2040 1791 2070 δέ
1812 2047 1922 2080 Jecur,
1946 2049 2039 2079 cujus
2064 2039 2197 2073 veficula
2222 2042 2286 2075 bile
2320 2050 2430 2084 turge-

1418 2086 1496 2123 bat,
1519 2083 1588 2116 sana
1604 2107 1612 2115 .
1638 2085 1791 2115 Pancreas
1815 2091 1944 2119 autern,
1970 2081 2058 2123 qtmd
2074 2105 2086 2121 ,
2112 2091 2147 2117 ut
2172 2085 2325 2119 nonnulla
2360 2085 2432 2117 Te-

1417 2129 1493 2162 nuia
1517 2126 1694 2165 intestina,
1717 2124 1892 2159 decliviore
1914 2124 2092 2167 praesertim
2126 2136 2218 2169 parte
2263 2128 2397 2163 rubebat
2424 2152 2434 2168 ,

1418 2170 1616 2215 glandulosis
1640 2170 1739 2203 acinis
1761 2167 1844 2210 justo
1867 2168 2089 2209 firmioribus,
2117 2175 2147 2204 δε
2172 2173 2256 2205 inter
2282 2175 2312 2207 se
2329 2177 2433 2217 magis

1418 2215 1597 2250 distinctis.
1625 2215 1764 2246 Uterum
1788 2212 1947 2253 denique,
1972 2212 2111 2252 Tabas,
2138 2217 2169 2248 &
2192 2226 2257 2250 non
2294 2228 2431 2260 parvam

1420 2260 1559 2300 Vaginae
1586 2266 1733 2300 partem,
1757 2266 1831 2289 cum
1855 2254 1902 2288 ibi
1927 2254 1970 2288 fic
1994 2255 2090 2296 satis,
2136 2268 2207 2293 tum
2252 2260 2432 2302 praesertirn

1422 2301 1598 2344 postridie,
1624 2309 1659 2333 ut
1681 2300 1753 2343 plus
1778 2301 1957 2340 temporis,
1979 2302 2009 2332 δε
2041 2301 2195 2337 diurnum
2227 2303 2337 2337 lumen
2376 2305 2435 2340 ha-

1421 2347 1589 2385 beremus,
1612 2355 1628 2377 e
1652 2345 1803 2378 cadavere
1826 2343 1991 2384 adempta,
2015 2343 2209 2386 diligentius
2242 2349 2438 2383 examinan-

1423 2399 1469 2422 tes
1483 2410 1492 2425 ‚
1514 2388 1581 2422 haec
1605 2387 1836 2420 adnotavimus
1850 2411 1857 2418 .
1872 2385 2043 2421 Posteriori
2066 2387 2160 2423 fundi
2186 2393 2309 2423 uterini
2334 2392 2431 2427 faciei

1422 2433 1562 2466 exterius
1584 2433 1667 2464 circa
1692 2430 1834 2464 medium
1857 2429 1992 2464 adflatus
2015 2441 2082 2463 erat
2108 2444 2162 2473 per
2198 2435 2330 2468 brevem
2381 2449 2437 2479 pe-

1422 2474 1601 2508 dunculum
1616 2474 1800 2516 globulus,
1824 2472 1906 2507 nihil
1931 2475 2032 2515 magis
2056 2474 2202 2510 albedine
2219 2502 2228 2517 ,
2250 2475 2377 2518 forma,
2403 2483 2434 2514 Sc

1424 2517 1648 2559 magnitudine
1672 2516 1833 2557 referens,
1853 2527 1953 2559 quam
1976 2529 2110 2559 parvum
2144 2520 2286 2554 cerasum
2319 2524 2434 2556 imma-

1424 2572 1567 2595 turum:
1602 2559 1864 2601 quemmsccantes
1893 2584 1901 2598 ‚
1937 2571 1977 2592 ex
2007 2559 2124 2595 fibrosa
2168 2563 2300 2605 quidem
2325 2590 2334 2604 ,
2382 2566 2433 2600 sed

1422 2603 1538 2639 callosa
1562 2602 1737 2636 substantia
1762 2626 1772 2647 ,
1810 2602 2013 2648 confusi-sque
2036 2605 2191 2639 fibrarum
2225 2608 2396 2643 ordinibus
2424 2635 2433 2649 ‚

1422 2649 1543 2682 fastum
1565 2646 1860 2690 deprehendimus:
1885 2646 2078 2687 quusmodi·
2094 2648 2174 2681 alter
2200 2652 2354 2692 globulus
2376 2655 2428 2687 in-

1422 2702 1471 2725 tra
1495 2690 1597 2733 ipsam
1622 2692 1780 2733 parietum
1804 2691 1887 2723 uteri
1911 2689 2149 2724 crassitudinem
2175 2697 2405 2730 eratconditus
2421 2722 2430 2729 .

1423 2737 1507 2768 Mox
1534 2743 1663 2777 apertus
1687 2736 1773 2767 uteri
1798 2732 1915 2766 fundus
1939 2733 2046 2766 multo
2071 2738 2222 2776 apparuit
2257 2739 2431 2774 subcruen-

1422 2788 1458 2811 to
1503 2789 1599 2812 muco
1633 2775 1806 2811 foedatus:
1851 2789 1917 2818 quo
1949 2776 2072 2810 deterso
2098 2800 2111 2818 ,
2151 2792 2225 2815 curn
2250 2803 2260 2819 ‚
2304 2783 2432 2826 appres-

1422 2822 1461 2855 fis
1486 2822 1594 2855 subtus
1617 2820 1754 2862 digitis,
1779 2819 1921 2862 undique
1944 2831 1983 2852 ex
2008 2818 2110 2854 fundo
2145 2824 2280 2866 quidem
2306 2838 2317 2864 3
2363 2838 2429 2862 non

1422 2877 1463 2898 ex
1485 2868 1633 2904 cervice,
1658 2865 1828 2907 multoque
1851 2865 1958 2896 minus
1981 2874 2018 2896 ex
2043 2866 2157 2906 vagina
2181 2881 2190 2905 3
2238 2869 2431 2911 prodeuntes

1425 2909 1581 2943 mediocri
1607 2907 1800 2953 expressione
1824 2907 2010 2948 sanguineas
2042 2918 2151 2950 guttas
2195 2912 2394 2951 ostendissem
2420 2927 2431 2954 3

1422 2964 1487 2986 uon
1510 2962 1578 2987 tam
1610 2951 1775 2993 displicuit
1807 2952 1980 2984 Santorino
2015 2951 2101 2993 quod
2138 2966 2196 2995 pro
2228 2967 2319 2990 certo
2352 2957 2432 2992 scire

1423 3007 1490 3029 non
1516 2994 1728 3038 potuissemus
1750 3020 1759 3034 ‚
1794 3006 1831 3027 an
1870 2995 1983 3027 mulier
2020 3006 2118 3037 prope
2152 2999 2268 3033 abesiet
2303 3012 2318 3033 a
2344 3012 2433 3035 men-

1423 3039 1516 3073 struis
1534 3063 1542 3077 ,
1572 3050 1671 3082 quarn
1696 3038 1723 3071 se
1746 3048 1836 3071 antea
1861 3035 1917 3076 (‘x
1943 3041 1956 3075 )
1989 3036 2106 3071 horum
2139 3040 2370 3084 scaturiginem
2397 3047 2430 3079 jn

1424 3085 1540 3124 vagina
1565 3084 1675 3124 potius
1700 3081 1757 3115 csse
1773 3104 1783 3119 ‚
1819 3092 1915 3123 quam
1940 3083 1973 3113 in
2001 3091 2112 3122 utero,
2136 3086 2322 3120 credidisse,
2347 3090 2432 3122 Cer-

1425 3128 1507 3161 vicis
1530 3127 1690 3166 superiore
1715 3135 1803 3166 parte
1827 3135 1957 3166 excepta
1974 3150 1982 3164 ‚
2005 3125 2165 3168 reliquum
2189 3129 2286 3171 longe
2302 3130 2365 3164 alio
2378 3143 2433 3166 ru-

1423 3169 1500 3203 bore
1523 3168 1681 3204 infastum
1705 3178 1771 3202 erat
1790 3191 1802 3207 ‚
1839 3168 1926 3210 quasi
1951 3169 1991 3202 ab
2027 3169 2290 3206 inflammatione
2315 3173 2430 3208 videli-

1424 3223 1475 3246 cet
1501 3235 1510 3250 ‚
1553 3215 1609 3255 qui
1656 3213 1696 3246 ab
1738 3214 1838 3244 altero
1882 3212 1978 3244 latere
2024 3217 2125 3256 magis
2172 3216 2210 3249 ad
2235 3215 2357 3251 fuscum
2381 3220 2432 3250 in-

1425 3257 1568 3290 clinabat
1593 3278 1603 3293 ‚
1649 3267 1704 3289 nec
1748 3265 1853 3289 tamen
1879 3255 2012 3297 usquam
2044 3259 2179 3292 cervicis
2226 3260 2431 3294 substantiam

1427 3301 1490 3336 alte
1537 3300 1731 3341 pervadebat
1756 3322 1763 3330 .
1810 3300 1848 3330 In
1894 3299 2001 3332 Tubis
2023 3311 2153 3344 quoque
2198 3302 2347 3337 mucosus
2370 3303 2431 3336 liu-

1430 3355 1502 3378 mor
1547 3341 1609 3375 fuit
1635 3358 1643 3379 -‚
1690 3343 1739 3376 sed
1786 3342 1874 3375 albus
1898 3367 1906 3375 .
1955 3344 2107 3385 Utraque
2152 3355 2217 3379 erat
2265 3348 2351 3386 aeri,
2374 3357 2429 3389 per

1428 3385 1532 3428 majus
1555 3387 1718 3419 orificium
1745 3384 1908 3424 immisso,
1932 3387 1966 3419 in
2012 3396 2141 3422 uterum
2187 3391 2295 3431 pervia
2320 3401 2329 3420 .·
2373 3400 2430 3422 nec

2260 3431 2387 3465 deerant

374 3534 2432 3559 W

435 3632 449 3660 (
462 3638 479 3661 p
495 3631 509 3659 )
525 3631 606 3654 Mem.
623 3628 650 3652 de
668 3626 762 3652 l'Acad.
781 3628 811 3650 R.
828 3624 868 3649 des
889 3626 927 3648 Sc.
945 3626 974 3648 A.
995 3625 1061 3653 ¹738·

437 3662 502 3689 (s)
517 3663 554 3685 De
569 3660 653 3685 Morb.
672 3660 762 3683 Intern.
779 3658 796 3680 l.
816 3664 838 3679 1.
854 3663 873 3681 c-
893 3663 931 3684 59.

1122 3623 1136 3651 (
1152 3631 1167 3652 q
1183 3623 1197 3650 )
1213 3619 1298 3647 Traite
1314 3620 1345 3644 du
1363 3621 1441 3644 Coeut
1457 3620 1471 3643 l.
1490 3627 1511 3649 3.
1528 3618 1564 3643 ch.
1582 3627 1604 3647 7.
1623 3627 1645 3642 n.
1666 3628 1687 3647 ς.

994 3655 1008 3684 (
1025 3661 1034 3677 t
1054 3654 1063 3684 )
1080 3653 1116 3676 De
1132 3655 1213 3680 Relat.
1231 3650 1321 3676 Medic.
1338 3650 1355 3673 l.
1371 3658 1393 3678 4.
1409 3657 1429 3674 c.
1453 3657 1470 3674 r.

1749 3619 1762 3646 (
1778 3627 1789 3641 r
1805 3619 1818 3646 )
1836 3618 1972 3642 Eneheirid.
1991 3621 2012 3645 1.
2030 3629 2051 3649 ς.
2071 3626 2091 3643 c.
2108 3622 2146 3648 46.
2164 3618 2223 3643 vers.
2242 3618 2316 3642 finem
2329 3636 2336 3642 .

1533 3653 1540 3679 s
1560 3658 1575 3672 u
1596 3650 1680 3677 Japud
1699 3648 1788 3673 Lancis
1811 3648 1839 3672 de
1857 3648 1933 3673 Subit.
1951 3650 2031 3676 Meu-t.
2049 3651 2066 3676 1.
2083 3657 2104 3674 ι.
2129 3657 2151 3673 c.
2183 3658 2205 3679 5.
2237 3656 2262 3673 n.
2296 3656 2333 3673 121
2366 3648 2429 3679 quod

377 3690 455 3722 postea
472 3690 641 3714 Miflithellius
660 3688 707 3717 ipse
724 3686 879 3712 confirmavit
894 3688 978 3711 Tratt.
997 3684 1179 3715 dell’Apoplefl'.
1197 3685 1214 3707 1.
1231 3690 1255 3707 2.
1271 3682 1294 3705 S.
1314 3688 1333 3705 ι.
1350 3687 1372 3705 c.
1389 3684 1411 3704 6.
1428 3681 1451 3705 ἃ
1468 3681 1491 3705 S.
1508 3688 1529 3710 3.
1549 3687 1572 3704 c.
1585 3688 1605 3709 3.
1622 3680 1664 3704 cas.
1685 3682 1707 3705 8.
1724 3679 1747 3704 8(
1764 3679 1825 3708 seqq.

437 3725 444 3750 s
459 3729 474 3745 a·
489 3721 502 3749 )
518 3721 606 3749 Opust.
624 3720 715 3744 Medic.
731 3726 756 3747 4.
774 3725 799 3742 n.
816 3725 839 3748 3.
