2498 4075
445 187 601 254 Epist.
638 188 801 241 Anat.
838 188 1057 243 Medica
1093 187 1246 241 XXI.
1280 188 1404 242 Art.
1442 204 1520 254 32-
1557 192 1615 245 &
1652 206 1730 261 33.

99 262 256 296 cientem.
282 264 430 308 Loquens
452 266 538 298 enim
560 261 599 296 de
622 263 825 306 pleuriticis,
848 267 882 298 δε
903 264 942 299 de
964 266 1071 309 pleura
1086 291 1105 311 Ι,

103 304 171 338 haec
182 329 195 346 ,
217 307 328 349 inquit
351 332 364 349 ,
386 305 602 350 expirantibus
626 307 707 347 saepe
727 308 855 355 aegrotis,
872 309 962 352 nigra
984 311 1105 344 invenc-

102 354 179 382 tur.
201 350 273 383 Nec
296 361 372 385 vero
394 351 573 390 existimes,
596 348 629 383 id
650 349 764 384 dixiss'e
778 352 962 394 conjectura
986 351 1104 385 fortas.

103 389 132 424 se
156 390 275 427 fretum
297 403 388 438 capta
411 406 450 428 ex
471 394 612 436 partium
635 393 744 427 lateris
766 402 972 429 externarum
996 396 1102 429 livore

101 435 311 479 consequente
338 447 536 481 aegrotorum
557 435 763 475 decubitum,
788 438 965 480 praesertirn
988 438 1012 472 fi
1034 438 1105 475 for..

100 485 133 511 te
157 479 339 522 accidisset,
362 490 399 516 ut
420 477 693 525 quemadmodum
716 482 749 513 in
773 481 892 515 morbo
915 481 1017 516 solent
1033 506 1047 523 ,
1069 485 1104 517 in

100 532 207 556 morte
226 535 354 568 quoque
376 526 411 558 in
432 524 518 557 idem
541 524 591 556 illi
615 524 752 566 jacerent
777 524 859 559 latus
885 550 893 559 .
927 527 1044 570 Neque
1066 528 1101 561 in

99 564 192 600 istam
216 567 401 601 sententiam
426 566 542 606 addas,
565 567 635 601 sane
658 566 692 601 id
717 578 783 601 non
806 566 919 602 dixisse
940 569 978 603 de
992 572 1102 604 omni-

99 607 179 643 bus:
207 614 240 645 ἃ·
263 612 423 645 continuo
444 622 478 644 ea
501 610 594 643 verba
615 623 686 654 quae
709 612 1026 647 externumlivorem
1050 615 1102 647 in-

98 651 232 694 dicent,
254 652 415 696 subjecilse
435 668 443 687 ε
479 654 534 687 hos
557 655 685 697 denique
705 663 874 689 venenatos
897 657 1023 698 quidam
1042 667 1105 699 pu-

98 702 267 731 taverunt.
294 699 387 741 Qu
409 696 432 731 fi
456 696 541 732 forte
564 698 755 740 opinionem
778 708 871 731 tuam
904 699 977 733 inde
1002 699 1104 742 potis-

97 737 211 775 simum
234 741 420 779 confirmare
442 751 473 775 te
497 739 604 783 posse,
623 740 783 782 crederes,
805 741 897 787 quod
906 743 1001 778 Caelii
1027 752 1103 778 aeta-

97 791 128 815 te
152 783 291 818 humana
314 784 464 818 cadavera
495 795 558 817 non
582 784 764 819 secabantur
785 797 796 824 5
830 787 973 828 primum
998 786 1069 820 vide
1091 812 1102 826 ,

97 837 174 861 num
206 838 299 862 aetate
323 829 537 871 Hippocratis
561 853 569 866 ‚
602 839 698 871 quern
728 829 829 863 modo
861 841 936 864 cum
960 831 1102 865 Riolano

97 870 274 913 objiciebas
297 895 310 912 ‚
342 883 448 905 revera
473 872 567 905 secari
589 881 698 915 coepta
720 870 817 906 essent
842 872 855 907 ?
888 872 1004 907 deinde
1027 875 1102 908 Cae-

96 913 179 948 lium
201 915 346 959 inspice5
370 916 556 958 intelliges,
579 928 646 959 quo
669 917 702 948 in
725 917 834 960 capite
856 916 891 951 id
913 916 999 951 dixit
1019 939 1029 954 ,
1054 929 1104 952 ar-

96 968 247 1001 gumenta
271 971 329 1001 pro
352 960 459 1002 pleni-a
482 971 520 992 ex
545 958 736 993 Erasistrato
758 971 887 1004 quoque
923 959 1068 996 attuli-sse
1090 984 1101 999 ‚

95 1013 191 1044 quem
204 1013 339 1045 corpora
363 1003 501 1037 humana
518 1002 687 1044 incidisse,
709 1002 848 1039 constat:
874 1002 1011 1046 denique
1037 1004 1106 1047 ipsa

94 1046 196 1088 relege
218 1058 289 1089 quae
313 1048 415 1087 prima
438 1046 660 1090 protulimu5‚
681 1048 777 1081 Caelii
801 1046 894 1080 verba
911 1058 925 1087 ‚⁴
946 1047 1069 1081 videbis
1094 1072 1105 1087 ‚

94 1099 161 1122 non
184 1089 377 1133 conjecturae
402 1117 410 1129 ,
444 1089 496 1124 sed
518 1090 734 1124 observationi
757 1091 927 1125 convenire
946 1114 954 1122 .
990 1093 1054 1127 Cui
1081 1091 1104 1126 fi

93 1131 178 1166 sorte
201 1145 301 1168 unum
325 1134 407 1168 illud
429 1135 552 1177 opponi
575 1135 678 1177 igitur
702 1133 809 1176 posse,
832 1133 993 1169 existimas
1016 1161 1026 1175 ‚
1049 1133 1104 1169 de-

92 1176 240 1211 cubitum
264 1176 438 1219 videlicet‚
459 1177 498 1211 de
520 1187 587 1221 quo
608 1177 793 1211 dicebamus
811 1201 822 1217 ,
857 1180 1067 1214 morientium
1092 1202 1102 1217 ,

92 1219 181 1263 quasi
205 1220 367 1263 sanguinis
391 1224 424 1255 in
448 1221 623 1255 decliviora
640 1220 781 1264 delapsus
804 1232 869 1254 non
892 1232 1020 1256 externa
1032 1234 1105 1256 mo..

92 1265 136 1298 do
156 1288 167 1304 ,
203 1264 252 1297 sed
275 1266 375 1300 etiam
398 1267 523 1299 interna
546 1265 655 1299 lateris
678 1264 749 1299 vasa
764 1289 776 1305 ,
798 1276 974 1311 eorumque
997 1277 1104 1300 ramu-

92 1308 196 1343 sculos
219 1308 450 1348 distendendo,
474 1309 590 1352 pleurae
613 1320 742 1352 quoque
754 1308 888 1344 livorem
902 1334 911 1349 ,
932 1310 990 1352 qui
1014 1320 1104 1344 antea

92 1363 156 1386 non
181 1350 277 1392 esset,
301 1362 378 1387 tunc
403 1351 578 1390 effecissets
604 1351 625 1385 fi
650 1351 759 1393 forte,
781 1353 913 1396 inquam
933 1375 942 1391 ‚
967 1353 1009 1387 fic
1033 1355 1104 1387 exi-

91 1395 221 1435 stimas;
246 1397 389 1438 primurn
410 1395 505 1436 vide,
529 1407 605 1430 num
629 1397 662 1429 in
687 1397 770 1430 latus
791 1408 856 1440 quo
879 1395 989 1430 dolent
1009 1420 1022 1438 ,
1045 1408 1104 1432 cu-

91 1440 165 1473 bare
189 1439 308 1473 soleant
333 1440 499 1482 pleuritici
514 1464 524 1478 ,
549 1439 662 1473 deinde
686 1442 718 1473 δε
742 1440 824 1474 illud
837 1439 931 1477 vide,
955 1451 993 1474 ne
1015 1441 1102 1477 casus

90 1482 289 1527 objiciantur
312 1485 374 1518 tibi
399 1483 645 1527 pleuriticorum
666 1505 678 1522 ‚
701 1484 757 1526 qui
779 1507 791 1524 ‚
825 1493 861 1518 ut
884 1486 964 1518 Dux
987 1484 1102 1526 Rupe-

89 1526 291 1563 foucaultius
312 1532 326 1568 (
348 1536 363 1561 t
385 1530 399 1567 )
421 1527 522 1561 erebia
546 1528 667 1560 cervice
690 1526 729 1562 ad
761 1526 891 1561 obitum
916 1526 1014 1571 usque
1038 1528 1102 1571 spi-

89 1582 157 1605 rare
180 1572 309 1612 coacti,
333 1569 474 1604 lividum
497 1579 602 1604 tamen
617 1571 721 1604 altero
743 1571 778 1603 in
803 1570 943 1604 latere&
967 1580 1102 1613 cutem,

91 1617 126 1650 ὃς
149 1614 293 1658 pleuram
318 1614 496 1649 habuerunt
519 1639 525 1645 .
562 1612 625 1647 Sed
646 1612 715 1647 haec
739 1623 775 1650 tu
801 1613 919 1648 videris
940 1638 949 1647 .
985 1615 1102 1660 Neque

89 1659 176 1691 enim
201 1657 285 1692 mihi
306 1658 348 1692 fic
372 1668 438 1690 rem
462 1657 619 1699 explicare
643 1655 761 1691 necesse
784 1657 827 1692 est
852 1683 858 1689 .
886 1658 956 1702 Q
980 1658 1036 1692 etsi
1062 1660 1102 1693 li-

90 1713 202 1736 vorem
225 1703 344 1741 istum,
368 1703 401 1734 δε
425 1710 541 1733 caetera
564 1711 636 1742 quae
658 1700 744 1735 dixit
766 1701 926 1735 Riolanus
948 1727 956 1741 ,
992 1702 1026 1734 in
1049 1715 1105 1736 eo..

88 1757 161 1780 rum
185 1745 292 1788 pleura
313 1768 322 1782 ,
366 1743 404 1777 de
428 1744 548 1788 quibus
572 1743 626 1778 hic
651 1745 769 1788 loquor
789 1768 801 1783 ,
839 1744 1069 1787 conspexissem
1092 1759 1106 1788 ;

88 1798 194 1823 tamen
219 1799 284 1822 non
307 1786 381 1821 inde
403 1789 515 1830 potius
541 1788 656 1822 mortis
678 1787 826 1826 causam.
849 1800 946 1832 quam
971 1800 987 1821 a
1008 1798 1103 1823 tanto

87 1833 150 1866 illo
171 1833 362 1875 pulmonum
384 1832 470 1865 vitio
495 1840 695 1874 repeterem:
724 1842 779 1864 nec
804 1830 872 1866 sane
898 1834 931 1865 in
958 1832 1008 1866 his
1031 1846 1102 1876 quae

87 1876 284 1920 sequuntur,
309 1875 477 1916 historiis,
498 1875 532 1907 in
555 1874 673 1918 quibus
698 1875 843 1918 pleuram
866 1875 1102 1917 rubicundam,

88 1922 120 1954 δε
144 1920 304 1953 liventem
325 1930 455 1963 quoque
469 1919 653 1956 interdum,
678 1930 711 1951 ac
737 1918 1006 1962 semicorruptam
1020 1932 1103 1954 non-

88 1974 252 2007 nunquam
272 1987 285 2004 ,
318 1966 351 1996 &
375 1962 464 1996 valde
496 1962 626 1998 crassam
651 1962 758 1996 inveni
778 1984 788 2001 ,
821 1972 852 1997 te
876 1964 983 2007 ipsum
1008 1965 1102 1999 aliter

88 2016 170 2051 puto
196 2005 252 2041 esse
275 2005 555 2041 existimaturum.

130 2061 183 2095 32.
209 2051 402 2084 MULIER
428 2061 525 2084 annos
548 2059 621 2084 nata
645 2049 685 2084 ad
707 2049 923 2094 quadraginta
933 2053 1100 2096 quinque,

87 2106 126 2128 ex
150 2094 254 2128 ulcere
278 2093 410 2128 alterius
433 2096 535 2128 cruris
561 2095 698 2137 antiquo
715 2116 729 2134 ,
762 2093 841 2129 sicca
867 2106 973 2130 autem
998 2096 1100 2129 scabie

87 2147 162 2171 toto
184 2148 321 2179 corpore
337 2160 351 2177 ,
384 2136 555 2182 additaque
588 2137 629 2171 ad
654 2137 790 2171 scabiem
822 2139 910 2174 lenta
944 2138 1100 2173 febricula

87 2182 170 2216 male
193 2180 351 2215 habebat.
376 2181 487 2214 Scabie
509 2179 732 2217 evanescente,
756 2182 860 2214 ulcere
872 2191 981 2217 autem
995 2184 1099 2216 acrius

87 2233 244 2265 vexante,
264 2222 434 2258 confilium
456 2224 566 2265 capit,
590 2233 627 2256 ut
649 2225 686 2256 in
708 2224 908 2258 Bononiense
933 2226 1103 2259 Incurabi-

88 2270 170 2303 lium
191 2267 434 2302 Nosocomium
458 2266 668 2300 admittatur.
693 2267 882 2310 Antequam
906 2269 940 2301 in
963 2267 1025 2302 hoc
1048 2280 1102 2303 ve-

88 2314 181 2351 niat,
203 2310 398 2352 prospiciens
422 2308 551 2343 fortasse
577 2333 587 2348 ,
618 2321 679 2353 qua
705 2321 736 2344 re
759 2310 805 2346 ibi
829 2309 903 2344 esset
925 2314 1065 2346 caritura
1088 2336 1102 2354 ,

87 2354 243 2399 generoso
266 2355 344 2387 vino
369 2352 398 2387 se
421 2354 623 2396 ingurgitat,
646 2362 682 2388 ut
705 2353 788 2387 nihil
809 2353 907 2387 ferme
922 2378 934 2395 ,
958 2353 1016 2388 nisi
1038 2354 1072 2389 id
1087 2379 1100 2396 ,

89 2400 191 2434 sumat
213 2396 319 2431 tridui
344 2396 466 2439 spatio.
494 2398 607 2439 Itaque
630 2397 724 2435 nocte
748 2398 852 2439 prima
875 2410 938 2441 qua
962 2399 997 2431 in
1020 2398 1099 2431 No-

87 2442 233 2477 socomio
256 2439 380 2483 jacuit,
403 2441 531 2483 inquies
554 2439 641 2475 fuit,
665 2442 698 2472 δε
723 2440 812 2474 valde
837 2441 996 2475 incaluit.
1023 2442 1098 2475 Ma-

88 2497 127 2520 ne
150 2484 263 2520 habuit
286 2484 419 2517 melius.
447 2483 557 2517 Pulsus
580 2492 685 2517 tamen
709 2493 774 2517 erat
798 2483 945 2528 frequens
959 2511 967 2525 ,
990 2485 1097 2526 celer,

88 2528 187 2564 durus
200 2551 209 2567 ‚
234 2527 376 2561 vibratus
393 2550 405 2566 ,
428 2528 552 2560 nonita
573 2526 690 2569 digitis
707 2526 859 2568 resistens,
872 2540 929 2562 nec
938 2539 1072 2571 magnus
1086 2554 1094 2562 .

86 2574 178 2606 Hora
201 2570 311 2604 eadem
335 2569 420 2603 redit
442 2570 530 2603 calor
557 2583 567 2603 .·
600 2570 722 2604 accedit
745 2571 842 2605 dolor
878 2583 1022 2616 pungens
1053 2572 1095 2607 ad

86 2614 233 2649 infimam
256 2615 437 2657 legitimam
461 2612 581 2648 costam
603 2613 718 2648 finistri
742 2615 850 2649 lateris
877 2642 887 2657 ,
922 2617 980 2659 qui
1001 2614 1058 2648 etfi
1082 2639 1093 2655 ‚

86 2659 273 2703 tangendo,
296 2668 360 2692 non
382 2656 552 2695 cresceret,
576 2668 676 2701 neque
699 2658 734 2692 in
757 2658 792 2693 id
815 2660 899 2693 latus
924 2660 1073 2694 cubando
1081 2672 1093 2700 3

86 2702 255 2739 decubitus
279 2711 384 2735 tamen
417 2711 482 2734 erat
504 2701 712 2736 commodior
746 2704 780 2736 in
811 2703 895 2737 latus
929 2703 1099 2738 dexterum

88 2756 257 2790 propterea
290 2747 364 2789 quia
388 2744 559 2779 decubitus
596 2746 629 2778 in
653 2744 814 2780 sinistrum
849 2746 955 2781 tuffim
988 2758 1099 2781 move-

87 2791 141 2824 bat
157 2815 167 2831 ,
187 2788 276 2833 quod
298 2789 416 2832 semper
438 2790 471 2821 in
505 2789 591 2822 brevi
616 2788 680 2823 hoc
705 2789 820 2823 morbo
843 2789 1098 2826 animadversum

89 2832 150 2868 est.
175 2834 271 2866 Abiit
294 2832 423 2875 postea,
445 2844 546 2876 neque
569 2833 709 2875 amplius
743 2833 880 2868 reversus
904 2834 947 2868 est
970 2834 1064 2868 dolor
1084 2847 1099 2876 ;

88 2886 125 2911 ut
148 2876 332 2911 meliuscula
357 2887 439 2919 aegra
463 2877 650 2917 videretur,
673 2876 850 2920 praesertim
861 2889 936 2911 cum
961 2878 1096 2921 pulsus;

88 2920 144 2954 etii
170 2921 250 2953 vitia
272 2930 383 2954 caetera
406 2922 554 2954 retineret
574 2931 585 2958 3
622 2930 730 2953 tamen
755 2922 860 2955 miuus
883 2921 1031 2965 frequens
1053 2921 1099 2955 es-

89 2964 135 2998 set
159 2964 282 2998 faetus.
307 2963 366 2997 Sed
387 2973 500 3007 quarta
523 2963 574 2997 die
598 2963 669 3006 post
703 2964 877 2999 horrorem
897 2966 1062 2999 incalescit
1085 2990 1099 3007 ,

90 3007 179 3051 pejus
203 3006 300 3041 habet
318 3029 331 3047 ‚
363 3018 418 3048 per
440 3007 545 3042 tussim
568 3016 677 3041 autem
699 3031 713 3049 ,
745 3019 816 3051 quae
842 3007 920 3042 sicca
944 3008 1099 3044 haetenus

89 3050 219 3092 fuerat,
243 3061 300 3094 pus
323 3049 427 3084 reddit
449 3053 608 3085 cinereum
622 3074 635 3092 ,
658 3051 797 3086 lividum
812 3077 821 3092 ,
845 3051 1024 3095 foetidum,
1047 3056 1098 3087 in-

89 3104 260 3129 cruentum
279 3120 287 3127 .
321 3094 402 3127 Non
434 3093 492 3128 nifi
525 3095 626 3129 crena
658 3097 780 3129 cervice
815 3095 933 3139 spirare
966 3097 1093 3140 potest.

90 3138 200 3174 Pulsus
223 3138 260 3171 fit
284 3138 414 3178 minor,
438 3141 470 3172 δι
492 3137 632 3172 debilior
652 3163 664 3180 ,
698 3151 756 3182 pus
779 3150 886 3173 autem
909 3141 1094 3183 expetff’cora-

89 3192 162 3216 tum
184 3182 364 3225 nigricans.
389 3182 472 3215 Leve
494 3182 644 3216 delirium
669 3182 812 3218 accedit.
839 3184 947 3217 Febris
970 3184 1095 3227 perhos

90 3226 225 3263 ultimos
257 3225 325 3260 dies
358 3223 453 3259 serius
485 3226 631 3260 increscit
653 3252 660 3258 .
696 3229 734 3260 ln
759 3225 869 3261 medio
901 3228 996 3262 sextae
1028 3228 1095 3262 diei

89 3267 178 3313 quasi
202 3281 240 3303 ex
264 3269 430 3313 repentina
452 3266 660 3306 suffocatione
684 3281 814 3306 mortua
837 3271 879 3305 est
902 3295 911 3310 ‚
937 3281 1095 3306 autumno

88 3315 134 3348 A.
165 3322 257 3355 1705·
393 3312 598 3348 THORAX
620 3315 771 3358 utrinque
782 3314 896 3350 habuit
919 3314 1032 3349 foetidi
1046 3317 1095 3349 ci-

90 3358 173 3391 nerei
199 3356 256 3391 seri
281 3366 345 3390 non
369 3356 530 3392 multum:
554 3357 721 3400 pulmones
744 3369 851 3393 autem
874 3360 985 3393 leviter
1010 3360 1096 3393 laxe-

89 3412 151 3444 que
174 3399 212 3434 ad
235 3400 378 3444 pleuram
400 3398 592 3434 adhaerentes
611 3427 617 3435 .
640 3403 721 3436 Haec
745 3415 761 3436 a
785 3402 915 3437 sinistris
937 3415 999 3446 qua
1023 3404 1097 3446 pul-

90 3455 147 3478 mo
159 3444 332 3479 adhaeserat
349 3470 359 3484 ‚
383 3442 486 3486 aspera
509 3441 564 3477 hic
573 3445 643 3479 illic
656 3468 669 3485 ‚
692 3446 858 3489 rubrisque
874 3449 998 3490 exiguis
1009 3447 1095 3491 quasi

90 3488 268 3523 tuberculis
290 3497 358 3522 erat
380 3488 547 3532 inaequalis
567 3512 575 3517 -
612 3489 761 3524 Pulmoni
786 3490 928 3533 ejusdem
951 3491 1060 3526 lateris
1083 3504 1097 3533 ;

89 3542 165 3566 nam
185 3531 296 3566 dexter
325 3532 417 3572 sanus
439 3530 523 3566 nihil
556 3531 673 3568 habuit
695 3545 805 3568 eorum
836 3547 909 3578 quae
939 3534 1058 3570 finister
1083 3549 1094 3576 5

114 3587 153 3610 ua
176 3575 384 3619 diaphragma
406 3575 616 3619 contingebat
630 3600 643 3618 ,
663 3577 735 3612 duae
758 3577 846 3612 flavae
859 3578 1008 3613 suberant
1031 3579 1097 3614 fal-

104 3629 129 3654 ae
151 3619 399 3661 membranulae‚
421 3631 558 3664 quarum
580 3621 677 3655 altera
699 3620 784 3665 ipsi,
804 3622 902 3656 altera
925 3623 1096 3669 diaphrag-

1155 264 1237 298 mati
1261 262 1461 299 adhaerebat.
1487 267 1567 300 Erat
1590 267 1618 300 is
1641 268 1756 309 pulmo
1777 279 1843 302 non
1866 268 1986 305 ruber,
2011 269 2063 304 sed
2087 272 2163 305 livi-

1156 305 1237 353 dus,
1260 309 1293 341 δε
1318 307 1431 350 hepate
1453 308 1565 343 durior
1584 334 1591 341 .
1627 311 1739 344 Seetus
1759 323 1817 355 pus
1849 312 1937 346 intus
1959 311 2097 346 ostendit
2129 327 2163 347 e-

1154 349 1371 393 jusdemmodi
1395 354 1756 400 atque-expectoratum
1780 354 1906 392 fuerat,
1932 355 2108 397 praesertim
2128 360 2162 390 in

1154 393 1346 435 quibusdam
1368 398 1454 437 quasi
1478 397 1598 431 sinibus
1617 420 1629 436 ‚
1664 398 1719 439 qui
1744 400 1777 431 &
1809 399 1897 441 puris
1930 398 2006 432 flavi
2039 399 2165 442 aliquid

1154 436 1366 471 continebant
1382 463 1389 469 .
1416 439 1485 474 Eos
1506 439 1589 478 finus
1613 442 1722 475 tunica
1745 440 1893 483 cingebat
1917 441 2004 476 nulla
2026 441 2165 484 durior,

1154 490 1209 514 aut
1232 481 1426 523 peculiaris.-
1451 493 1551 525 neque
1576 485 1611 516 in
1635 485 1750 516 arteria
1773 484 1896 527 Aspera
1929 484 2108 531 quidquam
2131 497 2162 520 e·

1153 533 1222 557 rat.
1249 526 1288 558 In
1313 534 1389 558 vena
1412 525 1522 566 Cava,
1547 529 1580 561 &
1604 527 1788 562 Pulmonari
1812 527 1927 561 arteria
1938 531 2162 564 concretiones

1151 576 1240 600 erant
1263 568 1428 611 polyposae
1454 570 1593 603 minores
1617 582 1625 602 ε
1659 569 1763 614 major
1786 571 1822 605 in
1841 569 1962 607 finistra
1985 571 2052 607 fuit
2075 575 2163 608 auri-

1150 612 1240 644 cula.
1377 613 1416 646 In
1440 621 1549 647 ventre
1582 613 1654 649 sana
1688 615 1821 649 omnia.

1155 653 1285 691 dissecui
1300 679 1309 687 .

1202 709 1252 741 33.
1277 698 1422 733 MILES
1445 706 1538 732 aetate
1568 699 1755 737 consistente
1778 723 1788 738 ‚
1821 699 1937 737 habitu
1968 702 2126 738 mediocri
2152 726 2166 744 ‚

1153 742 1202 774 vel
1227 743 1337 784 potius
1368 741 1408 775 ad
1429 743 1641 778 macilentum
1674 745 1846 779 inclinante
1866 769 1880 786 ,
1911 757 1985 780 cum
2020 756 2166 782 mortuus

1154 783 1228 819 esset
1250 786 1283 818 in
1307 784 1515 820 Nosocomio
1539 788 1696 821 Patavino
1729 787 1787 822 sub
1810 789 1946 823 initium
1977 789 2094 824 Martii
2119 790 2162 823 A.

1157 838 1254 871 17433
1279 828 1360 863 mihi
1382 851 1392 865 ‚
1424 831 1482 872 qui
1507 840 1583 864 tunc
1607 830 1730 865 ibidem
1753 833 1907 868 nonnulla
1939 832 1978 866 de
2001 835 2051 868 Re
2075 834 2165 867 Ana-

1154 873 1276 906 tomica
1299 871 1448 908 studiosae
1467 875 1642 919 Juventuti
1667 874 1871 914 explicabam
1893 898 1902 914 ,
1937 875 2005 919 ejus
2028 877 2163 911 cadaver

1153 914 1302 950 oblatum
1326 914 1369 949 est
1392 941 1400 948 .
1434 917 1624 961 Antequam
1646 918 1848 953 diffestionis
1880 920 2015 954 initium
2041 920 2130 954 fieret
2155 945 2166 960 ,

1150 958 1303 1005 quaesivi,
1329 968 1365 993 ut
1392 959 1478 993 soleo
1495 985 1509 1002 ,
1541 960 1697 1003 quibusde
1719 974 1801 1005 aeger
1831 973 2015 1007 quereretur
2037 963 2051 997 ?
2081 965 2169 998 Cum

1159 1002 1343 1045 responsum
1367 1001 1440 1037 esset
1462 1025 1471 1040 ‚
1502 1006 1619 1047 primis
1642 1004 1754 1039 diebus
1783 1006 1822 1040 de
1845 1016 2003 1050 pungente
2037 1008 2172 1042 alterius

1158 1045 1267 1080 lateris
1289 1046 1401 1081 dolore
1423 1048 1631 1090 conquestum
1654 1048 1764 1085 fuisse,
1788 1060 1863 1084 cum
1874 1049 1963 1084 febre
2015 1051 2085 1086 ruffi
2101 1073 2111 1090 ,
2135 1053 2170 1085 &

1156 1088 1346 1124 difficultate
1374 1089 1595 1132 respirationis
1617 1091 1795 1137 conjuncto
1819 1116 1833 1133 ‚
1868 1074 2095 1129 donecffetme
2119 1093 2171 1127 so-

1156 1133 1288 1175 porosus
1313 1133 1440 1172 faetus,
1464 1136 1498 1169 δε
1520 1133 1635 1168 leviter
1656 1134 1794 1168 delirans
1816 1158 1826 1174 ,
1852 1138 2061 1172 trementibus
2083 1137 2172 1179 digi-

1159 1177 1224 1211 tis.
1250 1179 1283 1210 &
1316 1176 1381 1220 jam
1413 1176 1476 1209 fine
1513 1177 1655 1219 pulfibus
1688 1177 1800 1213 diebus
1824 1178 1891 1213 illis
1926 1181 2052 1214 ultimis
2071 1204 2085 1221 ,
2115 1180 2174 1214 de-.

1157 1219 1309 1260 cefferat3
1334 1231 1401 1254 non
1425 1220 1602 1264 dubitavi,
1624 1223 1705 1266 quin
1726 1221 1987 1267 frequentiffimae
2011 1224 2060 1257 illi
2074 1223 2173 1258 disci-

1158 1264 1310 1306 pulorum
1332 1287 1341 1302 ,
1377 1264 1628 1309 nodosumque
1649 1276 1774 1301 coronae
1796 1265 1957 1310 hepaticae-
1989 1267 2172 1301 substantiae

1157 1306 1409 1344 similitudinem
1432 1308 1465 1340 in
1490 1309 1668 1350 pulmone,
1690 1311 1917 1344 concretiones
1940 1310 2112 1354 polyposas
2135 1312 2178 1345 in¹

1155 1350 1288 1392 corde,
1322 1352 1405 1385 circa
1438 1351 1603 1389 cerebrum
1637 1355 1800 1396 turgentia
1833 1353 1904 1388 vasa
1938 1379 1948 1394 ‚
1991 1357 2023 1389 &
2056 1353 2175 1390 humo-

1156 1406 1224 1428 rem
1266 1407 1401 1438 aqueum
1447 1395 1544 1429 facile
1586 1399 1757 1432 inventum
1797 1398 1840 1431 iri
1872 1421 1885 1438 ‚
1926 1397 2132 1441 praedicerem
2164 1422 2174 1432 .

1290 1441 1325 1473 T
1347 1440 1383 1473 H
1407 1439 1442 1472 O
1466 1441 1497 1475 R
1519 1442 1550 1474 A
1573 1443 1604 1476 C
1626 1442 1657 1475 E
1696 1443 1801 1485 igitur
1844 1441 1894 1475 ibi
1927 1443 2076 1486 protinus
2095 1465 2110 1483 ‚
2141 1444 2176 1476 &

1153 1483 1274 1526 Capite
1318 1495 1396 1518 mox
1428 1491 1572 1526 aperto,
1606 1483 1757 1519 viderunt
1789 1496 1900 1519 ornnes
1923 1509 1933 1524 ,
1969 1486 2138 1528 pulmones
2163 1510 2177 1527 ‚

1154 1529 1211 1568 qui
1256 1526 1356 1563 ferme
1410 1525 1551 1571 undique
1577 1551 1591 1569 ,
1646 1538 1779 1572 excepta
1832 1530 1992 1562 anteriore
2047 1528 2130 1564 facie
2163 1550 2178 1568 ,

1154 1581 1226 1612 quae
1272 1575 1304 1605 δε
1347 1571 1488 1605 naturali
1533 1571 1771 1614 propemodum
1815 1582 1882 1606 erat
1923 1572 2037 1606 colore
2066 1597 2079 1613 ,
2134 1573 2180 1607 ads

1156 1614 1298 1655 pleuram
1322 1614 1488 1649 arctiffime
1510 1614 1717 1649 adhaerebant
1745 1642 1755 1656 ‚
1788 1626 1864 1650 cum
1885 1617 2023 1650 extracti
2046 1617 2143 1651 effent
2165 1641 2177 1658 ‚

1155 1658 1297 1692 alterum
1319 1659 1358 1692 ab
1380 1657 1483 1691 altero
1506 1668 1703 1703 magnopere
1725 1659 1905 1703 discrepare
1919 1683 1927 1693 .
1951 1663 2077 1695 Dexter
2089 1662 2177 1695 enim

1159 1700 1251 1734 valde
1275 1700 1494 1743 amplificatus
1516 1724 1530 1743 ,
1563 1705 1671 1746 gravis
1694 1713 1760 1738 erat
1782 1727 1791 1742 ,
1827 1707 1860 1738 &
1884 1703 1981 1739 durus
2004 1712 2093 1739 totus
2116 1716 2126 1745 3
2151 1704 2179 1741 st-

1158 1756 1288 1787 parvam
1312 1748 1345 1778 in
1371 1746 1498 1780 summo
1521 1748 1728 1788 portionem,
1751 1751 1785 1783 &
1809 1759 1877 1782 eam
1888 1759 1985 1792 quam
2007 1747 2103 1790 dixi,
2127 1746 2176 1783 fa-

1155 1789 1240 1834 ciem
1262 1790 1445 1832 exciperes3
1470 1791 1587 1831 aequali
1613 1801 1764 1834 praeterea
1781 1815 1794 1833 ,
1826 1794 1859 1826 δε
1882 1792 1975 1831 laevi,
1999 1801 2036 1827 ut
2059 1790 2173 1836 jecur,

1156 1831 1347 1874 superficie,
1372 1843 1407 1867 ut
1431 1845 1469 1867 ne
1492 1833 1697 1869 vasculorum
1721 1836 1855 1880 quidem
1887 1845 1953 1869 rete
1976 1836 2011 1870 in
2037 1835 2095 1870 hac
2119 1847 2176 1880 ap-

1154 1886 1300 1918 pareret,
1325 1878 1413 1912 intus
1436 1887 1543 1912 autem
1567 1881 1737 1921 compasta
1761 1880 1817 1913 illa
1840 1879 2016 1915 substantia
2037 1891 2176 1923 quaeveo-

1153 1920 1243 1953 &cum
1266 1919 1355 1962 jecur
1383 1945 1397 1962 ‚
1429 1925 1462 1955 δε
1486 1919 1656 1960 dissectum
1679 1923 1915 1967 repraesentaret
1935 1949 1943 1956 .
1978 1925 2027 1958 At
2051 1922 2180 1959 sinister·

1153 1963 1266 2006 pulmo
1301 1966 1357 1998 vix
1382 1977 1398 1998 a
1432 1966 1570 2000 naturali
1597 1968 1631 1999 in
1666 1979 1705 2002 eo
1728 1965 1895 2001 differebat
1917 1993 1927 2009 ‚
1959 1966 2050 2012 quod
2073 1967 2174 2004 se&us

1155 2007 1254 2048 paulo
1275 2006 1417 2049 durior,
1441 2011 1473 2043 ἃ»
1497 2008 1648 2052 rubi-ior,
1673 2023 1770 2056 quam
1795 2012 1893 2046 soleat
1907 2036 1917 2052 ,
1940 2023 1979 2045 ex
2002 2019 2074 2046 atro
2084 2010 2175 2045 vide-

1152 2050 1268 2085 batur.
1294 2052 1353 2086 Sed
1378 2055 1411 2086 &
1435 2053 1544 2096 pleura
1568 2065 1643 2090 cum
1669 2067 1685 2090 a
1707 2055 1837 2091 finistris
1847 2055 1980 2090 decolor
2003 2052 2102 2096 esset,
2123 2055 2178 2091 vel.

1154 2097 1264 2137 potius
1288 2095 1395 2145 albida
1417 2108 1429 2135 ς
1467 2099 1500 2131 in
1526 2106 1602 2133 toto
1624 2098 1690 2133 fere
1713 2100 1814 2134 latere
1836 2099 1971 2135 dextero
1994 2098 2177 2135 rubicunda—

1152 2149 1192 2171 ex
1216 2138 1384 2175 manifesta
1408 2141 1669 2177 inflammatione
1680 2143 1900 2187 spectabatur.
1926 2143 2075 2179 Nihilin
2094 2142 2174 2178 tho-

1155 2180 1336 2232 race-effusi
1363 2183 1536 2220 humoris.-
1559 2196 1593 2220 at
1618 2188 1826 2231 pulmonibus
1848 2189 1889 2223 ab
1911 2187 2032 2232 Aspera
2056 2188 2173 2223 arteria

1155 2225 1313 2265 absc1ffi53
1337 2239 1408 2271 quae
1433 2228 1525 2262 valde
1549 2230 1613 2264 lata
1639 2231 1718 2266 huic
1741 2235 1813 2266 viro
1846 2232 2012 2275 obtigerat
2034 2254 2047 2274 ,
2080 2232 2172 2276 glan-

1155 2268 1304 2320 dulisque
1329 2271 1581 2308 Bronchialibus
1605 2275 1752 2317 pluribus
1774 2300 1784 2315 ,
1818 2278 1851 2309 δε
1873 2275 2050 2320 majoribus
2073 2288 2171 2320 quam

1151 2311 1340 2362 consuevit,
1362 2316 1447 2349 circa
1471 2318 1683 2358 partitionem
1694 2319 1871 2360 instruffihu
1895 2331 1974 2354 mox
1996 2332 2086 2364 aquae
2100 2320 2172 2355 san-

1151 2356 1375 2406 guinolentae‚
1403 2361 1437 2393 δε
1459 2360 1617 2403 spumosae
1640 2374 1705 2396 non
1729 2363 1857 2398 modica
1871 2365 1965 2407 copia
1991 2364 2101 2400 sensim
2112 2365 2170 2399 de-

1153 2399 1251 2450 fluxit
1274 2412 1290 2433 a
1314 2401 1460 2444 dextris,
1483 2405 1611 2439 modica
1636 2406 1796 2441 afinistris
1811 2434 1818 2441 .
1843 2410 1883 2442 In
1907 2407 2088 2451 pericardio
2101 2420 2168 2444 non

1151 2443 1334 2484 pauciffima
1358 2457 1437 2488 aqua
1462 2445 1529 2481 fuit
1553 2460 1592 2482 ex
1617 2449 1702 2484 flavo
1726 2450 1875 2486 leviffime
1899 2450 2064 2486 rubescens
2082 2477 2091 2487 .
2127 2455 2168 2487 In

1150 2495 1287 2535 utroque
1310 2488 1417 2522 cordis
1440 2492 1624 2526 ventriculo
1646 2492 1726 2527 albae
1749 2495 1914 2538 polyposae
1946 2497 2168 2531 concretiones

1149 2529 1224 2580 inde
1250 2541 1306 2572 per
1322 2532 1449 2581 *Magna
1473 2535 1542 2568 vasa
1566 2536 1663 2580 longe
1685 2537 1851 2580 productae
1884 2550 1958 2574 cum
1983 2539 2165 2575 adhaerente

1149 2573 1272 2625 ubique
1295 2585 1392 2625 nigro
1416 2576 1569 2627 sanguine
1591 2605 1601 2620 ,
1638 2584 1671 2615 δε
1695 2581 1848 2623 grumoso
1869 2595 1877 2616 :
1902 2583 1982 2626 quin
2007 2584 2129 2628 aliquas
2151 2609 2165 2627 ‚

1147 2626 1319 2667 taeniarum
1342 2619 1459 2658 instar,
1483 2631 1517 2655 in
1541 2624 1651 2657 Iliacis
1676 2624 1750 2667 ipfis
1782 2624 1860 2660 vafis
1884 2626 1988 2670 postea
2023 2630 2131 2662 inveni
2155 2652 2165 2668 ,

1146 2661 1225 2712 alias
1249 2672 1378 2705 autem,
1403 2663 1580 2701 ascaridum
1604 2666 1722 2702 similes
1747 2693 1761 2710 ,
1793 2671 1828 2702 in
1851 2668 1935 2704 finus
1959 2671 2163 2715 Longitudi-

1150 2705 1232 2756 nali-s
1255 2707 1356 2741 initio
1377 2732 1384 2739 .
1422 2708 1481 2743 Sed
1504 2712 1625 2753 partite
1644 2737 1654 2752 ,
1690 2721 1726 2746 ut
1749 2712 1838 2746 soleo
1855 2736 1865 2753 ,
1895 2723 2010 2748 caetera
2032 2727 2104 2759 quae
2127 2718 2162 2750 in

1148 2758 1279 2799 capite,
1304 2753 1338 2784 δε
1362 2760 1470 2787 ventre
1493 2755 1705 2790 animadverti
1729 2766 1848 2799 praeter
1870 2766 2019 2792 naturam
2037 2782 2051 2800 ,
2083 2758 2164 2802 adji-

1149 2803 1235 2843 ciam
1253 2818 1260 2825 .
1394 2797 1554 2833 Cranium
1578 2798 1655 2834 dum
1669 2800 1824 2835 secaretur
1840 2825 1850 2841 ,
1872 2812 1938 2835 non
1962 2813 2060 2846 pauca
2072 2814 2161 2846 aquae

1149 2847 1246 2880 copia
1268 2836 1424 2873 defluxit.
1451 2842 1536 2875 Mox
1558 2853 1613 2885 per
1636 2844 1786 2878 Tenuem
1808 2846 1991 2888 meningem
2014 2845 2083 2880 vasa
2095 2846 2163 2889 ple-

1150 2892 1247 2923 raque
1269 2882 1491 2925 conspeximus
1515 2884 1665 2929 sanguine
1689 2887 1818 2929 turgida
1832 2911 1841 2926 ‚
1866 2900 1905 2922 ex
1924 2889 2093 2924 medullari
2105 2901 2161 2924 au-

1149 2933 1216 2958 tem
1237 2925 1357 2958 cerebri
1382 2926 1552 2962 substantia
1574 2929 1682 2972 paffim
1707 2932 1792 2964 inter
1816 2931 1985 2968 secandum
1996 2933 2158 2977 sanguinis

1149 2968 1294 3011 guttulas
1313 2969 1521 3019 ‘creberrimas
1545 2974 1709 3016 minores,
1733 2973 1932 3020 majoresque
1955 2977 2121 3012 existentes
2144 3001 2157 3020 ,

1149 3015 1185 3045 in
1218 3014 1405 3047 ventriculis
1436 3025 1543 3049 autem
1577 3018 1782 3054 Lateralibus
1824 3031 1938 3063 aquam
1983 3022 2122 3056 multam
2145 3046 2156 3064 ,

1149 3067 1280 3106 eamque
1305 3057 1505 3093 turbidulam
1520 3084 1532 3100 ‚
1552 3060 1779 3098 Choroidibus
1803 3062 1952 3105 plexibus
1973 3076 2037 3099 non
2061 3065 2156 3107 palli-

1148 3099 1198 3134 dis
1222 3098 1375 3143 quidem,
1399 3101 1448 3149 sed
1471 3114 1528 3137 nec
1550 3102 1614 3140 fine
1637 3105 1781 3141 veficulis
1794 3107 1944 3149 plurimis
1959 3131 1972 3149 ,
1997 3113 2029 3143 &
2053 3110 2087 3142 in
2098 3108 2153 3145 his

1145 3143 1339 3187 quibusdam
1362 3143 1569 3187 majusculis,
1593 3160 1680 3193 aquae
1705 3151 1808 3194 plenis
1831 3175 1839 3182 .
1865 3152 1972 3185 Laxus
1995 3153 2117 3186 Fornix
2141 3164 2150 3184 .-

1146 3188 1217 3221 laxa
1245 3186 1379 3222 medulla
1404 3189 1612 3235 Oblongata.
1748 3196 1872 3230 Ventre
1895 3204 2007 3237 aperto
2026 3219 2039 3236 ,
2061 3198 2095 3229 δι’
2116 3207 2155 3229 o-

1147 3241 1257 3265 mento
1277 3255 1290 3272 ,
1312 3232 1399 3274 quod
1422 3244 1496 3268 cum
1520 3237 1621 3270 initio
1642 3246 1847 3272 concreverat
1871 3238 2014 3272 intestini
2035 3239 2115 3273 Coli
2138 3262 2151 3279 ‚

1145 3274 1221 3309 inde
1243 3275 1352 3323 soluto
1363 3299 1376 3316 ,
1400 3279 1431 3310 &
1456 3277 1494 3312 ad
1517 3279 1681 3324 superiora
1703 3282 1865 3322 retracto,
1890 3281 2040 3316 insolitus
2052 3292 2152 3325 appa-

1146 3321 1213 3353 ruit
1244 3330 1310 3362 ejus
1334 3320 1475 3354 intestini
1509 3324 1630 3367 pofitus
1659 3351 1667 3366 ,
1706 3336 1807 3370 eoque
1830 3324 1885 3358 hic
1908 3335 1973 3359 non
1996 3326 2152 3359 omitten-

1145 3362 1204 3396 dus
1226 3388 1236 3413 ·.
1258 3363 1357 3413 'Nam
1390 3365 1445 3399 vix
1466 3365 1554 3408 jecur
1586 3370 1737 3411 attigerat
1759 3392 1771 3410 ,
1801 3379 1876 3402 cum
1898 3368 1974 3404 inde
2004 3370 2035 3403 se
2066 3367 2152 3402 infra

1149 3406 1367 3440 umbilicalem
1391 3410 1556 3451 regionem
1578 3411 1770 3446 demittebat
1788 3434 1802 3452 ,
1824 3411 1908 3446 unde
1929 3413 2059 3455 oblique
2084 3412 2152 3447 sur-

1147 3449 1276 3498 sum-in
1298 3448 1457 3487 finistrum
1481 3452 1770 3497 hypochondrium
1793 3453 1975 3492 ferebatur.
1998 3457 2080 3490 Haec
2097 3464 2151 3489 to-

1146 3503 1180 3527 ta
1203 3505 1270 3537 ejus
1295 3506 1363 3538 pars
1386 3495 1580 3537 dumtaxat,
1604 3508 1671 3533 erat
1695 3511 1785 3542 aere,
1808 3510 1864 3533 nec
1875 3510 2011 3543 parum,
2031 3499 2150 3534 dilata-

1148 3548 1199 3571 ta.
1224 3538 1336 3581 Hepar
1358 3538 1519 3584 denique,
1540 3543 1631 3584 lien,
1653 3553 1800 3585 pancreas
1822 3553 1888 3577 non
1912 3542 2082 3579 secundum
2091 3554 2150 3577 na-

1146 3590 1255 3616 turam
1276 3583 1305 3615 se
1329 3581 1486 3618 habebant
1505 3610 1513 3617 .
1546 3587 1622 3620 Hoc
1646 3589 1732 3620 enirn
1756 3585 1931 3622 subdurum
1949 3596 2017 3622 erat
2039 3601 2050 3621 .-
2084 3587 2151 3621 lien

1146 3635 1253 3661 autem
1276 3637 1368 3669 aequo
1391 3638 1456 3662 non
1466 3629 1565 3673 paulo
1588 3629 1712 3673 major,
1736 3634 1947 3675 &propterea
1969 3630 2152 3711 hugiilior:

2040 3685 2113 3718 epar

1952 615 2000 648 Ca
2006 626 2063 660 put
2097 627 2162 652 non

99 3757 1772 3777 mm

151 3814 167 3843 (
182 3822 194 3840 θ
207 3815 222 3846 )
237 3818 383 3848 sepulchra.
400 3820 424 3845 S.
443 3828 467 3848 ⁴·
483 3818 526 3845 eit.
542 3817 602 3846 ΟΜ.
619 3822 665 3845 ult.
