<?xml version="1.0" encoding="UTF-8"?>
<!DOCTYPE html PUBLIC "-//W3C//DTD XHTML 1.0 Transitional//EN"
    "http://www.w3.org/TR/xhtml1/DTD/xhtml1-transitional.dtd">
<html xmlns="http://www.w3.org/1999/xhtml" xml:lang="en" lang="en">
 <head>
  <title>
</title>
<meta http-equiv="Content-Type" content="text/html;charset=utf-8" />
  <meta name='ocr-system' content='tesseract 3.04.00' />
  <meta name='ocr-capabilities' content='ocr_page ocr_carea ocr_par ocr_line ocrx_word'/>
</head>
<body>
  <div class='ocr_page' id='page_1' title='image "./desedibusetcausi00morg_0270.png"; bbox 0 0 2498 4075; ppageno 0'>
   <div class='ocr_carea' id='block_1_1' title="bbox 360 132 1358 238">
    <p class='ocr_par' dir='ltr' id='par_1_1' title="bbox 360 132 1358 238">
     <span class='ocr_line' id='line_1_1' title="bbox 430 132 522 180; baseline 0.033 -13"><span class='ocrx_word' id='word_1_1' title='bbox 430 132 522 180; x_wconf 79' lang='lat'>172</span> 
     </span>
     <span class='ocr_line' id='line_1_2' title="bbox 360 193 1358 238; baseline -0.006 -7"><span class='ocrx_word' id='word_1_2' title='bbox 360 194 494 238; x_wconf 76' lang='lat' dir='ltr'>suisset,</span> <span class='ocrx_word' id='word_1_3' title='bbox 516 205 552 230; x_wconf 89' lang='lat' dir='ltr'>ut</span> <span class='ocrx_word' id='word_1_4' title='bbox 577 195 614 229; x_wconf 85' lang='lat' dir='ltr'>ab</span> <span class='ocrx_word' id='word_1_5' title='bbox 634 196 841 229; x_wconf 82' lang='lat' dir='ltr'>Anatotnicis</span> <span class='ocrx_word' id='word_1_6' title='bbox 874 193 1035 232; x_wconf 85' lang='lat' dir='ltr'>interdum</span> <span class='ocrx_word' id='word_1_7' title='bbox 1068 193 1148 231; x_wconf 87' lang='lat' dir='ltr'>solet</span> <span class='ocrx_word' id='word_1_8' title='bbox 1172 218 1183 236; x_wconf 92' lang='lat'>‚</span> <span class='ocrx_word' id='word_1_9' title='bbox 1211 194 1246 229; x_wconf 82' lang='lat' dir='ltr'>jn</span> <span class='ocrx_word' id='word_1_10' title='bbox 1279 203 1358 236; x_wconf 77' lang='lat' dir='ltr'>,aqua</span> 
     </span>
    </p>
   </div>
   <div class='ocr_carea' id='block_1_2' title="bbox 358 250 1362 369">
    <p class='ocr_par' dir='ltr' id='par_1_2' title="bbox 358 250 1362 369">
     <span class='ocr_line' id='line_1_3' title="bbox 358 250 1359 326; baseline -0.003 -11"><span class='ocrx_word' id='word_1_11' title='bbox 358 250 678 326; x_wconf 36' lang='lat' dir='ltr'>migrata-storiam</span> <span class='ocrx_word' id='word_1_12' title='bbox 703 306 715 323; x_wconf 90' lang='lat'>,</span> <span class='ocrx_word' id='word_1_13' title='bbox 747 284 780 315; x_wconf 90' lang='lat' dir='ltr'>in</span> <span class='ocrx_word' id='word_1_14' title='bbox 813 283 923 316; x_wconf 84' lang='lat' dir='ltr'>multis</span> <span class='ocrx_word' id='word_1_15' title='bbox 957 280 1034 314; x_wconf 81' lang='lat' dir='ltr'>huic</span> <span class='ocrx_word' id='word_1_16' title='bbox 1066 279 1199 313; x_wconf 77' lang='lat' dir='ltr'>similem</span> <span class='ocrx_word' id='word_1_17' title='bbox 1222 303 1234 320; x_wconf 85' lang='lat'><em>‚</em></span> <span class='ocrx_word' id='word_1_18' title='bbox 1274 277 1359 321; x_wconf 79' lang='lat' dir='ltr'>apud</span> 
     </span>
     <span class='ocr_line' id='line_1_4' title="bbox 359 323 1362 369; baseline -0.002 -10"><span class='ocrx_word' id='word_1_19' title='bbox 359 326 582 369; x_wconf 84' lang='lat' dir='ltr'>Malpighium</span> <span class='ocrx_word' id='word_1_20' title='bbox 606 329 620 364; x_wconf 84' lang='lat'>(</span> <span class='ocrx_word' id='word_1_21' title='bbox 643 337 663 359; x_wconf 83' lang='lat' dir='ltr'>x</span> <span class='ocrx_word' id='word_1_22' title='bbox 684 329 697 365; x_wconf 89' lang='lat'><em>)</em></span> <span class='ocrx_word' id='word_1_23' title='bbox 724 326 831 368; x_wconf 84' lang='lat' dir='ltr'>leges,</span> <span class='ocrx_word' id='word_1_24' title='bbox 854 326 912 360; x_wconf 81' lang='lat' dir='ltr'>five</span> <span class='ocrx_word' id='word_1_25' title='bbox 939 324 1044 367; x_wconf 86' lang='lat' dir='ltr'>pulsus</span> <span class='ocrx_word' id='word_1_26' title='bbox 1067 323 1281 358; x_wconf 84' lang='lat' dir='ltr'>vibrationem</span> <span class='ocrx_word' id='word_1_27' title='bbox 1315 331 1362 357; x_wconf 84' lang='lat' dir='ltr'>at-</span> 
     </span>
    </p>
   </div>
   <div class='ocr_carea' id='block_1_3' title="bbox 358 365 1398 411">
    <p class='ocr_par' dir='ltr' id='par_1_3' title="bbox 358 365 1398 411">
     <span class='ocr_line' id='line_1_5' title="bbox 358 365 1398 411; baseline -0.005 -10"><span class='ocrx_word' id='word_1_28' title='bbox 358 370 491 411; x_wconf 79' lang='lat' dir='ltr'>tendas,</span> <span class='ocrx_word' id='word_1_29' title='bbox 512 369 576 405; x_wconf 81' lang='lat' dir='ltr'>sive</span> <span class='ocrx_word' id='word_1_30' title='bbox 598 369 726 410; x_wconf 82' lang='lat' dir='ltr'>copiam</span> <span class='ocrx_word' id='word_1_31' title='bbox 753 380 839 411; x_wconf 74' lang='lat' dir='ltr'>aquce</span> <span class='ocrx_word' id='word_1_32' title='bbox 863 371 895 402; x_wconf 88' lang='lat' dir='ltr'>in</span> <span class='ocrx_word' id='word_1_33' title='bbox 920 367 1119 410; x_wconf 83' lang='lat' dir='ltr'>pericardio,</span> <span class='ocrx_word' id='word_1_34' title='bbox 1141 366 1202 400; x_wconf 86' lang='lat' dir='ltr'>sive</span> <span class='ocrx_word' id='word_1_35' title='bbox 1226 365 1362 398; x_wconf 80' lang='lat' dir='ltr'>thalami</span> <span class='ocrx_word' id='word_1_36' title='bbox 1385 385 1398 403; x_wconf 44' lang='grc' dir='ltr'>,ρ</span> 
     </span>
    </p>
   </div>
   <div class='ocr_carea' id='block_1_4' title="bbox 333 410 1369 3542">
    <p class='ocr_par' dir='ltr' id='par_1_4' title="bbox 333 410 1369 3542">
     <span class='ocr_line' id='line_1_6' title="bbox 360 410 1361 455; baseline -0.005 -10"><span class='ocrx_word' id='word_1_37' title='bbox 360 412 467 445; x_wconf 87' lang='lat' dir='ltr'>cordis</span> <span class='ocrx_word' id='word_1_38' title='bbox 491 413 666 455; x_wconf 72' lang='lat' dir='ltr'>praecipui,</span> <span class='ocrx_word' id='word_1_39' title='bbox 690 414 887 455; x_wconf 76' lang='lat' dir='ltr'>Magnaequae</span> <span class='ocrx_word' id='word_1_40' title='bbox 910 413 1029 449; x_wconf 79' lang='lat' dir='ltr'>arteriae</span> <span class='ocrx_word' id='word_1_41' title='bbox 1051 410 1276 444; x_wconf 80' lang='lat' dir='ltr'>dilatationem</span> <span class='ocrx_word' id='word_1_42' title='bbox 1295 432 1306 448; x_wconf 83' lang='lat'><em>‚</em></span> <span class='ocrx_word' id='word_1_43' title='bbox 1331 411 1361 440; x_wconf 68' lang='lat'>8&lt;</span> 
     </span>
     <span class='ocr_line' id='line_1_7' title="bbox 357 451 1363 501; baseline -0.005 -14"><span class='ocrx_word' id='word_1_44' title='bbox 357 454 434 493; x_wconf 83' lang='lat' dir='ltr'>huic</span> <span class='ocrx_word' id='word_1_45' title='bbox 456 457 547 489; x_wconf 89' lang='lat' dir='ltr'>intus</span> <span class='ocrx_word' id='word_1_46' title='bbox 572 455 700 490; x_wconf 85' lang='lat' dir='ltr'>adnatas</span> <span class='ocrx_word' id='word_1_47' title='bbox 724 455 818 489; x_wconf 71' lang='lat' dir='ltr'>osseas</span> <span class='ocrx_word' id='word_1_48' title='bbox 845 455 985 498; x_wconf 81' lang='lat' dir='ltr'>squamas</span> <span class='ocrx_word' id='word_1_49' title='bbox 1011 479 1017 485; x_wconf 92' lang='lat'><em>.</em></span> <span class='ocrx_word' id='word_1_50' title='bbox 1053 455 1136 490; x_wconf 73' lang='lat' dir='ltr'>Quae</span> <span class='ocrx_word' id='word_1_51' title='bbox 1159 455 1224 487; x_wconf 81' lang='lat' dir='ltr'>tria</span> <span class='ocrx_word' id='word_1_52' title='bbox 1248 451 1363 501; x_wconf 71' lang='lat' dir='ltr'>polire-</span> 
     </span>
     <span class='ocr_line' id='line_1_8' title="bbox 358 495 1365 541; baseline -0.003 -11"><span class='ocrx_word' id='word_1_53' title='bbox 358 500 465 531; x_wconf 88' lang='lat' dir='ltr'>main</span> <span class='ocrx_word' id='word_1_54' title='bbox 489 498 609 537; x_wconf 82' lang='lat' dir='ltr'>duabus</span> <span class='ocrx_word' id='word_1_55' title='bbox 644 510 772 541; x_wconf 81' lang='lat' dir='ltr'>quoque</span> <span class='ocrx_word' id='word_1_56' title='bbox 803 497 1041 541; x_wconf 77' lang='lat' dir='ltr'>insequentibus</span> <span class='ocrx_word' id='word_1_57' title='bbox 1079 495 1365 530; x_wconf 75' lang='lat' dir='ltr'>Observationilms</span> 
     </span>
     <span class='ocr_line' id='line_1_9' title="bbox 356 536 1364 587; baseline -0.002 -14"><span class='ocrx_word' id='word_1_58' title='bbox 356 541 566 576; x_wconf 81' lang='lat' dir='ltr'>animadversa</span> <span class='ocrx_word' id='word_1_59' title='bbox 590 554 605 574; x_wconf 87' lang='lat' dir='ltr'>a</span> <span class='ocrx_word' id='word_1_60' title='bbox 630 543 722 575; x_wconf 88' lang='lat' dir='ltr'>nobis</span> <span class='ocrx_word' id='word_1_61' title='bbox 748 543 896 583; x_wconf 76' lang='lat' dir='ltr'>reperies.</span> <span class='ocrx_word' id='word_1_62' title='bbox 923 541 1012 581; x_wconf 82' lang='lat' dir='ltr'>Qas</span> <span class='ocrx_word' id='word_1_63' title='bbox 1036 549 1204 583; x_wconf 77' lang='lat' dir='ltr'>antequam</span> <span class='ocrx_word' id='word_1_64' title='bbox 1227 536 1364 587; x_wconf 77' lang='lat' dir='ltr'>proseri-</span> 
     </span>
     <span class='ocr_line' id='line_1_10' title="bbox 356 582 1360 630; baseline -0.004 -12"><span class='ocrx_word' id='word_1_65' title='bbox 356 596 445 624; x_wconf 89' lang='lat' dir='ltr'>mus,</span> <span class='ocrx_word' id='word_1_66' title='bbox 471 588 502 618; x_wconf 65' lang='grc' dir='ltr'>δε</span> <span class='ocrx_word' id='word_1_67' title='bbox 526 584 624 625; x_wconf 75' lang='lat' dir='ltr'>ipsae,</span> <span class='ocrx_word' id='word_1_68' title='bbox 649 588 681 619; x_wconf 64' lang='grc' dir='ltr'>ὃ(</span> <span class='ocrx_word' id='word_1_69' title='bbox 704 585 773 618; x_wconf 80' lang='lat' dir='ltr'>duae</span> <span class='ocrx_word' id='word_1_70' title='bbox 808 586 926 627; x_wconf 88' lang='lat' dir='ltr'>pariter</span> <span class='ocrx_word' id='word_1_71' title='bbox 956 596 1025 626; x_wconf 82' lang='lat' dir='ltr'>quae</span> <span class='ocrx_word' id='word_1_72' title='bbox 1059 584 1203 625; x_wconf 75' lang='lat' dir='ltr'>proxime</span> <span class='ocrx_word' id='word_1_73' title='bbox 1237 582 1360 630; x_wconf 64' lang='lat' dir='ltr'>scriptae</span> 
     </span>
     <span class='ocr_line' id='line_1_11' title="bbox 353 625 1361 670; baseline -0.005 -9"><span class='ocrx_word' id='word_1_74' title='bbox 353 627 426 665; x_wconf 85' lang='lat' dir='ltr'>sunt</span> <span class='ocrx_word' id='word_1_75' title='bbox 449 627 644 661; x_wconf 68' lang='lat' dir='ltr'>occasionem</span> <span class='ocrx_word' id='word_1_76' title='bbox 670 629 807 670; x_wconf 65' lang='lat' dir='ltr'>preebent</span> <span class='ocrx_word' id='word_1_77' title='bbox 820 627 1035 670; x_wconf 77' lang='lat' dir='ltr'>interjiciencli</span> <span class='ocrx_word' id='word_1_78' title='bbox 1048 627 1168 668; x_wconf 86' lang='lat' dir='ltr'>aliquid</span> <span class='ocrx_word' id='word_1_79' title='bbox 1181 625 1218 658; x_wconf 90' lang='lat' dir='ltr'>de</span> <span class='ocrx_word' id='word_1_80' title='bbox 1232 625 1361 666; x_wconf 81' lang='lat' dir='ltr'>opinio-</span> 
     </span>
     <span class='ocr_line' id='line_1_12' title="bbox 354 667 1360 713; baseline -0.003 -9"><span class='ocrx_word' id='word_1_81' title='bbox 354 682 393 704; x_wconf 87' lang='lat' dir='ltr'>ne</span> <span class='ocrx_word' id='word_1_82' title='bbox 416 672 486 704; x_wconf 91' lang='lat' dir='ltr'>Cel.</span> <span class='ocrx_word' id='word_1_83' title='bbox 513 672 589 705; x_wconf 89' lang='lat' dir='ltr'>Viri</span> <span class='ocrx_word' id='word_1_84' title='bbox 615 670 704 713; x_wconf 88' lang='lat' dir='ltr'>super</span> <span class='ocrx_word' id='word_1_85' title='bbox 726 671 982 713; x_wconf 73' lang='lat' dir='ltr'>aneurysmatum</span> <span class='ocrx_word' id='word_1_86' title='bbox 1005 669 1093 703; x_wconf 79' lang='lat' dir='ltr'>causa</span> <span class='ocrx_word' id='word_1_87' title='bbox 1109 693 1119 708; x_wconf 90' lang='lat'><em>‚</em></span> <span class='ocrx_word' id='word_1_88' title='bbox 1144 672 1176 702; x_wconf 68' lang='grc' dir='ltr'>ἃς</span> <span class='ocrx_word' id='word_1_89' title='bbox 1209 667 1360 702; x_wconf 82' lang='lat' dir='ltr'>offearum</span> 
     </span>
     <span class='ocr_line' id='line_1_13' title="bbox 353 711 1365 756; baseline -0.002 -10"><span class='ocrx_word' id='word_1_90' title='bbox 353 716 387 750; x_wconf 87' lang='lat' dir='ltr'>in</span> <span class='ocrx_word' id='word_1_91' title='bbox 411 713 460 747; x_wconf 89' lang='lat' dir='ltr'>his</span> <span class='ocrx_word' id='word_1_92' title='bbox 483 714 697 748; x_wconf 61' lang='lat' dir='ltr'>brastearum.</span> <span class='ocrx_word' id='word_1_93' title='bbox 725 716 819 748; x_wconf 87' lang='lat' dir='ltr'>Hanc</span> <span class='ocrx_word' id='word_1_94' title='bbox 843 713 899 747; x_wconf 78' lang='lat' dir='ltr'>esse</span> <span class='ocrx_word' id='word_1_95' title='bbox 923 712 1005 756; x_wconf 82' lang='lat' dir='ltr'>posse</span> <span class='ocrx_word' id='word_1_96' title='bbox 1029 712 1184 747; x_wconf 84' lang='lat' dir='ltr'>existimat</span> <span class='ocrx_word' id='word_1_97' title='bbox 1209 712 1242 745; x_wconf 88' lang='lat' dir='ltr'>in</span> <span class='ocrx_word' id='word_1_98' title='bbox 1255 711 1365 744; x_wconf 78' lang='lat' dir='ltr'>offium</span> 
     </span>
     <span class='ocr_line' id='line_1_14' title="bbox 353 755 1365 798; baseline -0.002 -8"><span class='ocrx_word' id='word_1_99' title='bbox 353 759 458 796; x_wconf 81' lang='lat' dir='ltr'>carie3</span> <span class='ocrx_word' id='word_1_100' title='bbox 483 758 531 791; x_wconf 82' lang='lat' dir='ltr'>sed</span> <span class='ocrx_word' id='word_1_101' title='bbox 556 758 649 798; x_wconf 79' lang='lat' dir='ltr'>longe</span> <span class='ocrx_word' id='word_1_102' title='bbox 671 759 731 790; x_wconf 84' lang='lat' dir='ltr'>alia</span> <span class='ocrx_word' id='word_1_103' title='bbox 755 759 881 791; x_wconf 86' lang='lat' dir='ltr'>ratione</span> <span class='ocrx_word' id='word_1_104' title='bbox 906 768 939 789; x_wconf 89' lang='lat' dir='ltr'>ac</span> <span class='ocrx_word' id='word_1_105' title='bbox 966 756 1062 798; x_wconf 83' lang='lat' dir='ltr'>paulo</span> <span class='ocrx_word' id='word_1_106' title='bbox 1086 765 1157 788; x_wconf 88' lang='lat' dir='ltr'>ante</span> <span class='ocrx_word' id='word_1_107' title='bbox 1172 755 1365 798; x_wconf 75' lang='lat' dir='ltr'>explicatum</span> 
     </span>
     <span class='ocr_line' id='line_1_15' title="bbox 354 798 1365 842; baseline -0.002 -10"><span class='ocrx_word' id='word_1_108' title='bbox 354 800 396 834; x_wconf 84' lang='lat' dir='ltr'>est</span> <span class='ocrx_word' id='word_1_109' title='bbox 419 804 506 842; x_wconf 68' lang='lat' dir='ltr'>(y).</span> <span class='ocrx_word' id='word_1_110' title='bbox 534 801 662 833; x_wconf 79' lang='lat' dir='ltr'>Scilicet</span> <span class='ocrx_word' id='word_1_111' title='bbox 685 812 758 835; x_wconf 84' lang='lat' dir='ltr'>cum</span> <span class='ocrx_word' id='word_1_112' title='bbox 785 801 889 842; x_wconf 90' lang='lat' dir='ltr'>plures</span> <span class='ocrx_word' id='word_1_113' title='bbox 913 801 1036 832; x_wconf 84' lang='lat' dir='ltr'>arteriae</span> <span class='ocrx_word' id='word_1_114' title='bbox 1061 798 1121 832; x_wconf 81' lang='lat' dir='ltr'>fint</span> <span class='ocrx_word' id='word_1_115' title='bbox 1136 799 1273 838; x_wconf 76' lang='lat' dir='ltr'>ollibus,</span> <span class='ocrx_word' id='word_1_116' title='bbox 1296 808 1365 831; x_wconf 84' lang='lat' dir='ltr'>tan-</span> 
     </span>
     <span class='ocr_line' id='line_1_16' title="bbox 350 842 1366 884; baseline -0.001 -8"><span class='ocrx_word' id='word_1_117' title='bbox 350 855 447 884; x_wconf 82' lang='lat' dir='ltr'>quun</span> <span class='ocrx_word' id='word_1_118' title='bbox 473 842 606 880; x_wconf 85' lang='lat' dir='ltr'>fulcris,</span> <span class='ocrx_word' id='word_1_119' title='bbox 631 854 813 884; x_wconf 77' lang='lat' dir='ltr'>contiguae3</span> <span class='ocrx_word' id='word_1_120' title='bbox 838 843 859 876; x_wconf 84' lang='lat' dir='ltr'>fi</span> <span class='ocrx_word' id='word_1_121' title='bbox 884 843 968 877; x_wconf 88' lang='lat' dir='ltr'>forte</span> <span class='ocrx_word' id='word_1_122' title='bbox 990 844 1087 875; x_wconf 84' lang='lat' dir='ltr'>caries</span> <span class='ocrx_word' id='word_1_123' title='bbox 1111 854 1145 875; x_wconf 95' lang='lat' dir='ltr'>os</span> <span class='ocrx_word' id='word_1_124' title='bbox 1159 842 1366 881; x_wconf 67' lang='lat' dir='ltr'>excavet2ibi</span> 
     </span>
     <span class='ocr_line' id='line_1_17' title="bbox 353 884 1364 929; baseline 0.001 -10"><span class='ocrx_word' id='word_1_125' title='bbox 353 886 517 921; x_wconf 77' lang='lat' dir='ltr'>deficiente</span> <span class='ocrx_word' id='word_1_126' title='bbox 541 885 637 919; x_wconf 84' lang='lat' dir='ltr'>fulcri</span> <span class='ocrx_word' id='word_1_127' title='bbox 664 885 854 925; x_wconf 82' lang='lat' dir='ltr'>resistentia,</span> <span class='ocrx_word' id='word_1_128' title='bbox 880 898 1012 929; x_wconf 86' lang='lat' dir='ltr'>pronam</span> <span class='ocrx_word' id='word_1_129' title='bbox 1038 887 1186 919; x_wconf 79' lang='lat' dir='ltr'>arteriam</span> <span class='ocrx_word' id='word_1_130' title='bbox 1222 884 1290 919; x_wconf 85' lang='lat' dir='ltr'>fieri</span> <span class='ocrx_word' id='word_1_131' title='bbox 1325 884 1364 920; x_wconf 83' lang='lat' dir='ltr'>ad</span> 
     </span>
     <span class='ocr_line' id='line_1_18' title="bbox 351 928 1360 973; baseline -0.002 -10"><span class='ocrx_word' id='word_1_132' title='bbox 351 931 576 963; x_wconf 72' lang='lat' dir='ltr'>dilatationem</span> <span class='ocrx_word' id='word_1_133' title='bbox 593 956 600 969; x_wconf 86' lang='lat'><strong>‚</strong></span> <span class='ocrx_word' id='word_1_134' title='bbox 626 929 664 963; x_wconf 88' lang='lat' dir='ltr'>ad</span> <span class='ocrx_word' id='word_1_135' title='bbox 687 930 1004 973; x_wconf 77' lang='lat' dir='ltr'>conglutinationem</span> <span class='ocrx_word' id='word_1_136' title='bbox 1027 941 1101 963; x_wconf 88' lang='lat' dir='ltr'>cum</span> <span class='ocrx_word' id='word_1_137' title='bbox 1125 928 1187 964; x_wconf 83' lang='lat' dir='ltr'>offe</span> <span class='ocrx_word' id='word_1_138' title='bbox 1211 929 1360 965; x_wconf 74' lang='lat' dir='ltr'>carioso,</span> 
     </span>
     <span class='ocr_line' id='line_1_19' title="bbox 350 971 1358 1011; baseline 0 -6"><span class='ocrx_word' id='word_1_139' title='bbox 350 976 381 1009; x_wconf 59' lang='lat' dir='ltr'>F&amp;</span> <span class='ocrx_word' id='word_1_140' title='bbox 407 973 449 1005; x_wconf 89' lang='lat' dir='ltr'>ob</span> <span class='ocrx_word' id='word_1_141' title='bbox 474 971 684 1008; x_wconf 60' lang='lat' dir='ltr'>distillantem</span> <span class='ocrx_word' id='word_1_142' title='bbox 709 974 749 1007; x_wconf 86' lang='lat' dir='ltr'>ab</span> <span class='ocrx_word' id='word_1_143' title='bbox 774 974 836 1007; x_wconf 90' lang='lat' dir='ltr'>hoc</span> <span class='ocrx_word' id='word_1_144' title='bbox 863 974 990 1007; x_wconf 89' lang='lat' dir='ltr'>succum</span> <span class='ocrx_word' id='word_1_145' title='bbox 1012 972 1131 1007; x_wconf 80' lang='lat' dir='ltr'>osseum</span> <span class='ocrx_word' id='word_1_146' title='bbox 1154 996 1162 1011; x_wconf 84' lang='lat'>‚</span> <span class='ocrx_word' id='word_1_147' title='bbox 1188 974 1284 1006; x_wconf 82' lang='lat' dir='ltr'>ctiam</span> <span class='ocrx_word' id='word_1_148' title='bbox 1320 972 1358 1005; x_wconf 83' lang='lat' dir='ltr'>ad</span> 
     </span>
     <span class='ocr_line' id='line_1_20' title="bbox 349 1015 1357 1061; baseline 0 -12"><span class='ocrx_word' id='word_1_149' title='bbox 349 1016 503 1050; x_wconf 78' lang='lat' dir='ltr'>olsearurn</span> <span class='ocrx_word' id='word_1_150' title='bbox 527 1017 759 1055; x_wconf 60' lang='lat' dir='ltr'>brasteolarum</span> <span class='ocrx_word' id='word_1_151' title='bbox 783 1017 1045 1061; x_wconf 56' lang='lat' dir='ltr'>prodiistionem-</span> <span class='ocrx_word' id='word_1_152' title='bbox 1072 1017 1237 1050; x_wconf 78' lang='lat' dir='ltr'>Credibile</span> <span class='ocrx_word' id='word_1_153' title='bbox 1260 1015 1357 1054; x_wconf 78' lang='lat' dir='ltr'>est‚li</span> 
     </span>
     <span class='ocr_line' id='line_1_21' title="bbox 349 1059 1357 1105; baseline -0.002 -11"><span class='ocrx_word' id='word_1_154' title='bbox 349 1059 427 1094; x_wconf 90' lang='lat' dir='ltr'>huic</span> <span class='ocrx_word' id='word_1_155' title='bbox 451 1061 607 1102; x_wconf 89' lang='lat' dir='ltr'>Scriptori</span> <span class='ocrx_word' id='word_1_156' title='bbox 631 1059 665 1095; x_wconf 88' lang='lat' dir='ltr'>id</span> <span class='ocrx_word' id='word_1_157' title='bbox 689 1060 773 1094; x_wconf 87' lang='lat' dir='ltr'>forte</span> <span class='ocrx_word' id='word_1_158' title='bbox 796 1059 954 1096; x_wconf 78' lang='lat' dir='ltr'>accidisset</span> <span class='ocrx_word' id='word_1_159' title='bbox 977 1059 1064 1105; x_wconf 86' lang='lat' dir='ltr'>quod</span> <span class='ocrx_word' id='word_1_160' title='bbox 1090 1061 1199 1093; x_wconf 79' lang='lat' dir='ltr'>Praecl.</span> <span class='ocrx_word' id='word_1_161' title='bbox 1215 1062 1357 1102; x_wconf 84' lang='lat' dir='ltr'>Targio-</span> 
     </span>
     <span class='ocr_line' id='line_1_22' title="bbox 349 1102 1356 1147; baseline -0.001 -10"><span class='ocrx_word' id='word_1_162' title='bbox 349 1105 406 1137; x_wconf 91' lang='lat' dir='ltr'>nio</span> <span class='ocrx_word' id='word_1_163' title='bbox 429 1107 443 1143; x_wconf 88' lang='lat'>(</span> <span class='ocrx_word' id='word_1_164' title='bbox 466 1116 490 1147; x_wconf 59' lang='lat' dir='ltr'><em>z</em></span> <span class='ocrx_word' id='word_1_165' title='bbox 513 1108 545 1144; x_wconf 79' lang='lat'>).</span> <span class='ocrx_word' id='word_1_166' title='bbox 568 1114 603 1138; x_wconf 89' lang='lat' dir='ltr'>ut</span> <span class='ocrx_word' id='word_1_167' title='bbox 629 1116 776 1147; x_wconf 87' lang='lat' dir='ltr'>magnam</span> <span class='ocrx_word' id='word_1_168' title='bbox 809 1103 933 1138; x_wconf 87' lang='lat' dir='ltr'>foveam</span> <span class='ocrx_word' id='word_1_169' title='bbox 965 1106 998 1137; x_wconf 89' lang='lat' dir='ltr'>iu</span> <span class='ocrx_word' id='word_1_170' title='bbox 1032 1102 1173 1137; x_wconf 83' lang='lat' dir='ltr'>thoracis</span> <span class='ocrx_word' id='word_1_171' title='bbox 1193 1105 1356 1144; x_wconf 23' lang='lat' dir='ltr'>*vertebris</span> 
     </span>
     <span class='ocr_line' id='line_1_23' title="bbox 347 1146 1357 1191; baseline 0 -11"><span class='ocrx_word' id='word_1_172' title='bbox 347 1157 533 1180; x_wconf 57' lang='lat' dir='ltr'>„ex-cavatam</span> <span class='ocrx_word' id='word_1_173' title='bbox 559 1147 702 1188; x_wconf 89' lang='lat' dir='ltr'>videret,</span> <span class='ocrx_word' id='word_1_174' title='bbox 727 1150 815 1191; x_wconf 86' lang='lat' dir='ltr'>eique</span> <span class='ocrx_word' id='word_1_175' title='bbox 839 1147 1012 1191; x_wconf 82' lang='lat' dir='ltr'>appofitam</span> <span class='ocrx_word' id='word_1_176' title='bbox 1049 1158 1158 1180; x_wconf 81' lang='lat' dir='ltr'>venam</span> <span class='ocrx_word' id='word_1_177' title='bbox 1190 1146 1250 1180; x_wconf 83' lang='lat' dir='ltr'>fine</span> <span class='ocrx_word' id='word_1_178' title='bbox 1285 1148 1357 1180; x_wconf 83' lang='lat' dir='ltr'>Pari</span> 
     </span>
     <span class='ocr_line' id='line_1_24' title="bbox 346 1189 1359 1233; baseline 0 -10"><span class='ocrx_word' id='word_1_179' title='bbox 346 1190 521 1227; x_wconf 76' lang='lat' dir='ltr'>admodum</span> <span class='ocrx_word' id='word_1_180' title='bbox 544 1192 739 1231; x_wconf 81' lang='lat' dir='ltr'>varicosam3</span> <span class='ocrx_word' id='word_1_181' title='bbox 764 1191 937 1233; x_wconf 77' lang='lat' dir='ltr'>credibile,</span> <span class='ocrx_word' id='word_1_182' title='bbox 960 1193 1112 1232; x_wconf 83' lang='lat' dir='ltr'>inquam,</span> <span class='ocrx_word' id='word_1_183' title='bbox 1135 1191 1201 1230; x_wconf 82' lang='lat' dir='ltr'>est,</span> <span class='ocrx_word' id='word_1_184' title='bbox 1233 1189 1359 1224; x_wconf 84' lang='lat' dir='ltr'>foveam</span> 
     </span>
     <span class='ocr_line' id='line_1_25' title="bbox 350 1233 1361 1276; baseline 0 -10"><span class='ocrx_word' id='word_1_185' title='bbox 350 1236 459 1276; x_wconf 84' lang='lat' dir='ltr'>potius</span> <span class='ocrx_word' id='word_1_186' title='bbox 484 1245 544 1276; x_wconf 87' lang='lat' dir='ltr'>pro</span> <span class='ocrx_word' id='word_1_187' title='bbox 567 1236 681 1267; x_wconf 80' lang='lat' dir='ltr'>varicis</span> <span class='ocrx_word' id='word_1_188' title='bbox 705 1234 796 1268; x_wconf 83' lang='lat' dir='ltr'>causa</span> <span class='ocrx_word' id='word_1_189' title='bbox 820 1233 911 1268; x_wconf 80' lang='lat' dir='ltr'>fuisse</span> <span class='ocrx_word' id='word_1_190' title='bbox 936 1235 1121 1267; x_wconf 84' lang='lat' dir='ltr'>habiturum</span> <span class='ocrx_word' id='word_1_191' title='bbox 1143 1242 1253 1267; x_wconf 87' lang='lat' dir='ltr'>contra</span> <span class='ocrx_word' id='word_1_192' title='bbox 1276 1258 1288 1275; x_wconf 91' lang='lat'>,</span> <span class='ocrx_word' id='word_1_193' title='bbox 1303 1243 1361 1266; x_wconf 69' lang='lat' dir='ltr'>vat-</span> 
     </span>
     <span class='ocr_line' id='line_1_26' title="bbox 345 1275 1356 1320; baseline -0.001 -9"><span class='ocrx_word' id='word_1_194' title='bbox 345 1289 407 1319; x_wconf 73' lang='lat' dir='ltr'>que</span> <span class='ocrx_word' id='word_1_195' title='bbox 432 1277 546 1312; x_wconf 83' lang='lat' dir='ltr'>habuit</span> <span class='ocrx_word' id='word_1_196' title='bbox 564 1280 795 1320; x_wconf 79' lang='lat' dir='ltr'>Targionius,</span> <span class='ocrx_word' id='word_1_197' title='bbox 818 1279 870 1311; x_wconf 90' lang='lat' dir='ltr'>cui</span> <span class='ocrx_word' id='word_1_198' title='bbox 895 1276 1022 1312; x_wconf 86' lang='lat' dir='ltr'>facilius</span> <span class='ocrx_word' id='word_1_199' title='bbox 1048 1276 1223 1320; x_wconf 87' lang='lat' dir='ltr'>astipuleris</span> <span class='ocrx_word' id='word_1_200' title='bbox 1246 1275 1271 1310; x_wconf 79' lang='lat' dir='ltr'>st</span> <span class='ocrx_word' id='word_1_201' title='bbox 1302 1289 1356 1310; x_wconf 89' lang='lat' dir='ltr'>va-</span> 
     </span>
     <span class='ocr_line' id='line_1_27' title="bbox 349 1320 1358 1363; baseline 0 -10"><span class='ocrx_word' id='word_1_202' title='bbox 349 1322 400 1355; x_wconf 76' lang='lat' dir='ltr'>rix</span> <span class='ocrx_word' id='word_1_203' title='bbox 422 1330 499 1354; x_wconf 89' lang='lat' dir='ltr'>tunc</span> <span class='ocrx_word' id='word_1_204' title='bbox 524 1331 683 1363; x_wconf 66' lang='lat' dir='ltr'>coeperat,</span> <span class='ocrx_word' id='word_1_205' title='bbox 709 1333 783 1355; x_wconf 86' lang='lat' dir='ltr'>cum</span> <span class='ocrx_word' id='word_1_206' title='bbox 806 1320 957 1355; x_wconf 80' lang='lat' dir='ltr'>vertebrae</span> <span class='ocrx_word' id='word_1_207' title='bbox 990 1321 1123 1355; x_wconf 84' lang='lat' dir='ltr'>necdum</span> <span class='ocrx_word' id='word_1_208' title='bbox 1155 1321 1197 1354; x_wconf 87' lang='lat' dir='ltr'>ob</span> <span class='ocrx_word' id='word_1_209' title='bbox 1231 1330 1358 1354; x_wconf 71' lang='lat' dir='ltr'>aetatem</span> 
     </span>
     <span class='ocr_line' id='line_1_28' title="bbox 345 1364 1359 1408; baseline -0.002 -9"><span class='ocrx_word' id='word_1_210' title='bbox 345 1364 455 1402; x_wconf 78' lang='lat' dir='ltr'>cedere</span> <span class='ocrx_word' id='word_1_211' title='bbox 478 1364 631 1400; x_wconf 83' lang='lat' dir='ltr'>desierant</span> <span class='ocrx_word' id='word_1_212' title='bbox 656 1390 663 1396; x_wconf 94' lang='lat'>.</span> <span class='ocrx_word' id='word_1_213' title='bbox 688 1367 851 1399; x_wconf 60' lang='lat' dir='ltr'>Caeterum</span> <span class='ocrx_word' id='word_1_214' title='bbox 898 1366 1085 1407; x_wconf 81' lang='lat' dir='ltr'>opinionem</span> <span class='ocrx_word' id='word_1_215' title='bbox 1131 1364 1328 1408; x_wconf 79' lang='lat' dir='ltr'>propositam</span> <span class='ocrx_word' id='word_1_216' title='bbox 1351 1391 1359 1405; x_wconf 89' lang='lat'><strong><em>‚</em></strong></span> 
     </span>
     <span class='ocr_line' id='line_1_29' title="bbox 345 1407 1358 1452; baseline 0 -11"><span class='ocrx_word' id='word_1_217' title='bbox 345 1407 435 1451; x_wconf 81' lang='lat' dir='ltr'>quod</span> <span class='ocrx_word' id='word_1_218' title='bbox 483 1408 520 1442; x_wconf 91' lang='lat' dir='ltr'>ad</span> <span class='ocrx_word' id='word_1_219' title='bbox 553 1409 726 1452; x_wconf 80' lang='lat' dir='ltr'>peculiares</span> <span class='ocrx_word' id='word_1_220' title='bbox 759 1408 909 1451; x_wconf 86' lang='lat' dir='ltr'>quasdam</span> <span class='ocrx_word' id='word_1_221' title='bbox 933 1410 1125 1442; x_wconf 82' lang='lat' dir='ltr'>arteriarum</span> <span class='ocrx_word' id='word_1_222' title='bbox 1149 1408 1358 1444; x_wconf 76' lang='lat' dir='ltr'>dilatationes</span> 
     </span>
     <span class='ocr_line' id='line_1_30' title="bbox 350 1450 1360 1495; baseline 0 -11"><span class='ocrx_word' id='word_1_223' title='bbox 350 1453 489 1493; x_wconf 82' lang='lat' dir='ltr'>attinet,</span> <span class='ocrx_word' id='word_1_224' title='bbox 514 1452 612 1487; x_wconf 82' lang='lat' dir='ltr'>libens</span> <span class='ocrx_word' id='word_1_225' title='bbox 644 1451 771 1492; x_wconf 86' lang='lat' dir='ltr'>fateor,</span> <span class='ocrx_word' id='word_1_226' title='bbox 804 1450 889 1494; x_wconf 77' lang='lat' dir='ltr'>polse</span> <span class='ocrx_word' id='word_1_227' title='bbox 923 1452 1095 1495; x_wconf 84' lang='lat' dir='ltr'>aliquando</span> <span class='ocrx_word' id='word_1_228' title='bbox 1118 1464 1155 1485; x_wconf 88' lang='lat' dir='ltr'>ex</span> <span class='ocrx_word' id='word_1_229' title='bbox 1180 1462 1266 1494; x_wconf 75' lang='lat' dir='ltr'>parte</span> <span class='ocrx_word' id='word_1_230' title='bbox 1301 1454 1360 1484; x_wconf 84' lang='lat' dir='ltr'>ali-</span> 
     </span>
     <span class='ocr_line' id='line_1_31' title="bbox 348 1494 1357 1538; baseline 0.001 -9"><span class='ocrx_word' id='word_1_231' title='bbox 348 1507 410 1538; x_wconf 80' lang='lat' dir='ltr'>qua</span> <span class='ocrx_word' id='word_1_232' title='bbox 434 1496 542 1533; x_wconf 87' lang='lat' dir='ltr'>locum</span> <span class='ocrx_word' id='word_1_233' title='bbox 566 1495 701 1535; x_wconf 80' lang='lat' dir='ltr'>habere,</span> <span class='ocrx_word' id='word_1_234' title='bbox 725 1496 811 1530; x_wconf 87' lang='lat' dir='ltr'>velut</span> <span class='ocrx_word' id='word_1_235' title='bbox 835 1497 869 1529; x_wconf 90' lang='lat' dir='ltr'>in</span> <span class='ocrx_word' id='word_1_236' title='bbox 890 1494 1029 1529; x_wconf 85' lang='lat' dir='ltr'>Cifiario</span> <span class='ocrx_word' id='word_1_237' title='bbox 1054 1495 1092 1529; x_wconf 89' lang='lat' dir='ltr'>de</span> <span class='ocrx_word' id='word_1_238' title='bbox 1115 1508 1179 1538; x_wconf 83' lang='lat' dir='ltr'>quo</span> <span class='ocrx_word' id='word_1_239' title='bbox 1214 1495 1357 1538; x_wconf 71' lang='lat' dir='ltr'>Epistola</span> 
     </span>
     <span class='ocr_line' id='line_1_32' title="bbox 345 1538 1357 1584; baseline 0.001 -12"><span class='ocrx_word' id='word_1_240' title='bbox 345 1539 507 1581; x_wconf 80' lang='lat' dir='ltr'>superiore</span> <span class='ocrx_word' id='word_1_241' title='bbox 531 1544 542 1579; x_wconf 89' lang='lat'>(</span> <span class='ocrx_word' id='word_1_242' title='bbox 566 1552 583 1573; x_wconf 83' lang='lat' dir='ltr'>a</span> <span class='ocrx_word' id='word_1_243' title='bbox 604 1544 638 1584; x_wconf 86' lang='lat'>),</span> <span class='ocrx_word' id='word_1_244' title='bbox 665 1538 828 1582; x_wconf 74' lang='lat' dir='ltr'>magisque</span> <span class='ocrx_word' id='word_1_245' title='bbox 851 1551 890 1573; x_wconf 88' lang='lat' dir='ltr'>eo</span> <span class='ocrx_word' id='word_1_246' title='bbox 914 1540 947 1571; x_wconf 91' lang='lat' dir='ltr'>in</span> <span class='ocrx_word' id='word_1_247' title='bbox 971 1538 1065 1579; x_wconf 85' lang='lat' dir='ltr'>casu,</span> <span class='ocrx_word' id='word_1_248' title='bbox 1080 1539 1169 1582; x_wconf 83' lang='lat' dir='ltr'>cujus</span> <span class='ocrx_word' id='word_1_249' title='bbox 1195 1540 1357 1573; x_wconf 70' lang='lat' dir='ltr'>occasione</span> 
     </span>
     <span class='ocr_line' id='line_1_33' title="bbox 347 1581 1358 1627; baseline 0.002 -13"><span class='ocrx_word' id='word_1_250' title='bbox 347 1585 465 1624; x_wconf 87' lang='lat' dir='ltr'>opinio</span> <span class='ocrx_word' id='word_1_251' title='bbox 490 1583 547 1617; x_wconf 81' lang='lat' dir='ltr'>ista</span> <span class='ocrx_word' id='word_1_252' title='bbox 570 1593 682 1616; x_wconf 82' lang='lat' dir='ltr'>exorta</span> <span class='ocrx_word' id='word_1_253' title='bbox 706 1581 769 1621; x_wconf 83' lang='lat' dir='ltr'>est,-</span> <span class='ocrx_word' id='word_1_254' title='bbox 795 1591 882 1615; x_wconf 90' lang='lat' dir='ltr'>erant</span> <span class='ocrx_word' id='word_1_255' title='bbox 906 1584 991 1616; x_wconf 89' lang='lat' dir='ltr'>enim</span> <span class='ocrx_word' id='word_1_256' title='bbox 1016 1585 1048 1616; x_wconf 86' lang='lat' dir='ltr'>in</span> <span class='ocrx_word' id='word_1_257' title='bbox 1073 1583 1243 1627; x_wconf 88' lang='lat' dir='ltr'>posteriore</span> <span class='ocrx_word' id='word_1_258' title='bbox 1275 1585 1358 1616; x_wconf 85' lang='lat' dir='ltr'>Aor-</span> 
     </span>
     <span class='ocr_line' id='line_1_34' title="bbox 344 1625 1358 1671; baseline 0.005 -14"><span class='ocrx_word' id='word_1_259' title='bbox 344 1635 384 1660; x_wconf 84' lang='lat' dir='ltr'>tae</span> <span class='ocrx_word' id='word_1_260' title='bbox 409 1625 488 1659; x_wconf 88' lang='lat' dir='ltr'>facie</span> <span class='ocrx_word' id='word_1_261' title='bbox 511 1625 748 1670; x_wconf 64' lang='lat' dir='ltr'>hemisphaerica</span> <span class='ocrx_word' id='word_1_262' title='bbox 773 1626 917 1669; x_wconf 63' lang='lat' dir='ltr'>quaedam</span> <span class='ocrx_word' id='word_1_263' title='bbox 941 1627 1073 1667; x_wconf 84' lang='lat' dir='ltr'>tubera,</span> <span class='ocrx_word' id='word_1_264' title='bbox 1099 1626 1198 1660; x_wconf 83' lang='lat' dir='ltr'>foveis</span> <span class='ocrx_word' id='word_1_265' title='bbox 1232 1627 1358 1671; x_wconf 78' lang='lat' dir='ltr'>respon-</span> 
     </span>
     <span class='ocr_line' id='line_1_35' title="bbox 346 1669 1359 1714; baseline 0.001 -13"><span class='ocrx_word' id='word_1_266' title='bbox 346 1669 452 1704; x_wconf 85' lang='lat' dir='ltr'>dentia</span> <span class='ocrx_word' id='word_1_267' title='bbox 469 1693 478 1708; x_wconf 86' lang='lat'>,</span> <span class='ocrx_word' id='word_1_268' title='bbox 502 1682 573 1714; x_wconf 79' lang='lat' dir='ltr'>quae</span> <span class='ocrx_word' id='word_1_269' title='bbox 598 1672 631 1704; x_wconf 89' lang='lat' dir='ltr'>in</span> <span class='ocrx_word' id='word_1_270' title='bbox 654 1670 818 1711; x_wconf 71' lang='lat' dir='ltr'>,contiguis</span> <span class='ocrx_word' id='word_1_271' title='bbox 843 1669 1059 1704; x_wconf 70' lang='lat' dir='ltr'>vertebrarum</span> <span class='ocrx_word' id='word_1_272' title='bbox 1084 1671 1225 1703; x_wconf 81' lang='lat' dir='ltr'>thoracis</span> <span class='ocrx_word' id='word_1_273' title='bbox 1239 1682 1359 1713; x_wconf 88' lang='lat' dir='ltr'>corpo-</span> 
     </span>
     <span class='ocr_line' id='line_1_36' title="bbox 348 1711 1358 1757; baseline 0 -10"><span class='ocrx_word' id='word_1_274' title='bbox 348 1713 435 1748; x_wconf 84' lang='lat' dir='ltr'>ribus</span> <span class='ocrx_word' id='word_1_275' title='bbox 458 1722 614 1750; x_wconf 82' lang='lat' dir='ltr'>excavatae</span> <span class='ocrx_word' id='word_1_276' title='bbox 637 1737 650 1754; x_wconf 91' lang='lat'>,</span> <span class='ocrx_word' id='word_1_277' title='bbox 685 1711 815 1755; x_wconf 76' lang='lat' dir='ltr'>singulae</span> <span class='ocrx_word' id='word_1_278' title='bbox 841 1712 979 1756; x_wconf 83' lang='lat' dir='ltr'>singulas</span> <span class='ocrx_word' id='word_1_279' title='bbox 1004 1714 1073 1747; x_wconf 77' lang='lat' dir='ltr'>illas</span> <span class='ocrx_word' id='word_1_280' title='bbox 1099 1713 1358 1757; x_wconf 76' lang='lat' dir='ltr'>hemispliaericas</span> 
     </span>
     <span class='ocr_line' id='line_1_37' title="bbox 344 1756 1359 1799; baseline 0 -9"><span class='ocrx_word' id='word_1_281' title='bbox 344 1756 554 1794; x_wconf 81' lang='lat' dir='ltr'>dilatationes</span> <span class='ocrx_word' id='word_1_282' title='bbox 600 1756 800 1799; x_wconf 83' lang='lat' dir='ltr'>excipiebant</span> <span class='ocrx_word' id='word_1_283' title='bbox 823 1781 829 1787; x_wconf 93' lang='lat'>.</span> <span class='ocrx_word' id='word_1_284' title='bbox 855 1758 1007 1790; x_wconf 85' lang='lat' dir='ltr'>Attamen</span> <span class='ocrx_word' id='word_1_285' title='bbox 1051 1759 1152 1790; x_wconf 85' lang='lat' dir='ltr'>Aorta</span> <span class='ocrx_word' id='word_1_286' title='bbox 1201 1760 1359 1791; x_wconf 87' lang='lat' dir='ltr'>anteriore</span> 
     </span>
     <span class='ocr_line' id='line_1_38' title="bbox 344 1798 1358 1845; baseline 0 -10"><span class='ocrx_word' id='word_1_287' title='bbox 344 1812 475 1845; x_wconf 84' lang='lat' dir='ltr'>quoque</span> <span class='ocrx_word' id='word_1_288' title='bbox 499 1800 582 1834; x_wconf 84' lang='lat' dir='ltr'>facie</span> <span class='ocrx_word' id='word_1_289' title='bbox 606 1811 671 1835; x_wconf 85' lang='lat' dir='ltr'>erat</span> <span class='ocrx_word' id='word_1_290' title='bbox 695 1798 830 1834; x_wconf 85' lang='lat' dir='ltr'>dilatata</span> <span class='ocrx_word' id='word_1_291' title='bbox 848 1824 860 1841; x_wconf 95' lang='lat'>,</span> <span class='ocrx_word' id='word_1_292' title='bbox 886 1812 985 1843; x_wconf 85' lang='lat' dir='ltr'>neque</span> <span class='ocrx_word' id='word_1_293' title='bbox 1011 1811 1043 1833; x_wconf 83' lang='lat' dir='ltr'>ea</span> <span class='ocrx_word' id='word_1_294' title='bbox 1070 1801 1166 1834; x_wconf 85' lang='lat' dir='ltr'>facies</span> <span class='ocrx_word' id='word_1_295' title='bbox 1199 1800 1358 1844; x_wconf 78' lang='lat' dir='ltr'>similibus</span> 
     </span>
     <span class='ocr_line' id='line_1_39' title="bbox 341 1842 1358 1888; baseline -0.002 -8"><span class='ocrx_word' id='word_1_296' title='bbox 341 1842 598 1888; x_wconf 81' lang='lat' dir='ltr'>hemisphaericis</span> <span class='ocrx_word' id='word_1_297' title='bbox 623 1844 874 1877; x_wconf 83' lang='lat' dir='ltr'>dilatationibus</span> <span class='ocrx_word' id='word_1_298' title='bbox 885 1845 1035 1877; x_wconf 83' lang='lat' dir='ltr'>carebat:</span> <span class='ocrx_word' id='word_1_299' title='bbox 1060 1856 1195 1887; x_wconf 88' lang='lat' dir='ltr'>quorum</span> <span class='ocrx_word' id='word_1_300' title='bbox 1210 1853 1358 1879; x_wconf 84' lang='lat' dir='ltr'>neutrum</span> 
     </span>
     <span class='ocr_line' id='line_1_40' title="bbox 337 1887 1356 1931; baseline -0.001 -8"><span class='ocrx_word' id='word_1_301' title='bbox 337 1900 353 1923; x_wconf 79' lang='lat' dir='ltr'>a</span> <span class='ocrx_word' id='word_1_302' title='bbox 378 1888 481 1925; x_wconf 79' lang='lat' dir='ltr'>foveis</span> <span class='ocrx_word' id='word_1_303' title='bbox 504 1890 570 1922; x_wconf 85' lang='lat' dir='ltr'>illis</span> <span class='ocrx_word' id='word_1_304' title='bbox 593 1887 649 1923; x_wconf 79' lang='lat' dir='ltr'>else</span> <span class='ocrx_word' id='word_1_305' title='bbox 674 1897 799 1930; x_wconf 86' lang='lat' dir='ltr'>poterat</span> <span class='ocrx_word' id='word_1_306' title='bbox 824 1887 1059 1922; x_wconf 86' lang='lat' dir='ltr'>vertebrarum.</span> <span class='ocrx_word' id='word_1_307' title='bbox 1076 1889 1128 1921; x_wconf 88' lang='lat' dir='ltr'>Sic</span> <span class='ocrx_word' id='word_1_308' title='bbox 1152 1890 1248 1920; x_wconf 85' lang='lat' dir='ltr'>etiam</span> <span class='ocrx_word' id='word_1_309' title='bbox 1273 1888 1356 1931; x_wconf 86' lang='lat' dir='ltr'>apud</span> 
     </span>
     <span class='ocr_line' id='line_1_41' title="bbox 337 1931 1355 1973; baseline -0.001 -7"><span class='ocrx_word' id='word_1_310' title='bbox 337 1944 386 1967; x_wconf 87' lang='lat' dir='ltr'>me</span> <span class='ocrx_word' id='word_1_311' title='bbox 411 1932 453 1968; x_wconf 84' lang='lat' dir='ltr'>est</span> <span class='ocrx_word' id='word_1_312' title='bbox 476 1932 586 1969; x_wconf 78' lang='lat' dir='ltr'>ficcata</span> <span class='ocrx_word' id='word_1_313' title='bbox 612 1944 649 1965; x_wconf 85' lang='lat' dir='ltr'>ex</span> <span class='ocrx_word' id='word_1_314' title='bbox 675 1931 817 1973; x_wconf 85' lang='lat' dir='ltr'>quodam</span> <span class='ocrx_word' id='word_1_315' title='bbox 844 1931 978 1965; x_wconf 83' lang='lat' dir='ltr'>homine</span> <span class='ocrx_word' id='word_1_316' title='bbox 1004 1932 1117 1965; x_wconf 83' lang='lat' dir='ltr'>arteria</span> <span class='ocrx_word' id='word_1_317' title='bbox 1142 1932 1262 1973; x_wconf 82' lang='lat' dir='ltr'>Magna</span> <span class='ocrx_word' id='word_1_318' title='bbox 1280 1943 1355 1966; x_wconf 86' lang='lat' dir='ltr'>cum</span> 
     </span>
     <span class='ocr_line' id='line_1_42' title="bbox 337 1974 1354 2021; baseline -0.007 -9"><span class='ocrx_word' id='word_1_319' title='bbox 337 1976 491 2020; x_wconf 74' lang='lat' dir='ltr'>oblongo</span> <span class='ocrx_word' id='word_1_320' title='bbox 514 1975 744 2018; x_wconf 81' lang='lat' dir='ltr'>aneurysmatis</span> <span class='ocrx_word' id='word_1_321' title='bbox 770 1974 884 2016; x_wconf 82' lang='lat' dir='ltr'>sacco,</span> <span class='ocrx_word' id='word_1_322' title='bbox 908 1976 965 2018; x_wconf 89' lang='lat' dir='ltr'>qui</span> <span class='ocrx_word' id='word_1_323' title='bbox 997 1975 1075 2008; x_wconf 80' lang='lat' dir='ltr'>oriri</span> <span class='ocrx_word' id='word_1_324' title='bbox 1111 1976 1231 2021; x_wconf 80' lang='lat' dir='ltr'>incipit</span> <span class='ocrx_word' id='word_1_325' title='bbox 1264 1986 1354 2008; x_wconf 83' lang='lat' dir='ltr'>ante-</span> 
     </span>
     <span class='ocr_line' id='line_1_43' title="bbox 333 2017 1354 2063; baseline -0.002 -9"><span class='ocrx_word' id='word_1_326' title='bbox 333 2033 431 2063; x_wconf 83' lang='lat' dir='ltr'>quam</span> <span class='ocrx_word' id='word_1_327' title='bbox 458 2033 496 2054; x_wconf 85' lang='lat' dir='ltr'>ex</span> <span class='ocrx_word' id='word_1_328' title='bbox 519 2021 575 2055; x_wconf 87' lang='lat' dir='ltr'>illa</span> <span class='ocrx_word' id='word_1_329' title='bbox 598 2020 677 2053; x_wconf 89' lang='lat' dir='ltr'>rami</span> <span class='ocrx_word' id='word_1_330' title='bbox 705 2018 879 2061; x_wconf 82' lang='lat' dir='ltr'>superiores</span> <span class='ocrx_word' id='word_1_331' title='bbox 902 2017 1062 2056; x_wconf 76' lang='lat' dir='ltr'>existant5</span> <span class='ocrx_word' id='word_1_332' title='bbox 1086 2030 1125 2051; x_wconf 72' lang='lat' dir='ltr'>ex</span> <span class='ocrx_word' id='word_1_333' title='bbox 1147 2020 1217 2061; x_wconf 79' lang='lat' dir='ltr'>ipio</span> <span class='ocrx_word' id='word_1_334' title='bbox 1250 2028 1354 2052; x_wconf 88' lang='lat' dir='ltr'>autem</span> 
     </span>
     <span class='ocr_line' id='line_1_44' title="bbox 333 2061 1354 2107; baseline 0 -11"><span class='ocrx_word' id='word_1_335' title='bbox 333 2066 414 2101; x_wconf 83' lang='lat' dir='ltr'>sacci</span> <span class='ocrx_word' id='word_1_336' title='bbox 442 2065 541 2098; x_wconf 77' lang='lat' dir='ltr'>initio</span> <span class='ocrx_word' id='word_1_337' title='bbox 565 2063 736 2107; x_wconf 80' lang='lat' dir='ltr'>peculiaris</span> <span class='ocrx_word' id='word_1_338' title='bbox 761 2062 926 2095; x_wconf 81' lang='lat' dir='ltr'>extuberat</span> <span class='ocrx_word' id='word_1_339' title='bbox 961 2061 1207 2105; x_wconf 73' lang='lat' dir='ltr'>hemisphterica</span> <span class='ocrx_word' id='word_1_340' title='bbox 1239 2062 1354 2097; x_wconf 84' lang='lat' dir='ltr'>dilata-</span> 
     </span>
     <span class='ocr_line' id='line_1_45' title="bbox 335 2105 1354 2150; baseline -0.003 -9"><span class='ocrx_word' id='word_1_341' title='bbox 335 2110 408 2144; x_wconf 76' lang='lat' dir='ltr'>tio.</span> <span class='ocrx_word' id='word_1_342' title='bbox 432 2120 533 2150; x_wconf 76' lang='lat' dir='ltr'>capax</span> <span class='ocrx_word' id='word_1_343' title='bbox 558 2113 707 2140; x_wconf 78' lang='lat' dir='ltr'>extrem‘ae</span> <span class='ocrx_word' id='word_1_344' title='bbox 732 2107 831 2149; x_wconf 81' lang='lat' dir='ltr'>partis</span> <span class='ocrx_word' id='word_1_345' title='bbox 866 2105 1017 2149; x_wconf 84' lang='lat' dir='ltr'>cujusque</span> <span class='ocrx_word' id='word_1_346' title='bbox 1049 2106 1217 2139; x_wconf 80' lang='lat' dir='ltr'>craffiffimi</span> <span class='ocrx_word' id='word_1_347' title='bbox 1253 2105 1354 2148; x_wconf 79' lang='lat' dir='ltr'>digiti</span> 
     </span>
     <span class='ocr_line' id='line_1_46' title="bbox 336 2148 1352 2195; baseline -0.002 -11"><span class='ocrx_word' id='word_1_348' title='bbox 336 2152 492 2195; x_wconf 87' lang='lat' dir='ltr'>pollicis:</span> <span class='ocrx_word' id='word_1_349' title='bbox 519 2150 605 2194; x_wconf 88' lang='lat' dir='ltr'>quod</span> <span class='ocrx_word' id='word_1_350' title='bbox 631 2159 715 2184; x_wconf 89' lang='lat' dir='ltr'>certe</span> <span class='ocrx_word' id='word_1_351' title='bbox 740 2148 857 2190; x_wconf 91' lang='lat' dir='ltr'>tuber,</span> <span class='ocrx_word' id='word_1_352' title='bbox 880 2160 916 2183; x_wconf 88' lang='lat' dir='ltr'>ut</span> <span class='ocrx_word' id='word_1_353' title='bbox 941 2148 1179 2183; x_wconf 79' lang='lat' dir='ltr'>indicatasedes</span> <span class='ocrx_word' id='word_1_354' title='bbox 1191 2148 1352 2190; x_wconf 84' lang='lat' dir='ltr'>ostendit,</span> 
     </span>
     <span class='ocr_line' id='line_1_47' title="bbox 336 2192 1353 2239; baseline -0.003 -10"><span class='ocrx_word' id='word_1_355' title='bbox 336 2196 417 2230; x_wconf 86' lang='lat' dir='ltr'>nulli</span> <span class='ocrx_word' id='word_1_356' title='bbox 442 2194 496 2228; x_wconf 84' lang='lat' dir='ltr'>olli</span> <span class='ocrx_word' id='word_1_357' title='bbox 521 2195 665 2229; x_wconf 89' lang='lat' dir='ltr'>vicinum</span> <span class='ocrx_word' id='word_1_358' title='bbox 692 2192 816 2239; x_wconf 62' lang='lat' dir='ltr'>suerat.</span> <span class='ocrx_word' id='word_1_359' title='bbox 853 2192 911 2226; x_wconf 85' lang='lat' dir='ltr'>Sed</span> <span class='ocrx_word' id='word_1_360' title='bbox 936 2195 967 2225; x_wconf 65' lang='grc' dir='ltr'>δι</span> <span class='ocrx_word' id='word_1_361' title='bbox 992 2204 1064 2226; x_wconf 87' lang='lat' dir='ltr'>eum</span> <span class='ocrx_word' id='word_1_362' title='bbox 1087 2204 1181 2235; x_wconf 84' lang='lat' dir='ltr'>quem</span> <span class='ocrx_word' id='word_1_363' title='bbox 1207 2194 1240 2226; x_wconf 92' lang='lat' dir='ltr'>in</span> <span class='ocrx_word' id='word_1_364' title='bbox 1266 2195 1353 2228; x_wconf 87' lang='lat' dir='ltr'>Viro</span> 
     </span>
     <span class='ocr_line' id='line_1_48' title="bbox 336 2236 1355 2278; baseline -0.005 -3"><span class='ocrx_word' id='word_1_365' title='bbox 336 2237 515 2275; x_wconf 79' lang='lat' dir='ltr'>Bellunensi</span> <span class='ocrx_word' id='word_1_366' title='bbox 541 2242 551 2277; x_wconf 88' lang='lat'><strong>(</strong></span> <span class='ocrx_word' id='word_1_367' title='bbox 577 2237 596 2271; x_wconf 86' lang='lat' dir='ltr'><em>b</em></span> <span class='ocrx_word' id='word_1_368' title='bbox 619 2242 629 2277; x_wconf 92' lang='lat'>)</span> <span class='ocrx_word' id='word_1_369' title='bbox 655 2236 878 2278; x_wconf 84' lang='lat' dir='ltr'>descriplimus</span> <span class='ocrx_word' id='word_1_370' title='bbox 903 2236 1050 2275; x_wconf 79' lang='lat' dir='ltr'>saccum,</span> <span class='ocrx_word' id='word_1_371' title='bbox 1073 2246 1241 2278; x_wconf 81' lang='lat' dir='ltr'>corruptas</span> <span class='ocrx_word' id='word_1_372' title='bbox 1253 2237 1355 2270; x_wconf 87' lang='lat' dir='ltr'>clavi-</span> 
     </span>
     <span class='ocr_line' id='line_1_49' title="bbox 335 2278 1356 2326; baseline -0.004 -9"><span class='ocrx_word' id='word_1_373' title='bbox 335 2284 463 2326; x_wconf 85' lang='lat' dir='ltr'>culam,</span> <span class='ocrx_word' id='word_1_374' title='bbox 495 2281 656 2320; x_wconf 84' lang='lat' dir='ltr'>costasque</span> <span class='ocrx_word' id='word_1_375' title='bbox 679 2281 921 2321; x_wconf 73' lang='lat' dir='ltr'>attingentem,</span> <span class='ocrx_word' id='word_1_376' title='bbox 944 2291 1020 2313; x_wconf 90' lang='lat' dir='ltr'>num</span> <span class='ocrx_word' id='word_1_377' title='bbox 1045 2278 1140 2322; x_wconf 82' lang='lat' dir='ltr'>hujus</span> <span class='ocrx_word' id='word_1_378' title='bbox 1165 2281 1356 2323; x_wconf 71' lang='lat' dir='ltr'>corruptela:</span> 
     </span>
     <span class='ocr_line' id='line_1_50' title="bbox 337 2323 1356 2365; baseline -0.002 -7"><span class='ocrx_word' id='word_1_379' title='bbox 337 2326 428 2360; x_wconf 81' lang='lat' dir='ltr'>causa</span> <span class='ocrx_word' id='word_1_380' title='bbox 452 2334 565 2359; x_wconf 85' lang='lat' dir='ltr'>natum</span> <span class='ocrx_word' id='word_1_381' title='bbox 589 2324 750 2361; x_wconf 84' lang='lat' dir='ltr'>dicemus,</span> <span class='ocrx_word' id='word_1_382' title='bbox 777 2334 849 2356; x_wconf 90' lang='lat' dir='ltr'>cum</span> <span class='ocrx_word' id='word_1_383' title='bbox 872 2323 937 2365; x_wconf 84' lang='lat' dir='ltr'>ejus</span> <span class='ocrx_word' id='word_1_384' title='bbox 961 2325 1062 2365; x_wconf 85' lang='lat' dir='ltr'>prima</span> <span class='ocrx_word' id='word_1_385' title='bbox 1098 2324 1194 2365; x_wconf 86' lang='lat' dir='ltr'>origo</span> <span class='ocrx_word' id='word_1_386' title='bbox 1229 2335 1266 2356; x_wconf 83' lang='lat' dir='ltr'>ex</span> <span class='ocrx_word' id='word_1_387' title='bbox 1299 2325 1356 2357; x_wconf 84' lang='lat' dir='ltr'>illa</span> 
     </span>
     <span class='ocr_line' id='line_1_51' title="bbox 340 2366 1369 2414; baseline -0.004 -11"><span class='ocrx_word' id='word_1_388' title='bbox 340 2371 462 2414; x_wconf 85' lang='lat' dir='ltr'>pariter</span> <span class='ocrx_word' id='word_1_389' title='bbox 484 2367 558 2402; x_wconf 76' lang='lat' dir='ltr'>esset</span> <span class='ocrx_word' id='word_1_390' title='bbox 584 2368 705 2400; x_wconf 73' lang='lat' dir='ltr'>arteriae</span> <span class='ocrx_word' id='word_1_391' title='bbox 733 2376 820 2408; x_wconf 81' lang='lat' dir='ltr'>parte</span> <span class='ocrx_word' id='word_1_392' title='bbox 844 2378 924 2410; x_wconf 67' lang='lat' dir='ltr'>quae⁴</span> <span class='ocrx_word' id='word_1_393' title='bbox 939 2369 971 2398; x_wconf 84' lang='lat'>&amp;</span> <span class='ocrx_word' id='word_1_394' title='bbox 995 2367 1033 2399; x_wconf 89' lang='lat' dir='ltr'>ab</span> <span class='ocrx_word' id='word_1_395' title='bbox 1056 2366 1123 2399; x_wconf 87' lang='lat' dir='ltr'>illis</span> <span class='ocrx_word' id='word_1_396' title='bbox 1139 2394 1146 2405; x_wconf 93' lang='lat'>,</span> <span class='ocrx_word' id='word_1_397' title='bbox 1173 2369 1204 2399; x_wconf 84' lang='lat'>&amp;</span> <span class='ocrx_word' id='word_1_398' title='bbox 1229 2367 1266 2398; x_wconf 88' lang='lat' dir='ltr'>ab</span> <span class='ocrx_word' id='word_1_399' title='bbox 1282 2367 1369 2400; x_wconf 75' lang='lat' dir='ltr'>olli·&#39;</span> 
     </span>
     <span class='ocr_line' id='line_1_52' title="bbox 340 2408 1354 2452; baseline -0.008 -4"><span class='ocrx_word' id='word_1_400' title='bbox 340 2415 398 2448; x_wconf 86' lang='lat' dir='ltr'>bus</span> <span class='ocrx_word' id='word_1_401' title='bbox 422 2413 495 2446; x_wconf 85' lang='lat' dir='ltr'>aliis</span> <span class='ocrx_word' id='word_1_402' title='bbox 519 2411 668 2446; x_wconf 89' lang='lat' dir='ltr'>omnibus</span> <span class='ocrx_word' id='word_1_403' title='bbox 695 2409 776 2442; x_wconf 87' lang='lat' dir='ltr'>adeo</span> <span class='ocrx_word' id='word_1_404' title='bbox 800 2408 894 2443; x_wconf 90' lang='lat' dir='ltr'>distat</span> <span class='ocrx_word' id='word_1_405' title='bbox 917 2411 929 2440; x_wconf 59' lang='grc' dir='ltr'><em>ἒ</em></span> <span class='ocrx_word' id='word_1_406' title='bbox 956 2409 1076 2452; x_wconf 86' lang='lat' dir='ltr'>Legisti</span> <span class='ocrx_word' id='word_1_407' title='bbox 1123 2418 1274 2450; x_wconf 66' lang='lat' dir='ltr'>praeterea</span> <span class='ocrx_word' id='word_1_408' title='bbox 1320 2412 1354 2443; x_wconf 85' lang='lat' dir='ltr'>in</span> 
     </span>
     <span class='ocr_line' id='line_1_53' title="bbox 346 2451 1368 2499; baseline -0.006 -9"><span class='ocrx_word' id='word_1_409' title='bbox 346 2457 509 2499; x_wconf 82' lang='lat' dir='ltr'>superiore</span> <span class='ocrx_word' id='word_1_410' title='bbox 531 2457 623 2489; x_wconf 89' lang='lat' dir='ltr'>Anus</span> <span class='ocrx_word' id='word_1_411' title='bbox 646 2453 804 2494; x_wconf 87' lang='lat' dir='ltr'>historia,</span> <span class='ocrx_word' id='word_1_412' title='bbox 828 2454 862 2485; x_wconf 93' lang='lat' dir='ltr'>in</span> <span class='ocrx_word' id='word_1_413' title='bbox 887 2452 1019 2494; x_wconf 88' lang='lat' dir='ltr'>aliisque</span> <span class='ocrx_word' id='word_1_414' title='bbox 1045 2452 1162 2494; x_wconf 87' lang='lat' dir='ltr'>pariter</span> <span class='ocrx_word' id='word_1_415' title='bbox 1186 2451 1368 2494; x_wconf 68' lang='lat' dir='ltr'>legisti,&lt;3cv</span> 
     </span>
     <span class='ocr_line' id='line_1_54' title="bbox 341 2494 1360 2544; baseline -0.005 -10"><span class='ocrx_word' id='word_1_416' title='bbox 341 2502 425 2544; x_wconf 87' lang='lat' dir='ltr'>leges</span> <span class='ocrx_word' id='word_1_417' title='bbox 441 2523 450 2537; x_wconf 89' lang='lat'>‚</span> <span class='ocrx_word' id='word_1_418' title='bbox 474 2500 507 2533; x_wconf 89' lang='lat' dir='ltr'>in</span> <span class='ocrx_word' id='word_1_419' title='bbox 532 2499 639 2532; x_wconf 86' lang='lat' dir='ltr'>eadem</span> <span class='ocrx_word' id='word_1_420' title='bbox 664 2499 777 2530; x_wconf 78' lang='lat' dir='ltr'>Aortae</span> <span class='ocrx_word' id='word_1_421' title='bbox 803 2495 871 2529; x_wconf 88' lang='lat' dir='ltr'>sede</span> <span class='ocrx_word' id='word_1_422' title='bbox 896 2495 986 2530; x_wconf 86' lang='lat' dir='ltr'>fuisse</span> <span class='ocrx_word' id='word_1_423' title='bbox 1010 2496 1254 2537; x_wconf 82' lang='lat' dir='ltr'>aneurysmata:</span> <span class='ocrx_word' id='word_1_424' title='bbox 1278 2494 1360 2529; x_wconf 87' lang='lat' dir='ltr'>fuis-</span> 
     </span>
     <span class='ocr_line' id='line_1_55' title="bbox 344 2537 1359 2582; baseline -0.004 -5"><span class='ocrx_word' id='word_1_425' title='bbox 344 2545 373 2579; x_wconf 86' lang='lat' dir='ltr'>se</span> <span class='ocrx_word' id='word_1_426' title='bbox 399 2545 521 2581; x_wconf 84' lang='lat' dir='ltr'>etiam;</span> <span class='ocrx_word' id='word_1_427' title='bbox 544 2552 580 2575; x_wconf 88' lang='lat' dir='ltr'>ut</span> <span class='ocrx_word' id='word_1_428' title='bbox 605 2541 642 2574; x_wconf 89' lang='lat' dir='ltr'>de</span> <span class='ocrx_word' id='word_1_429' title='bbox 667 2539 719 2576; x_wconf 90' lang='lat' dir='ltr'>his</span> <span class='ocrx_word' id='word_1_430' title='bbox 741 2551 869 2582; x_wconf 84' lang='lat' dir='ltr'>quoque</span> <span class='ocrx_word' id='word_1_431' title='bbox 895 2539 1023 2576; x_wconf 87' lang='lat' dir='ltr'>dicam;</span> <span class='ocrx_word' id='word_1_432' title='bbox 1057 2539 1196 2572; x_wconf 86' lang='lat' dir='ltr'>lamellas</span> <span class='ocrx_word' id='word_1_433' title='bbox 1231 2537 1327 2572; x_wconf 77' lang='lat' dir='ltr'>offeas</span> <span class='ocrx_word' id='word_1_434' title='bbox 1350 2565 1359 2573; x_wconf 91' lang='lat'>.</span> 
     </span>
     <span class='ocr_line' id='line_1_56' title="bbox 342 2582 1361 2626; baseline -0.006 -4"><span class='ocrx_word' id='word_1_435' title='bbox 342 2589 436 2623; x_wconf 86' lang='lat' dir='ltr'>Num</span> <span class='ocrx_word' id='word_1_436' title='bbox 477 2587 515 2620; x_wconf 84' lang='lat' dir='ltr'>ab</span> <span class='ocrx_word' id='word_1_437' title='bbox 538 2585 670 2622; x_wconf 56' lang='lat' dir='ltr'>offirmas,</span> <span class='ocrx_word' id='word_1_438' title='bbox 697 2596 766 2626; x_wconf 71' lang='lat' dir='ltr'>quae</span> <span class='ocrx_word' id='word_1_439' title='bbox 791 2592 932 2623; x_wconf 75' lang='lat' dir='ltr'>remota,</span> <span class='ocrx_word' id='word_1_440' title='bbox 956 2585 985 2615; x_wconf 60' lang='grc' dir='ltr'>δέ</span> <span class='ocrx_word' id='word_1_441' title='bbox 1011 2584 1134 2624; x_wconf 86' lang='lat' dir='ltr'>integra</span> <span class='ocrx_word' id='word_1_442' title='bbox 1158 2592 1269 2623; x_wconf 86' lang='lat' dir='ltr'>erant,</span> <span class='ocrx_word' id='word_1_443' title='bbox 1293 2582 1361 2616; x_wconf 78' lang='lat' dir='ltr'>haec</span> 
     </span>
     <span class='ocr_line' id='line_1_57' title="bbox 344 2624 1361 2674; baseline -0.005 -9"><span class='ocrx_word' id='word_1_444' title='bbox 344 2634 546 2674; x_wconf 84' lang='lat' dir='ltr'>repetemus?</span> <span class='ocrx_word' id='word_1_445' title='bbox 570 2640 607 2662; x_wconf 90' lang='lat' dir='ltr'>ne</span> <span class='ocrx_word' id='word_1_446' title='bbox 631 2627 712 2674; x_wconf 88' lang='lat' dir='ltr'>quid</span> <span class='ocrx_word' id='word_1_447' title='bbox 745 2626 850 2660; x_wconf 86' lang='lat' dir='ltr'>dicam</span> <span class='ocrx_word' id='word_1_448' title='bbox 883 2626 920 2658; x_wconf 86' lang='lat' dir='ltr'>de</span> <span class='ocrx_word' id='word_1_449' title='bbox 952 2624 1038 2660; x_wconf 70' lang='lat' dir='ltr'>oss‘eo</span> <span class='ocrx_word' id='word_1_450' title='bbox 1071 2626 1162 2659; x_wconf 86' lang='lat' dir='ltr'>succo</span> <span class='ocrx_word' id='word_1_451' title='bbox 1186 2650 1199 2666; x_wconf 89' lang='lat'>,</span> <span class='ocrx_word' id='word_1_452' title='bbox 1236 2629 1361 2667; x_wconf 81' lang='lat' dir='ltr'>nuperis</span> 
     </span>
     <span class='ocr_line' id='line_1_58' title="bbox 343 2668 1361 2712; baseline -0.01 -3"><span class='ocrx_word' id='word_1_453' title='bbox 343 2676 396 2709; x_wconf 90' lang='lat' dir='ltr'>Cl.</span> <span class='ocrx_word' id='word_1_454' title='bbox 422 2673 566 2709; x_wconf 85' lang='lat' dir='ltr'>Hamelii</span> <span class='ocrx_word' id='word_1_455' title='bbox 593 2672 645 2712; x_wconf 87' lang='lat' dir='ltr'>(c</span> <span class='ocrx_word' id='word_1_456' title='bbox 667 2675 680 2712; x_wconf 92' lang='lat'><em>)</em></span> <span class='ocrx_word' id='word_1_457' title='bbox 705 2671 934 2712; x_wconf 80' lang='lat' dir='ltr'>experimentis</span> <span class='ocrx_word' id='word_1_458' title='bbox 960 2670 1006 2702; x_wconf 90' lang='lat' dir='ltr'>vel</span> <span class='ocrx_word' id='word_1_459' title='bbox 1031 2670 1077 2702; x_wconf 90' lang='lat' dir='ltr'>ibi</span> <span class='ocrx_word' id='word_1_460' title='bbox 1101 2671 1137 2701; x_wconf 90' lang='lat' dir='ltr'>in</span> <span class='ocrx_word' id='word_1_461' title='bbox 1161 2668 1293 2703; x_wconf 88' lang='lat' dir='ltr'>dubium</span> <span class='ocrx_word' id='word_1_462' title='bbox 1305 2681 1361 2702; x_wconf 63' lang='lat' dir='ltr'>vo„</span> 
     </span>
     <span class='ocr_line' id='line_1_59' title="bbox 344 2712 1360 2758; baseline -0.007 -6"><span class='ocrx_word' id='word_1_463' title='bbox 344 2729 441 2758; x_wconf 79' lang='lat' dir='ltr'>cam,</span> <span class='ocrx_word' id='word_1_464' title='bbox 465 2718 520 2752; x_wconf 89' lang='lat' dir='ltr'>ubi</span> <span class='ocrx_word' id='word_1_465' title='bbox 545 2727 560 2748; x_wconf 88' lang='lat' dir='ltr'>e</span> <span class='ocrx_word' id='word_1_466' title='bbox 585 2713 697 2750; x_wconf 71' lang='lat' dir='ltr'>fraetis</span> <span class='ocrx_word' id='word_1_467' title='bbox 721 2713 836 2748; x_wconf 78' lang='lat' dir='ltr'>ollibus</span> <span class='ocrx_word' id='word_1_468' title='bbox 863 2712 992 2747; x_wconf 83' lang='lat' dir='ltr'>effluere</span> <span class='ocrx_word' id='word_1_469' title='bbox 1015 2712 1202 2746; x_wconf 85' lang='lat' dir='ltr'>credebatur</span> <span class='ocrx_word' id='word_1_470' title='bbox 1226 2725 1236 2750; x_wconf 81' lang='lat'>5</span> <span class='ocrx_word' id='word_1_471' title='bbox 1268 2722 1304 2745; x_wconf 87' lang='lat' dir='ltr'>ut</span> <span class='ocrx_word' id='word_1_472' title='bbox 1338 2712 1360 2745; x_wconf 84' lang='lat' dir='ltr'>fi</span> 
     </span>
     <span class='ocr_line' id='line_1_60' title="bbox 346 2755 1362 2800; baseline -0.009 -5"><span class='ocrx_word' id='word_1_473' title='bbox 346 2774 420 2797; x_wconf 88' lang='lat' dir='ltr'>cum</span> <span class='ocrx_word' id='word_1_474' title='bbox 443 2774 481 2796; x_wconf 85' lang='lat' dir='ltr'>eo</span> <span class='ocrx_word' id='word_1_475' title='bbox 505 2760 622 2800; x_wconf 85' lang='lat' dir='ltr'>facias,</span> <span class='ocrx_word' id='word_1_476' title='bbox 655 2767 746 2791; x_wconf 89' lang='lat' dir='ltr'>tanto</span> <span class='ocrx_word' id='word_1_477' title='bbox 782 2759 886 2790; x_wconf 89' lang='lat' dir='ltr'>minus</span> <span class='ocrx_word' id='word_1_478' title='bbox 917 2768 932 2789; x_wconf 88' lang='lat' dir='ltr'>e</span> <span class='ocrx_word' id='word_1_479' title='bbox 963 2755 1086 2789; x_wconf 78' lang='lat' dir='ltr'>cariosis</span> <span class='ocrx_word' id='word_1_480' title='bbox 1117 2756 1181 2800; x_wconf 83' lang='lat' dir='ltr'>jam</span> <span class='ocrx_word' id='word_1_481' title='bbox 1219 2756 1362 2790; x_wconf 84' lang='lat' dir='ltr'>videatur</span> 
     </span>
     <span class='ocr_line' id='line_1_61' title="bbox 347 2799 1361 2841; baseline -0.01 0"><span class='ocrx_word' id='word_1_482' title='bbox 347 2805 552 2841; x_wconf 83' lang='lat' dir='ltr'>repetendus.</span> <span class='ocrx_word' id='word_1_483' title='bbox 686 2801 745 2836; x_wconf 85' lang='lat' dir='ltr'>Sed</span> <span class='ocrx_word' id='word_1_484' title='bbox 768 2801 805 2834; x_wconf 90' lang='lat' dir='ltr'>de</span> <span class='ocrx_word' id='word_1_485' title='bbox 827 2799 981 2835; x_wconf 73' lang='lat' dir='ltr'>ossearum</span> <span class='ocrx_word' id='word_1_486' title='bbox 1008 2800 1208 2832; x_wconf 81' lang='lat' dir='ltr'>lamellarum</span> <span class='ocrx_word' id='word_1_487' title='bbox 1230 2800 1263 2831; x_wconf 87' lang='lat' dir='ltr'>in</span> <span class='ocrx_word' id='word_1_488' title='bbox 1279 2809 1361 2832; x_wconf 79' lang='lat' dir='ltr'>arte-</span> 
     </span>
     <span class='ocr_line' id='line_1_62' title="bbox 349 2843 1358 2888; baseline -0.008 -6"><span class='ocrx_word' id='word_1_489' title='bbox 349 2845 406 2882; x_wconf 77' lang='lat' dir='ltr'>riis</span> <span class='ocrx_word' id='word_1_490' title='bbox 452 2849 579 2885; x_wconf 73' lang='lat' dir='ltr'>origine</span> <span class='ocrx_word' id='word_1_491' title='bbox 625 2857 702 2879; x_wconf 85' lang='lat' dir='ltr'>mox</span> <span class='ocrx_word' id='word_1_492' title='bbox 747 2844 808 2878; x_wconf 84' lang='lat' dir='ltr'>alia</span> <span class='ocrx_word' id='word_1_493' title='bbox 854 2843 1080 2888; x_wconf 79' lang='lat' dir='ltr'>perpendemus</span> <span class='ocrx_word' id='word_1_494' title='bbox 1108 2867 1120 2884; x_wconf 90' lang='lat'>,</span> <span class='ocrx_word' id='word_1_495' title='bbox 1165 2854 1239 2876; x_wconf 88' lang='lat' dir='ltr'>cum</span> <span class='ocrx_word' id='word_1_496' title='bbox 1265 2844 1358 2875; x_wconf 83' lang='lat' dir='ltr'>aliam</span> 
     </span>
     <span class='ocr_line' id='line_1_63' title="bbox 350 2885 1363 2934; baseline -0.007 -9"><span class='ocrx_word' id='word_1_497' title='bbox 350 2885 580 2934; x_wconf 72' lang='lat' dir='ltr'>protulerimus</span> <span class='ocrx_word' id='word_1_498' title='bbox 604 2888 871 2923; x_wconf 86' lang='lat' dir='ltr'>Observationem</span> <span class='ocrx_word' id='word_1_499' title='bbox 887 2912 896 2926; x_wconf 96' lang='lat'>,</span> <span class='ocrx_word' id='word_1_500' title='bbox 918 2898 1014 2930; x_wconf 90' lang='lat' dir='ltr'>quam</span> <span class='ocrx_word' id='word_1_501' title='bbox 1041 2887 1197 2922; x_wconf 81' lang='lat' dir='ltr'>Bononiae</span> <span class='ocrx_word' id='word_1_502' title='bbox 1221 2888 1363 2929; x_wconf 75' lang='lat' dir='ltr'>pariter,</span> 
     </span>
     <span class='ocr_line' id='line_1_64' title="bbox 352 2930 1030 2976; baseline -0.01 -7"><span class='ocrx_word' id='word_1_503' title='bbox 352 2936 485 2970; x_wconf 88' lang='lat' dir='ltr'>biennio</span> <span class='ocrx_word' id='word_1_504' title='bbox 509 2932 578 2976; x_wconf 86' lang='lat' dir='ltr'>post</span> <span class='ocrx_word' id='word_1_505' title='bbox 603 2932 819 2975; x_wconf 87' lang='lat' dir='ltr'>superiorem,</span> <span class='ocrx_word' id='word_1_506' title='bbox 843 2930 1030 2964; x_wconf 78' lang='lat' dir='ltr'>habuimuS.</span> 
     </span>
     <span class='ocr_line' id='line_1_65' title="bbox 397 2973 1363 3020; baseline -0.004 -9"><span class='ocrx_word' id='word_1_507' title='bbox 397 2990 447 3017; x_wconf 54' lang='grc' dir='ltr'>ρο.</span> <span class='ocrx_word' id='word_1_508' title='bbox 474 2978 584 3015; x_wconf 85' lang='lat' dir='ltr'>VIR3</span> <span class='ocrx_word' id='word_1_509' title='bbox 608 2974 698 3020; x_wconf 82' lang='lat' dir='ltr'>cujus</span> <span class='ocrx_word' id='word_1_510' title='bbox 724 2984 870 3016; x_wconf 86' lang='lat' dir='ltr'>patruum</span> <span class='ocrx_word' id='word_1_511' title='bbox 895 2974 1021 3008; x_wconf 88' lang='lat' dir='ltr'>abditus</span> <span class='ocrx_word' id='word_1_512' title='bbox 1045 2975 1077 3006; x_wconf 91' lang='lat' dir='ltr'>in</span> <span class='ocrx_word' id='word_1_513' title='bbox 1093 2973 1223 3007; x_wconf 86' lang='lat' dir='ltr'>thorace</span> <span class='ocrx_word' id='word_1_514' title='bbox 1236 2973 1363 3007; x_wconf 84' lang='lat' dir='ltr'>morbus</span> 
     </span>
     <span class='ocr_line' id='line_1_66' title="bbox 355 3016 1363 3062; baseline -0.007 -6"><span class='ocrx_word' id='word_1_515' title='bbox 355 3019 542 3061; x_wconf 75' lang='lat' dir='ltr'>sustulerat,</span> <span class='ocrx_word' id='word_1_516' title='bbox 565 3030 678 3062; x_wconf 86' lang='lat' dir='ltr'>magna</span> <span class='ocrx_word' id='word_1_517' title='bbox 702 3028 774 3051; x_wconf 87' lang='lat' dir='ltr'>cum</span> <span class='ocrx_word' id='word_1_518' title='bbox 799 3016 975 3059; x_wconf 86' lang='lat' dir='ltr'>pulsatione</span> <span class='ocrx_word' id='word_1_519' title='bbox 998 3017 1215 3060; x_wconf 67' lang='lat' dir='ltr'>conjuncius;</span> <span class='ocrx_word' id='word_1_520' title='bbox 1237 3019 1363 3057; x_wconf 83' lang='lat' dir='ltr'>veneri,</span> 
     </span>
     <span class='ocr_line' id='line_1_67' title="bbox 353 3061 1362 3109; baseline -0.006 -10"><span class='ocrx_word' id='word_1_521' title='bbox 353 3066 532 3109; x_wconf 82' lang='lat' dir='ltr'>praelertim</span> <span class='ocrx_word' id='word_1_522' title='bbox 555 3074 628 3097; x_wconf 89' lang='lat' dir='ltr'>cum</span> <span class='ocrx_word' id='word_1_523' title='bbox 656 3061 764 3106; x_wconf 82' lang='lat' dir='ltr'>junior</span> <span class='ocrx_word' id='word_1_524' title='bbox 787 3061 884 3100; x_wconf 82' lang='lat' dir='ltr'>esset,</span> <span class='ocrx_word' id='word_1_525' title='bbox 908 3063 939 3093; x_wconf 65' lang='grc' dir='ltr'>ὅς</span> <span class='ocrx_word' id='word_1_526' title='bbox 964 3062 1124 3094; x_wconf 86' lang='lat' dir='ltr'>conviviis</span> <span class='ocrx_word' id='word_1_527' title='bbox 1149 3062 1287 3093; x_wconf 87' lang='lat' dir='ltr'>nimium</span> <span class='ocrx_word' id='word_1_528' title='bbox 1310 3061 1362 3093; x_wconf 87' lang='lat' dir='ltr'>cle-</span> 
     </span>
     <span class='ocr_line' id='line_1_68' title="bbox 353 3100 1364 3148; baseline -0.008 -4"><span class='ocrx_word' id='word_1_529' title='bbox 353 3109 463 3148; x_wconf 80' lang='lat' dir='ltr'>ditus3</span> <span class='ocrx_word' id='word_1_530' title='bbox 484 3115 624 3142; x_wconf 86' lang='lat' dir='ltr'>maturus</span> <span class='ocrx_word' id='word_1_531' title='bbox 648 3100 724 3138; x_wconf 89' lang='lat' dir='ltr'>ve&#39;ro</span> <span class='ocrx_word' id='word_1_532' title='bbox 748 3105 845 3137; x_wconf 81' lang='lat' dir='ltr'>animi</span> <span class='ocrx_word' id='word_1_533' title='bbox 872 3103 1113 3145; x_wconf 69' lang='lat' dir='ltr'>affeeuonibus‚</span> <span class='ocrx_word' id='word_1_534' title='bbox 1137 3104 1281 3147; x_wconf 81' lang='lat' dir='ltr'>curisque</span> <span class='ocrx_word' id='word_1_535' title='bbox 1293 3115 1364 3146; x_wconf 84' lang='lat' dir='ltr'>gra-</span> 
     </span>
     <span class='ocr_line' id='line_1_69' title="bbox 357 3147 1366 3192; baseline -0.004 -8"><span class='ocrx_word' id='word_1_536' title='bbox 357 3154 453 3187; x_wconf 84' lang='lat' dir='ltr'>vibus</span> <span class='ocrx_word' id='word_1_537' title='bbox 476 3160 633 3191; x_wconf 87' lang='lat' dir='ltr'>vexatus,</span> <span class='ocrx_word' id='word_1_538' title='bbox 657 3150 799 3192; x_wconf 90' lang='lat' dir='ltr'>primum</span> <span class='ocrx_word' id='word_1_539' title='bbox 822 3148 952 3191; x_wconf 85' lang='lat' dir='ltr'>quidem</span> <span class='ocrx_word' id='word_1_540' title='bbox 985 3147 1120 3182; x_wconf 77' lang='lat' dir='ltr'>similem</span> <span class='ocrx_word' id='word_1_541' title='bbox 1153 3148 1366 3191; x_wconf 81' lang='lat' dir='ltr'>pulsationem</span> 
     </span>
     <span class='ocr_line' id='line_1_70' title="bbox 353 3190 1366 3236; baseline -0.007 -6"><span class='ocrx_word' id='word_1_542' title='bbox 353 3197 492 3235; x_wconf 81' lang='lat' dir='ltr'>sentire,</span> <span class='ocrx_word' id='word_1_543' title='bbox 516 3204 659 3236; x_wconf 89' lang='lat' dir='ltr'>tempore</span> <span class='ocrx_word' id='word_1_544' title='bbox 682 3201 791 3226; x_wconf 86' lang='lat' dir='ltr'>autem</span> <span class='ocrx_word' id='word_1_545' title='bbox 816 3190 984 3234; x_wconf 70' lang='lat' dir='ltr'>interjeeto</span> <span class='ocrx_word' id='word_1_546' title='bbox 1012 3215 1021 3230; x_wconf 89' lang='lat'>,</span> <span class='ocrx_word' id='word_1_547' title='bbox 1057 3193 1208 3234; x_wconf 81' lang='lat' dir='ltr'>lpiritum</span> <span class='ocrx_word' id='word_1_548' title='bbox 1241 3192 1366 3233; x_wconf 79' lang='lat' dir='ltr'>insuper</span> 
     </span>
     <span class='ocr_line' id='line_1_71' title="bbox 357 3234 1368 3279; baseline -0.007 -5"><span class='ocrx_word' id='word_1_549' title='bbox 357 3252 431 3275; x_wconf 90' lang='lat' dir='ltr'>cum</span> <span class='ocrx_word' id='word_1_550' title='bbox 454 3237 642 3273; x_wconf 84' lang='lat' dir='ltr'>difficultate</span> <span class='ocrx_word' id='word_1_551' title='bbox 666 3235 778 3269; x_wconf 89' lang='lat' dir='ltr'>ducere</span> <span class='ocrx_word' id='word_1_552' title='bbox 801 3237 901 3277; x_wconf 90' lang='lat' dir='ltr'>coepit</span> <span class='ocrx_word' id='word_1_553' title='bbox 924 3246 996 3268; x_wconf 86' lang='lat' dir='ltr'>cum</span> <span class='ocrx_word' id='word_1_554' title='bbox 1022 3247 1074 3279; x_wconf 86' lang='lat' dir='ltr'>per</span> <span class='ocrx_word' id='word_1_555' title='bbox 1099 3236 1189 3279; x_wconf 84' lang='lat' dir='ltr'>plana</span> <span class='ocrx_word' id='word_1_556' title='bbox 1222 3234 1368 3276; x_wconf 85' lang='lat' dir='ltr'>ingrede-</span> 
     </span>
     <span class='ocr_line' id='line_1_72' title="bbox 359 3278 1362 3323; baseline -0.007 -6"><span class='ocrx_word' id='word_1_557' title='bbox 359 3293 469 3323; x_wconf 83' lang='lat' dir='ltr'>retur,</span> <span class='ocrx_word' id='word_1_558' title='bbox 493 3283 598 3315; x_wconf 86' lang='lat' dir='ltr'>multo</span> <span class='ocrx_word' id='word_1_559' title='bbox 624 3289 730 3314; x_wconf 86' lang='lat' dir='ltr'>autem</span> <span class='ocrx_word' id='word_1_560' title='bbox 753 3280 876 3321; x_wconf 77' lang='lat' dir='ltr'>magis.</span> <span class='ocrx_word' id='word_1_561' title='bbox 905 3289 979 3311; x_wconf 84' lang='lat' dir='ltr'>cuin</span> <span class='ocrx_word' id='word_1_562' title='bbox 1005 3291 1059 3321; x_wconf 81' lang='lat' dir='ltr'>per</span> <span class='ocrx_word' id='word_1_563' title='bbox 1086 3280 1218 3311; x_wconf 85' lang='lat' dir='ltr'>acclivia</span> <span class='ocrx_word' id='word_1_564' title='bbox 1242 3303 1248 3310; x_wconf 83' lang='lat'>.</span> <span class='ocrx_word' id='word_1_565' title='bbox 1283 3278 1362 3311; x_wconf 74' lang='lat' dir='ltr'>Haec</span> 
     </span>
     <span class='ocr_line' id='line_1_73' title="bbox 357 3321 1365 3367; baseline -0.008 -6"><span class='ocrx_word' id='word_1_566' title='bbox 357 3325 529 3361; x_wconf 74' lang='lat' dir='ltr'>difficultas</span> <span class='ocrx_word' id='word_1_567' title='bbox 552 3324 683 3367; x_wconf 83' lang='lat' dir='ltr'>singulis</span> <span class='ocrx_word' id='word_1_568' title='bbox 708 3322 772 3357; x_wconf 88' lang='lat' dir='ltr'>fere</span> <span class='ocrx_word' id='word_1_569' title='bbox 796 3321 951 3366; x_wconf 80' lang='lat' dir='ltr'>menfibus</span> <span class='ocrx_word' id='word_1_570' title='bbox 974 3324 1007 3354; x_wconf 91' lang='lat' dir='ltr'>in</span> <span class='ocrx_word' id='word_1_571' title='bbox 1030 3324 1197 3364; x_wconf 86' lang='lat' dir='ltr'>peculiaris</span> <span class='ocrx_word' id='word_1_572' title='bbox 1211 3321 1365 3367; x_wconf 77' lang='lat' dir='ltr'>paroxys-</span> 
     </span>
     <span class='ocr_line' id='line_1_74' title="bbox 358 3365 1367 3409; baseline -0.007 -5"><span class='ocrx_word' id='word_1_573' title='bbox 358 3372 403 3404; x_wconf 89' lang='lat' dir='ltr'>mi</span> <span class='ocrx_word' id='word_1_574' title='bbox 427 3369 559 3403; x_wconf 88' lang='lat' dir='ltr'>modum</span> <span class='ocrx_word' id='word_1_575' title='bbox 583 3371 677 3409; x_wconf 88' lang='lat' dir='ltr'>ulque</span> <span class='ocrx_word' id='word_1_576' title='bbox 701 3367 778 3400; x_wconf 87' lang='lat' dir='ltr'>adeo</span> <span class='ocrx_word' id='word_1_577' title='bbox 801 3365 1007 3398; x_wconf 67' lang='lat' dir='ltr'>invalescebat</span> <span class='ocrx_word' id='word_1_578' title='bbox 1029 3390 1038 3404; x_wconf 92' lang='lat'>,</span> <span class='ocrx_word' id='word_1_579' title='bbox 1075 3377 1111 3400; x_wconf 91' lang='lat' dir='ltr'>ut</span> <span class='ocrx_word' id='word_1_580' title='bbox 1157 3366 1257 3398; x_wconf 89' lang='lat' dir='ltr'>homo</span> <span class='ocrx_word' id='word_1_581' title='bbox 1300 3376 1367 3408; x_wconf 75' lang='lat' dir='ltr'>jam</span> 
     </span>
     <span class='ocr_line' id='line_1_75' title="bbox 360 3408 1366 3455; baseline -0.007 -8"><span class='ocrx_word' id='word_1_582' title='bbox 360 3413 425 3455; x_wconf 81' lang='lat' dir='ltr'>jam</span> <span class='ocrx_word' id='word_1_583' title='bbox 462 3410 662 3446; x_wconf 79' lang='lat' dir='ltr'>suffocandus</span> <span class='ocrx_word' id='word_1_584' title='bbox 699 3409 859 3443; x_wconf 86' lang='lat' dir='ltr'>videretur</span> <span class='ocrx_word' id='word_1_585' title='bbox 878 3434 889 3449; x_wconf 87' lang='lat'>,</span> <span class='ocrx_word' id='word_1_586' title='bbox 926 3409 983 3441; x_wconf 79' lang='lat' dir='ltr'>nili</span> <span class='ocrx_word' id='word_1_587' title='bbox 1022 3421 1152 3452; x_wconf 87' lang='lat' dir='ltr'>propere</span> <span class='ocrx_word' id='word_1_588' title='bbox 1184 3408 1366 3451; x_wconf 85' lang='lat' dir='ltr'>sanguinem</span> 
     </span>
     <span class='ocr_line' id='line_1_76' title="bbox 363 3452 1367 3496; baseline -0.004 -8"><span class='ocrx_word' id='word_1_589' title='bbox 363 3457 552 3494; x_wconf 78' lang='lat' dir='ltr'>mitterent5</span> <span class='ocrx_word' id='word_1_590' title='bbox 578 3453 619 3487; x_wconf 85' lang='lat' dir='ltr'>sic</span> <span class='ocrx_word' id='word_1_591' title='bbox 641 3455 726 3486; x_wconf 88' lang='lat' dir='ltr'>enirn</span> <span class='ocrx_word' id='word_1_592' title='bbox 750 3454 913 3486; x_wconf 78' lang='lat' dir='ltr'>levabatur</span> <span class='ocrx_word' id='word_1_593' title='bbox 937 3477 944 3483; x_wconf 94' lang='lat'><strong><em>.</em></strong></span> <span class='ocrx_word' id='word_1_594' title='bbox 968 3454 1116 3496; x_wconf 88' lang='lat' dir='ltr'>Denique</span> <span class='ocrx_word' id='word_1_595' title='bbox 1139 3453 1200 3485; x_wconf 87' lang='lat' dir='ltr'>levi</span> <span class='ocrx_word' id='word_1_596' title='bbox 1226 3452 1367 3485; x_wconf 85' lang='lat' dir='ltr'>febricu-</span> 
     </span>
     <span class='ocr_line' id='line_1_77' title="bbox 363 3495 1366 3542; baseline -0.003 -10"><span class='ocrx_word' id='word_1_597' title='bbox 363 3500 392 3533; x_wconf 72' lang='lat'>12</span> <span class='ocrx_word' id='word_1_598' title='bbox 415 3508 580 3542; x_wconf 84' lang='lat' dir='ltr'>correptus</span> <span class='ocrx_word' id='word_1_599' title='bbox 602 3496 661 3535; x_wconf 77' lang='lat' dir='ltr'>cst,</span> <span class='ocrx_word' id='word_1_600' title='bbox 687 3510 749 3541; x_wconf 84' lang='lat' dir='ltr'>qua</span> <span class='ocrx_word' id='word_1_601' title='bbox 783 3497 919 3530; x_wconf 82' lang='lat' dir='ltr'>maxime</span> <span class='ocrx_word' id='word_1_602' title='bbox 951 3496 1111 3529; x_wconf 77' lang='lat' dir='ltr'>occasione</span> <span class='ocrx_word' id='word_1_603' title='bbox 1143 3495 1366 3529; x_wconf 81' lang='lat' dir='ltr'>animadvertit</span> 
     </span>
    </p>
   </div>
   <div class='ocr_carea' id='block_1_5' title="bbox 480 3688 1274 3780">
    <p class='ocr_par' dir='ltr' id='par_1_5' title="bbox 480 3688 1274 3780">
     <span class='ocr_line' id='line_1_78' title="bbox 488 3688 1101 3719; baseline 0.005 -8"><span class='ocrx_word' id='word_1_604' title='bbox 488 3688 495 3716; x_wconf 88' lang='lat'>)</span> <span class='ocrx_word' id='word_1_605' title='bbox 513 3689 588 3717; x_wconf 77' lang='lat' dir='ltr'>Epist.</span> <span class='ocrx_word' id='word_1_606' title='bbox 604 3688 633 3713; x_wconf 86' lang='lat' dir='ltr'>de</span> <span class='ocrx_word' id='word_1_607' title='bbox 651 3690 738 3714; x_wconf 65' lang='lat' dir='ltr'>Sti-u&amp;-</span> <span class='ocrx_word' id='word_1_608' title='bbox 755 3690 870 3714; x_wconf 86' lang='lat' dir='ltr'>Glandul.</span> <span class='ocrx_word' id='word_1_609' title='bbox 934 3690 947 3718; x_wconf 74' lang='grc' dir='ltr'>ζ</span> <span class='ocrx_word' id='word_1_610' title='bbox 962 3698 976 3717; x_wconf 76' lang='lat' dir='ltr'><em>y</em></span> <span class='ocrx_word' id='word_1_611' title='bbox 997 3690 1004 3717; x_wconf 85' lang='lat'>)</span> <span class='ocrx_word' id='word_1_612' title='bbox 1022 3697 1044 3713; x_wconf 90' lang='lat' dir='ltr'>n.</span> <span class='ocrx_word' id='word_1_613' title='bbox 1062 3698 1101 3719; x_wconf 83' lang='lat'>27.</span> 
     </span>
     <span class='ocr_line' id='line_1_79' title="bbox 482 3719 1050 3747; baseline 0 -5"><span class='ocrx_word' id='word_1_614' title='bbox 482 3719 581 3747; x_wconf 73' lang='lat' dir='ltr'>&gt;Mem</span> <span class='ocrx_word' id='word_1_615' title='bbox 607 3720 635 3743; x_wconf 87' lang='lat' dir='ltr'>de</span> <span class='ocrx_word' id='word_1_616' title='bbox 656 3720 756 3743; x_wconf 33' lang='lat' dir='ltr'>Pacadl</span> <span class='ocrx_word' id='word_1_617' title='bbox 777 3723 796 3743; x_wconf 84' lang='lat' dir='ltr'>R</span> <span class='ocrx_word' id='word_1_618' title='bbox 825 3721 864 3744; x_wconf 57' lang='grc' dir='ltr'>ὡς</span> <span class='ocrx_word' id='word_1_619' title='bbox 882 3721 918 3743; x_wconf 80' lang='lat' dir='ltr'>Sc.</span> <span class='ocrx_word' id='word_1_620' title='bbox 936 3722 964 3743; x_wconf 84' lang='grc' dir='ltr'>Α.</span> <span class='ocrx_word' id='word_1_621' title='bbox 985 3727 1050 3747; x_wconf 69' lang='lat'>174¹-</span> 
     </span>
     <span class='ocr_line' id='line_1_80' title="bbox 480 3749 1274 3780; baseline 0.003 -7"><span class='ocrx_word' id='word_1_622' title='bbox 480 3750 494 3780; x_wconf 90' lang='lat'>)</span> <span class='ocrx_word' id='word_1_623' title='bbox 511 3749 567 3775; x_wconf 69' lang='lat' dir='ltr'>vid.</span> <span class='ocrx_word' id='word_1_624' title='bbox 584 3751 647 3780; x_wconf 77' lang='lat' dir='ltr'>apud</span> <span class='ocrx_word' id='word_1_625' title='bbox 663 3751 747 3774; x_wconf 80' lang='lat' dir='ltr'>Haller</span> <span class='ocrx_word' id='word_1_626' title='bbox 763 3751 788 3775; x_wconf 89' lang='lat' dir='ltr'>in</span> <span class='ocrx_word' id='word_1_627' title='bbox 805 3756 912 3775; x_wconf 83' lang='lat' dir='ltr'>extrema</span> <span class='ocrx_word' id='word_1_628' title='bbox 928 3751 958 3774; x_wconf 82' lang='lat' dir='ltr'>ad</span> <span class='ocrx_word' id='word_1_629' title='bbox 974 3750 1016 3774; x_wconf 81' lang='lat' dir='ltr'>cit.</span> <span class='ocrx_word' id='word_1_630' title='bbox 1035 3751 1120 3775; x_wconf 83' lang='lat' dir='ltr'>Boerh.</span> <span class='ocrx_word' id='word_1_631' title='bbox 1141 3750 1163 3780; x_wconf 58' lang='grc' dir='ltr'>ξ.</span> <span class='ocrx_word' id='word_1_632' title='bbox 1181 3751 1274 3777; x_wconf 81' lang='lat' dir='ltr'>Adnnt.</span> 
     </span>
    </p>
   </div>
   <div class='ocr_carea' id='block_1_6' title="bbox 424 3691 438 3783">
    <p class='ocr_par' dir='ltr' id='par_1_6' title="bbox 424 3691 438 3783">
     <span class='ocr_line' id='line_1_81' title="bbox 424 3691 438 3783; textangle 90"><span class='ocrx_word' id='word_1_633' title='bbox 424 3691 438 3783; x_wconf 55' lang='grc' dir='ltr'>Ψ-ΓΝΑ</span> 
     </span>
    </p>
   </div>
   <div class='ocr_carea' id='block_1_7' title="bbox 449 3697 468 3780">
    <p class='ocr_par' dir='ltr' id='par_1_7' title="bbox 449 3697 468 3780">
     <span class='ocr_line' id='line_1_82' title="bbox 454 3697 468 3713; baseline 0 0"><span class='ocrx_word' id='word_1_634' title='bbox 454 3697 468 3713; x_wconf 58' lang='lat' dir='ltr'><em>x</em></span> 
     </span>
     <span class='ocr_line' id='line_1_83' title="bbox 449 3728 465 3780; baseline 0 0"><span class='ocrx_word' id='word_1_635' title='bbox 449 3728 465 3780; x_wconf 72' lang='grc' dir='ltr'><em>ἱ</em></span> 
     </span>
    </p>
   </div>
   <div class='ocr_carea' id='block_1_8' title="bbox 1114 3688 1827 3751">
    <p class='ocr_par' dir='ltr' id='par_1_8' title="bbox 1114 3688 1827 3751">
     <span class='ocr_line' id='line_1_84' title="bbox 1165 3688 1827 3720; baseline 0 -6"><span class='ocrx_word' id='word_1_636' title='bbox 1165 3692 1175 3714; x_wconf 91' lang='grc'><strong>(</strong></span> <span class='ocrx_word' id='word_1_637' title='bbox 1192 3698 1209 3716; x_wconf 79' lang='lat' dir='ltr'>z</span> <span class='ocrx_word' id='word_1_638' title='bbox 1226 3691 1239 3720; x_wconf 85' lang='lat'>)</span> <span class='ocrx_word' id='word_1_639' title='bbox 1258 3691 1339 3715; x_wconf 82' lang='lat' dir='ltr'>Prima</span> <span class='ocrx_word' id='word_1_640' title='bbox 1358 3692 1470 3714; x_wconf 79' lang='lat' dir='ltr'>Raccolta</span> <span class='ocrx_word' id='word_1_641' title='bbox 1486 3689 1509 3714; x_wconf 82' lang='lat' dir='ltr'>di</span> <span class='ocrx_word' id='word_1_642' title='bbox 1527 3691 1608 3716; x_wconf 83' lang='lat' dir='ltr'>Offerv</span> <span class='ocrx_word' id='word_1_643' title='bbox 1635 3688 1703 3713; x_wconf 83' lang='lat' dir='ltr'>Med·</span> <span class='ocrx_word' id='word_1_644' title='bbox 1722 3695 1773 3716; x_wconf 61' lang='lat' dir='ltr'>5³ssss-</span> <span class='ocrx_word' id='word_1_645' title='bbox 1792 3697 1827 3714; x_wconf 86' lang='lat'>22.</span> 
     </span>
     <span class='ocr_line' id='line_1_85' title="bbox 1114 3720 1554 3751; baseline 0.005 -8"><span class='ocrx_word' id='word_1_646' title='bbox 1114 3720 1157 3749; x_wconf 79' lang='lat' dir='ltr'>(d</span> <span class='ocrx_word' id='word_1_647' title='bbox 1174 3720 1180 3749; x_wconf 89' lang='lat'><em>)</em></span> <span class='ocrx_word' id='word_1_648' title='bbox 1198 3722 1303 3745; x_wconf 69' lang='lat' dir='ltr'>PraeIQCi.</span> <span class='ocrx_word' id='word_1_649' title='bbox 1322 3722 1350 3745; x_wconf 82' lang='lat' dir='ltr'>ad</span> <span class='ocrx_word' id='word_1_650' title='bbox 1370 3721 1445 3745; x_wconf 75' lang='lat' dir='ltr'>instit.</span> <span class='ocrx_word' id='word_1_651' title='bbox 1465 3720 1554 3751; x_wconf 65' lang='lat'>§.415.</span> 
     </span>
    </p>
   </div>
   <div class='ocr_carea' id='block_1_9' title="bbox 949 108 1869 170">
    <p class='ocr_par' dir='ltr' id='par_1_9' title="bbox 949 108 1869 170">
     <span class='ocr_line' id='line_1_86' title="bbox 949 108 1869 170; baseline 0 -5"><span class='ocrx_word' id='word_1_652' title='bbox 949 114 1108 170; x_wconf 78' lang='lat' dir='ltr'>Liber</span> <span class='ocrx_word' id='word_1_653' title='bbox 1142 112 1208 165; x_wconf 83' lang='grc' dir='ltr'>ΙΙ.</span> <span class='ocrx_word' id='word_1_654' title='bbox 1243 115 1327 166; x_wconf 87' lang='lat' dir='ltr'>De</span> <span class='ocrx_word' id='word_1_655' title='bbox 1365 113 1574 167; x_wconf 83' lang='lat' dir='ltr'>Morbis</span> <span class='ocrx_word' id='word_1_656' title='bbox 1609 108 1869 166; x_wconf 74' lang='lat' dir='ltr'>Thoracis</span> 
     </span>
    </p>
   </div>
   <div class='ocr_carea' id='block_1_10' title="bbox 1406 189 2427 3580">
    <p class='ocr_par' dir='ltr' id='par_1_10' title="bbox 1407 189 2427 1889">
     <span class='ocr_line' id='line_1_87' title="bbox 1409 189 2420 236; baseline 0.003 -12"><span class='ocrx_word' id='word_1_657' title='bbox 1409 189 1581 231; x_wconf 83' lang='lat' dir='ltr'>Medicus,</span> <span class='ocrx_word' id='word_1_658' title='bbox 1606 191 1712 233; x_wconf 83' lang='lat' dir='ltr'>pulsus</span> <span class='ocrx_word' id='word_1_659' title='bbox 1734 203 1797 224; x_wconf 86' lang='lat' dir='ltr'>non</span> <span class='ocrx_word' id='word_1_660' title='bbox 1821 190 1944 224; x_wconf 86' lang='lat' dir='ltr'>modice</span> <span class='ocrx_word' id='word_1_661' title='bbox 1970 202 2119 233; x_wconf 79' lang='lat' dir='ltr'>peccare3</span> <span class='ocrx_word' id='word_1_662' title='bbox 2144 203 2250 236; x_wconf 88' lang='lat' dir='ltr'>neque</span> <span class='ocrx_word' id='word_1_663' title='bbox 2275 195 2360 227; x_wconf 86' lang='lat' dir='ltr'>enim</span> <span class='ocrx_word' id='word_1_664' title='bbox 2391 195 2420 227; x_wconf 87' lang='lat' dir='ltr'>ei</span> 
     </span>
     <span class='ocr_line' id='line_1_88' title="bbox 1410 233 2420 281; baseline 0.006 -16"><span class='ocrx_word' id='word_1_665' title='bbox 1410 233 1572 270; x_wconf 81' lang='lat' dir='ltr'>febriculae</span> <span class='ocrx_word' id='word_1_666' title='bbox 1587 235 1817 269; x_wconf 82' lang='lat' dir='ltr'>conveniebant</span> <span class='ocrx_word' id='word_1_667' title='bbox 1832 259 1842 274; x_wconf 85' lang='lat'>,</span> <span class='ocrx_word' id='word_1_668' title='bbox 1854 237 1971 277; x_wconf 81' lang='lat' dir='ltr'>quippe</span> <span class='ocrx_word' id='word_1_669' title='bbox 1986 234 2185 269; x_wconf 82' lang='lat' dir='ltr'>vehementes</span> <span class='ocrx_word' id='word_1_670' title='bbox 2197 260 2207 276; x_wconf 88' lang='lat'>,</span> <span class='ocrx_word' id='word_1_671' title='bbox 2219 238 2420 281; x_wconf 87' lang='lat' dir='ltr'>multumque</span> 
     </span>
     <span class='ocr_line' id='line_1_89' title="bbox 1412 277 2421 321; baseline 0.004 -12"><span class='ocrx_word' id='word_1_672' title='bbox 1412 278 1531 310; x_wconf 85' lang='lat' dir='ltr'>vibrati</span> <span class='ocrx_word' id='word_1_673' title='bbox 1551 302 1559 316; x_wconf 93' lang='lat'>‚</span> <span class='ocrx_word' id='word_1_674' title='bbox 1583 277 1757 319; x_wconf 79' lang='lat' dir='ltr'>praesertim&#39;</span> <span class='ocrx_word' id='word_1_675' title='bbox 1779 277 1897 312; x_wconf 81' lang='lat' dir='ltr'>finister</span> <span class='ocrx_word' id='word_1_676' title='bbox 1917 304 1924 311; x_wconf 93' lang='lat'><strong><em>.</em></strong></span> <span class='ocrx_word' id='word_1_677' title='bbox 1950 278 2107 314; x_wconf 78' lang='lat' dir='ltr'>Quaefivit</span> <span class='ocrx_word' id='word_1_678' title='bbox 2131 281 2314 321; x_wconf 85' lang='lat' dir='ltr'>continuo,</span> <span class='ocrx_word' id='word_1_679' title='bbox 2328 293 2421 315; x_wconf 84' lang='lat' dir='ltr'>num—-</span> 
     </span>
     <span class='ocr_line' id='line_1_90' title="bbox 1413 320 2419 365; baseline 0.003 -11"><span class='ocrx_word' id='word_1_680' title='bbox 1413 332 1474 363; x_wconf 92' lang='lat' dir='ltr'>qua</span> <span class='ocrx_word' id='word_1_681' title='bbox 1498 320 1677 363; x_wconf 67' lang='lat' dir='ltr'>pulsatione</span> <span class='ocrx_word' id='word_1_682' title='bbox 1701 321 1811 365; x_wconf 67' lang='lat' dir='ltr'>pectus</span> <span class='ocrx_word' id='word_1_683' title='bbox 1833 322 1990 355; x_wconf 83' lang='lat' dir='ltr'>laboraret</span> <span class='ocrx_word' id='word_1_684' title='bbox 2014 325 2023 353; x_wconf 70' lang='grc' dir='ltr'><em>ἒ</em></span> <span class='ocrx_word' id='word_1_685' title='bbox 2059 321 2139 354; x_wconf 90' lang='lat' dir='ltr'>hanc</span> <span class='ocrx_word' id='word_1_686' title='bbox 2174 325 2259 356; x_wconf 81' lang='lat' dir='ltr'>enim</span> <span class='ocrx_word' id='word_1_687' title='bbox 2293 323 2419 359; x_wconf 81' lang='lat' dir='ltr'>siluerat</span> 
     </span>
     <span class='ocr_line' id='line_1_91' title="bbox 1415 363 2419 410; baseline 0.004 -14"><span class='ocrx_word' id='word_1_688' title='bbox 1415 375 1516 405; x_wconf 69' lang='lat' dir='ltr'>aeger,</span> <span class='ocrx_word' id='word_1_689' title='bbox 1543 366 1687 406; x_wconf 87' lang='lat' dir='ltr'>quamvis</span> <span class='ocrx_word' id='word_1_690' title='bbox 1712 364 1923 406; x_wconf 82' lang='lat' dir='ltr'>diuturnam,</span> <span class='ocrx_word' id='word_1_691' title='bbox 1946 375 1980 397; x_wconf 91' lang='lat' dir='ltr'>ut</span> <span class='ocrx_word' id='word_1_692' title='bbox 2003 363 2169 404; x_wconf 85' lang='lat' dir='ltr'>diximus,</span> <span class='ocrx_word' id='word_1_693' title='bbox 2193 369 2227 399; x_wconf 27' lang='lat'>¹&amp;</span> <span class='ocrx_word' id='word_1_694' title='bbox 2260 366 2382 401; x_wconf 81' lang='lat' dir='ltr'>tantam</span> <span class='ocrx_word' id='word_1_695' title='bbox 2407 393 2419 410; x_wconf 95' lang='lat'>,</span> 
     </span>
     <span class='ocr_line' id='line_1_92' title="bbox 1416 406 2420 452; baseline 0.004 -13"><span class='ocrx_word' id='word_1_696' title='bbox 1416 417 1451 439; x_wconf 91' lang='lat' dir='ltr'>ut</span> <span class='ocrx_word' id='word_1_697' title='bbox 1475 418 1629 448; x_wconf 84' lang='lat' dir='ltr'>manum,</span> <span class='ocrx_word' id='word_1_698' title='bbox 1651 407 1707 443; x_wconf 86' lang='lat' dir='ltr'>sub</span> <span class='ocrx_word' id='word_1_699' title='bbox 1729 406 1847 441; x_wconf 81' lang='lat' dir='ltr'>sinistra</span> <span class='ocrx_word' id='word_1_700' title='bbox 1873 408 2013 442; x_wconf 84' lang='lat' dir='ltr'>mamilla</span> <span class='ocrx_word' id='word_1_701' title='bbox 2036 407 2222 449; x_wconf 84' lang='lat' dir='ltr'>admotam,</span> <span class='ocrx_word' id='word_1_702' title='bbox 2247 409 2326 452; x_wconf 81' lang='lat' dir='ltr'>saepe</span> <span class='ocrx_word' id='word_1_703' title='bbox 2348 413 2420 444; x_wconf 90' lang='lat' dir='ltr'>vio-</span> 
     </span>
     <span class='ocr_line' id='line_1_93' title="bbox 1417 450 2427 497; baseline 0.006 -15"><span class='ocrx_word' id='word_1_704' title='bbox 1417 451 1533 483; x_wconf 87' lang='lat' dir='ltr'>lentius</span> <span class='ocrx_word' id='word_1_705' title='bbox 1558 460 1704 492; x_wconf 85' lang='lat' dir='ltr'>urgeret,</span> <span class='ocrx_word' id='word_1_706' title='bbox 1727 450 1875 494; x_wconf 83' lang='lat' dir='ltr'>quasique</span> <span class='ocrx_word' id='word_1_707' title='bbox 1897 452 2062 492; x_wconf 75' lang='lat' dir='ltr'>repelleret</span> <span class='ocrx_word' id='word_1_708' title='bbox 2089 477 2095 483; x_wconf 96' lang='lat'>.</span> <span class='ocrx_word' id='word_1_709' title='bbox 2117 453 2256 497; x_wconf 82' lang='lat' dir='ltr'>Jamque</span> <span class='ocrx_word' id='word_1_710' title='bbox 2288 453 2427 497; x_wconf 85' lang='lat' dir='ltr'>spiritus-</span> 
     </span>
     <span class='ocr_line' id='line_1_94' title="bbox 1416 494 2419 537; baseline 0.006 -11"><span class='ocrx_word' id='word_1_711' title='bbox 1416 505 1478 526; x_wconf 92' lang='lat' dir='ltr'>non</span> <span class='ocrx_word' id='word_1_712' title='bbox 1502 494 1558 528; x_wconf 82' lang='lat' dir='ltr'>nili</span> <span class='ocrx_word' id='word_1_713' title='bbox 1593 495 1695 527; x_wconf 59' lang='lat' dir='ltr'>ereeta</span> <span class='ocrx_word' id='word_1_714' title='bbox 1731 496 1852 527; x_wconf 87' lang='lat' dir='ltr'>cervice</span> <span class='ocrx_word' id='word_1_715' title='bbox 1885 495 1971 528; x_wconf 87' lang='lat' dir='ltr'>trahi</span> <span class='ocrx_word' id='word_1_716' title='bbox 2006 505 2129 537; x_wconf 87' lang='lat' dir='ltr'>poterat</span> <span class='ocrx_word' id='word_1_717' title='bbox 2156 508 2164 525; x_wconf 90' lang='lat'><em>:</em></span> <span class='ocrx_word' id='word_1_718' title='bbox 2200 495 2290 537; x_wconf 87' lang='lat' dir='ltr'>sputa</span> <span class='ocrx_word' id='word_1_719' title='bbox 2321 500 2419 532; x_wconf 86' lang='lat' dir='ltr'>etiam</span> 
     </span>
     <span class='ocr_line' id='line_1_95' title="bbox 1415 536 2416 584; baseline 0.005 -14"><span class='ocrx_word' id='word_1_720' title='bbox 1415 536 1562 584; x_wconf 82' lang='lat' dir='ltr'>quaedam</span> <span class='ocrx_word' id='word_1_721' title='bbox 1588 537 1753 580; x_wconf 82' lang='lat' dir='ltr'>sanguinea</span> <span class='ocrx_word' id='word_1_722' title='bbox 1771 561 1782 576; x_wconf 90' lang='lat'>‚</span> <span class='ocrx_word' id='word_1_723' title='bbox 1813 549 1965 580; x_wconf 88' lang='lat' dir='ltr'>perpauca</span> <span class='ocrx_word' id='word_1_724' title='bbox 1996 548 2102 571; x_wconf 86' lang='lat' dir='ltr'>tamen</span> <span class='ocrx_word' id='word_1_725' title='bbox 2127 562 2138 578; x_wconf 84' lang='lat'>,</span> <span class='ocrx_word' id='word_1_726' title='bbox 2175 539 2385 577; x_wconf 84' lang='lat' dir='ltr'>reddebantur</span> <span class='ocrx_word' id='word_1_727' title='bbox 2407 569 2416 576; x_wconf 92' lang='lat'>.</span> 
     </span>
     <span class='ocr_line' id='line_1_96' title="bbox 1415 580 2417 626; baseline 0.006 -14"><span class='ocrx_word' id='word_1_728' title='bbox 1415 581 1530 626; x_wconf 73' lang='lat' dir='ltr'>Misius</span> <span class='ocrx_word' id='word_1_729' title='bbox 1555 580 1701 623; x_wconf 84' lang='lat' dir='ltr'>sanguis,</span> <span class='ocrx_word' id='word_1_730' title='bbox 1728 580 1777 614; x_wconf 84' lang='lat' dir='ltr'>sed</span> <span class='ocrx_word' id='word_1_731' title='bbox 1802 581 1839 614; x_wconf 88' lang='lat' dir='ltr'>ad</span> <span class='ocrx_word' id='word_1_732' title='bbox 1863 583 1996 619; x_wconf 84' lang='lat' dir='ltr'>uncias,</span> <span class='ocrx_word' id='word_1_733' title='bbox 2022 581 2107 615; x_wconf 86' lang='lat' dir='ltr'>haud</span> <span class='ocrx_word' id='word_1_734' title='bbox 2131 583 2292 623; x_wconf 80' lang='lat' dir='ltr'>amplius,</span> <span class='ocrx_word' id='word_1_735' title='bbox 2319 584 2417 626; x_wconf 85' lang='lat' dir='ltr'>duas,</span> 
     </span>
     <span class='ocr_line' id='line_1_97' title="bbox 1413 623 2419 667; baseline 0.007 -12"><span class='ocrx_word' id='word_1_736' title='bbox 1413 625 1481 656; x_wconf 84' lang='lat' dir='ltr'>lane</span> <span class='ocrx_word' id='word_1_737' title='bbox 1505 626 1648 666; x_wconf 86' lang='lat' dir='ltr'>optimus</span> <span class='ocrx_word' id='word_1_738' title='bbox 1671 623 1754 657; x_wconf 84' lang='lat' dir='ltr'>visus</span> <span class='ocrx_word' id='word_1_739' title='bbox 1778 623 1836 657; x_wconf 89' lang='lat' dir='ltr'>est.</span> <span class='ocrx_word' id='word_1_740' title='bbox 1859 627 1953 667; x_wconf 85' lang='lat' dir='ltr'>AEger</span> <span class='ocrx_word' id='word_1_741' title='bbox 1984 627 2101 659; x_wconf 83' lang='lat' dir='ltr'>interea</span> <span class='ocrx_word' id='word_1_742' title='bbox 2127 623 2236 659; x_wconf 74' lang='lat' dir='ltr'>senlim</span> <span class='ocrx_word' id='word_1_743' title='bbox 2270 629 2419 661; x_wconf 87' lang='lat' dir='ltr'>macilen-</span> 
     </span>
     <span class='ocr_line' id='line_1_98' title="bbox 1417 666 2417 714; baseline 0.006 -15"><span class='ocrx_word' id='word_1_744' title='bbox 1417 669 1504 706; x_wconf 87' lang='lat' dir='ltr'>tior,</span> <span class='ocrx_word' id='word_1_745' title='bbox 1531 668 1648 701; x_wconf 63' lang='lat' dir='ltr'>liectici</span> <span class='ocrx_word' id='word_1_746' title='bbox 1673 669 1791 708; x_wconf 83' lang='lat' dir='ltr'>instar,</span> <span class='ocrx_word' id='word_1_747' title='bbox 1816 666 1932 707; x_wconf 81' lang='lat' dir='ltr'>fiebat3</span> <span class='ocrx_word' id='word_1_748' title='bbox 1954 679 2009 703; x_wconf 89' lang='lat' dir='ltr'>nec</span> <span class='ocrx_word' id='word_1_749' title='bbox 2023 678 2127 702; x_wconf 85' lang='lat' dir='ltr'>tamen</span> <span class='ocrx_word' id='word_1_750' title='bbox 2142 670 2337 712; x_wconf 81' lang='lat' dir='ltr'>plurimum5</span> <span class='ocrx_word' id='word_1_751' title='bbox 2363 684 2417 714; x_wconf 91' lang='lat' dir='ltr'>pe-</span> 
     </span>
     <span class='ocr_line' id='line_1_99' title="bbox 1414 711 2416 755; baseline 0.006 -12"><span class='ocrx_word' id='word_1_752' title='bbox 1414 712 1469 743; x_wconf 88' lang='lat' dir='ltr'>des</span> <span class='ocrx_word' id='word_1_753' title='bbox 1492 711 1651 744; x_wconf 84' lang='lat' dir='ltr'>oedemate</span> <span class='ocrx_word' id='word_1_754' title='bbox 1675 721 1828 745; x_wconf 85' lang='lat' dir='ltr'>tumentes</span> <span class='ocrx_word' id='word_1_755' title='bbox 1843 734 1855 751; x_wconf 89' lang='lat'>,</span> <span class='ocrx_word' id='word_1_756' title='bbox 1876 712 1957 745; x_wconf 87' lang='lat' dir='ltr'>vires</span> <span class='ocrx_word' id='word_1_757' title='bbox 1979 712 2149 746; x_wconf 84' lang='lat' dir='ltr'>debiliores</span> <span class='ocrx_word' id='word_1_758' title='bbox 2170 736 2182 752; x_wconf 86' lang='lat'>,</span> <span class='ocrx_word' id='word_1_759' title='bbox 2214 714 2320 755; x_wconf 82' lang='lat' dir='ltr'>pullus</span> <span class='ocrx_word' id='word_1_760' title='bbox 2358 714 2416 749; x_wconf 87' lang='lat' dir='ltr'>hu-</span> 
     </span>
     <span class='ocr_line' id='line_1_100' title="bbox 1416 755 2415 799; baseline 0.005 -13"><span class='ocrx_word' id='word_1_761' title='bbox 1416 755 1549 794; x_wconf 85' lang='lat' dir='ltr'>milior,</span> <span class='ocrx_word' id='word_1_762' title='bbox 1573 755 1752 788; x_wconf 86' lang='lat' dir='ltr'>vibratione</span> <span class='ocrx_word' id='word_1_763' title='bbox 1776 765 1882 787; x_wconf 86' lang='lat' dir='ltr'>tamen</span> <span class='ocrx_word' id='word_1_764' title='bbox 1906 766 1971 788; x_wconf 86' lang='lat' dir='ltr'>nou</span> <span class='ocrx_word' id='word_1_765' title='bbox 1994 755 2121 794; x_wconf 80' lang='lat' dir='ltr'>amissa,</span> <span class='ocrx_word' id='word_1_766' title='bbox 2148 756 2265 799; x_wconf 88' lang='lat' dir='ltr'>illaque</span> <span class='ocrx_word' id='word_1_767' title='bbox 2277 758 2415 799; x_wconf 76' lang='lat' dir='ltr'>perstan-</span> 
     </span>
     <span class='ocr_line' id='line_1_101' title="bbox 1416 797 2415 844; baseline 0.004 -14"><span class='ocrx_word' id='word_1_768' title='bbox 1416 807 1447 830; x_wconf 85' lang='lat' dir='ltr'>te</span> <span class='ocrx_word' id='word_1_769' title='bbox 1470 797 1524 831; x_wconf 90' lang='lat' dir='ltr'>sub</span> <span class='ocrx_word' id='word_1_770' title='bbox 1547 798 1690 832; x_wconf 82' lang='lat' dir='ltr'>mamilla</span> <span class='ocrx_word' id='word_1_771' title='bbox 1715 798 1911 840; x_wconf 87' lang='lat' dir='ltr'>pulsatione.</span> <span class='ocrx_word' id='word_1_772' title='bbox 1938 799 2030 841; x_wconf 84' lang='lat' dir='ltr'>Qin</span> <span class='ocrx_word' id='word_1_773' title='bbox 2054 800 2105 833; x_wconf 88' lang='lat' dir='ltr'>die</span> <span class='ocrx_word' id='word_1_774' title='bbox 2129 812 2167 833; x_wconf 85' lang='lat' dir='ltr'>ex</span> <span class='ocrx_word' id='word_1_775' title='bbox 2189 812 2254 844; x_wconf 88' lang='lat' dir='ltr'>quo</span> <span class='ocrx_word' id='word_1_776' title='bbox 2276 800 2415 836; x_wconf 81' lang='lat' dir='ltr'>febricu-</span> 
     </span>
     <span class='ocr_line' id='line_1_102' title="bbox 1416 840 2414 887; baseline 0.005 -13"><span class='ocrx_word' id='word_1_777' title='bbox 1416 842 1446 874; x_wconf 87' lang='lat' dir='ltr'>la</span> <span class='ocrx_word' id='word_1_778' title='bbox 1469 841 1645 879; x_wconf 76' lang='lat' dir='ltr'>invaserat,</span> <span class='ocrx_word' id='word_1_779' title='bbox 1668 843 1796 874; x_wconf 86' lang='lat' dir='ltr'>circiter</span> <span class='ocrx_word' id='word_1_780' title='bbox 1818 840 2085 885; x_wconf 77' lang='lat' dir='ltr'>quadragesimo,</span> <span class='ocrx_word' id='word_1_781' title='bbox 2118 841 2195 875; x_wconf 87' lang='lat' dir='ltr'>hora</span> <span class='ocrx_word' id='word_1_782' title='bbox 2230 856 2290 877; x_wconf 88' lang='lat' dir='ltr'>una</span> <span class='ocrx_word' id='word_1_783' title='bbox 2327 849 2414 887; x_wconf 88' lang='lat' dir='ltr'>prius</span> 
     </span>
     <span class='ocr_line' id='line_1_103' title="bbox 1417 884 2414 931; baseline 0.006 -14"><span class='ocrx_word' id='word_1_784' title='bbox 1417 896 1512 927; x_wconf 84' lang='lat' dir='ltr'>quam</span> <span class='ocrx_word' id='word_1_785' title='bbox 1534 885 1661 926; x_wconf 89' lang='lat' dir='ltr'>obiret,</span> <span class='ocrx_word' id='word_1_786' title='bbox 1687 886 1849 925; x_wconf 86' lang='lat' dir='ltr'>maxima,</span> <span class='ocrx_word' id='word_1_787' title='bbox 1871 884 1892 917; x_wconf 83' lang='lat' dir='ltr'>fi</span> <span class='ocrx_word' id='word_1_788' title='bbox 1917 896 2057 928; x_wconf 84' lang='lat' dir='ltr'>unquam</span> <span class='ocrx_word' id='word_1_789' title='bbox 2082 887 2157 920; x_wconf 87' lang='lat' dir='ltr'>alias</span> <span class='ocrx_word' id='word_1_790' title='bbox 2172 911 2183 926; x_wconf 89' lang='lat'>,</span> <span class='ocrx_word' id='word_1_791' title='bbox 2205 898 2239 919; x_wconf 86' lang='lat' dir='ltr'>ea</span> <span class='ocrx_word' id='word_1_792' title='bbox 2275 889 2414 931; x_wconf 80' lang='lat' dir='ltr'>pulsatio</span> 
     </span>
     <span class='ocr_line' id='line_1_104' title="bbox 1414 928 2414 973; baseline 0.004 -11"><span class='ocrx_word' id='word_1_793' title='bbox 1414 929 1495 962; x_wconf 64' lang='lat' dir='ltr'>faeta</span> <span class='ocrx_word' id='word_1_794' title='bbox 1521 928 1563 963; x_wconf 87' lang='lat' dir='ltr'>est</span> <span class='ocrx_word' id='word_1_795' title='bbox 1587 954 1593 961; x_wconf 93' lang='lat'><strong>.</strong></span> <span class='ocrx_word' id='word_1_796' title='bbox 1729 930 1932 962; x_wconf 71' lang='lat' dir='ltr'>VENTER</span> <span class='ocrx_word' id='word_1_797' title='bbox 1956 928 2038 963; x_wconf 87' lang='lat' dir='ltr'>nihil</span> <span class='ocrx_word' id='word_1_798' title='bbox 2064 929 2159 963; x_wconf 86' lang='lat' dir='ltr'>ferme</span> <span class='ocrx_word' id='word_1_799' title='bbox 2185 941 2300 973; x_wconf 79' lang='lat' dir='ltr'>praeter</span> <span class='ocrx_word' id='word_1_800' title='bbox 2322 944 2414 967; x_wconf 85' lang='lat' dir='ltr'>natu-</span> 
     </span>
     <span class='ocr_line' id='line_1_105' title="bbox 1413 971 2413 1018; baseline 0.005 -14"><span class='ocrx_word' id='word_1_801' title='bbox 1413 984 1480 1005; x_wconf 83' lang='lat' dir='ltr'>ram</span> <span class='ocrx_word' id='word_1_802' title='bbox 1504 971 1639 1010; x_wconf 87' lang='lat' dir='ltr'>habuit,</span> <span class='ocrx_word' id='word_1_803' title='bbox 1664 972 1720 1007; x_wconf 85' lang='lat' dir='ltr'>nifi</span> <span class='ocrx_word' id='word_1_804' title='bbox 1745 973 1883 1011; x_wconf 82' lang='lat' dir='ltr'>lienem,</span> <span class='ocrx_word' id='word_1_805' title='bbox 1907 971 1985 1014; x_wconf 67' lang='lat' dir='ltr'>justa</span> <span class='ocrx_word' id='word_1_806' title='bbox 2008 974 2138 1017; x_wconf 89' lang='lat' dir='ltr'>quidem</span> <span class='ocrx_word' id='word_1_807' title='bbox 2166 975 2413 1018; x_wconf 77' lang='lat' dir='ltr'>magnitudine,</span> 
     </span>
     <span class='ocr_line' id='line_1_106' title="bbox 1411 1014 2411 1059; baseline 0.005 -11"><span class='ocrx_word' id='word_1_808' title='bbox 1411 1014 1461 1049; x_wconf 89' lang='lat' dir='ltr'>sed</span> <span class='ocrx_word' id='word_1_809' title='bbox 1483 1015 1599 1050; x_wconf 88' lang='lat' dir='ltr'>durum</span> <span class='ocrx_word' id='word_1_810' title='bbox 1620 1036 1629 1054; x_wconf 75' lang='lat'><em>⁵</em></span> <span class='ocrx_word' id='word_1_811' title='bbox 1664 1019 1694 1049; x_wconf 69' lang='grc' dir='ltr'>δε</span> <span class='ocrx_word' id='word_1_812' title='bbox 1726 1017 1910 1059; x_wconf 70' lang='lat' dir='ltr'>pei-nigrum</span> <span class='ocrx_word' id='word_1_813' title='bbox 1931 1040 1939 1048; x_wconf 92' lang='lat'>.</span> <span class='ocrx_word' id='word_1_814' title='bbox 2075 1020 2112 1050; x_wconf 88' lang='lat' dir='ltr'>In</span> <span class='ocrx_word' id='word_1_815' title='bbox 2145 1018 2295 1051; x_wconf 84' lang='lat' dir='ltr'>Thorace</span> <span class='ocrx_word' id='word_1_816' title='bbox 2328 1020 2411 1054; x_wconf 87' lang='lat' dir='ltr'>nihil</span> 
     </span>
     <span class='ocr_line' id='line_1_107' title="bbox 1410 1062 2413 1104; baseline 0.007 -14"><span class='ocrx_word' id='word_1_817' title='bbox 1410 1071 1519 1102; x_wconf 67' lang='lat' dir='ltr'>aquae,</span> <span class='ocrx_word' id='word_1_818' title='bbox 1545 1070 1579 1093; x_wconf 90' lang='lat' dir='ltr'>ut</span> <span class='ocrx_word' id='word_1_819' title='bbox 1604 1071 1703 1103; x_wconf 89' lang='lat' dir='ltr'>neque</span> <span class='ocrx_word' id='word_1_820' title='bbox 1726 1063 1759 1092; x_wconf 84' lang='lat' dir='ltr'>iu</span> <span class='ocrx_word' id='word_1_821' title='bbox 1783 1069 1890 1092; x_wconf 88' lang='lat' dir='ltr'>ventre</span> <span class='ocrx_word' id='word_1_822' title='bbox 1906 1086 1913 1098; x_wconf 94' lang='lat'>,</span> <span class='ocrx_word' id='word_1_823' title='bbox 1939 1070 2038 1103; x_wconf 85' lang='lat' dir='ltr'>neque</span> <span class='ocrx_word' id='word_1_824' title='bbox 2061 1062 2094 1094; x_wconf 90' lang='lat' dir='ltr'>in</span> <span class='ocrx_word' id='word_1_825' title='bbox 2109 1062 2311 1104; x_wconf 84' lang='lat' dir='ltr'>pericardio,</span> <span class='ocrx_word' id='word_1_826' title='bbox 2329 1075 2413 1097; x_wconf 82' lang='lat' dir='ltr'>con-</span> 
     </span>
     <span class='ocr_line' id='line_1_108' title="bbox 1407 1102 2409 1147; baseline 0.007 -13"><span class='ocrx_word' id='word_1_827' title='bbox 1407 1102 1527 1144; x_wconf 80' lang='lat' dir='ltr'>gestum</span> <span class='ocrx_word' id='word_1_828' title='bbox 1552 1113 1635 1136; x_wconf 87' lang='lat' dir='ltr'>erat.</span> <span class='ocrx_word' id='word_1_829' title='bbox 1663 1105 1731 1136; x_wconf 87' lang='lat' dir='ltr'>Cor</span> <span class='ocrx_word' id='word_1_830' title='bbox 1752 1114 1827 1136; x_wconf 86' lang='lat' dir='ltr'>vero</span> <span class='ocrx_word' id='word_1_831' title='bbox 1849 1105 2027 1137; x_wconf 83' lang='lat' dir='ltr'>maximum</span> <span class='ocrx_word' id='word_1_832' title='bbox 2045 1128 2052 1143; x_wconf 97' lang='lat'>,</span> <span class='ocrx_word' id='word_1_833' title='bbox 2075 1107 2180 1142; x_wconf 90' lang='lat' dir='ltr'>venis,</span> <span class='ocrx_word' id='word_1_834' title='bbox 2205 1116 2258 1146; x_wconf 87' lang='lat' dir='ltr'>per</span> <span class='ocrx_word' id='word_1_835' title='bbox 2280 1106 2345 1147; x_wconf 81' lang='lat' dir='ltr'>ejus</span> <span class='ocrx_word' id='word_1_836' title='bbox 2361 1107 2409 1141; x_wconf 87' lang='lat' dir='ltr'>fa-</span> 
     </span>
     <span class='ocr_line' id='line_1_109' title="bbox 1407 1145 2414 1191; baseline 0.007 -13"><span class='ocrx_word' id='word_1_837' title='bbox 1407 1148 1489 1179; x_wconf 88' lang='lat' dir='ltr'>ciem</span> <span class='ocrx_word' id='word_1_838' title='bbox 1515 1147 1731 1189; x_wconf 77' lang='lat' dir='ltr'>reptantibus,</span> <span class='ocrx_word' id='word_1_839' title='bbox 1754 1145 1920 1185; x_wconf 74' lang='lat' dir='ltr'>dilatatis,</span> <span class='ocrx_word' id='word_1_840' title='bbox 1944 1151 1975 1181; x_wconf 81' lang='lat'>&amp;</span> <span class='ocrx_word' id='word_1_841' title='bbox 1998 1146 2083 1191; x_wconf 80' lang='lat' dir='ltr'>quafi</span> <span class='ocrx_word' id='word_1_842' title='bbox 2107 1148 2253 1182; x_wconf 82' lang='lat' dir='ltr'>varicosis</span> <span class='ocrx_word' id='word_1_843' title='bbox 2273 1175 2279 1180; x_wconf 96' lang='lat'>.</span> <span class='ocrx_word' id='word_1_844' title='bbox 2320 1152 2414 1185; x_wconf 68' lang='lat' dir='ltr'>Seeto</span> 
     </span>
     <span class='ocr_line' id='line_1_110' title="bbox 1413 1190 2413 1236; baseline 0.008 -17"><span class='ocrx_word' id='word_1_845' title='bbox 1413 1192 1596 1223; x_wconf 83' lang='lat' dir='ltr'>ventriculo</span> <span class='ocrx_word' id='word_1_846' title='bbox 1619 1190 1777 1229; x_wconf 67' lang='lat' dir='ltr'>dexeero,</span> <span class='ocrx_word' id='word_1_847' title='bbox 1801 1192 1834 1222; x_wconf 91' lang='lat' dir='ltr'>in</span> <span class='ocrx_word' id='word_1_848' title='bbox 1856 1202 1922 1232; x_wconf 92' lang='lat' dir='ltr'>quo</span> <span class='ocrx_word' id='word_1_849' title='bbox 1946 1191 2022 1225; x_wconf 80' lang='lat' dir='ltr'>levis</span> <span class='ocrx_word' id='word_1_850' title='bbox 2045 1194 2211 1225; x_wconf 85' lang='lat' dir='ltr'>concretio</span> <span class='ocrx_word' id='word_1_851' title='bbox 2235 1194 2413 1236; x_wconf 84' lang='lat' dir='ltr'>polyposa,</span> 
     </span>
     <span class='ocr_line' id='line_1_111' title="bbox 1412 1232 2412 1277; baseline 0.004 -10"><span class='ocrx_word' id='word_1_852' title='bbox 1412 1237 1444 1267; x_wconf 70' lang='grc' dir='ltr'>δε</span> <span class='ocrx_word' id='word_1_853' title='bbox 1468 1233 1611 1274; x_wconf 75' lang='lat' dir='ltr'>sinistro,</span> <span class='ocrx_word' id='word_1_854' title='bbox 1637 1235 1669 1266; x_wconf 88' lang='lat' dir='ltr'>in</span> <span class='ocrx_word' id='word_1_855' title='bbox 1694 1245 1760 1277; x_wconf 81' lang='lat' dir='ltr'>quo</span> <span class='ocrx_word' id='word_1_856' title='bbox 1793 1232 1876 1266; x_wconf 86' lang='lat' dir='ltr'>nihil</span> <span class='ocrx_word' id='word_1_857' title='bbox 1912 1235 1972 1267; x_wconf 85' lang='lat' dir='ltr'>tale</span> <span class='ocrx_word' id='word_1_858' title='bbox 1992 1258 2004 1275; x_wconf 92' lang='lat'>,</span> <span class='ocrx_word' id='word_1_859' title='bbox 2038 1234 2129 1269; x_wconf 81' lang='lat' dir='ltr'>simul</span> <span class='ocrx_word' id='word_1_860' title='bbox 2162 1247 2271 1269; x_wconf 86' lang='lat' dir='ltr'>omnes</span> <span class='ocrx_word' id='word_1_861' title='bbox 2304 1238 2412 1272; x_wconf 86' lang='lat' dir='ltr'>cordis</span> 
     </span>
     <span class='ocr_line' id='line_1_112' title="bbox 1412 1276 2416 1319; baseline 0.001 -9"><span class='ocrx_word' id='word_1_862' title='bbox 1412 1279 1548 1319; x_wconf 87' lang='lat' dir='ltr'>parietes</span> <span class='ocrx_word' id='word_1_863' title='bbox 1571 1278 1728 1311; x_wconf 80' lang='lat' dir='ltr'>crassiores</span> <span class='ocrx_word' id='word_1_864' title='bbox 1752 1278 1875 1315; x_wconf 84' lang='lat' dir='ltr'>inventi</span> <span class='ocrx_word' id='word_1_865' title='bbox 1899 1276 1990 1318; x_wconf 89' lang='lat' dir='ltr'>sunt,</span> <span class='ocrx_word' id='word_1_866' title='bbox 2014 1277 2107 1311; x_wconf 83' lang='lat' dir='ltr'>simul</span> <span class='ocrx_word' id='word_1_867' title='bbox 2132 1279 2227 1313; x_wconf 87' lang='lat' dir='ltr'>ambo</span> <span class='ocrx_word' id='word_1_868' title='bbox 2251 1283 2416 1316; x_wconf 81' lang='lat' dir='ltr'>ventricu-</span> 
     </span>
     <span class='ocr_line' id='line_1_113' title="bbox 1412 1320 2414 1367; baseline 0.001 -14"><span class='ocrx_word' id='word_1_869' title='bbox 1412 1322 1435 1354; x_wconf 91' lang='lat' dir='ltr'>li</span> <span class='ocrx_word' id='word_1_870' title='bbox 1460 1321 1610 1362; x_wconf 79' lang='lat' dir='ltr'>dilatati,</span> <span class='ocrx_word' id='word_1_871' title='bbox 1634 1321 1738 1354; x_wconf 88' lang='lat' dir='ltr'>multo</span> <span class='ocrx_word' id='word_1_872' title='bbox 1761 1330 1867 1354; x_wconf 87' lang='lat' dir='ltr'>autem</span> <span class='ocrx_word' id='word_1_873' title='bbox 1893 1324 1993 1363; x_wconf 82' lang='lat' dir='ltr'>magis</span> <span class='ocrx_word' id='word_1_874' title='bbox 2018 1320 2159 1360; x_wconf 83' lang='lat' dir='ltr'>sinister,</span> <span class='ocrx_word' id='word_1_875' title='bbox 2183 1324 2216 1355; x_wconf 91' lang='lat' dir='ltr'>in</span> <span class='ocrx_word' id='word_1_876' title='bbox 2240 1336 2306 1367; x_wconf 90' lang='lat' dir='ltr'>quo</span> <span class='ocrx_word' id='word_1_877' title='bbox 2343 1325 2414 1358; x_wconf 88' lang='lat' dir='ltr'>Mi-</span> 
     </span>
     <span class='ocr_line' id='line_1_114' title="bbox 1412 1364 2412 1409; baseline 0.003 -11"><span class='ocrx_word' id='word_1_878' title='bbox 1412 1366 1504 1399; x_wconf 87' lang='lat' dir='ltr'>trales</span> <span class='ocrx_word' id='word_1_879' title='bbox 1526 1365 1667 1399; x_wconf 80' lang='lat' dir='ltr'>valvulas</span> <span class='ocrx_word' id='word_1_880' title='bbox 1693 1365 1795 1398; x_wconf 80' lang='lat' dir='ltr'>ferme</span> <span class='ocrx_word' id='word_1_881' title='bbox 1826 1364 1928 1406; x_wconf 89' lang='lat' dir='ltr'>triplo</span> <span class='ocrx_word' id='word_1_882' title='bbox 1962 1364 2095 1407; x_wconf 83' lang='lat' dir='ltr'>majores</span> <span class='ocrx_word' id='word_1_883' title='bbox 2129 1378 2225 1409; x_wconf 85' lang='lat' dir='ltr'>quam</span> <span class='ocrx_word' id='word_1_884' title='bbox 2261 1367 2380 1402; x_wconf 86' lang='lat' dir='ltr'>soleant</span> <span class='ocrx_word' id='word_1_885' title='bbox 2403 1392 2412 1406; x_wconf 89' lang='lat'><strong><em>‚</em></strong></span> 
     </span>
     <span class='ocr_line' id='line_1_115' title="bbox 1410 1408 2413 1452; baseline -0.001 -11"><span class='ocrx_word' id='word_1_886' title='bbox 1410 1409 1632 1452; x_wconf 86' lang='lat' dir='ltr'>columnasque</span> <span class='ocrx_word' id='word_1_887' title='bbox 1657 1408 1694 1441; x_wconf 89' lang='lat' dir='ltr'>ad</span> <span class='ocrx_word' id='word_1_888' title='bbox 1717 1419 1792 1451; x_wconf 82' lang='lat' dir='ltr'>quas</span> <span class='ocrx_word' id='word_1_889' title='bbox 1816 1408 2008 1449; x_wconf 76' lang='lat' dir='ltr'>alligamur,</span> <span class='ocrx_word' id='word_1_890' title='bbox 2032 1411 2203 1450; x_wconf 84' lang='lat' dir='ltr'>ampliores</span> <span class='ocrx_word' id='word_1_891' title='bbox 2215 1411 2413 1446; x_wconf 72' lang='lat' dir='ltr'>animadver-</span> 
     </span>
     <span class='ocr_line' id='line_1_116' title="bbox 1411 1451 2413 1498; baseline 0.005 -13"><span class='ocrx_word' id='word_1_892' title='bbox 1411 1454 1457 1485; x_wconf 89' lang='lat' dir='ltr'>ti.</span> <span class='ocrx_word' id='word_1_893' title='bbox 1483 1454 1600 1495; x_wconf 83' lang='lat' dir='ltr'>Magna</span> <span class='ocrx_word' id='word_1_894' title='bbox 1624 1464 1749 1495; x_wconf 86' lang='lat' dir='ltr'>quoque</span> <span class='ocrx_word' id='word_1_895' title='bbox 1774 1454 1887 1484; x_wconf 85' lang='lat' dir='ltr'>arteria</span> <span class='ocrx_word' id='word_1_896' title='bbox 1910 1463 1927 1484; x_wconf 87' lang='lat' dir='ltr'>a</span> <span class='ocrx_word' id='word_1_897' title='bbox 1952 1451 2046 1484; x_wconf 80' lang='lat' dir='ltr'>corde</span> <span class='ocrx_word' id='word_1_898' title='bbox 2071 1453 2107 1486; x_wconf 77' lang='lat' dir='ltr'>ad</span> <span class='ocrx_word' id='word_1_899' title='bbox 2130 1455 2283 1487; x_wconf 78' lang='lat' dir='ltr'>viciniam</span> <span class='ocrx_word' id='word_1_900' title='bbox 2315 1456 2413 1498; x_wconf 87' lang='lat' dir='ltr'>usque</span> 
     </span>
     <span class='ocr_line' id='line_1_117' title="bbox 1410 1496 2414 1541; baseline 0.004 -12"><span class='ocrx_word' id='word_1_901' title='bbox 1410 1497 1656 1539; x_wconf 80' lang='lat' dir='ltr'>Emulgentiurn</span> <span class='ocrx_word' id='word_1_902' title='bbox 1679 1497 1783 1529; x_wconf 90' lang='lat' dir='ltr'>multo</span> <span class='ocrx_word' id='word_1_903' title='bbox 1806 1496 1926 1535; x_wconf 88' lang='lat' dir='ltr'>latior,</span> <span class='ocrx_word' id='word_1_904' title='bbox 1951 1504 2088 1538; x_wconf 88' lang='lat' dir='ltr'>totoque</span> <span class='ocrx_word' id='word_1_905' title='bbox 2111 1509 2149 1529; x_wconf 91' lang='lat' dir='ltr'>eo</span> <span class='ocrx_word' id='word_1_906' title='bbox 2172 1499 2278 1532; x_wconf 60' lang='lat' dir='ltr'>traetu</span> <span class='ocrx_word' id='word_1_907' title='bbox 2309 1499 2414 1541; x_wconf 83' lang='lat' dir='ltr'>rigida</span> 
     </span>
     <span class='ocr_line' id='line_1_118' title="bbox 1410 1537 2414 1583; baseline 0.002 -11"><span class='ocrx_word' id='word_1_908' title='bbox 1410 1539 1454 1572; x_wconf 92' lang='lat' dir='ltr'>ob</span> <span class='ocrx_word' id='word_1_909' title='bbox 1477 1540 1600 1574; x_wconf 90' lang='lat' dir='ltr'>crebras</span> <span class='ocrx_word' id='word_1_910' title='bbox 1613 1563 1622 1579; x_wconf 91' lang='lat'>‚</span> <span class='ocrx_word' id='word_1_911' title='bbox 1648 1551 1725 1583; x_wconf 84' lang='lat' dir='ltr'>quas</span> <span class='ocrx_word' id='word_1_912' title='bbox 1747 1540 1834 1572; x_wconf 85' lang='lat' dir='ltr'>intus</span> <span class='ocrx_word' id='word_1_913' title='bbox 1853 1537 2014 1580; x_wconf 85' lang='lat' dir='ltr'>ostendit,</span> <span class='ocrx_word' id='word_1_914' title='bbox 2039 1541 2177 1575; x_wconf 81' lang='lat' dir='ltr'>lamellas</span> <span class='ocrx_word' id='word_1_915' title='bbox 2192 1541 2305 1576; x_wconf 83' lang='lat' dir='ltr'>osseas.</span> <span class='ocrx_word' id='word_1_916' title='bbox 2324 1545 2414 1577; x_wconf 88' lang='lat' dir='ltr'>Dum</span> 
     </span>
     <span class='ocr_line' id='line_1_119' title="bbox 1410 1581 2413 1628; baseline 0.004 -12"><span class='ocrx_word' id='word_1_917' title='bbox 1410 1584 1444 1616; x_wconf 83' lang='lat' dir='ltr'>ea</span> <span class='ocrx_word' id='word_1_918' title='bbox 1466 1595 1535 1626; x_wconf 85' lang='lat' dir='ltr'>quae</span> <span class='ocrx_word' id='word_1_919' title='bbox 1559 1584 1650 1621; x_wconf 81' lang='lat' dir='ltr'>dixi,</span> <span class='ocrx_word' id='word_1_920' title='bbox 1674 1582 1813 1625; x_wconf 60' lang='lat' dir='ltr'>inspeeta</span> <span class='ocrx_word' id='word_1_921' title='bbox 1837 1581 1909 1615; x_wconf 89' lang='lat' dir='ltr'>sunt</span> <span class='ocrx_word' id='word_1_922' title='bbox 1924 1605 1936 1621; x_wconf 82' lang='lat'>,</span> <span class='ocrx_word' id='word_1_923' title='bbox 1960 1585 1991 1615; x_wconf 69' lang='grc' dir='ltr'>δε</span> <span class='ocrx_word' id='word_1_924' title='bbox 2015 1594 2071 1615; x_wconf 94' lang='lat' dir='ltr'>cor</span> <span class='ocrx_word' id='word_1_925' title='bbox 2093 1595 2110 1616; x_wconf 80' lang='lat' dir='ltr'>a</span> <span class='ocrx_word' id='word_1_926' title='bbox 2132 1584 2208 1618; x_wconf 83' lang='lat' dir='ltr'>vasis</span> <span class='ocrx_word' id='word_1_927' title='bbox 2231 1585 2273 1619; x_wconf 83' lang='lat' dir='ltr'>est</span> <span class='ocrx_word' id='word_1_928' title='bbox 2297 1598 2413 1628; x_wconf 81' lang='lat' dir='ltr'>ampu-</span> 
     </span>
     <span class='ocr_line' id='line_1_120' title="bbox 1410 1626 2415 1668; baseline 0.003 -7"><span class='ocrx_word' id='word_1_929' title='bbox 1410 1637 1534 1665; x_wconf 86' lang='lat' dir='ltr'>tatum,</span> <span class='ocrx_word' id='word_1_930' title='bbox 1559 1639 1597 1660; x_wconf 86' lang='lat' dir='ltr'>ex</span> <span class='ocrx_word' id='word_1_931' title='bbox 1621 1627 1670 1660; x_wconf 87' lang='lat' dir='ltr'>his</span> <span class='ocrx_word' id='word_1_932' title='bbox 1695 1637 1808 1668; x_wconf 83' lang='lat' dir='ltr'>magna</span> <span class='ocrx_word' id='word_1_933' title='bbox 1830 1627 1876 1658; x_wconf 88' lang='lat' dir='ltr'>vis</span> <span class='ocrx_word' id='word_1_934' title='bbox 1900 1626 2006 1667; x_wconf 81' lang='lat' dir='ltr'>nigri,</span> <span class='ocrx_word' id='word_1_935' title='bbox 2029 1629 2060 1660; x_wconf 84' lang='lat'>&amp;</span> <span class='ocrx_word' id='word_1_936' title='bbox 2093 1627 2310 1662; x_wconf 87' lang='lat' dir='ltr'>semiconcreti</span> <span class='ocrx_word' id='word_1_937' title='bbox 2345 1630 2415 1664; x_wconf 85' lang='lat' dir='ltr'>san-</span> 
     </span>
     <span class='ocr_line' id='line_1_121' title="bbox 1411 1669 2413 1716; baseline 0.003 -12"><span class='ocrx_word' id='word_1_938' title='bbox 1411 1673 1518 1713; x_wconf 82' lang='lat' dir='ltr'>guinis</span> <span class='ocrx_word' id='word_1_939' title='bbox 1543 1669 1686 1709; x_wconf 84' lang='lat' dir='ltr'>excidit,</span> <span class='ocrx_word' id='word_1_940' title='bbox 1709 1670 1799 1710; x_wconf 77' lang='lat' dir='ltr'>cujus</span> <span class='ocrx_word' id='word_1_941' title='bbox 1823 1670 1920 1701; x_wconf 81' lang='lat' dir='ltr'>etiarn</span> <span class='ocrx_word' id='word_1_942' title='bbox 1944 1669 2099 1711; x_wconf 75' lang='lat' dir='ltr'>oblongus</span> <span class='ocrx_word' id='word_1_943' title='bbox 2130 1671 2216 1714; x_wconf 80' lang='lat' dir='ltr'>quali</span> <span class='ocrx_word' id='word_1_944' title='bbox 2248 1673 2413 1716; x_wconf 86' lang='lat' dir='ltr'>cylindrus</span> 
     </span>
     <span class='ocr_line' id='line_1_122' title="bbox 1411 1712 2414 1758; baseline 0.004 -11"><span class='ocrx_word' id='word_1_945' title='bbox 1411 1725 1474 1747; x_wconf 89' lang='lat' dir='ltr'>non</span> <span class='ocrx_word' id='word_1_946' title='bbox 1500 1714 1583 1747; x_wconf 75' lang='lat' dir='ltr'>secus</span> <span class='ocrx_word' id='word_1_947' title='bbox 1607 1725 1640 1747; x_wconf 87' lang='lat' dir='ltr'>ac</span> <span class='ocrx_word' id='word_1_948' title='bbox 1665 1712 1790 1756; x_wconf 79' lang='lat' dir='ltr'>gladius</span> <span class='ocrx_word' id='word_1_949' title='bbox 1812 1723 1830 1743; x_wconf 87' lang='lat' dir='ltr'>e</span> <span class='ocrx_word' id='word_1_950' title='bbox 1853 1713 1989 1753; x_wconf 76' lang='lat' dir='ltr'>vagina,</span> <span class='ocrx_word' id='word_1_951' title='bbox 2015 1725 2053 1745; x_wconf 88' lang='lat' dir='ltr'>ex</span> <span class='ocrx_word' id='word_1_952' title='bbox 2075 1724 2140 1746; x_wconf 90' lang='lat' dir='ltr'>uno</span> <span class='ocrx_word' id='word_1_953' title='bbox 2162 1727 2271 1749; x_wconf 87' lang='lat' dir='ltr'>eorum</span> <span class='ocrx_word' id='word_1_954' title='bbox 2287 1743 2296 1758; x_wconf 91' lang='lat'><em>‚</em></span> <span class='ocrx_word' id='word_1_955' title='bbox 2337 1728 2414 1758; x_wconf 81' lang='lat' dir='ltr'>puta</span> 
     </span>
     <span class='ocr_line' id='line_1_123' title="bbox 1412 1753 2415 1801; baseline 0.004 -11"><span class='ocrx_word' id='word_1_956' title='bbox 1412 1760 1581 1800; x_wconf 84' lang='lat' dir='ltr'>Superiore</span> <span class='ocrx_word' id='word_1_957' title='bbox 1604 1768 1681 1790; x_wconf 86' lang='lat' dir='ltr'>vena</span> <span class='ocrx_word' id='word_1_958' title='bbox 1702 1759 1813 1795; x_wconf 87' lang='lat' dir='ltr'>Cava,</span> <span class='ocrx_word' id='word_1_959' title='bbox 1836 1753 1968 1801; x_wconf 63' lang='lat' dir='ltr'>eductus</span> <span class='ocrx_word' id='word_1_960' title='bbox 1992 1755 2051 1789; x_wconf 79' lang='lat' dir='ltr'>est.</span> <span class='ocrx_word' id='word_1_961' title='bbox 2089 1758 2256 1792; x_wconf 82' lang='lat' dir='ltr'>Pulmones</span> <span class='ocrx_word' id='word_1_962' title='bbox 2278 1784 2289 1800; x_wconf 87' lang='lat'>,</span> <span class='ocrx_word' id='word_1_963' title='bbox 2323 1759 2415 1794; x_wconf 90' lang='lat' dir='ltr'>disse-</span> 
     </span>
     <span class='ocr_line' id='line_1_124' title="bbox 1409 1798 2415 1843; baseline 0.005 -10"><span class='ocrx_word' id='word_1_964' title='bbox 1409 1802 1536 1841; x_wconf 84' lang='lat' dir='ltr'>cando,</span> <span class='ocrx_word' id='word_1_965' title='bbox 1559 1801 1712 1843; x_wconf 84' lang='lat' dir='ltr'>variegati</span> <span class='ocrx_word' id='word_1_966' title='bbox 1730 1824 1739 1838; x_wconf 90' lang='lat'>‚</span> <span class='ocrx_word' id='word_1_967' title='bbox 1764 1802 1796 1832; x_wconf 74' lang='grc' dir='ltr'>δε</span> <span class='ocrx_word' id='word_1_968' title='bbox 1823 1798 1970 1841; x_wconf 76' lang='lat' dir='ltr'>spumoso</span> <span class='ocrx_word' id='word_1_969' title='bbox 1993 1798 2127 1832; x_wconf 88' lang='lat' dir='ltr'>humore</span> <span class='ocrx_word' id='word_1_970' title='bbox 2161 1801 2314 1837; x_wconf 81' lang='lat' dir='ltr'>scatentes</span> <span class='ocrx_word' id='word_1_971' title='bbox 2334 1826 2343 1841; x_wconf 92' lang='lat'><em>‚</em></span> <span class='ocrx_word' id='word_1_972' title='bbox 2381 1807 2415 1837; x_wconf 85' lang='lat'>&amp;</span> 
     </span>
     <span class='ocr_line' id='line_1_125' title="bbox 1410 1842 2317 1889; baseline 0.001 -11"><span class='ocrx_word' id='word_1_973' title='bbox 1410 1845 1495 1889; x_wconf 85' lang='lat' dir='ltr'>quasi</span> <span class='ocrx_word' id='word_1_974' title='bbox 1520 1844 1688 1885; x_wconf 77' lang='lat' dir='ltr'>tendinea,</span> <span class='ocrx_word' id='word_1_975' title='bbox 1712 1842 1734 1877; x_wconf 87' lang='lat' dir='ltr'>fi</span> <span class='ocrx_word' id='word_1_976' title='bbox 1757 1852 1916 1885; x_wconf 79' lang='lat' dir='ltr'>tangeres,</span> <span class='ocrx_word' id='word_1_977' title='bbox 1941 1842 2060 1876; x_wconf 88' lang='lat' dir='ltr'>duritie</span> <span class='ocrx_word' id='word_1_978' title='bbox 2083 1846 2199 1887; x_wconf 88' lang='lat' dir='ltr'>reperti</span> <span class='ocrx_word' id='word_1_979' title='bbox 2226 1846 2317 1879; x_wconf 85' lang='lat' dir='ltr'>sunt.</span> 
     </span>
    </p>

    <p class='ocr_par' dir='ltr' id='par_1_11' title="bbox 1406 1884 2421 3365">
     <span class='ocr_line' id='line_1_126' title="bbox 1452 1884 2415 1931; baseline 0.003 -10"><span class='ocrx_word' id='word_1_980' title='bbox 1452 1899 1503 1931; x_wconf 82' lang='lat'>31.</span> <span class='ocrx_word' id='word_1_981' title='bbox 1529 1890 1616 1922; x_wconf 86' lang='lat' dir='ltr'>Cum</span> <span class='ocrx_word' id='word_1_982' title='bbox 1640 1888 1765 1929; x_wconf 81' lang='lat' dir='ltr'>sanguis</span> <span class='ocrx_word' id='word_1_983' title='bbox 1807 1898 1822 1919; x_wconf 88' lang='lat' dir='ltr'>a</span> <span class='ocrx_word' id='word_1_984' title='bbox 1855 1884 2065 1920; x_wconf 81' lang='lat' dir='ltr'>validioribus</span> <span class='ocrx_word' id='word_1_985' title='bbox 2100 1888 2273 1929; x_wconf 80' lang='lat' dir='ltr'>parietibus</span> <span class='ocrx_word' id='word_1_986' title='bbox 2308 1890 2415 1925; x_wconf 83' lang='lat' dir='ltr'>cordis</span> 
     </span>
     <span class='ocr_line' id='line_1_127' title="bbox 1407 1930 2416 1974; baseline 0.002 -10"><span class='ocrx_word' id='word_1_987' title='bbox 1407 1933 1579 1966; x_wconf 82' lang='lat' dir='ltr'>violentius</span> <span class='ocrx_word' id='word_1_988' title='bbox 1603 1933 1636 1964; x_wconf 89' lang='lat' dir='ltr'>in</span> <span class='ocrx_word' id='word_1_989' title='bbox 1661 1932 1809 1964; x_wconf 81' lang='lat' dir='ltr'>arteriam</span> <span class='ocrx_word' id='word_1_990' title='bbox 1833 1930 1987 1972; x_wconf 85' lang='lat' dir='ltr'>Magnam</span> <span class='ocrx_word' id='word_1_991' title='bbox 2011 1930 2264 1965; x_wconf 86' lang='lat' dir='ltr'>contruderetur</span> <span class='ocrx_word' id='word_1_992' title='bbox 2279 1957 2292 1974; x_wconf 83' lang='lat'>,</span> <span class='ocrx_word' id='word_1_993' title='bbox 2315 1933 2416 1967; x_wconf 85' lang='lat' dir='ltr'>hanc-</span> 
     </span>
     <span class='ocr_line' id='line_1_128' title="bbox 1406 1972 2416 2018; baseline 0.002 -9"><span class='ocrx_word' id='word_1_994' title='bbox 1406 1988 1466 2018; x_wconf 87' lang='lat' dir='ltr'>que</span> <span class='ocrx_word' id='word_1_995' title='bbox 1489 1987 1526 2008; x_wconf 88' lang='lat' dir='ltr'>eo</span> <span class='ocrx_word' id='word_1_996' title='bbox 1549 1973 1676 2008; x_wconf 87' lang='lat' dir='ltr'>facilius</span> <span class='ocrx_word' id='word_1_997' title='bbox 1700 1972 1829 2007; x_wconf 79' lang='lat' dir='ltr'>sortasse</span> <span class='ocrx_word' id='word_1_998' title='bbox 1852 1972 2021 2012; x_wconf 86' lang='lat' dir='ltr'>dilataret,</span> <span class='ocrx_word' id='word_1_999' title='bbox 2046 1974 2133 2016; x_wconf 90' lang='lat' dir='ltr'>quod</span> <span class='ocrx_word' id='word_1_1000' title='bbox 2157 1976 2261 2009; x_wconf 85' lang='lat' dir='ltr'>minus</span> <span class='ocrx_word' id='word_1_1001' title='bbox 2288 1977 2416 2011; x_wconf 81' lang='lat' dir='ltr'>robusta</span> 
     </span>
     <span class='ocr_line' id='line_1_129' title="bbox 1407 2017 2415 2062; baseline 0.001 -10"><span class='ocrx_word' id='word_1_1002' title='bbox 1407 2019 1499 2056; x_wconf 80' lang='lat' dir='ltr'>effet5</span> <span class='ocrx_word' id='word_1_1003' title='bbox 1525 2018 1649 2062; x_wconf 88' lang='lat' dir='ltr'>aliquid</span> <span class='ocrx_word' id='word_1_1004' title='bbox 1673 2019 1758 2051; x_wconf 83' lang='lat' dir='ltr'>enim</span> <span class='ocrx_word' id='word_1_1005' title='bbox 1780 2017 1873 2049; x_wconf 80' lang='lat' dir='ltr'>avitae</span> <span class='ocrx_word' id='word_1_1006' title='bbox 1907 2017 2106 2051; x_wconf 64' lang='lat' dir='ltr'>haereditatis</span> <span class='ocrx_word' id='word_1_1007' title='bbox 2142 2018 2323 2053; x_wconf 84' lang='lat' dir='ltr'>subindicat</span> <span class='ocrx_word' id='word_1_1008' title='bbox 2358 2021 2415 2054; x_wconf 91' lang='lat' dir='ltr'>ille</span> 
     </span>
     <span class='ocr_line' id='line_1_130' title="bbox 1408 2060 2416 2106; baseline 0.001 -12"><span class='ocrx_word' id='word_1_1009' title='bbox 1408 2062 1514 2105; x_wconf 88' lang='lat' dir='ltr'>patrui</span> <span class='ocrx_word' id='word_1_1010' title='bbox 1538 2061 1698 2100; x_wconf 80' lang='lat' dir='ltr'>morbus5</span> <span class='ocrx_word' id='word_1_1011' title='bbox 1723 2061 1847 2105; x_wconf 77' lang='lat' dir='ltr'>sanguis</span> <span class='ocrx_word' id='word_1_1012' title='bbox 1872 2069 1977 2093; x_wconf 80' lang='lat' dir='ltr'>autem</span> <span class='ocrx_word' id='word_1_1013' title='bbox 2000 2072 2016 2094; x_wconf 86' lang='lat' dir='ltr'>a</span> <span class='ocrx_word' id='word_1_1014' title='bbox 2039 2060 2173 2094; x_wconf 80' lang='lat' dir='ltr'>dilatata</span> <span class='ocrx_word' id='word_1_1015' title='bbox 2195 2088 2203 2103; x_wconf 87' lang='lat'><em>‚</em></span> <span class='ocrx_word' id='word_1_1016' title='bbox 2244 2066 2275 2097; x_wconf 71' lang='grc' dir='ltr'>δε</span> <span class='ocrx_word' id='word_1_1017' title='bbox 2311 2064 2416 2106; x_wconf 75' lang='lat' dir='ltr'>postea</span> 
     </span>
     <span class='ocr_line' id='line_1_131' title="bbox 1407 2104 2413 2149; baseline 0.002 -11"><span class='ocrx_word' id='word_1_1018' title='bbox 1407 2104 1511 2149; x_wconf 86' lang='lat' dir='ltr'>rigida</span> <span class='ocrx_word' id='word_1_1019' title='bbox 1535 2104 1622 2138; x_wconf 61' lang='lat' dir='ltr'>fasta</span> <span class='ocrx_word' id='word_1_1020' title='bbox 1645 2105 1758 2137; x_wconf 87' lang='lat' dir='ltr'>arteria</span> <span class='ocrx_word' id='word_1_1021' title='bbox 1782 2114 1848 2136; x_wconf 89' lang='lat' dir='ltr'>non</span> <span class='ocrx_word' id='word_1_1022' title='bbox 1879 2104 1926 2137; x_wconf 82' lang='lat' dir='ltr'>ita</span> <span class='ocrx_word' id='word_1_1023' title='bbox 1958 2112 1995 2136; x_wconf 89' lang='lat' dir='ltr'>ut</span> <span class='ocrx_word' id='word_1_1024' title='bbox 2030 2115 2086 2146; x_wconf 89' lang='lat' dir='ltr'>par</span> <span class='ocrx_word' id='word_1_1025' title='bbox 2118 2106 2160 2139; x_wconf 84' lang='lat' dir='ltr'>est</span> <span class='ocrx_word' id='word_1_1026' title='bbox 2180 2129 2192 2146; x_wconf 83' lang='lat'>,</span> <span class='ocrx_word' id='word_1_1027' title='bbox 2225 2109 2413 2149; x_wconf 71' lang='lat' dir='ltr'>promoveri</span> 
     </span>
     <span class='ocr_line' id='line_1_132' title="bbox 1407 2147 2415 2193; baseline 0.003 -11"><span class='ocrx_word' id='word_1_1028' title='bbox 1407 2149 1525 2192; x_wconf 73' lang='lat' dir='ltr'>posset3</span> <span class='ocrx_word' id='word_1_1029' title='bbox 1550 2158 1662 2190; x_wconf 88' lang='lat' dir='ltr'>nempe</span> <span class='ocrx_word' id='word_1_1030' title='bbox 1686 2149 1719 2180; x_wconf 90' lang='lat' dir='ltr'>in</span> <span class='ocrx_word' id='word_1_1031' title='bbox 1745 2147 1898 2190; x_wconf 86' lang='lat' dir='ltr'>proximo</span> <span class='ocrx_word' id='word_1_1032' title='bbox 1920 2148 2101 2181; x_wconf 86' lang='lat' dir='ltr'>ventriculo</span> <span class='ocrx_word' id='word_1_1033' title='bbox 2115 2172 2123 2186; x_wconf 87' lang='lat'>,</span> <span class='ocrx_word' id='word_1_1034' title='bbox 2145 2148 2225 2183; x_wconf 83' lang='lat' dir='ltr'>ficut</span> <span class='ocrx_word' id='word_1_1035' title='bbox 2239 2150 2316 2184; x_wconf 83' lang='lat' dir='ltr'>alibi</span> <span class='ocrx_word' id='word_1_1036' title='bbox 2331 2163 2415 2193; x_wconf 87' lang='lat' dir='ltr'>quo-</span> 
     </span>
     <span class='ocr_line' id='line_1_133' title="bbox 1407 2190 2415 2237; baseline 0.002 -11"><span class='ocrx_word' id='word_1_1037' title='bbox 1407 2205 1468 2235; x_wconf 86' lang='lat' dir='ltr'>que</span> <span class='ocrx_word' id='word_1_1038' title='bbox 1492 2192 1659 2232; x_wconf 84' lang='lat' dir='ltr'>diximus,</span> <span class='ocrx_word' id='word_1_1039' title='bbox 1683 2190 1840 2225; x_wconf 82' lang='lat' dir='ltr'>sublistere</span> <span class='ocrx_word' id='word_1_1040' title='bbox 1863 2191 1897 2223; x_wconf 93' lang='lat' dir='ltr'>in</span> <span class='ocrx_word' id='word_1_1041' title='bbox 1920 2198 2008 2232; x_wconf 86' lang='lat' dir='ltr'>parte</span> <span class='ocrx_word' id='word_1_1042' title='bbox 2032 2190 2206 2234; x_wconf 83' lang='lat' dir='ltr'>cogebatur</span> <span class='ocrx_word' id='word_1_1043' title='bbox 2225 2215 2234 2230; x_wconf 92' lang='lat'>‚</span> <span class='ocrx_word' id='word_1_1044' title='bbox 2267 2193 2415 2237; x_wconf 89' lang='lat' dir='ltr'>huncque</span> 
     </span>
     <span class='ocr_line' id='line_1_134' title="bbox 1409 2234 2415 2278; baseline 0.002 -10"><span class='ocrx_word' id='word_1_1045' title='bbox 1409 2236 1607 2278; x_wconf 84' lang='lat' dir='ltr'>potiffimum</span> <span class='ocrx_word' id='word_1_1046' title='bbox 1628 2234 1823 2273; x_wconf 76' lang='lat' dir='ltr'>distendere5</span> <span class='ocrx_word' id='word_1_1047' title='bbox 1848 2243 2030 2277; x_wconf 83' lang='lat' dir='ltr'>quanquam</span> <span class='ocrx_word' id='word_1_1048' title='bbox 2054 2237 2086 2268; x_wconf 88' lang='lat'>&amp;</span> <span class='ocrx_word' id='word_1_1049' title='bbox 2109 2236 2142 2267; x_wconf 88' lang='lat' dir='ltr'>in</span> <span class='ocrx_word' id='word_1_1050' title='bbox 2156 2236 2347 2278; x_wconf 86' lang='lat' dir='ltr'>pulmonum</span> <span class='ocrx_word' id='word_1_1051' title='bbox 2363 2249 2415 2271; x_wconf 87' lang='lat' dir='ltr'>va-</span> 
     </span>
     <span class='ocr_line' id='line_1_135' title="bbox 1408 2277 2415 2323; baseline 0.002 -11"><span class='ocrx_word' id='word_1_1052' title='bbox 1408 2278 1470 2320; x_wconf 69' lang='lat' dir='ltr'>lis,</span> <span class='ocrx_word' id='word_1_1053' title='bbox 1494 2282 1525 2312; x_wconf 66' lang='grc' dir='ltr'>δέ</span> <span class='ocrx_word' id='word_1_1054' title='bbox 1550 2280 1733 2312; x_wconf 89' lang='lat' dir='ltr'>ventriculo</span> <span class='ocrx_word' id='word_1_1055' title='bbox 1758 2280 1856 2311; x_wconf 86' lang='lat' dir='ltr'>etiam</span> <span class='ocrx_word' id='word_1_1056' title='bbox 1880 2277 2014 2311; x_wconf 75' lang='lat' dir='ltr'>dextero</span> <span class='ocrx_word' id='word_1_1057' title='bbox 2038 2278 2080 2310; x_wconf 90' lang='lat' dir='ltr'>ob</span> <span class='ocrx_word' id='word_1_1058' title='bbox 2103 2278 2234 2313; x_wconf 89' lang='lat' dir='ltr'>eandem</span> <span class='ocrx_word' id='word_1_1059' title='bbox 2266 2281 2415 2323; x_wconf 84' lang='lat' dir='ltr'>causam,</span> 
     </span>
     <span class='ocr_line' id='line_1_136' title="bbox 1409 2321 2415 2366; baseline 0.002 -11"><span class='ocrx_word' id='word_1_1060' title='bbox 1409 2322 1460 2355; x_wconf 86' lang='lat' dir='ltr'>sed</span> <span class='ocrx_word' id='word_1_1061' title='bbox 1484 2321 1579 2365; x_wconf 86' lang='lat' dir='ltr'>paulo</span> <span class='ocrx_word' id='word_1_1062' title='bbox 1604 2322 1711 2355; x_wconf 87' lang='lat' dir='ltr'>minus</span> <span class='ocrx_word' id='word_1_1063' title='bbox 1734 2322 1913 2360; x_wconf 85' lang='lat' dir='ltr'>violenter,</span> <span class='ocrx_word' id='word_1_1064' title='bbox 1938 2322 2059 2363; x_wconf 81' lang='lat' dir='ltr'>quippe</span> <span class='ocrx_word' id='word_1_1065' title='bbox 2082 2323 2215 2356; x_wconf 76' lang='lat' dir='ltr'>mediate</span> <span class='ocrx_word' id='word_1_1066' title='bbox 2237 2347 2250 2364; x_wconf 91' lang='lat'>,</span> <span class='ocrx_word' id='word_1_1067' title='bbox 2281 2326 2314 2357; x_wconf 89' lang='lat'>&amp;</span> <span class='ocrx_word' id='word_1_1068' title='bbox 2339 2324 2415 2366; x_wconf 78' lang='lat' dir='ltr'>suc-</span> 
     </span>
     <span class='ocr_line' id='line_1_137' title="bbox 1408 2363 2416 2408; baseline 0.002 -10"><span class='ocrx_word' id='word_1_1069' title='bbox 1408 2364 1534 2408; x_wconf 66' lang='lat' dir='ltr'>aeffive,</span> <span class='ocrx_word' id='word_1_1070' title='bbox 1559 2363 1759 2404; x_wconf 80' lang='lat' dir='ltr'>retardatus,</span> <span class='ocrx_word' id='word_1_1071' title='bbox 1786 2363 1872 2399; x_wconf 88' lang='lat' dir='ltr'>hunc</span> <span class='ocrx_word' id='word_1_1072' title='bbox 1907 2363 2022 2397; x_wconf 86' lang='lat' dir='ltr'>itidem</span> <span class='ocrx_word' id='word_1_1073' title='bbox 2056 2363 2204 2399; x_wconf 90' lang='lat' dir='ltr'>dilatavit</span> <span class='ocrx_word' id='word_1_1074' title='bbox 2225 2391 2236 2406; x_wconf 81' lang='grc'>,</span> <span class='ocrx_word' id='word_1_1075' title='bbox 2270 2366 2319 2400; x_wconf 89' lang='lat' dir='ltr'>sed</span> <span class='ocrx_word' id='word_1_1076' title='bbox 2353 2369 2416 2400; x_wconf 91' lang='lat' dir='ltr'>mi-</span> 
     </span>
     <span class='ocr_line' id='line_1_138' title="bbox 1407 2407 2416 2451; baseline -0.001 -10"><span class='ocrx_word' id='word_1_1077' title='bbox 1407 2421 1484 2441; x_wconf 90' lang='lat' dir='ltr'>nus.</span> <span class='ocrx_word' id='word_1_1078' title='bbox 1512 2410 1563 2441; x_wconf 78' lang='lat' dir='ltr'>Ex</span> <span class='ocrx_word' id='word_1_1079' title='bbox 1587 2407 1637 2442; x_wconf 89' lang='lat' dir='ltr'>his</span> <span class='ocrx_word' id='word_1_1080' title='bbox 1662 2409 1784 2451; x_wconf 86' lang='lat' dir='ltr'>igitur,</span> <span class='ocrx_word' id='word_1_1081' title='bbox 1808 2410 1841 2441; x_wconf 71' lang='grc' dir='ltr'>δε</span> <span class='ocrx_word' id='word_1_1082' title='bbox 1864 2407 2020 2440; x_wconf 30' lang='grc' dir='ltr'>εκνειιξὶο</span> <span class='ocrx_word' id='word_1_1083' title='bbox 2032 2408 2139 2441; x_wconf 89' lang='lat' dir='ltr'>cordis</span> <span class='ocrx_word' id='word_1_1084' title='bbox 2163 2409 2319 2450; x_wconf 81' lang='lat' dir='ltr'>pondere,</span> <span class='ocrx_word' id='word_1_1085' title='bbox 2343 2411 2416 2443; x_wconf 85' lang='lat' dir='ltr'>dia-</span> 
     </span>
     <span class='ocr_line' id='line_1_139' title="bbox 1410 2449 2417 2494; baseline 0.003 -11"><span class='ocrx_word' id='word_1_1086' title='bbox 1410 2451 1565 2494; x_wconf 75' lang='lat' dir='ltr'>phragma</span> <span class='ocrx_word' id='word_1_1087' title='bbox 1589 2459 1833 2494; x_wconf 77' lang='lat' dir='ltr'>prsegravante,</span> <span class='ocrx_word' id='word_1_1088' title='bbox 1866 2449 2088 2483; x_wconf 82' lang='lat' dir='ltr'>difficultatem</span> <span class='ocrx_word' id='word_1_1089' title='bbox 2121 2451 2261 2493; x_wconf 82' lang='lat' dir='ltr'>spirandi</span> <span class='ocrx_word' id='word_1_1090' title='bbox 2295 2454 2417 2487; x_wconf 89' lang='lat' dir='ltr'>intelli-</span> 
     </span>
     <span class='ocr_line' id='line_1_140' title="bbox 1410 2494 2417 2537; baseline 0.003 -10"><span class='ocrx_word' id='word_1_1091' title='bbox 1410 2497 1479 2537; x_wconf 86' lang='lat' dir='ltr'>gis,</span> <span class='ocrx_word' id='word_1_1092' title='bbox 1500 2497 1531 2527; x_wconf 63' lang='grc' dir='ltr'>ὃ(</span> <span class='ocrx_word' id='word_1_1093' title='bbox 1556 2495 1647 2536; x_wconf 85' lang='lat' dir='ltr'>sputa</span> <span class='ocrx_word' id='word_1_1094' title='bbox 1670 2495 1726 2527; x_wconf 81' lang='lat' dir='ltr'>illa</span> <span class='ocrx_word' id='word_1_1095' title='bbox 1750 2494 1938 2536; x_wconf 82' lang='lat' dir='ltr'>sanguinea:</span> <span class='ocrx_word' id='word_1_1096' title='bbox 1964 2505 2001 2526; x_wconf 87' lang='lat' dir='ltr'>ex</span> <span class='ocrx_word' id='word_1_1097' title='bbox 2023 2503 2142 2527; x_wconf 87' lang='lat' dir='ltr'>conatu</span> <span class='ocrx_word' id='word_1_1098' title='bbox 2167 2504 2273 2528; x_wconf 79' lang='lat' dir='ltr'>autem</span> <span class='ocrx_word' id='word_1_1099' title='bbox 2295 2497 2417 2531; x_wconf 88' lang='lat' dir='ltr'>utrius-</span> 
     </span>
     <span class='ocr_line' id='line_1_141' title="bbox 1411 2536 2417 2581; baseline 0.003 -10"><span class='ocrx_word' id='word_1_1100' title='bbox 1411 2550 1471 2581; x_wconf 83' lang='lat' dir='ltr'>que</span> <span class='ocrx_word' id='word_1_1101' title='bbox 1497 2538 1667 2571; x_wconf 88' lang='lat' dir='ltr'>ventriculi</span> <span class='ocrx_word' id='word_1_1102' title='bbox 1691 2550 1730 2570; x_wconf 90' lang='lat' dir='ltr'>eo</span> <span class='ocrx_word' id='word_1_1103' title='bbox 1753 2538 1896 2579; x_wconf 82' lang='lat' dir='ltr'>majori,</span> <span class='ocrx_word' id='word_1_1104' title='bbox 1919 2547 1985 2578; x_wconf 85' lang='lat' dir='ltr'>quo</span> <span class='ocrx_word' id='word_1_1105' title='bbox 2008 2537 2079 2579; x_wconf 85' lang='lat' dir='ltr'>plus</span> <span class='ocrx_word' id='word_1_1106' title='bbox 2105 2536 2292 2579; x_wconf 80' lang='lat' dir='ltr'>sanguinis,</span> <span class='ocrx_word' id='word_1_1107' title='bbox 2316 2543 2348 2573; x_wconf 87' lang='lat'>&amp;</span> <span class='ocrx_word' id='word_1_1108' title='bbox 2382 2542 2417 2574; x_wconf 87' lang='lat' dir='ltr'>in</span> 
     </span>
     <span class='ocr_line' id='line_1_142' title="bbox 1416 2580 2417 2624; baseline 0.002 -11"><span class='ocrx_word' id='word_1_1109' title='bbox 1416 2584 1483 2615; x_wconf 83' lang='lat' dir='ltr'>vias</span> <span class='ocrx_word' id='word_1_1110' title='bbox 1508 2582 1573 2614; x_wconf 84' lang='lat' dir='ltr'>alio</span> <span class='ocrx_word' id='word_1_1111' title='bbox 1597 2582 1747 2624; x_wconf 79' lang='lat' dir='ltr'>sanguine</span> <span class='ocrx_word' id='word_1_1112' title='bbox 1769 2580 1940 2623; x_wconf 84' lang='lat' dir='ltr'>impeditas</span> <span class='ocrx_word' id='word_1_1113' title='bbox 1965 2590 2030 2613; x_wconf 87' lang='lat' dir='ltr'>erat</span> <span class='ocrx_word' id='word_1_1114' title='bbox 2052 2581 2274 2622; x_wconf 83' lang='lat' dir='ltr'>expellendum</span> <span class='ocrx_word' id='word_1_1115' title='bbox 2292 2606 2304 2623; x_wconf 85' lang='lat'>,</span> <span class='ocrx_word' id='word_1_1116' title='bbox 2337 2596 2417 2617; x_wconf 87' lang='lat' dir='ltr'>num</span> 
     </span>
     <span class='ocr_line' id='line_1_143' title="bbox 1417 2622 2418 2667; baseline 0.001 -9"><span class='ocrx_word' id='word_1_1117' title='bbox 1417 2625 1529 2659; x_wconf 87' lang='lat' dir='ltr'>harum</span> <span class='ocrx_word' id='word_1_1118' title='bbox 1555 2624 1706 2658; x_wconf 76' lang='lat' dir='ltr'>duritiem</span> <span class='ocrx_word' id='word_1_1119' title='bbox 1730 2633 1870 2667; x_wconf 84' lang='lat' dir='ltr'>repetes,</span> <span class='ocrx_word' id='word_1_1120' title='bbox 1895 2626 1927 2657; x_wconf 88' lang='lat'>&amp;</span> <span class='ocrx_word' id='word_1_1121' title='bbox 1951 2622 2181 2666; x_wconf 85' lang='lat' dir='ltr'>rigiditatem?</span> <span class='ocrx_word' id='word_1_1122' title='bbox 2199 2637 2334 2666; x_wconf 80' lang='lat' dir='ltr'>quarum</span> <span class='ocrx_word' id='word_1_1123' title='bbox 2359 2629 2418 2662; x_wconf 80' lang='lat' dir='ltr'>illa</span> 
     </span>
     <span class='ocr_line' id='line_1_144' title="bbox 1415 2666 2414 2712; baseline 0.003 -11"><span class='ocrx_word' id='word_1_1124' title='bbox 1415 2670 1448 2701; x_wconf 90' lang='lat' dir='ltr'>in</span> <span class='ocrx_word' id='word_1_1125' title='bbox 1473 2669 1682 2710; x_wconf 85' lang='lat' dir='ltr'>pulmonum,</span> <span class='ocrx_word' id='word_1_1126' title='bbox 1709 2667 1776 2700; x_wconf 72' lang='lat' dir='ltr'>hcec</span> <span class='ocrx_word' id='word_1_1127' title='bbox 1800 2668 1833 2699; x_wconf 89' lang='lat' dir='ltr'>in</span> <span class='ocrx_word' id='word_1_1128' title='bbox 1856 2669 1969 2700; x_wconf 83' lang='lat' dir='ltr'>Aortae</span> <span class='ocrx_word' id='word_1_1129' title='bbox 1994 2666 2176 2701; x_wconf 68' lang='lat' dir='ltr'>dill&#39;ectione</span> <span class='ocrx_word' id='word_1_1130' title='bbox 2201 2669 2228 2701; x_wconf 90' lang='lat' dir='ltr'>se</span> <span class='ocrx_word' id='word_1_1131' title='bbox 2244 2669 2414 2712; x_wconf 83' lang='lat' dir='ltr'>prodidit.</span> 
     </span>
     <span class='ocr_line' id='line_1_145' title="bbox 1414 2709 2417 2756; baseline -0.001 -12"><span class='ocrx_word' id='word_1_1132' title='bbox 1414 2714 1445 2745; x_wconf 81' lang='lat' dir='ltr'>Si</span> <span class='ocrx_word' id='word_1_1133' title='bbox 1469 2712 1541 2745; x_wconf 85' lang='lat' dir='ltr'>inde</span> <span class='ocrx_word' id='word_1_1134' title='bbox 1559 2722 1706 2754; x_wconf 74' lang='lat' dir='ltr'>,repetes,·</span> <span class='ocrx_word' id='word_1_1135' title='bbox 1729 2711 1837 2744; x_wconf 84' lang='lat' dir='ltr'>seceris</span> <span class='ocrx_word' id='word_1_1136' title='bbox 1864 2709 2033 2744; x_wconf 85' lang='lat' dir='ltr'>secundum</span> <span class='ocrx_word' id='word_1_1137' title='bbox 2046 2711 2259 2753; x_wconf 81' lang='lat' dir='ltr'>Boerhaavii,</span> <span class='ocrx_word' id='word_1_1138' title='bbox 2283 2715 2417 2756; x_wconf 84' lang='lat' dir='ltr'>apluri..</span> 
     </span>
     <span class='ocr_line' id='line_1_146' title="bbox 1413 2754 2416 2799; baseline 0.004 -11"><span class='ocrx_word' id='word_1_1139' title='bbox 1413 2758 1473 2789; x_wconf 78' lang='lat' dir='ltr'>mis</span> <span class='ocrx_word' id='word_1_1140' title='bbox 1498 2766 1676 2797; x_wconf 81' lang='lat' dir='ltr'>receptam,</span> <span class='ocrx_word' id='word_1_1141' title='bbox 1698 2755 1880 2788; x_wconf 62' lang='lat' dir='ltr'>destrinam</span> <span class='ocrx_word' id='word_1_1142' title='bbox 1903 2757 1916 2793; x_wconf 94' lang='lat'>(</span> <span class='ocrx_word' id='word_1_1143' title='bbox 1939 2755 1958 2786; x_wconf 83' lang='lat' dir='ltr'>d</span> <span class='ocrx_word' id='word_1_1144' title='bbox 1981 2758 2011 2793; x_wconf 87' lang='lat'>),</span> <span class='ocrx_word' id='word_1_1145' title='bbox 2039 2766 2102 2787; x_wconf 90' lang='lat' dir='ltr'>non</span> <span class='ocrx_word' id='word_1_1146' title='bbox 2127 2754 2269 2789; x_wconf 83' lang='lat' dir='ltr'>duriores</span> <span class='ocrx_word' id='word_1_1147' title='bbox 2293 2758 2416 2799; x_wconf 87' lang='lat' dir='ltr'>modo,</span> 
     </span>
     <span class='ocr_line' id='line_1_147' title="bbox 1416 2798 2418 2842; baseline 0.003 -9"><span class='ocrx_word' id='word_1_1148' title='bbox 1416 2800 1467 2833; x_wconf 78' lang='lat' dir='ltr'>led</span> <span class='ocrx_word' id='word_1_1149' title='bbox 1490 2802 1520 2832; x_wconf 59' lang='grc' dir='ltr'>δέ</span> <span class='ocrx_word' id='word_1_1150' title='bbox 1545 2798 1639 2832; x_wconf 74' lang='lat' dir='ltr'>osseas</span> <span class='ocrx_word' id='word_1_1151' title='bbox 1666 2811 1720 2842; x_wconf 84' lang='lat' dir='ltr'>per</span> <span class='ocrx_word' id='word_1_1152' title='bbox 1744 2799 1955 2836; x_wconf 58' lang='lat' dir='ltr'>senestutem,</span> <span class='ocrx_word' id='word_1_1153' title='bbox 1978 2800 2010 2830; x_wconf 66' lang='grc' dir='ltr'>ὃ(</span> <span class='ocrx_word' id='word_1_1154' title='bbox 2033 2799 2336 2834; x_wconf 78' lang='lat' dir='ltr'>vitamlaboriosam</span> <span class='ocrx_word' id='word_1_1155' title='bbox 2349 2802 2418 2836; x_wconf 90' lang='lat' dir='ltr'>red-</span> 
     </span>
     <span class='ocr_line' id='line_1_148' title="bbox 1414 2839 2419 2886; baseline 0.003 -10"><span class='ocrx_word' id='word_1_1156' title='bbox 1414 2843 1497 2877; x_wconf 86' lang='lat' dir='ltr'>ditas</span> <span class='ocrx_word' id='word_1_1157' title='bbox 1522 2853 1623 2886; x_wconf 88' lang='lat' dir='ltr'>partes</span> <span class='ocrx_word' id='word_1_1158' title='bbox 1648 2855 1662 2874; x_wconf 87' lang='lat' dir='ltr'>a</span> <span class='ocrx_word' id='word_1_1159' title='bbox 1687 2851 1859 2885; x_wconf 84' lang='lat' dir='ltr'>perpetuo,</span> <span class='ocrx_word' id='word_1_1160' title='bbox 1883 2844 1913 2873; x_wconf 64' lang='grc' dir='ltr'>δέ</span> <span class='ocrx_word' id='word_1_1161' title='bbox 1936 2839 2020 2883; x_wconf 80' lang='lat' dir='ltr'>justo</span> <span class='ocrx_word' id='word_1_1162' title='bbox 2043 2842 2200 2876; x_wconf 89' lang='lat' dir='ltr'>validiore</span> <span class='ocrx_word' id='word_1_1163' title='bbox 2235 2853 2328 2878; x_wconf 87' lang='lat' dir='ltr'>motu</span> <span class='ocrx_word' id='word_1_1164' title='bbox 2363 2845 2419 2879; x_wconf 84' lang='lat' dir='ltr'>cle-</span> 
     </span>
     <span class='ocr_line' id='line_1_149' title="bbox 1415 2884 2417 2928; baseline 0.002 -8"><span class='ocrx_word' id='word_1_1165' title='bbox 1415 2888 1579 2920; x_wconf 88' lang='lat' dir='ltr'>ducentis.</span> <span class='ocrx_word' id='word_1_1166' title='bbox 1604 2888 1679 2919; x_wconf 64' lang='lat' dir='ltr'>Sive&gt;</span> <span class='ocrx_word' id='word_1_1167' title='bbox 1696 2888 1780 2918; x_wconf 84' lang='lat' dir='ltr'>enim</span> <span class='ocrx_word' id='word_1_1168' title='bbox 1805 2886 1945 2926; x_wconf 81' lang='lat' dir='ltr'>longiori</span> <span class='ocrx_word' id='word_1_1169' title='bbox 1971 2885 2045 2917; x_wconf 84' lang='lat' dir='ltr'>vitae</span> <span class='ocrx_word' id='word_1_1170' title='bbox 2069 2884 2176 2928; x_wconf 86' lang='lat' dir='ltr'>spatio</span> <span class='ocrx_word' id='word_1_1171' title='bbox 2198 2887 2302 2920; x_wconf 85' lang='lat' dir='ltr'>valide</span> <span class='ocrx_word' id='word_1_1172' title='bbox 2318 2912 2329 2928; x_wconf 84' lang='lat'>,</span> <span class='ocrx_word' id='word_1_1173' title='bbox 2356 2888 2417 2925; x_wconf 80' lang='lat' dir='ltr'>five</span> 
     </span>
     <span class='ocr_line' id='line_1_150' title="bbox 1414 2928 2418 2975; baseline 0.002 -11"><span class='ocrx_word' id='word_1_1174' title='bbox 1414 2931 1551 2964; x_wconf 85' lang='lat' dir='ltr'>breviori</span> <span class='ocrx_word' id='word_1_1175' title='bbox 1576 2940 1742 2973; x_wconf 86' lang='lat' dir='ltr'>ternpore,</span> <span class='ocrx_word' id='word_1_1176' title='bbox 1765 2928 1813 2962; x_wconf 85' lang='lat' dir='ltr'>sed</span> <span class='ocrx_word' id='word_1_1177' title='bbox 1826 2929 1929 2961; x_wconf 88' lang='lat' dir='ltr'>multo</span> <span class='ocrx_word' id='word_1_1178' title='bbox 1942 2929 2080 2961; x_wconf 85' lang='lat' dir='ltr'>validius</span> <span class='ocrx_word' id='word_1_1179' title='bbox 2093 2953 2106 2969; x_wconf 92' lang='lat'>,</span> <span class='ocrx_word' id='word_1_1180' title='bbox 2129 2931 2261 2964; x_wconf 87' lang='lat' dir='ltr'>minima</span> <span class='ocrx_word' id='word_1_1181' title='bbox 2276 2933 2418 2975; x_wconf 83' lang='lat' dir='ltr'>partium</span> 
     </span>
     <span class='ocr_line' id='line_1_151' title="bbox 1415 2972 2420 3016; baseline -0.002 -10"><span class='ocrx_word' id='word_1_1182' title='bbox 1415 2975 1538 3008; x_wconf 81' lang='lat' dir='ltr'>vascula</span> <span class='ocrx_word' id='word_1_1183' title='bbox 1563 2983 1752 3016; x_wconf 76' lang='lat' dir='ltr'>urgeantur,</span> <span class='ocrx_word' id='word_1_1184' title='bbox 1777 2975 1808 3005; x_wconf 65' lang='grc' dir='ltr'>δε</span> <span class='ocrx_word' id='word_1_1185' title='bbox 1831 2973 2086 3013; x_wconf 84' lang='lat' dir='ltr'>comprimantur</span> <span class='ocrx_word' id='word_1_1186' title='bbox 2111 2972 2216 3016; x_wconf 71' lang='lat' dir='ltr'>adeo,</span> <span class='ocrx_word' id='word_1_1187' title='bbox 2241 2984 2277 3007; x_wconf 85' lang='lat' dir='ltr'>ut</span> <span class='ocrx_word' id='word_1_1188' title='bbox 2300 2975 2420 3009; x_wconf 78' lang='lat' dir='ltr'>imme..</span> 
     </span>
     <span class='ocr_line' id='line_1_152' title="bbox 1416 3015 2419 3055; baseline 0.002 -5"><span class='ocrx_word' id='word_1_1189' title='bbox 1416 3018 1511 3050; x_wconf 82' lang='lat' dir='ltr'>abilia</span> <span class='ocrx_word' id='word_1_1190' title='bbox 1535 3017 1630 3055; x_wconf 76' lang='lat' dir='ltr'>siant,</span> <span class='ocrx_word' id='word_1_1191' title='bbox 1647 3020 1688 3049; x_wconf 59' lang='lat'>1&amp;</span> <span class='ocrx_word' id='word_1_1192' title='bbox 1712 3015 1838 3049; x_wconf 81' lang='lat' dir='ltr'>tandem</span> <span class='ocrx_word' id='word_1_1193' title='bbox 1864 3015 1971 3052; x_wconf 75' lang='lat' dir='ltr'>nulla3</span> <span class='ocrx_word' id='word_1_1194' title='bbox 1995 3027 2101 3048; x_wconf 83' lang='lat' dir='ltr'>earum</span> <span class='ocrx_word' id='word_1_1195' title='bbox 2125 3016 2299 3054; x_wconf 80' lang='lat' dir='ltr'>duritiem,</span> <span class='ocrx_word' id='word_1_1196' title='bbox 2323 3022 2353 3051; x_wconf 54' lang='grc' dir='ltr'>ὃς</span> <span class='ocrx_word' id='word_1_1197' title='bbox 2366 3019 2419 3053; x_wconf 90' lang='lat' dir='ltr'>os-</span> 
     </span>
     <span class='ocr_line' id='line_1_153' title="bbox 1417 3059 2418 3105; baseline 0.001 -11"><span class='ocrx_word' id='word_1_1198' title='bbox 1417 3061 1495 3094; x_wconf 90' lang='lat' dir='ltr'>seam</span> <span class='ocrx_word' id='word_1_1199' title='bbox 1517 3061 1643 3094; x_wconf 87' lang='lat' dir='ltr'>demum</span> <span class='ocrx_word' id='word_1_1200' title='bbox 1668 3059 2036 3105; x_wconf 70' lang='lat' dir='ltr'>1‘igiditatemiiitelliges</span> <span class='ocrx_word' id='word_1_1201' title='bbox 2051 3083 2058 3090; x_wconf 93' lang='lat'><strong>.</strong></span> <span class='ocrx_word' id='word_1_1202' title='bbox 2082 3061 2202 3093; x_wconf 85' lang='lat' dir='ltr'>Verum</span> <span class='ocrx_word' id='word_1_1203' title='bbox 2214 3072 2284 3094; x_wconf 88' lang='lat' dir='ltr'>cum</span> <span class='ocrx_word' id='word_1_1204' title='bbox 2297 3061 2418 3104; x_wconf 75' lang='lat' dir='ltr'>seiam,</span> 
     </span>
     <span class='ocr_line' id='line_1_154' title="bbox 1417 3103 2419 3144; baseline -0.002 -6"><span class='ocrx_word' id='word_1_1205' title='bbox 1417 3106 1454 3138; x_wconf 84' lang='lat' dir='ltr'>ab</span> <span class='ocrx_word' id='word_1_1206' title='bbox 1477 3104 1625 3138; x_wconf 58' lang='lat' dir='ltr'>doetrina</span> <span class='ocrx_word' id='word_1_1207' title='bbox 1651 3103 1707 3137; x_wconf 89' lang='lat' dir='ltr'>hac</span> <span class='ocrx_word' id='word_1_1208' title='bbox 1731 3103 1894 3136; x_wconf 81' lang='lat' dir='ltr'>dissenlisle</span> <span class='ocrx_word' id='word_1_1209' title='bbox 1935 3112 2040 3135; x_wconf 85' lang='lat' dir='ltr'>tamen</span> <span class='ocrx_word' id='word_1_1210' title='bbox 2062 3104 2115 3136; x_wconf 91' lang='lat' dir='ltr'>Cl.</span> <span class='ocrx_word' id='word_1_1211' title='bbox 2140 3105 2239 3137; x_wconf 87' lang='lat' dir='ltr'>Viros</span> <span class='ocrx_word' id='word_1_1212' title='bbox 2254 3128 2265 3144; x_wconf 89' lang='lat'>,</span> <span class='ocrx_word' id='word_1_1213' title='bbox 2289 3116 2419 3139; x_wconf 85' lang='lat' dir='ltr'>eorum..</span> 
     </span>
     <span class='ocr_line' id='line_1_155' title="bbox 1418 3145 2419 3192; baseline -0.003 -10"><span class='ocrx_word' id='word_1_1214' title='bbox 1418 3161 1477 3190; x_wconf 86' lang='lat' dir='ltr'>que</span> <span class='ocrx_word' id='word_1_1215' title='bbox 1501 3160 1618 3184; x_wconf 82' lang='lat' dir='ltr'>unum,</span> <span class='ocrx_word' id='word_1_1216' title='bbox 1644 3146 1732 3192; x_wconf 79' lang='lat' dir='ltr'>cujus</span> <span class='ocrx_word' id='word_1_1217' title='bbox 1757 3145 1948 3187; x_wconf 88' lang='lat' dir='ltr'>Disputatio</span> <span class='ocrx_word' id='word_1_1218' title='bbox 1972 3145 2014 3179; x_wconf 84' lang='lat' dir='ltr'>est</span> <span class='ocrx_word' id='word_1_1219' title='bbox 2036 3148 2069 3179; x_wconf 88' lang='lat' dir='ltr'>in</span> <span class='ocrx_word' id='word_1_1220' title='bbox 2092 3147 2259 3187; x_wconf 83' lang='lat' dir='ltr'>manibus,</span> <span class='ocrx_word' id='word_1_1221' title='bbox 2283 3160 2355 3182; x_wconf 80' lang='lat' dir='ltr'>cum</span> <span class='ocrx_word' id='word_1_1222' title='bbox 2369 3162 2419 3183; x_wconf 88' lang='lat' dir='ltr'>ra..</span> 
     </span>
     <span class='ocr_line' id='line_1_156' title="bbox 1418 3189 2420 3234; baseline 0 -9"><span class='ocrx_word' id='word_1_1223' title='bbox 1418 3194 1523 3226; x_wconf 90' lang='lat' dir='ltr'>tiones</span> <span class='ocrx_word' id='word_1_1224' title='bbox 1537 3214 1545 3228; x_wconf 94' lang='lat'>‚</span> <span class='ocrx_word' id='word_1_1225' title='bbox 1569 3200 1638 3224; x_wconf 88' lang='lat' dir='ltr'>tum</span> <span class='ocrx_word' id='word_1_1226' title='bbox 1651 3190 1886 3223; x_wconf 79' lang='lat' dir='ltr'>oblervationes</span> <span class='ocrx_word' id='word_1_1227' title='bbox 1897 3189 2071 3231; x_wconf 70' lang='lat' dir='ltr'>praesertim</span> <span class='ocrx_word' id='word_1_1228' title='bbox 2083 3213 2093 3228; x_wconf 90' lang='lat'>‚</span> <span class='ocrx_word' id='word_1_1229' title='bbox 2117 3191 2305 3233; x_wconf 85' lang='lat' dir='ltr'>quibuscum</span> <span class='ocrx_word' id='word_1_1230' title='bbox 2319 3203 2394 3226; x_wconf 80' lang='lat' dir='ltr'>meae</span> <span class='ocrx_word' id='word_1_1231' title='bbox 2406 3217 2420 3234; x_wconf 85' lang='lat'>,</span> 
     </span>
     <span class='ocr_line' id='line_1_157' title="bbox 1418 3232 2421 3278; baseline 0 -9"><span class='ocrx_word' id='word_1_1232' title='bbox 1418 3246 1453 3269; x_wconf 88' lang='lat' dir='ltr'>ut</span> <span class='ocrx_word' id='word_1_1233' title='bbox 1479 3236 1553 3268; x_wconf 85' lang='lat' dir='ltr'>alias</span> <span class='ocrx_word' id='word_1_1234' title='bbox 1579 3237 1594 3278; x_wconf 88' lang='lat'><em>(</em></span> <span class='ocrx_word' id='word_1_1235' title='bbox 1618 3245 1631 3267; x_wconf 78' lang='lat' dir='ltr'>e</span> <span class='ocrx_word' id='word_1_1236' title='bbox 1654 3237 1666 3274; x_wconf 84' lang='lat'><em>)</em></span> <span class='ocrx_word' id='word_1_1237' title='bbox 1691 3232 1873 3271; x_wconf 74' lang='lat' dir='ltr'>ostendam,</span> <span class='ocrx_word' id='word_1_1238' title='bbox 1899 3235 1931 3265; x_wconf 90' lang='lat' dir='ltr'>in</span> <span class='ocrx_word' id='word_1_1239' title='bbox 1957 3243 2042 3275; x_wconf 85' lang='lat' dir='ltr'>parte</span> <span class='ocrx_word' id='word_1_1240' title='bbox 2065 3235 2286 3276; x_wconf 83' lang='lat' dir='ltr'>conveniunt,</span> <span class='ocrx_word' id='word_1_1241' title='bbox 2309 3245 2421 3277; x_wconf 87' lang='lat' dir='ltr'>protu-</span> 
     </span>
     <span class='ocr_line' id='line_1_158' title="bbox 1417 3275 2421 3319; baseline 0 -7"><span class='ocrx_word' id='word_1_1242' title='bbox 1417 3277 1507 3319; x_wconf 74' lang='lat' dir='ltr'>lisse,</span> <span class='ocrx_word' id='word_1_1243' title='bbox 1530 3279 1571 3311; x_wconf 90' lang='lat' dir='ltr'>ob</span> <span class='ocrx_word' id='word_1_1244' title='bbox 1593 3289 1667 3319; x_wconf 81' lang='lat' dir='ltr'>quas</span> <span class='ocrx_word' id='word_1_1245' title='bbox 1690 3275 1872 3313; x_wconf 57' lang='lat' dir='ltr'>dissentiam</span> <span class='ocrx_word' id='word_1_1246' title='bbox 1897 3277 2112 3319; x_wconf 81' lang='lat' dir='ltr'>pedetentim,</span> <span class='ocrx_word' id='word_1_1247' title='bbox 2136 3289 2190 3310; x_wconf 80' lang='lat' dir='ltr'>nec</span> <span class='ocrx_word' id='word_1_1248' title='bbox 2214 3277 2275 3310; x_wconf 80' lang='lat' dir='ltr'>fine</span> <span class='ocrx_word' id='word_1_1249' title='bbox 2308 3279 2421 3313; x_wconf 87' lang='lat' dir='ltr'>distin-</span> 
     </span>
     <span class='ocr_line' id='line_1_159' title="bbox 1417 3319 2263 3365; baseline -0.002 -9"><span class='ocrx_word' id='word_1_1250' title='bbox 1417 3325 1526 3356; x_wconf 70' lang='lat' dir='ltr'>ctione</span> <span class='ocrx_word' id='word_1_1251' title='bbox 1548 3321 1682 3364; x_wconf 86' lang='lat' dir='ltr'>quadam</span> <span class='ocrx_word' id='word_1_1252' title='bbox 1709 3320 1763 3353; x_wconf 86' lang='lat' dir='ltr'>hic</span> <span class='ocrx_word' id='word_1_1253' title='bbox 1789 3320 1849 3352; x_wconf 88' lang='lat' dir='ltr'>tibi</span> <span class='ocrx_word' id='word_1_1254' title='bbox 1875 3320 1986 3352; x_wconf 79' lang='lat' dir='ltr'>censeo</span> <span class='ocrx_word' id='word_1_1255' title='bbox 2011 3319 2263 3365; x_wconf 68' lang='lat' dir='ltr'>procedendum.</span> 
     </span>
    </p>

    <p class='ocr_par' dir='ltr' id='par_1_12' title="bbox 1419 3362 2424 3539">
     <span class='ocr_line' id='line_1_160' title="bbox 1458 3362 2421 3408; baseline 0 -10"><span class='ocrx_word' id='word_1_1256' title='bbox 1458 3378 1508 3408; x_wconf 78' lang='lat'>32.</span> <span class='ocrx_word' id='word_1_1257' title='bbox 1534 3367 1645 3407; x_wconf 86' lang='lat' dir='ltr'>Itaque</span> <span class='ocrx_word' id='word_1_1258' title='bbox 1670 3365 1808 3407; x_wconf 86' lang='lat' dir='ltr'>primum</span> <span class='ocrx_word' id='word_1_1259' title='bbox 1829 3362 1972 3397; x_wconf 89' lang='lat' dir='ltr'>duriores</span> <span class='ocrx_word' id='word_1_1260' title='bbox 1989 3363 2093 3397; x_wconf 88' lang='lat' dir='ltr'>senum</span> <span class='ocrx_word' id='word_1_1261' title='bbox 2105 3364 2161 3396; x_wconf 81' lang='lat' dir='ltr'>esse</span> <span class='ocrx_word' id='word_1_1262' title='bbox 2175 3374 2296 3406; x_wconf 85' lang='lat' dir='ltr'>partes,</span> <span class='ocrx_word' id='word_1_1263' title='bbox 2313 3368 2421 3408; x_wconf 78' lang='lat' dir='ltr'>negari</span> 
     </span>
     <span class='ocr_line' id='line_1_161' title="bbox 1419 3404 2423 3451; baseline 0.001 -10"><span class='ocrx_word' id='word_1_1264' title='bbox 1419 3421 1482 3441; x_wconf 87' lang='lat' dir='ltr'>non</span> <span class='ocrx_word' id='word_1_1265' title='bbox 1506 3406 1626 3451; x_wconf 91' lang='lat' dir='ltr'>potest,</span> <span class='ocrx_word' id='word_1_1266' title='bbox 1650 3406 1779 3450; x_wconf 90' lang='lat' dir='ltr'>quando</span> <span class='ocrx_word' id='word_1_1267' title='bbox 1802 3410 1833 3440; x_wconf 61' lang='grc' dir='ltr'>δέ</span> <span class='ocrx_word' id='word_1_1268' title='bbox 1857 3407 2044 3441; x_wconf 85' lang='lat' dir='ltr'>Anatomici</span> <span class='ocrx_word' id='word_1_1269' title='bbox 2068 3404 2131 3449; x_wconf 85' lang='lat' dir='ltr'>(f)</span> <span class='ocrx_word' id='word_1_1270' title='bbox 2155 3409 2202 3440; x_wconf 91' lang='lat' dir='ltr'>vel</span> <span class='ocrx_word' id='word_1_1271' title='bbox 2228 3408 2423 3451; x_wconf 77' lang='lat' dir='ltr'>ipsumillo-</span> 
     </span>
     <span class='ocr_line' id='line_1_162' title="bbox 1422 3449 2422 3494; baseline 0 -9"><span class='ocrx_word' id='word_1_1272' title='bbox 1422 3464 1490 3485; x_wconf 88' lang='lat' dir='ltr'>rum</span> <span class='ocrx_word' id='word_1_1273' title='bbox 1513 3452 1676 3485; x_wconf 88' lang='lat' dir='ltr'>cerebrum</span> <span class='ocrx_word' id='word_1_1274' title='bbox 1703 3450 1848 3491; x_wconf 82' lang='lat' dir='ltr'>firmius&gt;</span> <span class='ocrx_word' id='word_1_1275' title='bbox 1871 3454 1901 3484; x_wconf 64' lang='grc' dir='ltr'>ὃ(</span> <span class='ocrx_word' id='word_1_1276' title='bbox 1926 3451 2034 3484; x_wconf 86' lang='lat' dir='ltr'>durius</span> <span class='ocrx_word' id='word_1_1277' title='bbox 2068 3449 2126 3483; x_wconf 82' lang='lat' dir='ltr'>esse</span> <span class='ocrx_word' id='word_1_1278' title='bbox 2150 3474 2158 3488; x_wconf 88' lang='lat'>‚</span> <span class='ocrx_word' id='word_1_1279' title='bbox 2192 3451 2384 3485; x_wconf 83' lang='lat' dir='ltr'>confirmant</span> <span class='ocrx_word' id='word_1_1280' title='bbox 2412 3479 2422 3494; x_wconf 90' lang='lat'>,</span> 
     </span>
     <span class='ocr_line' id='line_1_163' title="bbox 1420 3494 2424 3539; baseline 0 -11"><span class='ocrx_word' id='word_1_1281' title='bbox 1420 3507 1476 3528; x_wconf 55' lang='lat' dir='ltr'>nec</span> <span class='ocrx_word' id='word_1_1282' title='bbox 1499 3495 1667 3538; x_wconf 81' lang='lat' dir='ltr'>quisquam</span> <span class='ocrx_word' id='word_1_1283' title='bbox 1689 3494 1880 3528; x_wconf 86' lang='lat' dir='ltr'>annosorum</span> <span class='ocrx_word' id='word_1_1284' title='bbox 1905 3494 2090 3527; x_wconf 83' lang='lat' dir='ltr'>animalium</span> <span class='ocrx_word' id='word_1_1285' title='bbox 2112 3505 2239 3536; x_wconf 83' lang='lat' dir='ltr'>carnes,</span> <span class='ocrx_word' id='word_1_1286' title='bbox 2270 3496 2424 3539; x_wconf 79' lang='lat' dir='ltr'>ignorat,</span> 
     </span>
    </p>

    <p class='ocr_par' dir='ltr' id='par_1_13' title="bbox 2284 3550 2381 3580">
     <span class='ocr_line' id='line_1_164' title="bbox 2284 3550 2381 3580; baseline 0.01 -10"><span class='ocrx_word' id='word_1_1287' title='bbox 2284 3550 2381 3580; x_wconf 82' lang='lat' dir='ltr'>quan—</span> 
     </span>
    </p>
   </div>
   <div class='ocr_carea' id='block_1_11' title="bbox 1893 3684 2423 3719">
    <p class='ocr_par' dir='ltr' id='par_1_14' title="bbox 1893 3684 2423 3719">
     <span class='ocr_line' id='line_1_165' title="bbox 1893 3684 2423 3719; baseline 0.004 -9"><span class='ocrx_word' id='word_1_1288' title='bbox 1893 3691 1906 3719; x_wconf 83' lang='lat'>(</span> <span class='ocrx_word' id='word_1_1289' title='bbox 1924 3695 1938 3710; x_wconf 82' lang='lat' dir='ltr'>a</span> <span class='ocrx_word' id='word_1_1290' title='bbox 1954 3688 1962 3717; x_wconf 86' lang='lat'><em>)</em></span> <span class='ocrx_word' id='word_1_1291' title='bbox 1980 3694 2014 3715; x_wconf 75' lang='lat'>¹7·</span> <span class='ocrx_word' id='word_1_1292' title='bbox 2030 3693 2054 3709; x_wconf 92' lang='lat' dir='ltr'>n.</span> <span class='ocrx_word' id='word_1_1293' title='bbox 2077 3693 2110 3714; x_wconf 84' lang='lat'>17.</span> <span class='ocrx_word' id='word_1_1294' title='bbox 2175 3686 2216 3715; x_wconf 69' lang='lat' dir='ltr'>&lt;b</span> <span class='ocrx_word' id='word_1_1295' title='bbox 2234 3700 2242 3715; x_wconf 61' lang='lat'><em>1</em></span> <span class='ocrx_word' id='word_1_1296' title='bbox 2260 3684 2343 3716; x_wconf 64' lang='lat' dir='ltr'>supra,</span> <span class='ocrx_word' id='word_1_1297' title='bbox 2362 3696 2423 3718; x_wconf 79' lang='lat' dir='ltr'>n.23.</span> 
     </span>
    </p>
   </div>
   <div class='ocr_carea' id='block_1_12' title="bbox 1621 3720 1976 3750">
    <p class='ocr_par' dir='ltr' id='par_1_15' title="bbox 1621 3720 1976 3750">
     <span class='ocr_line' id='line_1_166' title="bbox 1621 3720 1976 3750; baseline -0.008 -7"><span class='ocrx_word' id='word_1_1298' title='bbox 1621 3721 1627 3750; x_wconf 64' lang='grc' dir='ltr'><strong>ί</strong></span> <span class='ocrx_word' id='word_1_1299' title='bbox 1645 3729 1656 3744; x_wconf 84' lang='lat' dir='ltr'>e</span> <span class='ocrx_word' id='word_1_1300' title='bbox 1672 3720 1685 3749; x_wconf 84' lang='grc'>)</span> <span class='ocrx_word' id='word_1_1301' title='bbox 1703 3720 1772 3748; x_wconf 66' lang='lat' dir='ltr'>Epist.</span> <span class='ocrx_word' id='word_1_1302' title='bbox 1791 3727 1828 3750; x_wconf 86' lang='lat'>27.</span> <span class='ocrx_word' id='word_1_1303' title='bbox 1845 3729 1869 3745; x_wconf 86' lang='lat' dir='ltr'>n.</span> <span class='ocrx_word' id='word_1_1304' title='bbox 1888 3728 1923 3744; x_wconf 68' lang='grc' dir='ltr'>ιι.</span> <span class='ocrx_word' id='word_1_1305' title='bbox 1941 3725 1976 3741; x_wconf 80' lang='lat'>22.</span> 
     </span>
    </p>
   </div>
  </div>
 </body>
</html>
