2498 4075
352 72 635 162 ‘xe—
888 105 1928 162 INDEXNOMINUM.

363 182 513 220 Variolas
536 182 631 219 :tiam
655 181 734 216 alibi
754 186 768 224 ,’
798 193 893 227 quarn
916 185 948 216 in
971 192 1045 215 cute
1069 207 1078 222 ‚
1103 194 1158 217 nec
1183 191 1291 216 tamen
1317 185 1365 218 so·
1545 184 1583 216 In
1608 179 1802 225 hydrargyri
1825 204 1835 220 ,
1874 193 1928 217 aut
1960 180 2168 220 decoctorum
2203 185 2261 219 usu
2283 184 2430 221 adversus

451 227 520 260 lum
544 229 577 259 in
610 226 781 260 visceribus
813 237 891 261 tunc
925 226 1091 269 provenire
1113 251 1124 267 ‚
1157 226 1335 263 ostenditur
1358 253 1367 263 .
1588 223 1669 259 hanc
1693 225 1778 260 luem
1802 227 1891 259 mirae
1913 228 1946 259 in
1969 226 2367 271 doffiffimisCivitatibus
2378 231 2430 268 vig

451 270 574 305 XLIX.
596 280 727 313 3534.
1214 282 1223 311 g
1592 267 1810 302 ciffitudr'nes.
1832 269 1964 303 LVIII.
1992 278 2041 311 15.
2068 273 2116 304 16.

364 314 513 348 Variolis
539 325 554 346 a
579 314 761 355 palpebris‚'
782 310 950 355 oculisque
983 311 1127 346 arcendis
1161 313 1335 357 collyrium
1358 337 1369 350 .
1554 312 1801 352 Decofiorurm
1825 312 1920 346 instar
1947 323 2100 356 aquarum
2126 314 2339 351 thermalinm
2366 326 2429 352 co·

360 392 367 396 ³
449 355 544 390 Ibid.j
559 367 613 398 33.
1603 354 1689 397 piose
1711 355 1884 390 datorum,
1911 356 2003 389 usum
2028 357 2086 399 qui
2109 359 2294 400 invenerit,
2316 361 2348 392 &
2370 359 2428 402 qui

365 400 500 434 Varolii
525 399 779 435 Observationes
800 398 835 434 in
860 398 1093 442 amplectaris,
1116 400 1283 443 quomodo
1294 401 1377 436 acci·
1603 396 1831 445 adhibuerint.
1858 398 1944 432 Ibid.
1970 402 2019 433 16.
2046 411 2096 442 17.

452 443 600 486 piendae.
628 443 692 475 IV.
722 453 748 475 1.
774 443 819 474 V.
847 453 877 477 1.
1644 442 1758 475 Felicis
1780 441 1940 484 ejusmodi
1963 443 2139 477 curationis
2155 444 2430 481 Observationes:

362 484 448 521 Vasa
466 510 475 519 .
501 487 583 519 Vid.
608 484 810 527 sanguifem.
1683 485 1769 518 Ibid.
1797 488 1845 518 16.

425 561 431 564 .
491 530 613 572 Magna
637 531 670 562 in
694 528 829 562 thorace
853 527 1254 573 finisterioraeonspefia,
1279 541 1375 573 quam
1429 528 1642 573 Hydral‘gyri
1663 528 1697 559 in
1722 527 1784 562 hoc
1807 528 1925 562 morbo
1958 530 2130 573 multiplex
2160 530 2233 565 usus
2252 553 2266 571 ,
2295 529 2429 574 ejusque

539 573 641 606 solent
659 596 667 605 .
691 572 786 605 LVI.
813 572 861 606 18.
1513 573 1725 614 proprietates
1750 570 1799 605 vel
1820 571 1901 605 olim
1925 572 2092 608 Patavinis
2114 573 2347 609 Professoribus
2362 585 2430 608 non

495 616 529 649 A
551 615 624 650 casu
649 615 688 648 ab
713 614 783 648 alto
804 638 816 654 ,
851 616 994 656 itemque
1017 616 1057 649 ab
1090 616 1155 648 ieiu
1190 627 1249 650 cur
1273 617 1376 650 Aorta
1435 656 1438 658 Ὗ
1513 617 1647 657 ignota.
1669 614 1756 648 Ibid.
1782 626 1831 656 17.
1858 615 1907 647 18.
2369 647 2372 651 ,

537 661 647 702 potius
669 657 708 691 fit
731 667 826 701 rupta
845 681 855 697 ‚
879 670 977 701 quam
1004 670 1082 692 vena
1095 659 1205 693 Cava.
1231 661 1325 693 LIII.
1344 660 1374 693 8.
1555 667 1591 692 ut
1615 669 1740 700 neque,
1764 657 1955 701 Aponenses
1976 659 2119 695 thermas
2142 662 2175 695 in
2186 659 2299 695 eodem
2324 660 2429 697 obeffe

587 726 595 734 ,
1594 702 1704 744 potius
1726 701 1857 740 solitas,
1880 713 1975 744 quarn
1998 703 2156 746 prodeffe.
2181 704 2268 738 Ibid.
2296 704 2345 738 18.

366 746 531 781 Vasorum
554 744 716 779 craffiores
737 745 847 779 trunci
869 755 927 779 cur
950 743 998 778 ibi
1023 744 1146 779 suerint
1169 745 1266 788 positi
1285 773 1294 789 ,
1316 746 1374 780 ubi
1406 744 1572 780 VVenter.
1595 746 1685 777 Inter
1707 744 1802 788 hujus
1824 744 1943 778 viscera
1967 748 2092 781 nullum
2117 747 2274 790 spatium,
2299 757 2353 781 aut
2376 758 2430 782 ca-

455 787 548 822 snnt.
575 789 673 821 LIII.
699 797 749 829 27.
1510 790 1645 823 vitatem
1671 789 1835 831 relinqui,
1858 792 1935 830 quis
1958 799 2028 823 ante
2050 791 2133 825 hanc
2157 800 2286 825 aetatem
2310 792 2429 826 docue-

494 831 650 873 deligatio
672 829 710 864 ad
733 828 959 865 cohibendum
983 830 1173 873 sanguinem
1198 842 1296 874 quam
1320 843 1374 865 an-
1481 856 1485 858 -
1513 834 1580 866 rit.
1606 832 1665 864 LI.
1693 841 1744 865 10.

536 877 650 916 tiqua.
679 874 717 906 L.
746 884 799 916 54.
1551 875 1654 912 Qali
1678 875 1711 908 in
1736 883 1846 908 ventre
1866 898 1876 914 ‚
1907 876 1939 908 δε
1962 886 2021 908 cur
2051 876 2217 911 difficilius
2249 877 2286 910 fit
2318 888 2428 916 veram

361 919 525 954 Vaterus,
549 918 631 951 Abr.
658 916 782 958 pridem
807 918 842 950 P.
868 916 956 951 Prof.
984 916 1239 960 Vitembergens.
1264 918 1372 953 lauda·
1597 928 1763 951 tumorum
1787 917 1890 952 sedem
1913 917 2123 960 dignoscere.
2149 921 2297 952 XXXIX.
2324 932 2375 964 23.

446 961 561 995 datus.
587 961 687 994 XIII.
716 970 765 993 11.
789 960 953 994 XLVIII.
984 970 1032 994 11.
1551 962 1590 996 In
1616 962 1781 995 macilenti
1820 963 1941 994 ventris
1972 964 2193 1005 exploratione
2216 988 2225 1003 ,
2258 965 2427 1005 quomodo

490 1003 569 1047 Ejus
593 1004 680 1038 locus
701 1005 806 1038 minus
830 1002 1034 1045 probandus.
1057 1003 1237 1039 XXXVII.
1249 1007 1303 1047 45.
1316 1017 1368 1048 47.
1597 1006 1696 1047 Spina
1719 1016 1779 1048 pro
1800 1004 1884 1039 duro
1908 1013 2036 1040 tumore
2057 1007 2151 1050 poffit
2173 1010 2359 1050 imponere.
2383 1011 2425 1047 X„

361 1049 503 1082 Vaterus
518 1074 527 1088 ‚
551 1048 758 1082 Christianus
781 1047 862 1081 olim
888 1048 922 1079 P.
955 1047 1075 1081 ibidem
1100 1047 1263 1082 Professor
1278 1050 1366 1088 ,lau-
1599 1057 1646 1080 12.

446 1091 540 1124 datus
571 1114 579 1123 .
626 1092 761 1125 XVIII.
794 1100 846 1134 27.
880 1090 1012 1125 XXVI.
1049 1100 1097 1123 12.
1133 1091 1279 1125 XXVII.
1316 1103 1364 1127 10.
1419 1091 1813 1138 Ventristumorquidam
1824 1102 1912 1127 rarus
1923 1090 2430 1138 observatus.XXXIX.2r.26.29

446 1134 572 1168 LXIV.
602 1137 651 1167 16.
1638 1136 1721 1178 Ejus
1744 1135 1909 1178 lignorum
1934 1135 2151 1179 perquifitio.
2176 1138 2262 1171 Ibid.
2289 1139 2339 1173 28.

362 1178 510 1219 Vellejus
535 1177 720 1212 paterculus
743 1189 800 1211 cur
824 1190 840 1211 a
865 1178 1095 1214 Quinffiliano
1120 1178 1205 1212 inter
1229 1178 1371 1214 Histori-
1554 1179 1675 1218 Alius,
1698 1178 1767 1220 post
1789 1189 1920 1220 partum
1943 1191 2176 1224 nonnunquam
2201 1181 2338 1224 restans,
2363 1192 2423 1215 un-

444 1232 499 1254 cos
524 1232 588 1255 non
612 1222 837 1255 recenseatur.
863 1221 952 1254 LIX.
978 1222 1030 1264 38.
1595 1223 1634 1256 de
1657 1221 1717 1254 iit.
1742 1222 1903 1256 XLVIII.
1928 1226 1983 1266 46.

357 1263 473 1301 Velse,
497 1264 806 1302 Corqulenricus,
831 1264 998 1298 laudatus.
1025 1265 1210 1298 XXXVIII.
1236 1276 1285 1309 23.
1549 1265 1620 1309 Qui
1643 1265 1685 1298 ab
1707 1264 1868 1299 intestinis
1891 1265 1996 1300 factus
2019 1266 2124 1301 videri
2148 1267 2261 1310 posfit,
2285 1281 2341 1303 nec
2364 1268 2426 1305 fit.'

358 1307 481 1341 Venae.
506 1306 585 1341 Vid.
612 1308 787 1342 Axillaris.
811 1308 931 1349 Azyga
957 1332 964 1340 .
999 1311 1089 1341 Cava
1114 1333 1120 1341 .
1157 1309 1333 1351 Cephalica
1357 1334 1366 1343 .
1599 1309 1687 1343 lbid.
1714 1319 1764 1350 55.

442 1351 561 1384 Iliaca.
581 1351 770 1394 jugulares.
797 1351 1016 1393 Occipitalis.
1042 1350 1215 1386 Subclavia
1237 1376 1245 1384 .
1282 1354 1368 1389 Um-
1549 1352 1619 1390 Qui
1644 1365 1659 1385 a
1684 1352 1886 1393 visceribus,
1911 1364 1968 1387 nec
1991 1351 2052 1386 sit.
2076 1354 2113 1386 L.
2137 1363 2193 1395 49.

442 1394 604 1428 bilicalis-
639 1429 641 1431 .
1417 1396 1549 1431 Ventris
1573 1396 1747 1436 dolorum,
1770 1396 1941 1433 cItiffime‚
1966 1399 1996 1429 δε
2020 1406 2137 1438 praeter
2149 1398 2344 1440 opinionem
2367 1411 2426 1435 oc-

356 1436 458 1470 Venae
482 1437 658 1471 seciionem
682 1438 716 1471 in
739 1437 879 1474 thoracis
903 1438 1052 1482 hydrope
1074 1449 1146 1481 quae
1170 1439 1234 1473 fint
1257 1440 1365 1475 conse·
1502 1441 1683 1475 cidentium
1706 1440 1872 1482 exempla.
1897 1441 2037 1473 XXXV.
2063 1451 2092 1472 2.
2117 1453 2150 1482 4.
2175 1442 2208 1474 8.
2235 1454 2284 1476 ιο.

444 1490 540 1515 cuta.
569 1481 666 1515 XVI.
692 1493 743 1525 30.
769 1492 825 1525 34.
1089 1522 1096 1528 ‚
1546 1484 1718 1518 Interioris
1741 1482 1907 1527 cujusdam
1942 1484 2035 1526 supra
2073 1485 2269 1521 umbilicum
2292 1487 2422 1521 molesti

485 1525 630 1566 ineptam
654 1526 687 1558 in
712 1536 807 1558 manu
832 1535 1004 1569 perpetuus
1036 1525 1135 1567 hUJus
1173 1534 1297 1561 tremor
1321 1528 1366 1562 est
1591 1526 1695 1560 sensus
1718 1528 1967 1569 explicationes.
1991 1528 2032 1561 X.
2060 1537 2109 1561 12.

533 1569 687 1603 secutus.
709 1569 748 1602 L.
772 1572 802 1600 6.
1546 1571 1665 1613 Magni
1690 1570 1857 1611 cujusdam
1879 1573 2027 1613 corporis
2051 1571 2138 1604 intra
2171 1583 2314 1607 ventrem
2348 1575 2421 1614 pul-

484 1611 630 1686 ineptasm
646 1612 681 1645 in
705 1611 794 1646 flexu
817 1613 922 1646 cubiti
947 1613 1028 1646 mala
1051 1613 1115 1647 alia
1127 1611 1255 1648 secuta.
1280 1614 1365 1650 Ibid.
1591 1614 1687 1690 sagmis
1712 1613 1927 1688 (sJbservatim
1952 1613 2237 1650 &conlidcratim
2263 1618 2419 1652 XXXIX.

532 1657 563 1688 &
601 1668 615 1687 e
668 1680 674 1688 .
1592 1668 1606 1692 1
1635 1683 1642 1690 .
1669 1659 1699 1689 δι
1736 1669 1753 1690 e
1805 1680 1811 1687 .

355 1696 523 1732 Venarum
547 1666 681 1740 systglssl,
705 1699 737 1730 &
759 1697 913 1733 diastole.
938 1699 1018 1733 Vid.
1042 1698 1229 1744 Jugulares.
1545 1700 1744 1735 Pulsationes
1756 1668 1817 1733 qi‘lqii
1841 1700 1923 1734 unde
1952 1699 2030 1743 saepe
2053 1699 2140 1742 fint,
2165 1703 2291 1738 ahsente
2328 1715 2425 1739 aneu-

484 1742 546 1775 Per
570 1752 662 1775 venas
688 1742 814 1783 sanguis
847 1744 885 1777 ad
919 1754 975 1776 cor
1008 1742 1110 1777 fluere
1146 1745 1360 1784 constoefius,
1591 1744 1751 1786 rysmate.
1783 1744 1866 1777 ibid.
1895 1754 1943 1786 19.
1970 1755 2020 1776 20.
2317 1758 2324 1763 ·

523 1786 674 1828 quamvis
698 1797 714 1818 a
738 1795 830 1828 tergo
855 1787 934 1820 alius
956 1798 1020 1819 non
1045 1797 1192 1830 urgeret.
1219 1791 1361 1832 XIX.33‚
1414 1788 1549 1822 Ventris
1572 1788 1693 1822 viscera
1718 1787 1893 1830 aliquando
1909 1814 1916 1824 ,
1943 1788 2115 1822 abdomine
2128 1789 2279 1835 integro,
2302 1791 2423 1826 ictibus

527 1840 568 1872 34
1500 1832 1623 1866 discissa
1641 1856 1649 1863 .
1673 1832 1766 1864 LIV.
1794 1841 1842 1874 14.
1867 1834 1898 1865 δέ
1924 1833 2009 1874 ieqq.

349 1872 452 1905 Venis
477 1872 585 1919 ligatis
607 1895 616 1910 ‚
651 1883 690 1907 an
713 1872 880 1915 colligatis
915 1873 1008 1908 simul
1032 1874 1176 1917 lymphae
1199 1873 1354 1910 duffibus
1542 1876 1622 1918 saepe
1641 1873 1871 1916 perthoracem
1886 1876 2071 1909 vulnerata.
2089 1875 2168 1909 Vid.
2183 1876 2423 1920 Diaphragma.

436 1915 510 1992 {ebrid
528 1916 640 1950 estufio
674 1915 829 1950 debeatur
865 1920 902 1951 in
934 1918 1060 1951 Loweri
1096 1920 1326 1962 experimentis
1350 1944 1359 1954 .
1540 1918 1826 1996 quflattenzefga
1850 1918 1934 1993 figit,
1958 1930 1996 1951 ne
2009 1919 2171 1953 vulnerati
2187 1919 2313 1956 visceris
2337 1922 2422 1956 sedes

480 1970 598 1992 i.2.
1605 1972 1899 2000 aar....3.

350 2004 524 2038 Venenum
546 1970 600 2046 {er
624 2002 654 2036 se
678 2002 711 2039 in
735 2003 926 2046 corporibus
949 2005 1041 2047 gigni
1065 2004 1173 2048 posse,
1196 2004 1361 2040 Observa-
1414 2005 1539 2038 ventre
1562 2004 1826 2039 transverberato
1842 2030 1849 2044 ‚
1867 2003 1922 2037 viii
1935 2005 2035 2048 aliqui
2051 2004 2141 2039 brevi
2155 2006 2255 2041 sanati
2270 2008 2422 2051 .Ibid.7.'

438 2048 534 2082 tione
557 2046 775 2081 confirmatur
790 2074 797 2081 .
823 2049 912 2082 LIX.
941 2049 990 2081 18.
1411 2049 1624 2084 Ventriculus
1647 2047 1735 2091 quasi
1758 2048 1879 2089 duplex
1902 2048 2112 2083 observatus.
2127 2050 2420 2093 XVI.38.XXVI.

478 2101 576 2133 quam
600 2089 733 2123 difficile
758 2090 797 2124 fit
818 2116 827 2130 ‚
862 2093 1044 2134 ingenitum
1067 2114 1078 2129 ‚
1112 2103 1153 2125 an
1176 2091 1360 2128 exhibitum
1498 2103 1547 2135 3¹.
1570 2093 1671 2125 XXX.
1696 2103 1727 2135 7.
1755 2092 1784 2124 8.
1807 2092 1964 2124 XXXVI.
1990 2101 2019 2134 3.
2045 2093 2217 2127 XXXVII.
2242 2095 2291 2126 28.

520 2144 676 2167 venenum
701 2134 835 2178 aliquod
856 2133 957 2171 fuerit
972 2157 982 2173 ,
1006 2134 1170 2177 judicare,
1195 2137 1280 2171 Ibid.
1310 2148 1360 2179 19.
1617 2146 1696 2169 num
1719 2134 1760 2168 sic
1784 2136 1965 2167 vomitioni
1989 2134 2026 2168 lit
2050 2135 2235 2171 obnoxius.
2259 2139 2358 2171 XXX.
2387 2139 2422 2175 8.·

521 2180 553 2211 &
577 2177 664 2220 seqq.
1538 2181 1578 2213 In
1600 2177 1776 2216 edacibus,
1802 2180 1833 2210 &
1856 2178 1976 2211 bibofis
1989 2178 2149 2221 amplior.
2173 2180 2229 2212 XI.
2241 2192 2270 2223 7.
2285 2183 2420 2216 XXVI.

477 2221 611 2264 quando
635 2220 668 2254 id
692 2219 731 2253 fit
755 2221 863 2256 minus
885 2221 1033 2257 difficile.
1062 2223 1148 2257 Ibid.
1177 2233 1225 2256 21.
1594 2233 1642 2264 13.
1670 2233 1724 2264 37.
1749 2221 1875 2254 LXIV.
1910 2232 1957 2263 19.

349 2266 484 2298 Venena
507 2264 682 2306 quaedam,
707 2265 741 2297 in
765 2265 939 2306 colloquiis
964 2264 1114 2308 praestat,
1137 2279 1235 2310 quam
1259 2267 1293 2301 in
1318 2267 1361 2300 li-
1539 2265 1773 2307 Magnitudine
1795 2266 1914 2298 eximia
1937 2265 2124 2307 conspeRus
2147 2290 2154 2297 .
2179 2267 2333 2301 XXXIX.
2362 2274 2420 2311 15ss

436 2308 525 2347 bris,
550 2318 566 2339 a
589 2306 731 2341 Medicis
752 2305 909 2343 describi.
936 2308 1021 2342 Ibid.
1049 2320 1099 2343 22.
1541 2308 1623 2350 Ejus
1649 2308 1856 2341 lenticulares
1879 2309 2039 2350 glandulae
2062 2334 2070 2343 .
2094 2310 2217 2345 XXIX.
2233 2322 2343 2356 1417.
2361 2314 2414 2348 18.

348 2351 487 2386 Venena
510 2349 638 2388 eadem,
665 2351 842 2392 eodemque
866 2352 1007 2394 pondere
1032 2352 1159 2393 sumpta
1180 2378 1188 2392 ‚
1213 2365 1271 2386 cur
1294 2365 1359 2388 non
1581 2353 1683 2389 XXX·
1712 2361 1759 2384 12·

433 2394 546 2430 eadem
572 2393 695 2435 semper
721 2393 860 2427 habeant
885 2395 993 2436 ligna,
1018 2398 1049 2427 &
1074 2395 1211 2429 effesta.
1238 2397 1357 2439 Ibid.4.
1540 2397 1578 2429 In
1603 2395 1661 2428 illo
1686 2394 1842 2436 poffintne
1866 2396 1976 2429 vivere
2013 2394 2158 2437 pediculi
2179 2421 2188 2436 ‚
2222 2400 2382 2439 quaesitur
2404 2424 2416 2433 ,

477 2438 513 2471 id
535 2437 664 2471 collatis
687 2438 773 2470 inter
796 2438 825 2471 se
858 2433 1005 2480 pluribus
1041 2439 1161 2480 sumpti
1194 2441 1357 2474 erodentis
1584 2439 1749 2472 XXVIlI.
1776 2450 1804 2480 3.
1887 2480 1893 2485 .

519 2483 654 2517 veneni,
677 2483 707 2513 ὅ(
729 2481 861 2515 arsenici
886 2481 1084 2523 praesertim,
1111 2482 1254 2518 historiis
1278 2496 1357 2518 con·
1407 2482 1597 2517 Ventriculi
1621 2480 1808 2525 prolapsus,
1833 2480 1994 2525 hujusque
2017 2481 2125 2525 signa.
2158 2484 2312 2517 XXXIX.
2341 2497 2391 2529 14.

520 2523 694 2559 firmatur.
719 2524 806 2559 Ibid.
830 2527 862 2558 &
890 2524 976 2568 seqq.
1626 2524 1907 2559 Observationum
1931 2524 1995 2559 huc
2020 2528 2253 2568 pertinentium
2276 2536 2414 2572 compa-⁸

475 2567 727 2611 Ejusdemmodi
752 2569 865 2602 veneni
890 2578 1004 2610 quater
1028 2568 1197 2604 observata
1233 2569 1320 2614 figna
1348 2597 1358 2613 ,
1671 2570 1780 2602 ratio.
1808 2568 1891 2603 Ibid.
1919 2572 1949 2602 δε
1974 2570 2057 2612 seqqe

516 2614 547 2644 δι
571 2612 761 2646 curationes
785 2612 942 2655 peraQae.
968 2613 1055 2645 LIX.
1068 2616 1098 2645 6.
1125 2615 1156 2646 δι
1180 2613 1265 2657 seqq.
1538 2614 1621 2648 reeta
1646 2611 1863 2646 descendentis
1887 2624 1902 2645 a
1925 2612 2169 2656 diaphragmate
2193 2615 2231 2649 ad
2253 2612 2421 2651 sinistrum

468 2666 488 2688 a
511 2654 605 2689 succo
639 2654 886 2699 rhododaphnes
908 2666 1007 2699 epoto
1039 2667 1111 2699 quae
1146 2658 1321 2692 acciderint
1347 2683 1356 2690 .
1585 2669 1620 2691 os
1645 2656 1761 2699 pubis,
1785 2659 1818 2689 &
1842 2656 1915 2689 inde
1939 2657 2060 2690 sursum
2084 2659 2112 2690 se
2136 2657 2334 2693 reflectentis
2348 2662 2412 2698 ini-z

515 2699 603 2732 Ibid.
632 2708 681 2733 12.
1586 2712 1619 2734 ra
1644 2701 1744 2737 sedes,
1769 2701 1800 2732 &
1824 2699 2019 2741 longitudo.
2044 2702 2142 2735 LXX.
2168 2713 2197 2743 ς.

558 2741 677 2776 horum
702 2739 938 2777 consideratio.
964 2742 1052 2777 Ibid.
1081 2753 1130 2786 13.
1159 2755 1209 2788 14.
1541 2754 1595 2786 per
1619 2745 1734 2778 vulnus
1745 2743 1999 2785 diaphragmaris
2022 2746 2056 2778 in
2081 2745 2248 2780 thoracem
2271 2745 2415 2781 maduisti

472 2785 532 2820 Ab
555 2786 700 2820 elleboro
722 2787 817 2828 nigro
840 2798 914 2830 quae
936 2788 1159 2829 contigerint.
1196 2788 1280 2822 Ibid.
1308 2799 1358 2831 15.
1584 2787 1804 2821 Observatio.
1831 2787 1923 2820 LIV.
1951 2798 2000 2820 10.

561 2828 683 2864 horum
704 2841 786 2879 cum·
803 2831 843 2863 iis
866 2841 938 2879 quae
962 2830 1002 2863 ab
1028 2830 1103 2865 albo
1125 2834 1321 2874 contingunt
1345 2855 1355 2871 ,
1629 2829 1798 2879 quomodo
1820 2830 1853 2863 id
1876 2833 2068 2873 contingat,
2092 2834 2123 2865 δε
2146 2833 2196 2866 vel
2221 2832 2411 2868 finevulne—

343 2915 476 2965 Venena
501 2873 1135 2966 morsuc?¹{¹1i³{³ri²ifi¹rc1³alggiislff'rnmiffa
1159 2942 1167 2949 .
1192 2919 1273 2953 Vid.
1296 2919 1359 2952 As·
1411 2917 1600 2952 Ventriculi
1626 2873 1965 2967 ἱηέἒτῆῑξὲιὶέῑᾷἷῑῖεῗ
1981 2875 2149 2968 dacii-’lodo
2160 2922 2328 2962 potuerint
2341 2930 2407 2954 non

431 2970 497 3001 prs.
522 2960 622 2993 Canis
644 2960 811 2994 rabiosus.
835 2959 1101 3002 Hydrophobia.
1127 2963 1262 3006 Scorpio
1272 2966 1284 2995 ⁴.
1297 2962 1360 2996 Vi·
1498 2964 1684 3004 nigricare,
1709 2968 1924 3035 cum61nt1ma
1951 2984 1961 3000 ,
1980 2964 2012 2995 δε
2037 2971 2159 2997 extima
2182 2963 2277 2998 essent
2301 2964 2411 3005 niger-

430 3014 504 3044 pera
521 3027 529 3035 .
1497 3007 1610 3039 rimae.
1634 3007 1734 3039 XXX.
1762 3014 1774 3036 1
1802 3028 1810 3036 .
1837 3012 1888 3044 17.

344 3046 377 3079 in
401 3046 528 3080 Venere
551 3055 691 3082 mortua
715 3045 879 3080 difleffio.
906 3047 1024 3079 XXVI.
1052 3054 1100 3089 13.
1542 3061 1704 3087 verrucae,
1725 3057 1759 3082 ut
1783 3047 1909 3080 Arabes
1931 3049 2159 3092 appellabant,
2182 3061 2259 3084 num
2290 3049 2412 3093 semper

472 3090 627 3125 rariffima
652 3091 725 3125 sunt
748 3092 782 3122 in
816 3090 964 3125 foeminis
987 3090 1148 3133 ejusmodi
1181 3093 1298 3127 mortis
1330 3107 1361 3129 e.
1587 3091 1807 3127 excrescentiae
1830 3090 1918 3124 illius
1942 3092 2087 3129 fuerint.
2112 3094 2235 3127 XXIX.
2259 3097 2309 3128 16.
2338 3105 2387 3136 17.

497 3136 668 3182 *xempla.
694 3134 779 3184 Ibid.
806 3143 858 3177 14.
1542 3137 1848 3186 excrescentiarum,
1873 3137 1968 3169 etiam
1980 3137 2173 3173 interiorum
2184 3138 2328 3180 exempla
2339 3140 2413 3182 plu-

344 3175 832 3255 veneregiqsoeqauffuffllffiighs
855 3245 865 3261 ‚
900 3232 938 3255 an
961 3226 1068 3257 recens
1098 3223 1132 3257 in
1155 3223 1287 3266 Europa
1321 3223 1361 3259 fic
1545 3267 1553 3273 ·
1585 3192 1617 3213 m
1629 3178 1774 3266 qulgffm
1797 3232 1905 3257 earum
1929 3224 2045 3274 ori-go.
2070 3223 2158 3258 Ibid.

435 3264 590 3298 morbus.
615 3265 745 3301 LVIII.
777 3275 825 3306 15.
850 3276 897 3306 ¹9·
1543 3278 1576 3300 in
1602 3266 1732 3307 peffimo
1756 3276 1904 3305 tumore,
1927 3268 2007 3311 quid
2030 3265 2172 3312 prodesse
2194 3268 2298 3304 visum
2333 3269 2373 3304 fit
2396 3277 2411 3306 ,ζ

475 3309 539 3342 Pro
564 3319 700 3341 numero
722 3309 849 3350 ingenti
873 3319 912 3342 ex
936 3320 970 3342 ea
995 3320 1203 3345 mortuorum
1225 3332 1236 3348 ,
1268 3309 1359 3345 disse-
1583 3310 1704 3342 XXIX.
1734 3320 1781 3343 12.

518 3351 642 3384 &iones
665 3361 774 3385 extant
799 3362 932 3394 paucae.
956 3353 1043 3388 Ibid.
1071 3364 1118 3397 14.
1147 3363 1196 3395 15.
1536 3351 1929 3397 inlaefionibus,pylorus
1944 3353 2053 3398 saepius
2068 3353 2198 3388 affectus
2208 3356 2412 3390 ei‡.1bid.16.·

473 3395 600 3428 Eorum
621 3395 771 3428 cadavera
784 3406 863 3438 quas
886 3397 974 3430 intus
988 3398 1125 3431 laefiones
1138 3396 1355 3432 ostenderint.
1538 3396 1673 3440 pylorus
1697 3396 1884 3433 laxiffimus‚
1907 3400 1938 3430 δε
1962 3409 2076 3440 magna
2098 3409 2137 3432 ex
2161 3409 2248 3440 parte
2281 3402 2409 3435 annulo

521 3438 607 3471 Ibid.
633 3448 663 3471 2.
687 3448 719 3481 3.
748 3448 795 3478 14.
1581 3450 1710 3478 carens;
1733 3451 1790 3473 nec
1813 3450 1917 3480 tamen
1940 3442 2119 3484 quidquam
2141 3440 2301 3477 lienterici
2318 3466 2328 3483 ‚
2354 3454 2410 3477 ne-

472 3491 545 3521 quae
571 3480 692 3515 viscera
717 3480 830 3521 saepius
855 3481 950 3516 laesa.
976 3483 1061 3518 Ibid.
1091 3495 1142 3527 14.
1584 3484 1662 3516 dum
1686 3485 1835 3518 coeliaci.
1859 3485 1981 3518 XXXI.
2002 3496 2034 3528 4.

474 3534 551 3557 num
575 3527 606 3557 ὃς
631 3524 736 3566 jecur.
760 3524 912 3559 Ibidem.
1412 3525 1599 3560 Ventriculi
1623 3528 1821 3571 inexpectata
1846 3540 1901 3570 per
1924 3539 2085 3562 tumorem
2110 3533 2294 3570 proximum
2309 3529 2409 3564 abdo-

343 3564 498 3599 Venereae
522 3566 584 3599 luis
608 3579 672 3601 non
696 3579 772 3602 raro
794 3570 827 3602 in
839 3567 1178 3611 phthisimdefinentis
1191 3571 1356 3614 exempla.
1497 3571 1597 3605 minis
1621 3570 1820 3612 perforatio‚
1844 3575 1874 3605 &
1898 3571 2034 3605 sanatio.
2060 3573 2407 3617 XXXVI.31.&seq.

432 3608 543 3642 XXII.
571 3619 618 3644 11.
1539 3612 1793 3657 perforationem
1815 3627 1878 3657 qua
1902 3617 2028 3648 ratione
2051 3616 2147 3649 ulceri
2171 3618 2280 3651 deberi
2308 3642 2315 3654 ,
2339 3629 2405 3651 non

477 3652 677 3688 Gummata.
701 3655 779 3692 Vid.
802 3655 1001 3691 Gummata.
1577 3657 1776 3693 Profectoris
1789 3659 2167 3700 cultro,c0gnitumfit.
2193 3661 2404 3704 XXXIX.14.

2306 3715 2362 3746 per
