2498 4075
351 206 507 273 Epist.
542 205 708 257 Anat.
743 205 958 260 Medica
993 203 1233 257 XXVIL
1268 203 1390 256 Art.
1407 221 1487 269 29.
1508 219 1582 272 30.
1602 221 1680 274 3¹·
1701 206 1757 259 &
1778 209 1855 269 322

100 282 229 327 ,aliquid
251 284 463 320 molliusculae
485 282 628 320 materiae
649 280 745 316 instar
767 282 935 323 pulticulae
958 308 967 322 ,
999 282 1103 316 osten..

103 327 173 362 dit.
197 327 369 362 Minorum
391 337 497 361 autem
520 325 701 370 complures
720 324 921 370 posteaquam
943 325 1103 361 exfictatae

102 380 193 407 erant
203 394 217 412 ‚
237 367 327 404 osseae
350 379 581 415 apparuerunt.
881 409 884 412 ι

131 425 201 455 ⁷29·
227 415 351 449 Eorum
379 426 451 457 quae
475 413 546 447 sunt
579 413 614 446 in
647 410 811 455 proposita
841 412 972 447 historia
992 437 1004 454 ,
1040 413 1103 446 alia

105 458 171 492 alio
194 458 333 492 attinent
352 483 359 490 .
384 458 430 491 Et
453 456 523 490 sane
546 456 638 499 plura
659 456 872 498 superioribus
895 457 1028 490 Litteris
1049 467 1105 489 ex·

104 499 207 545 posita
231 500 321 534 sunt.
344 500 402 535 Ad
424 499 480 533 has
503 510 578 533 vero
599 498 634 533 id
649 499 843 541 potiffimum
868 500 1006 542 spestare
1020 523 1033 541 ‚
1055 499 1104 532 vi-

101 544 180 586 des,
198 543 285 587 'quod
309 544 465 588 postremo
487 543 560 583 loco
584 542 771 576 adnotatum
792 542 853 578 est.
880 544 1007 577 Scilicet
1029 541 1109 586 quid

102 588 329 632 prominentiae
359 587 498 621 minores
528 587 729 620 continerent
747 609 769 625 ,Α
791 585 921 630 majoris
962 585 1109 621 diffeetio

104 630 288 672 indicavit,
309 630 343 664 id
365 629 407 664 est
431 630 597 669 materiam
618 629 784 672 pulticulae
805 628 941 664 similem
960 655 969 663 .
992 631 1106 670 Qian-

103 674 148 709 do
170 675 273 716 igitur
294 686 332 708 ex
357 673 437 710 hac,
461 671 636 714 absumptis
660 684 713 715 per
735 672 976 707 exsiccationem
997 674 1106 707 humi-

102 718 249 753 dioribus
272 716 439 760 particulis
453 740 464 756 ,
486 728 522 750 os
545 714 603 750 esse
626 715 750 751 fastum
773 741 782 756 ,
805 717 952 759 apparuit
974 741 983 756 ,
1013 715 1106 750 simul

103 762 287 804 intelliges,
309 771 348 795 ex
370 759 463 793 molli
488 761 620 798 materia
642 761 777 794 initium
800 759 913 802 cepiffe
927 761 1107 794 concretio-

102 818 157 846 nes
179 816 248 848 quae
272 815 308 837 os
330 801 504 841 referrent,
528 803 702 843 albedine,-
716 804 834 845 opinor
855 828 865 843 ‚
899 806 931 837 δε
954 803 1073 838 duritie
1096 815 1108 842 3

104 860 206 892 neque
227 848 311 881 enim
336 857 375 880 eo
398 856 541 893 tempore
565 846 632 881 haec
656 847 838 890 agitabatur
858 846 1073 881 controverfia
1096 857 1108 885 3

104 893 195 927 simul
219 900 285 924 tam
308 891 370 923 cita
393 889 533 931 eJusdem
558 890 699 924 materiae
721 888 926 925 indurat-ione
948 890 1108 933 speetata,

105 947 230 970 mecum
254 934 348 968 facile
372 933 578 977 suspicaberis
598 957 611 975 ,
640 932 662 965 si
685 934 906 968 concretiones
929 934 994 967 illae
1027 932 1108 967 fuis-

104 976 359 1023 sentmajores,
382 985 424 1011 ut
443 978 665 1020 experimento
687 977 867 1020 multiplici
890 976 1011 1010 tentari
1034 975 1108 1019 pos-

104 1021 193 1061 sent„
209 1021 364 1056 ‘futurum
386 1018 499 1061 fuisse,
523 1030 559 1055 ut
583 1019 679 1062 tophi
704 1041 715 1058 ‚
739 1029 795 1054 aut
818 1019 958 1055 indurati
981 1019 1073 1063 gypsi
1095 1034 1109 1059 ·,

100 1073 196 1107 quam
217 1064 288 1098 ollis
312 1073 418 1098 revera
439 1062 609 1101 similiores
628 1086 638 1101 ‚
661 1062 971 1106 deprehenderentur
995 1089 1004 1097 .
1036 1063 1109 1097 Nec

94 1109 184 1148 ‚mihi
210 1109 272 1143 alia
301 1107 339 1142 de
363 1107 488 1145 arteriis
520 1119 575 1151 per
597 1109 758 1148 meninges
781 1107 963 1149 repentibus
993 1107 1109 1149 opinio

100 1152 143 1186 est
164 1176 176 1192 ,
209 1163 280 1195 quae
303 1150 372 1194 post
393 1150 638 1185 exsiccationem
660 1148 751 1186 osseae
775 1149 830 1185 hic
863 1150 933 1185 illic
957 1161 1108 1193 apparue-

100 1204 176 1231 runt
199 1220 208 1229 .
242 1195 321 1229 Veri
344 1195 432 1229 enim
454 1194 658 1228 simillimum
680 1193 742 1232 est,
766 1194 852 1228 idem
875 1194 1108 1237 prominentia-

100 1250 173 1273 rum
209 1248 306 1280 genus
327 1237 416 1281 quod
448 1249 487 1273 ex
512 1249 628 1274 trunco
661 1238 775 1273 Aortae
798 1239 832 1271 in
854 1236 988 1281 majores
1012 1236 1107 1280 hujus

100 1292 208 1321 ramos
234 1282 470 1325 propagabatur
495 1305 512 1323 ,.
530 1294 569 1315 ex
592 1280 644 1315 his
667 1292 764 1323 porro
788 1292 842 1324 per
862 1283 1003 1316 minores
1025 1292 1108 1324 quo-

96 1336 162 1369 que
185 1325 260 1358 illos
282 1323 449 1368 perrexisse
457 1324 685 1367 ,eundemque
708 1322 857 1360 effefmm
878 1322 1062 1358 ostendisse.

122 1380 194 1411 ⁷30‘
220 1368 325 1410 Qod-
356 1379 432 1401 vero
455 1366 547 1403 idem·
574 1368 628 1402 Cl.
653 1368 719 1401 Vir
751 1369 808 1411 qui
840 1368 1109 1402 Observationem

98 1412 191 1449 illam
213 1412 490 1449 communicavit,
516 1410 629 1445 iisdem
652 1421 701 1444 me
723 1411 842 1446 litteris
858 1412 1037 1445 vcertiorem
1060 1409 1108 1444 se-

97 1457 146 1489 cit
162 1479 173 1496 ,
196 1454 225 1495 se-
248 1456 372 1499 a-quuos
394 1453 567 1490 diffecuiffe
590 1455 766 1497 aliquando
783 1478 797 1496 ‚
819 1455 982 1499 repentina
1006 1463 1110 1488 morte

96 1498 269 1540 sublatos,
290 1500 323 1532 in
348 1500 463 1541 quibus
485 1500 626 1533 Aortam
649 1508 750 1541 neque
774 1508 957 1541 perruptam
971 1522 983 1539 ‚
1006 1509 1109 1542 neque

98 1542 371 1585 dilatatam›,.sed
394 1540 551 1585 ejusmodi
574 1541 678 1577 solum
703 1540 860 1584 pustulis,
881 1542 1111 1584 &prominen—

101 1586 160 1620 tiis
183 1583 330 1625 affectam
352 1584 523 1621 invenisset
533 1596 551 1624 :,·
583 1585 616 1618 id
638 1595 677 1619 ne
701 1596 739 1618 ue
763 1585 902 1620 multum
926 1583 1050 1618 abludit
1073 1584 1112 1617 ab

101 1630 173 1668 aliis
205 1640 276 1671 quae
303 1640 318 1661 a
344 1640 393 1661 me
426 1628 487 1662 tibi
513 1628 588 1664 alias
618 1628 663 1666 mi
692 1639 716 1660 ae
748 1627 821 1662 sunt
841 1652 856 1669 ,
886 1628 1049 1663 minorum
1073 1626 1113 1661 ad

95 1673 231 1716 speciem
263 1670 404 1715 ejusdem
436 1671 561 1705 arteriae
597 1671 755 1705 vitiorum
787 1671 1077 1706 observationibus
1101 1693 1115 1711 ,

98 1727 170 1759 quae
195 1725 302 1749 tamen
327 1713 440 1748 funesti
463 1714 551 1748 casus
587 1714 658 1748 sunt
681 1713 843 1749 consecuti
865 1741 873 1749 .
905 1716 985 1755 Quo
1007 1716 1109 1757 magis

96 1769 193 1802 opera
225 1756 327 1792 danda
351 1758 394 1793 est
415 1781 428 1798 ,
460 1757 629 1800 nequando
651 1766 767 1797 temere
803 1759 1005 1802 negligantur
1027 1757 1113 1802 siqua

94 1801 227 1841 demum
249 1800 334 1835 forte
354 1801 480 1835 indicia
503 1801 533 1835 se
556 1800 716 1844 prodant,
737 1800 820 1836 unde
842 1804 877 1835 in
899 1801 1112 1845 suspicionem

98 1853 224 1890 quanto
258 1845 362 1888 magis
395 1846 491 1879 liceat
527 1844 728 1887 probabilem
751 1844 1113 1889 ‘deducamur-pustula-

105 1900 201 1928 rum,
224 1897 278 1930 aut
302 1888 483 1922 erosionum
505 1888 540 1921 in
562 1888 667 1929 Aorta
691 1888 863 1923 latentium
886 1913 893 1922 .
928 1891 975 1923 Et
998 1887 1117 1923 erosio-

100 1943 181 1974 num
204 1930 339 1976 quidem
361 1931 448 1975 signa
471 1931 625 1966 nonnulla
639 1957 648 1972 ‚
672 1941 691 1964 a
714 1932 1019 1975 Bellinoindicata‚
1039 1943 1116 1967 cum

99 1975 267 2018 lapideas,
289 1975 351 2009 sive
374 1973 471 2010 osseas
482 1974 624 2008 brancas
647 1985 718 2018 quae
742 1975 814 2009 illas
833 1975 997 2016 fecerant,
1019 1975 1114 2010 simul

94 2027 310 2060 memoraret,
335 2018 425 2062 supra
447 2022 462 2059 (
482 2030 499 2051 c
520 2020 534 2057 >
557 2028 623 2051 non
644 2016 755 2052 omiffa
779 2031 796 2052 a
818 2020 914 2053 nobis
937 2018 1043 2053 videre
1052 2030 1112 2063 po-

95 2059 186 2101 tuisti
200 2086 214 2097 „
237 2059 297 2096 Sed
319 2064 352 2095 δε
376 2073 411 2096 ea
432 2060 621 2095 confirmare
644 2070 794 2104 oportet,
818 2065 851 2096 δε
873 2064 934 2097 alia
956 2062 1113 2106 adjunge-

97 2118 131 2142 re
158 2129 166 2139 .
196 2107 252 2142 Et.
271 2106 426 2148 quoniam
457 2103 607 2139 Medicos
630 2103 758 2149 adjuvat
791 2106 826 2138 in
860 2105 1079 2149 dignoscendo
1101 2127 1112 2142 2

95 2161 169 2193 quae
203 2148 332 2183 morbos
356 2146 528 2190 praecedere
562 2146 648 2181 haud
678 2159 749 2181 raro
782 2147 933 2187 soleant5
968 2148 1112 2182 attendas

95 2193 219 2233 velim„
243 2191 322 2234 quid
346 2191 496 2225 laudatus
521 2191 655 2225 Plancus
679 2190 846 2233 postquam
878 2191 942 2224 alio
965 2202 1003 2224 ex
1025 2202 1112 2233 aegro

94 2237 150 2275 (d
170 2240 184 2277 )
207 2236 355 2275 arteriam
379 2235 534 2278 Magnam
567 2234 735 2276 proposuit
757 2235 845 2268 intus
868 2233 971 2268 veluti
993 2234 1111 2268 ulcero-

89 2279 161 2322 sam
174 2302 184 2318 ,
212 2280 254 2312 ά*
276 2277 449 2320 corrosam,
471 2276 630 2320 variisque
649 2275 783 2318 pustulis
798 2276 972 2320 scatentem
990 2300 1001 2315 ‚
1035 2288 1111 2310 con-

101 2323 200 2356 tinuo·
219 2319 406 2363 subjecerit:
431 2320 512 2363 quod
527 2319 606 2362 saepe
616 2318 802 2362 observavi,
824 2320 955 2362 inquit,
976 2321 1009 2354 in
1031 2321 1106 2353 aliis

97 2362 305 2399 cadaveribus
319 2387 329 2402 ‚
354 2374 459 2398 eorum
476 2361 651 2406 praesertim
673 2384 684 2400 ,
717 2362 773 2404 qui
788 2362 959 2406 syphillide
981 2362 1106 2396 labora-

95 2415 190 2447 runt,
211 2407 253 2441 &¹
276 2407 316 2440 ad
336 2406 537 2448 Aneurysma
558 2406 672 2438 Aortae
689 2428 702 2446 ,
736 2405 788 2439 vel
810 2405 851 2439 ad
871 2405 1014 2439 Ῥεὲἳονὶς
1034 2408 1106 2448 Hy-

95 2448 307 2493 dropemsunt
328 2448 470 2492 dzspofiti
481 2474 488 2481 .
513 2449 679 2482 Caeterum
690 2460 763 2482 cum
786 2448 851 2492 ejus
868 2450 991 2482 arteriae
1014 2450 1107 2483 exul-

95 2494 273 2528 cerationes
304 2492 343 2525 ab
366 2491 505 2525 officulis
536 2491 652 2534 saepius
685 2491 766 2525 fiant
787 2515 801 2533 ,
831 2492 1106 2535 quemadmodum

93 2539 185 2580 supra
207 2536 305 2613 (se)
336 2534 515 2569 indicatum
545 2534 587 2568 est
605 2558 618 2575 ,
652 2534 785 2577 pustulae
809 2546 914 2570 autem
943 2536 1109 2571 interdum

94 2580 175 2615 adeo
219 2578 324 2613 imiles
356 2577 467 2613 offium
500 2578 725 2612 concretiones
760 2579 971 2621 producant,
1014 2579 1105 2614 vides

95 2622 245 2668 profecto
266 2647 274 2663 ,
307 2633 402 2665 quam
424 2621 505 2665 saepe
538 2624 572 2654 in
596 2624 710 2656 Aortae
745 2623 837 2657 vitiis
866 2635 901 2656 ea
932 2624 1104 2657 convenire

95 2666 240 2711 praesidia
275 2665 389 2708 poffint
412 2677 484 2708 quae
516 2664 660 2699 adversus
694 2667 821 2699 interna
848 2667 952 2701 ulcera
975 2678 1014 2700 ex
1046 2668 1104 2702 usu

96 2710 154 2745 esse
177 2709 240 2744 fine
263 2709 424 2751 sanguinis
445 2710 664 2742 concitatione
686 2732 696 2747 ,
719 2710 768 2743 vel
791 2719 876 2744 certe
898 2722 973 2745 cum
995 2710 1104 2744 modi-

94 2765 156 2794 ca,
180 2753 271 2786 solita
296 2751 386 2786 sunt.
413 2751 502 2786 Nam
525 2762 578 2786 aut
603 2752 714 2786 offium
740 2751 865 2788 effe&ui
888 2766 955 2797 quo
977 2754 1017 2787 ad
1036 2753 1103 2795 ejus

96 2797 165 2830 fieri
190 2795 313 2838 potest,
338 2793 493 2829 obstarent
516 2797 555 2830 ad
580 2793 715 2830 funestas
725 2798 836 2831 Aortae
859 2796 1101 2840 disruptiones,

97 2843 131 2875 ὃς
165 2839 326 2882 sanguinis
347 2839 484 2873 internas
515 2838 677 2881 effusiones
702 2865 711 2879 ‚
744 2839 765 2873 si
792 2842 887 2875 altius
920 2840 1067 2883 pervadat
1089 2865 1102 2883 ,

95 2882 309 2927 disponenti,
345 2891 399 2916 aut
421 2883 518 2917 causae
540 2881 787 2924 obfiiigefentwob
833 2896 904 2918 uam
927 2883 1012 2917 durae
1036 2884 1102 2919 istae

96 2926 318 2961 concretiones
341 2928 538 2968 gignuntur,
562 2925 662 2968 eoq‘ue
673 2925 756 2970 ipsas
774 2952 783 2966 ,
818 2940 827 2960 1
851 2939 915 2962 non
928 2928 1100 2967 tollerent,

99 2971 208 3006 saltem
232 2968 337 3011 augeri
362 2968 584 3011 prohiberent.
647 3007 649 3010 .
721 2969 781 3005 Sed
802 2971 866 3014 jam
890 2971 964 3005 satis
987 2971 1026 3005 de
1038 2972 1104 3006 Re-

99 3013 241 3058 pentinis
265 3012 427 3046 Mortibus
453 3010 600 3056 scripsisse
623 3012 735 3049 videor
755 3038 766 3053 ,
799 3017 831 3047 &
855 3014 893 3048 de
915 3016 1103 3049 arteriarum

101 3060 137 3091 in
158 3068 196 3090 os
221 3053 452 3097 conversione,
483 3068 546 3101 qua
567 3057 605 3091 de
628 3057 744 3101 agendi
775 3057 899 3092 causam
923 3057 989 3102 ipsa
1012 3057 1103 3094 dedit

98 3101 227 3135 illarum
251 3099 402 3132 trastatio
415 3123 423 3130 .

140 3156 187 3188 3¹·
211 3143 311 3177 Nunc
332 3141 372 3175 de
394 3142 463 3176 aliis
484 3143 597 3179 offibus
630 3154 743 3188 praeter
764 3155 909 3180 naturam
933 3146 961 3179 se
986 3146 1105 3181 haben-

98 3188 187 3222 tibus
211 3184 364 3221 scribendi
397 3186 590 3221 occasionem
624 3190 775 3231 praeberet
808 3190 915 3224 Sestio
938 3192 1016 3224 XII.
1040 3203 1102 3234 qua

102 3231 303 3274 Sepulchreti
342 3229 428 3264 libro
451 3232 496 3264 ΙΙ.
521 3231 594 3265 finis
627 3235 811 3275 imponitur
837 3258 847 3274 ‚
891 3234 1044 3278 inscripta
1067 3237 1102 3269 de

94 3273 310 3317 Gibbofitate‚
333 3275 365 3306 &
388 3272 587 3309 diffeffiones
611 3276 774 3317 proferens
795 3277 1002 3321 gibbosorum
1024 3303 1036 3320 ,
1068 3281 1102 3312 δε

99 3317 330 3352 rachiticorum
351 3340 359 3348 .
393 3317 451 3350 Sed
475 3328 534 3357 ego
557 3319 712 3354 rachitide
736 3319 866 3355 affeetos
889 3320 1013 3355 secuisse
1036 3333 1101 3355 non

100 3362 232 3395 memini
247 3384 258 3400 ,
280 3369 318 3393 ut
341 3370 440 3403 neque
464 3361 645 3396 Valsalvam
667 3386 676 3401 ,
699 3375 798 3408 neque
822 3364 925 3399 ullum
948 3366 981 3399 in
1005 3366 1102 3399 Italia

99 3406 276 3444 Amicum,
298 3402 321 3436 si
344 3403 656 3449 Experientiffimum
680 3408 800 3441 Virum
832 3410 972 3451 excipias
994 3410 1101 3442 Anto-

100 3451 190 3483 nium
214 3446 409 3482 Benevolum
432 3446 518 3490 (f)
541 3471 554 3489 ,
583 3450 641 3492 qui
664 3448 731 3484 suas
755 3450 821 3494 ipse
846 3474 859 3491 ,
891 3464 942 3485 me
972 3464 1101 3496 quoque

1987 223 2084 271 297

1152 281 1302 317 hortante
1314 304 1325 320 ‚
1348 281 1601 317 Observationes
1614 282 1714 317 edidit
1726 295 1742 322 ,·
1761 283 1918 326 ingenue,
1939 285 1973 316 &
1993 282 2155 324 perspicue

1153 327 1305 369 scriptas,
1330 336 1523 360 cumeorum
1544 325 1798 370 quaeincidendo
1818 324 2063 367 animadvertit,
2084 335 2155 358 tum

1153 380 1262 404 eorum
1284 380 1356 413 quae
1379 370 1519 404 curando
1530 369 1623 403 utilia
1645 370 1679 402 in
1703 368 1889 411 perdifficili
1913 369 2057 411 alioquin
2069 378 2154 401 mor·-

1152 415 1196 446 bo
1220 422 1369 455 expertus
1392 412 1434 446 est
1455 438 1462 444 .
1500 413 1559 446 Sed
1582 413 1620 447 ab
1643 412 1773 445 Exteris
1805 412 2019 455 Scriptoribus
2052 413 2156 453 plures

1154 456 1283 490 habebis
1307 454 1540 490 rachiticorum
1561 455 1762 490 dissectiones
1778 478 1788 494 ‚
1811 467 1888 498 quas
1901 457 2021 500 pariter
2043 453 2080 487 ad
2103 455 2157 487 Sca·

1157 500 1359 542 pulchretum
1382 498 1549 542 adjungas.
1575 500 1727 542 Namque
1749 507 1786 533 ut
1808 500 1907 532 verses
1929 498 2093 533 dumtaxat
2117 497 2159 529 1⁴-

1157 544 1232 577 bros
1255 556 1272 578 a
1295 540 1434 576 Caesarea
1457 542 1631 576 Academia
1654 543 1779 584 editos,
1801 549 1838 575 ut
1861 545 1942 577 Dec.
1969 543 2033 577 III.
2056 541 2098 574 A.
2123 552 2158 580 9.

1160 592 1213 629 (g
1234 591 1267 628 ),
1291 588 1426 619 Centur.
1451 587 1516 619 111.
1539 590 1554 626 (
1576 585 1596 620 h
1617 589 1650 626 )‚
1673 589 1706 619 δε
1728 586 2029 625 A&or.1.<i)‚
2054 587 2087 617 &
2109 585 2157 616 V·

1156 635 1169 670 (
1192 631 1209 670 l<
1231 636 1246 673 )
1269 630 1454 669 Volumen;
1478 640 1542 662 non
1564 640 1660 663 uuam
1682 630 1822 664 invenies
1840 653 1848 660 .
1872 628 1972 670 Qod
1995 636 2097 661 tamen
2121 625 2160 660 ad

1157 674 1235 708 duas
1260 674 1376 707 attinet
1399 672 1556 711 ultimas;
1580 672 1673 710 vide,
1696 683 1773 705 num
1795 672 1971 711 retraetm,
1995 671 2046 704 seu
2068 669 2161 704 defe-

1158 719 1229 751 &tus
1252 717 1307 751 ille
1330 715 1493 758 pulmonis
1517 715 1632 748 finistri
1649 738 1663 756 ,
1697 724 1733 749 ut
1756 725 1814 748 cor
1835 739 1848 755 ,
1877 713 1938 747 sive
1961 715 2069 757 potius
2093 723 2161 746 me-

1158 761 1287 795 diastini
1310 767 1433 803 partem
1457 758 1667 802 pericardium
1689 758 1954 796 concludentem,
1977 766 2082 790 totam
2094 766 2160 789 non

1160 813 1279 847 tegeret
1299 827 1312 844 ,
1343 803 1521 837 adfvitium
1544 801 1697 845 specstaret
1721 800 1975 844 confbrmationis
1997 801 2031 834 in
2053 798 2161 834 rachi-

1159 849 1234 882 ticis
1250 871 1260 886 ,
1285 859 1322 879 an
1346 847 1429 880 idem
1453 845 1525 879 esset
1548 845 1634 888 quod
1657 844 1829 880 secundum
1853 853 1997 878 naturam
2020 842 2161 877 delinea-

1160 892 1209 924 vit
1232 889 1423 925 Eustachius
1445 895 1458 931 (
1481 889 1493 922 l
1514 893 1528 930 )
1548 911 1558 928 ‚
1588 888 1812 932 descripsitque
1844 887 1949 931 postea
1972 886 2163 920 Santorinus

1159 935 1177 977 (
1195 946 1225 968 m
1248 938 1278 974 ).
1412 932 1635 966 Gibbosorum
1670 942 1779 966 autem
1803 931 1905 975 plures
1934 930 2065 973 quidem
2101 939 2164 972 ego

1159 976 1289 1011 diffecui
1314 989 1324 1015 5
1356 976 1407 1011 sed
1429 988 1498 1016 quae
1532 976 1566 1008 in
1590 977 1630 1008 iis
1661 975 1729 1010 vidi
1753 974 1792 1009 ad
1813 974 1926 1018 gibber
1959 973 2130 1008 attinentia
2151 994 2167 1012 .,

1160 1023 1220 1055 alia
1242 1021 1319 1055 alibi
1342 1019 1485 1062 exposita
1508 1019 1578 1052 sunt
1603 1019 1663 1051 tibi
1678 1041 1690 1058 ,
1714 1028 1768 1054 aut
1791 1027 1989 1059 exponentur
2013 1043 2022 1056 ‚
2046 1017 2166 1059 quippe

1158 1076 1234 1099 cum
1256 1065 1336 1098 alius
1360 1064 1425 1097 alio
1448 1061 1564 1096 morbo
1585 1062 1747 1095 interierit
1767 1086 1775 1094 .
1808 1062 1962 1104 Qorum
1984 1057 2167 1094 historiasst

1159 1108 1295 1151 legeri53
1318 1107 1460 1149 proclive
1482 1106 1541 1138 erit
1555 1106 1697 1147 primum
1711 1104 1881 1148 perspicere
1896 1126 1904 1142 ,
1928 1103 1962 1137 id
1985 1105 2059 1137 vitii
2084 1113 2167 1136 non·

1159 1161 1325 1196 nunquam
1348 1153 1361 1190 (
1382 1161 1402 1182 n
1424 1153 1437 1190 )
1460 1147 1545 1182 haud
1568 1156 1639 1181 ante
1663 1147 1692 1181 se
1717 1147 1872 1191 prodere,
1894 1158 1989 1189 quam
2012 1148 2098 1180 circa
2111 1156 2166 1179 an-

1159 1206 1241 1231 num‘
1261 1192 1533 1238 quadragesimum
1556 1190 1709 1226 :deinde
1732 1191 1816 1225 reete
1840 1191 2024 1224 Severinum
2042 1216 2051 1231 ,
2075 1199 2110 1223 ut
2134 1190 2169 1221 in

1159 1239 1252 1282 supra
1275 1238 1362 1272 dieta
1386 1234 1589 1279 Sepulchreti
1613 1235 1758 1270 Sestione
1781 1237 1794 1274 (
1816 1242 1833 1266 ο
1855 1237 1869 1274 >
1890 1233 2034 1274 videris,
2057 1232 2172 1266 adver-

1159 1283 1209 1317 sus
1233 1280 1418 1315 Cardanum
1442 1275 1637 1312 admonuisse
1654 1302 1664 1318 ,
1697 1288 1762 1313 non
1786 1276 1906 1319 semper
1928 1278 2019 1310 vitiis
2042 1288 2112 1318 quae
2135 1276 2170 1307 in

1162 1325 1228 1360 situ
1249 1324 1360 1358 offium
1383 1322 1477 1357 sterni
1498 1345 1511 1363 ‚
1535 1325 1567 1355 ὃ(
1590 1319 1667 1356 huic
1690 1321 1721 1355 se
1744 1321 1982 1355 annecfitentium
2009 1320 2171 1362 costarum

1165 1370 1397 1405 inveniuntur,
1419 1363 1624 1400 necessarium
1648 1363 1705 1398 esse
1727 1388 1740 1405 ,
1771 1373 1807 1398 ut
1831 1374 1945 1406 pravus
1969 1363 2045 1397 situs
2068 1371 2174 1396 verte.-

1164 1414 1294 1448 brarum
1315 1421 1444 1455 quoque
1466 1407 1548 1443 dorfi
1573 1408 1780 1451 respondeat:
1805 1405 1895 1451 quod
1916 1407 2030 1442 nostrae
2054 1403 2174 1440 Obser-

1158 1458 1307 1490 vationes
1330 1457 1365 1488 in
1388 1454 1527 1488 Muliere
1549 1452 1725 1495 praesertim
1757 1450 1896 1495 quadam
1917 1453 1931 1490 <
1949 1460 1972 1492 p
1993 1454 2008 1490 )
2031 1475 2040 1490 ,
2077 1452 2110 1483 δι
2133 1459 2174 1483 ex

1161 1509 1249 1543 parte
1271 1501 1306 1533 in
1329 1499 1405 1532 Sene
1428 1499 1442 1536 (
1464 1508 1482 1540 q
1505 1500 1519 1538 )
1543 1495 1760 1530 confirmant.-
1782 1494 1900 1537 quibus
1924 1493 2018 1528 addes
2030 1492 2176 1527 animad-

1161 1543 1245 1577 versa
1270 1544 1304 1576 in
1326 1539 1486 1575 rachitico
1509 1545 1610 1582 puero
1633 1539 1671 1572 de
1695 1550 1761 1582 quo
1784 1538 1867 1571 Aeta
1892 1537 1973 1570 Nat.
1989 1539 2070 1571 Cur·
2095 1546 2176 1579 pau-

1161 1587 1198 1620 lo
1222 1596 1293 1620 ante
1316 1586 1414 1618 citata
1437 1586 1451 1623 (
1473 1594 1489 1616 r
1509 1586 1546 1623 >‚
1572 1585 1604 1616 &
1627 1593 1698 1626 quae
1720 1593 1760 1615 ex
1784 1580 1849 1613 alio
1873 1580 1981 1623 puello
2005 1579 2177 1613 accuratis-

1164 1629 1242 1664 sime
1265 1627 1428 1670 descripfit
1450 1626 1521 1659 Cel.
1546 1625 1694 1660 Hallerus
1716 1623 1822 1667 (s).
1847 1625 2011 1658 Caeterum
2025 1635 2118 1663 vera,
2142 1632 2178 1658 ut

1163 1675 1199 1708 in
1227 1672 1403 1717 plerisque,
1426 1668 1565 1703 docuisse
1583 1669 1789 1714 Cardanum,
1810 1678 1885 1701 cum
1897 1668 2047 1702 Severino
2071 1666 2179 1700 faten-

1165 1718 1242 1751 dum
1268 1716 1330 1750 est:
1353 1716 1422 1747 imo
1446 1712 1660 1747 vertebrarum
1684 1713 1840 1746 vitiosum
1861 1709 1958 1746 situm
1983 1712 2088 1745 multo
2112 1709 2178 1745 fre-

1165 1759 1401 1804 quentissimam
1424 1756 1549 1791 causam
1572 1755 1652 1796 esse,
1674 1765 1711 1790 ut
1734 1755 1894 1789 costarum
1911 1782 1921 1796 ,
1943 1755 2083 1789 &sterni
2105 1764 2177 1797 per-

1165 1804 1271 1838 versus
1294 1801 1414 1845 pofitus
1436 1801 1649 1842 consequatur
1673 1824 1684 1840 ,
1716 1801 1749 1832 &
1772 1798 1909 1832 aliorum
1927 1822 1939 1838 ,
1963 1801 1996 1832 &
2019 1810 2094 1833 meae
2116 1806 2180 1831 cae-

1166 1857 1244 1882 terae
1266 1845 1434 1880 ostendunt
1458 1842 1708 1876 Observationes
1729 1867 1737 1874 .
1763 1843 1855 1883 Qas
1878 1843 1962 1876 inter
1985 1840 2009 1875 si
2029 1852 2098 1876 eam
2121 1852 2179 1884 po-

1166 1890 1320 1925 tiffimum
1344 1888 1512 1929 relegeris,
1537 1898 1633 1930 quam
1645 1885 1790 1929 Epistola
1815 1887 1905 1925 IV.(
1926 1894 1942 1920 t
1962 1889 1978 1925 )
2000 1884 2179 1929 proposui5

1166 1934 1262 1968 simul
1286 1933 1467 1973 intelliges,
1490 1939 1527 1964 ut
1550 1931 1656 1972 Spinae
1677 1928 1899 1964 distorsionem
1912 1928 2091 1973 sequeretur
2112 1938 2178 1962 non

1166 1978 1327 2012 costarum
1352 1974 1472 2011 modo,
1496 1976 1528 2007 ὃ(
1551 1974 1644 2007 sterni
1664 1996 1678 2013 ,
1700 1972 1751 2007 sed
1774 1975 1807 2006 δε
1831 1973 1975 2016 plurium
1998 1972 2141 2007 thoracis
2165 1994 2176 2010 ,

1164 2024 1199 2055 δε
1221 2021 1339 2054 ventris
1361 2017 1542 2058 viscerum,
1566 2028 1600 2051 ac
1622 2016 1767 2051 vasorum
1790 2017 1987 2060 incongruus
2007 2041 2020 2059 ,
2051 2020 2082 2051 δι
2107 2027 2179 2059 per-

1165 2063 1270 2098 versus
1294 2061 1413 2107 pofitus
1433 2084 1442 2100 ,
1474 2061 1564 2096 simul
1587 2061 1741 2103 conjicies
1763 2085 1773 2101 ,
1804 2071 1962 2105 quantum
1986 2072 2002 2095 a
2024 2060 2179 2094 consueto

1164 2107 1306 2140 aberrare
1320 2105 1485 2140 debuerint
1506 2103 1569 2139 situ
1579 2116 1654 2139 cum
1675 2104 1744 2138 vas-a
1757 2104 1820 2151 alia
1843 2107 1991 2140 tenuiora
2000 2126 2013 2145 ,-
2033 2114 2069 2139 ut
2082 2102 2179 2138 Tho-

1164 2151 1288 2184 racicus
1311 2151 1345 2183 in
1369 2150 1482 2192 primis
1493 2149 1647 2188 Dubius,
1672 2157 1742 2183 tum
1752 2149 1841 2184 nervi
1865 2150 2024 2192 plurimi,
2048 2148 2175 2190 aliaque

1164 2192 1388 2236 ejuscemodi,
1409 2204 1482 2236 quae
1505 2190 1673 2235 sigillatim
1696 2192 1842 2236 persequi
1865 2205 1921 2227 nec
1944 2201 2094 2237 tempuS,
2116 2200 2175 2224 nec

1163 2236 1254 2269 locus
1267 2259 1281 2277 ,
1303 2246 1403 2277 neque
1426 2236 1622 2278 praecipuum
1645 2245 1721 2269 tunc
1745 2235 1946 2278 propositum
1969 2236 2115 2271 nostrum
2136 2232 2176 2268 fi-

1163 2279 1281 2312 nebant
1302 2303 1311 2312 .
1343 2278 1449 2312 Porro
1471 2279 1569 2311 etiam
1592 2278 1704 2313 Praecl.
1728 2278 1934 2314 Helwichius
1964 2283 1979 2320 <
2001 2291 2021 2314 u
2042 2284 2056 2321 )
2079 2279 2176 2314 doce-

1159 2322 1234 2363 bit,
1256 2331 1390 2366 quantas
1414 2323 1447 2355 in
1471 2320 1627 2365 angustias
1649 2321 1782 2357 distorta
1809 2323 1992 2358 anti-orsum
2016 2325 2114 2368 Spina
2138 2337 2176 2359 o-

1159 2367 1248 2400 mnia
1272 2366 1414 2400 thoracis
1436 2365 1555 2399 viscera
1589 2367 1623 2399 in
1644 2366 1798 2400 Matrona
1831 2367 1970 2412 quadam
1993 2369 2175 2413 compegis-

1160 2409 1228 2448 set,
1252 2408 1457 2452 laudatusque
1480 2409 1631 2443 Hallerus
1653 2412 1668 2448 (
1689 2419 1712 2444 x
1734 2414 1771 2451 ),
1793 2419 1830 2445 ut
1854 2412 1950 2456 longe
1974 2412 2015 2446 ab
2037 2413 2089 2449 sua
2103 2408 2173 2448 sede

1159 2453 1286 2486 dimota
1309 2452 1382 2487 esset
1407 2453 1521 2485 arteria
1543 2453 1664 2495 Magna
1697 2454 1732 2486 in
1756 2454 1855 2488 altera
1880 2455 2048 2499 foemina,
2081 2457 2172 2502 cujus

1162 2497 1295 2538 Spinam
1318 2497 1352 2528 in
1376 2496 1451 2528 alias
1476 2506 1510 2528 ac
1536 2495 1707 2530 secundum
1731 2506 1879 2532 naturam
1903 2500 2049 2535 videmus
2072 2526 2084 2543 ‚
2108 2503 2171 2536 ser-

1161 2540 1307 2582 pentinas
1332 2539 1484 2573 flexiones
1515 2540 1623 2581 gravia
1647 2550 1744 2572 onera
1767 2541 2029 2583 incurvaverant,
2051 2545 2170 2589 quibus

1159 2581 1256 2616 dorso
1277 2582 1432 2625 gestandis
1466 2583 1567 2615 vitam
1589 2581 1693 2616 alebat
1719 2608 1726 2615 .
1762 2584 1931 2627 Ejusmodi
1956 2598 2060 2623 autem
2092 2591 2169 2624 vitae

1156 2637 1255 2674 genus
1278 2628 1362 2659 inte-r
1386 2634 1529 2660 externas
1552 2626 1657 2659 causas
1680 2627 1818 2669 gibberis
1841 2630 1986 2674 alioquin
2009 2631 2067 2666 esse
2091 2659 2101 2673 ‚
2133 2635 2168 2667 in

1155 2670 1341 2713 junioribus
1352 2669 1551 2713 praesertim,
1575 2681 1650 2703 cum
1674 2672 1758 2704 ratio
1769 2672 1916 2716 indicat,
1939 2684 2010 2709 tum
2032 2677 2169 2711 Cl.Ne-

1156 2713 1234 2747 belii
1257 2713 1348 2756 (y)
1373 2713 1570 2747 Observatio
1591 2713 1783 2748 confirmat.

1199 2766 1260 2799 32:
1277 2758 1329 2792 De
1360 2758 1487 2791 caeteri-s
1518 2765 1625 2791 autem
1656 2758 1753 2791 causis
1777 2771 1793 2793 a
1826 2761 1943 2803 quibus
1978 2762 2166 2807 plerumque

1156 2800 1263 2843 Spinae
1286 2799 1489 2834 distorfiones
1512 2800 1579 2834 fieri
1603 2802 1766 2843 incipiunt
1786 2827 1797 2843 ‚
1832 2814 1986 2847 augentur
2007 2830 2020 2846 ,
2044 2808 2166 2841 servan:-

1155 2854 1231 2882 tur,
1254 2842 1277 2877 fi
1305 2845 1437 2878 Veteres
1460 2844 1623 2884 consulas;
1644 2855 1752 2878 vereor
1775 2857 1811 2881 ut
1824 2849 1966 2883 invenire
1989 2851 2081 2893 poffis
2094 2862 2166 2894 quae

1154 2888 1230 2921 satis
1255 2887 1373 2920 faciant
1392 2912 1404 2928 ‚
1439 2889 1493 2921 ubi
1518 2887 1665 2921 vide-licet
1691 2888 1729 2921 ab
1763 2902 1801 2923 eo
1824 2892 1979 2926 recesseris
2001 2895 2165 2930 causarum

1154 2942 1266 2974 genere
1287 2942 1358 2974 quae
1380 2931 1541 2964 evidenter
1564 2931 1605 2964 ab
1628 2931 1821 2968 extrinsecus
1834 2935 1998 2970 accidente
2020 2937 2163 2981 injuria,

1154 2975 1346 3008 violentiave
1369 2975 1581 3017 proveniunt.
1608 2975 1680 3008 Nec
1703 2977 1820 3013 mirum
1842 3002 1853 3018 ‚
1887 2990 1959 3014 cum
1982 2982 2163 3025 antiquitus

1153 3017 1327 3052 hominum
1347 3028 1483 3061 corpora
1506 3028 1571 3051 non
1596 3018 1772 3054 secarentur
1791 3045 1804 3063 ‚
1839 3023 1947 3057 multo
1972 3034 2076 3058 autem
2100 3026 2162 3060 mi-

1153 3072 1212 3095 nus
1235 3060 1443 3105 gibbosorum
1458 3085 1465 3093 .
1602 3062 1708 3096 Postea
1732 3075 1808 3098 vero
1837 3078 1935 3110 quam
1960 3066 2054 3102 secari
2088 3078 2161 3102 tan-

1155 3106 1228 3138 dem
1249 3114 1417 3148 coeperunt
1438 3129 1451 3144 ,
1482 3104 1503 3138 si
1527 3106 1561 3138 in
1596 3105 1749 3148 ejusmodi
1771 3120 1906 3153 corpora
1930 3109 2017 3144 forte
2040 3111 2162 3146 incide-

1155 3148 1255 3188 bant3
1278 3158 1332 3195 aut
1357 3148 1452 3198 verbo
1474 3148 1591 3183 malam
1611 3148 1714 3191 offium
1735 3153 1980 3197 compositionem
2010 3154 2160 3190 indicaffe

1152 3193 1228 3227 saris
1252 3192 1327 3236 ipsis
1351 3191 1537 3234 videbatur,
1561 3203 1597 3227 ut
1621 3194 1749 3228 Vesalio‘
1770 3199 1784 3236 (
1804 3209 1828 3240 z
1849 3202 1863 3237 )
1887 3220 1895 3235 ‚
1926 3208 2000 3231 curn
2019 3199 2159 3241 puellam

1152 3236 1252 3272 secuit
1273 3234 1451 3285 gibbosam,
1473 3247 1589 3270 annum
1610 3238 1763 3272 decimum
1779 3239 1951 3281 septimum
1958 3242 2159 3285 praetergrefi

1144 3280 1239 3327 sara,
1262 3288 1315 3313 aut
1329 3280 1586 3321 Spinaelaterales
1609 3281 1756 3315 flexusin
1781 3283 1931 3325 serpentis
1944 3284 2077 3318 modum
2101 3285 2158 3319 de.

1151 3323 1319 3367 scripsisse,
1342 3335 1378 3356 ac
1400 3321 1559 3371 pinxisse,
1581 3334 1617 3358 ut
1640 3325 1788 3359 Hildano
1810 3329 1824 3365 (
1846 3337 1864 3359 a
1886 3330 1929 3366 ),
1961 3339 1978 3361 a
1999 3339 2065 3370 quo
2089 3331 2157 3371 pri-

1151 3379 1235 3402 mam
1255 3367 1383 3401 fortasse
1406 3366 1675 3409 hujusmodivitii
1690 3370 1817 3403 Iconem
1828 3367 1979 3405 habemus
2000 3381 2040 3404 ex
2062 3372 2156 3413 puel-

1152 3412 1180 3443 la
1206 3413 1301 3445 altera
1323 3421 1479 3444 annorum
1502 3412 1597 3444 osto.
1622 3411 1710 3445 Inter
1733 3411 1794 3445 hos
1816 3412 1897 3447 duos
1922 3422 2026 3448 tamen
2041 3438 2054 3455 ‚
2075 3425 2157 3456 prae·

1152 3464 1200 3488 ter
1224 3455 1429 3497 Falloppium
1453 3453 1506 3497 (b
1528 3458 1566 3495 ),
1591 3456 1714 3488 Pinaeus
1732 3456 1867 3498 extitit,
1890 3458 1968 3500 qui,
1994 3466 2029 3490 ut
2053 3458 2087 3491 in
2101 3458 2156 3492 Se-

2042 3501 2116 3545 pul-

239 3660 320 3707 ιὸδῗα..
380 3654 395 3684 (
411 3653 428 3678 d
442 3653 458 3682 2
471 3653 544 3683 Epist.
561 3654 589 3679 de
604 3655 708 3681 Monstr.

245 3691 373 3743 Epishqb.
392 3684 565 3744 n.(r}.)140.bfi
582 3691 637 3716 ¹⁴⁶,
655 3687 678 3710 ἂ
696 3695 750 3717 ¹47·

771 3657 834 3689 (e)
852 3667 876 3684 n.
893 3668 933 3689 ²4·

586 3717 600 3746 (
616 3726 628 3740 a
644 3717 657 3746 )
675 3718 698 3742 in
714 3717 793 3743 Schoi.
809 3720 838 3744 ad
855 3721 915 3747 ΟΜ.
931 3726 954 3746 6.

154 3653 165 3682 ί
182 3659 198 3689 τ,
210 3652 224 3682 )

160 3682 172 3711 (
186 3692 197 3706 ¹
213 3683 227 3712 )

156 3713 232 3773 {7¹3
247 3744 335 3773 opusc.
354 3746 449 3769 Pathol.
467 3745 526 3769 Obs.
545 3753 583 3770 ιο.
645 3747 654 3775 (
673 3755 683 3771 e
700 3749 709 3779 )
726 3757 750 3773 n.
767 3752 806 3774 16.

160 3775 203 3804 (Ι
217 3779 228 3800 >
246 3776 296 3810 Asi.
315 3777 347 3799 Ν.
363 3777 394 3808 ρ.
411 3777 485 3800 Τοῐη.
503 3785 524 3805 5.
538 3775 601 3810 pbs.
620 3785 674 3807 ¹09-
736 3779 744 3810 (
762 3786 779 3807 ζ
795 3780 808 3809 )
824 3781 895 3810 Epist.
921 3785 949 3807 de
968 3784 1027 3809 Rad.
1053 3785 1135 3816 chyn.

162 3805 177 3832 (
192 3802 206 3827 b
222 3804 237 3834 )
254 3805 308 3830 Vrd.
327 3806 397 3833 hunis
415 3805 484 3831 verba
500 3806 573 3836 Epist.
592 3811 631 3838 56.
649 3817 672 3832 n.
690 3811 726 3838 36.

997 3664 1011 3692 (
1022 3662 1065 3693 f)
1081 3663 1248 3690 offervazioni
1266 3666 1303 3694 38.
1319 3675 1333 3692 e
1347 3668 1409 3696 (eeu.

811 3690 826 3718 (
841 3691 851 3714 Ι
866 3691 957 3719 Krab-
975 3700 998 3721 9.
1015 3696 1037 3718 δε
1054 3694 1116 3718 Tnb.
1134 3702 1172 3725 ις.
1190 3696 1243 3725 Fig.
1264 3704 1284 3720 r.
1371 3693 1375 3697 ⁸

1015 3725 1029 3753 (
1044 3731 1060 3754 ρ
1076 3725 1089 3754 )
1107 3725 1181 3754 Epist.
1196 3733 1236 3756 43.
1254 3734 1277 3750 n.
1295 3736 1331 3757 ²3-

867 3752 881 3780 (
895 3760 911 3776 u
927 3753 941 3781 )
958 3753 1019 3782 Eph.
1036 3757 1069 3779 N.
1088 3757 1118 3779 C.
1136 3758 1208 3781 Cent.
1227 3764 1262 3780 ιο.
1279 3757 1338 3782 Obs.
1355 3766 1395 3787 3²-

1471 3666 1481 3695 (
1496 3678 1514 3699 g
1528 3670 1542 3698 )
1559 3669 1618 3695 οὓς.
1635 3679 1689 3699 ιω.
1750 3672 1764 3701 ζ
1781 3672 1795 3695 ι’,
1811 3673 1824 3701 )
1841 3671 1899 3696 obs.
1918 3680 1956 3699 ιι.

1344 3699 1359 3728 (
1374 3706 1398 3722 m
1415 3699 1429 3727 )
1445 3700 1504 3724 ΟΜ.
1521 3702 1595 3724 Anat.
1612 3708 1633 3725 e.
1651 3703 1673 3726 8.
1691 3700 1713 3731 5.
1732 3708 1753 3725 1„
1814 3712 1816 3714 >

1201 3787 1217 3816 (
1229 3795 1244 3811 a
1263 3789 1274 3819 )
1297 3791 1360 3814 cem
1394 3792 1409 3814 6
1434 3763 1498 3815 0ἱῖ
1515 3761 1632 3821 350pusc.
1649 3761 1722 3787 modo
1737 3731 1913 3788 eit-rgbsioae'.
1927 3743 1949 3761 ι’
1966 3735 2026 3761 ΘΜ.
2042 3741 2079 3765 53⁶

1393 3728 1437 3759 (q
1453 3729 1462 3761 )
1479 3731 1553 3759 Epist.
1569 3740 1592 3757 7,
1610 3739 1633 3755 n.
1652 3740 1686 3756 ιι.
