2498 4075
456 206 546 264 188

967 207 1137 262 Liber¹
1158 210 1250 262 111.
1286 210 1372 274 De
1405 211 1614 266 Morbis
1649 213 1859 267 Ventris

385 290 606 334 proportione
629 288 870 330 requsefeth·
896 288 934 320 ῙΠ
967 290 1044 331 cyffi
1082 289 1156 323 bilis
1190 289 1275 324 fusca
1300 315 1310 331 ‚
1343 290 1393 324 sed
1445 291 1588 324 Prostata
1612 290 1762 332 glandula
1787 290 2016 333 producebat}
2048 292 2197 336 Denique
2232 294 2356 330 testium
2389 295 2435 331 al.

386 345 458 375 quae
483 333 650 367 flaviffimo
674 329 783 364 colore
807 329 973 365 inficeret:
997 343 1072 365 cum
1106 335 1226 367 multa.
1255 344 1292 367 ex
1337 335 1392 367 illa

383 376 508 410 discissa
531 373 701 409 effluxisset
722 383 735 412 ‚¹
766 373 857 408 faeces
889 384 994 408 tamen
1019 376 1136 416 lentae‚
1160 388 1269 410 earum
1304 376 1390 409 simi-

381 420 426 453 les
449 431 522 462 quae
546 422 579 452 in
604 420 685 450 vino
707 416 891 457 subsident,
915 417 1097 452 restiterunt
1112 441 1119 450 .
1145 420 1317 453 Iliacarum
1342 432 1390 454 ar-

383 464 535 496 teriarum
561 459 659 495 altera
684 460 807 493 intorta
830 460 951 494 alicubi
985 460 1070 503 quasi
1105 471 1140 495 ut
1174 464 1207 495 in
1244 464 1387 504 Splenica

382 505 551 539 videmus:
575 504 745 545 utriusque
768 512 876 536 autem
898 503 1027 538 illarum
1051 506 1189 538 interior
1212 505 1309 547 facies
1333 519 1388 549 pe-

377 560 416 582 ne
439 547 577 590 rugosa,
600 550 630 581 &
652 546 832 586 infuscata,
857 546 915 579 nisi
942 559 1005 591 qua
1029 548 1128 582 altera
1152 560 1217 582 uno
1243 552 1276 582 in
1311 551 1384 583 loco

378 591 504 625 subalbi
526 590 650 633 aliquid
673 589 811 625 ostendit
837 591 1160 632 ligamentiduritie‚
1183 593 1319 626 necdum
1331 593 1383 626 os-

375 635 413 667 sis
428 658 438 666 a
574 634 744 676 Spongiosi
771 633 909 668 urethrae
921 637 1067 676 corporis
1080 635 1198 669 bulbus
1210 657 1219 673 ,
1232 638 1286 678 qui
1302 637 1381 671 solet

373 679 461 711 intus
477 701 485 716 ‚
510 682 663 720 extraque
688 689 703 709 a
728 678 908 711 subsistente
932 677 1083 720 sanguine
1107 680 1283 721 nigricare,
1307 679 1382 721 hic,

374 723 463 764 quod
488 723 564 755 alias
587 719 701 754 vidisse
726 731 790 753 non
814 721 989 759 recordor,
1014 722 1140 756 nullum
1164 724 1353 757 continebat
1373 749 1382 764 ,

375 776 412 799 tit
435 765 501 807 ejus
525 764 670 803 cellulae,
695 764 811 806 patulae
823 765 989 807 alioquin,
1012 777 1126 798 carneo
1148 765 1317 799 dumtaxat
1329 780 1383 801 co-

373 810 442 842 lore
467 808 691 841 sebruberent.
717 808 865 841 Testium
890 809 970 840 alter
993 806 1056 841 fuit
1082 807 1256 842 secundum
1288 820 1383 844 natu-

370 862 415 886 rae
437 852 571 884 modum
587 873 595 887 ,
620 848 678 883 nisi
702 849 793 890 quod
817 851 901 883 inter
927 851 980 890 se,
1001 854 1032 883 &
1056 852 1312 894 epididymidem
1336 854 1381 886 le-

370 906 443 928 vem
469 893 674 940 pinguedinis
699 893 851 926 laciniam
885 893 918 926 in
953 896 1025 927 viro
1069 898 1269 938 caeteroquin
1316 908 1380 930 non

372 936 488 981 pingui
512 938 713 979 interJeetam
735 935 889 970 habebat.
915 938 1011 971 Alter
1035 950 1112 972 vero
1135 951 1171 972 ea
1194 951 1262 973 erat
1285 943 1380 982 copia

371 982 463 1015 valde
488 981 576 1015 flavae
600 992 690 1021 aquae
713 980 926 1015 circumfusus
942 1004 950 1019 ,
978 990 1012 1015 ut
1037 994 1092 1023 per
1115 983 1260 1018 tunicam
1292 986 1382 1025 Ery-

369 1024 536 1058 throidem
560 1024 648 1057 fibrae
671 1023 736 1065 jam
760 1026 856 1058 nullae
890 1025 1028 1067 amplius
1066 1037 1253 1068 apparerent
1274 1050 1284 1065 ‚
1328 1029 1381 1064 di,-

370 1068 505 1103 stentam
529 1067 679 1101 videlicet
712 1080 728 1100 a
760 1068 947 1111 Vaginali5
981 1080 1052 1111 quae
1087 1081 1151 1102 nori
1183 1072 1281 1104 modo
1313 1071 1380 1113 ipsa

369 1124 501 1155 quoque
522 1110 781 1148 distendebatur,
807 1113 857 1146 sed
882 1122 1013 1145 caveam
1039 1111 1146 1151 suam,
1172 1113 1291 1156 semper
1304 1115 1380 1157 qui-

370 1156 447 1189 dem
472 1168 509 1189 eo
535 1156 642 1188 minus
665 1153 784 1194 latam,
807 1167 873 1199 quo
907 1157 1009 1197 magis
1046 1156 1168 1191 sursum
1203 1159 1302 1195 ibat,
1340 1158 1379 1192 ad

369 1208 433 1233 tres
460 1199 593 1241 pollices
617 1198 809 1232 extendebat
834 1200 924 1242 supra
950 1198 1035 1232 testis
1081 1200 1264 1243 supremam
1309 1212 1383 1245 par-

365 1252 457 1282 tem,
479 1242 544 1275 sani
569 1244 703 1284 utique,
729 1242 779 1275 sed
803 1245 847 1276 ita
873 1244 905 1275 in
930 1242 1172 1283 longitudinem
1199 1244 1347 1286 producti
1368 1268 1379 1283 ,

365 1296 404 1322 ut
427 1287 592 1328 alligatam
617 1284 872 1327 epididymidern
896 1285 1074 1320 distraxisse
1099 1287 1281 1322 videretur.
1298 1290 1378 1322 Pro-

364 1343 404 1374 pe
428 1329 523 1372 hujus
549 1327 705 1372 majorem
728 1329 863 1370 globum
887 1341 927 1363 ex
951 1330 1136 1372 Albuginea
1169 1332 1377 1373 prominebat

366 1374 604 1408 fubrotundum
627 1371 879 1415 corpusculum,
902 1372 989 1414 quasi
1015 1385 1053 1406 ex
1083 1373 1153 1416 ejus
1198 1375 1374 1410 substantia

362 1419 486 1452 factum
502 1443 509 1450 .
535 1416 702 1450 Vasorum
727 1427 835 1451 autern
879 1416 1158 1458 spermaticorum
1204 1418 1373 1453 fasciculus

362 1461 490 1508 crassior
513 1459 644 1504 quidem
667 1469 757 1499 erat3
781 1461 831 1495 sed
855 1471 893 1494 ex
918 1458 1064 1494 subflava
1088 1461 1185 1499 fiebat
1196 1464 1368 1506 pinguedi-

358 1515 399 1540 ne
423 1506 542 1547 majori
567 1516 605 1538 ex
628 1513 718 1548 parte
734 1529 741 1537 .
780 1544 784 1548 η
1367 1533 1368 1537 ,

405 1557 454 1591 23.
481 1549 518 1581 In
543 1547 625 1588 hac,
649 1546 762 1582 aliisve
794 1560 873 1590 quas
917 1547 1120 1584 indicaturus
1165 1549 1233 1585 sum
1256 1574 1266 1589 ,
1314 1560 1369 1585 aut

356 1595 546 1636 prolaturus
566 1616 575 1631 ,
610 1591 908 1626 observationibus
932 1594 1034 1627 nolim
1060 1594 1187 1628 mireris
1204 1618 1217 1635 ‚
1252 1593 1274 1627 si
1297 1607 1372 1629 cum

358 1637 463 1670 multa
487 1636 584 1677 esset,
607 1645 660 1669 aut
686 1647 750 1668 non
775 1638 874 1677 pauca
898 1637 983 1670 intra
1007 1638 1205 1680 Vaginalem
1231 1640 1373 1673 tunicam

358 1692 448 1723 aquae
473 1681 590 1722 copia,
615 1690 716 1713 unum
743 1689 849 1712 tamen
874 1680 955 1721 saepe
989 1680 1064 1714 esset
1110 1682 1337 1724 corpusculum
1361 1705 1370 1721 ‚

358 1735 417 1757 nec
442 1724 522 1757 illud
547 1733 699 1765 magnum
716 1747 725 1756 .
752 1723 916 1765 Reliquice
941 1725 1028 1756 enim
1054 1736 1177 1766 magnae
1204 1725 1369 1768 hydatidis

353 1766 416 1802 esse
440 1766 574 1809 potuit,
597 1769 628 1800 &
651 1777 722 1808 quae
746 1765 803 1799 diu
828 1777 944 1808 aquam
968 1766 1119 1807 dedisset,
1154 1768 1280 1803 tametsi
1313 1770 1369 1803 de-

356 1814 456 1854 nique
478 1824 495 1845 a
519 1811 618 1853 longo
641 1820 789 1852 tempore
813 1810 848 1842 in
870 1821 941 1843 eam
966 1810 996 1843 se
1039 1811 1254 1846 contraxisset
1298 1815 1368 1846 exi-

355 1859 536 1898 guitatem,
560 1858 590 1888 &
615 1854 703 1896 siqua
727 1862 882 1894 praeterea
917 1854 1107 1896 corpuscula
1147 1857 1267 1889 similia
1298 1857 1366 1890 fue-

354 1909 450 1937 rant,
476 1900 614 1932 omnino
639 1896 807 1931 interdum
838 1906 1014 1939 potuerant
1050 1895 1207 1931 evanuisse
1234 1925 1241 1932 .
1290 1901 1365 1934 Hoc

354 1946 509 1983 monito,
533 1954 597 1975 non
620 1940 719 1974 modo
744 1940 806 1974 tibi
831 1940 869 1973 ad
904 1942 1096 1975 memoriam
1127 1942 1279 1976 reducam
1312 1944 1367 1976 Se-

353 1996 429 2021 nem
451 1984 490 2019 de
513 1998 581 2029 quo
606 1984 749 2027 Epistola
774 1983 880 2025 scripsi
905 1985 975 2016 XL.
1003 1984 1049 2027 (l
1072 1989 1108 2025 ),
1133 1987 1166 2018 in
1200 1985 1290 2028 cujus
1321 1987 1365 2019 al.

350 2041 422 2066 'tera
448 2028 762 2072 Vaginalirturbida
787 2039 869 2070 aqua
893 2036 960 2061 erat
986 2040 1050 2061 nori
1083 2040 1183 2070 pauca
1206 2053 1219 2070 ‚
1252 2030 1366 2064 subro-

348 2074 492 2111 tundum
517 2082 624 2107 autem
648 2071 875 2113 corpusculum
890 2096 899 2110 ,
934 2071 1129 2114 Albugineae
1175 2074 1332 2107 concolor
1354 2097 1366 2114 ‚

356 2131 396 2154 ex
420 2118 478 2152 bac
503 2128 602 2160 prope
623 2115 759 2158 globum
784 2115 1017 2157 epididymidis
1040 2115 1196 2157 majorem
1241 2118 1366 2159 promi-

348 2163 474 2203 ·nebat;
496 2170 609 2195 verum
630 2157 756 2201 insuper
779 2158 842 2192 huc
864 2159 940 2192 duas
964 2159 1039 2192 alias
1062 2158 1239 2194 adscribam
1263 2160 1365 2194 histo-

354 2211 415 2242 rias
443 2232 451 2245 ,
489 2203 750 2248 quarumaltera
775 2201 868 2235 fiinul
893 2203 984 2245 plura
1006 2202 1178 2236 confirmet
1202 2203 1259 2237 esse
1305 2216 1364 2246 po-

355 2250 450 2285 tuisse
472 2246 685 2291 corpuscula,
710 2247 807 2279 altera
830 2245 978 2280 ostendat
1002 2258 1064 2288 qua
1088 2247 1251 2282 interdum
1264 2249 1365 2282 ratio-

357 2309 397 2330 ne
425 2292 648 2328 Profectorum
671 2291 782 2323 oculos
806 2288 922 2332 poffint
945 2289 1103 2333 effugere.

402 2335 453 2381 24‘.
500 2338 520 2369 S
544 2336 572 2368 E
596 2336 630 2368 N
655 2334 684 2367 E
706 2335 748 2368 M
794 2334 948 2367 rusticum
971 2335 1004 2366 in
1052 2334 1113 2367 hoc
1160 2334 1367 2368 Nosocomio

350 2381 501 2418 vthoracis
525 2377 670 2420 hydrops
693 2378 875 2410 confecerat
898 2389 938 2410 eo
963 2385 1106 2419 tempore
1129 2389 1196 2420 quo
1220 2378 1369 2423 mihija-

359 2426 474 2461 nuario
497 2422 601 2456 mense
627 2423 668 2454 A.
697 2420 776 2462 1'731
804 2421 934 2461 publica
958 2420 1142 2462 incipienda
1177 2431 1244 2455 erat
1279 2423 1370 2455 Ana-

359 2481 466 2505 tome.
494 2468 607 2508 Itaque
632 2463 699 2505 ejus
721 2463 854 2497 cadaver
876 2465 910 2496 in
934 2462 1121 2497 Theatrum
1146 2464 1275 2497 illatum
1300 2465 1369 2504 est,

358 2518 389 2549 &
414 2524 478 2556 quo
505 2521 560 2552 pai·
584 2508 644 2544 est,
670 2507 781 2541 ordine
804 2506 994 2540 dissectum:
1020 2519 1203 2550 quanquam
1220 2506 1271 2540 liic
1285 2520 1369 2550 quo-

357 2569 446 2601 que,
472 2565 506 2588 ut
529 2556 562 2586 in
587 2552 733 2585 Bubulco
758 2550 843 2590 feci,
867 2562 938 2592 quae
962 2552 1050 2592 prius
1075 2552 1254 2584 examinata
1275 2551 1368 2591 sunt,

360 2601 537 2645 posteriore
592 2598 666 2629 loco
721 2593 896 2628 describam
934 2618 941 2625 .
1085 2595 1119 2627 T
1144 2594 1177 2626 H
1201 2596 1235 2627 O
1259 2596 1292 2628 R
1318 2597 1366 2627 A-

354 2648 388 2678 C
413 2645 428 2676 1
450 2644 471 2675 ‘S
519 2652 599 2682 aqua
624 2638 756 2678 edrffla,
780 2638 948 2682 pulmones
971 2637 1096 2672 inventi
1122 2636 1193 2670 sunt
1217 2636 1369 2677 flaccidi,

357 2693 393 2723 ⁷&
416 2685 499 2720 male
523 2683 647 2718 affecti.
673 2681 743 2715 Cor
766 2693 831 2714 non
857 2681 935 2714 item
957 2705 966 2714 .
1098 2681 1285 2714 Abdomine
1318 2681 1370 2714 di-

357 2733 482 2769 ducto,
506 2738 623 2772 praeter
646 2738 680 2760 ea
702 2724 740 2758 de
764 2724 987 2766 Appendicula
1033 2723 1250 2758 Vermiformi
1276 2750 1286 2766 ,
1330 2726 1370 2758 de

357 2774 499 2809 Valvula
524 2770 663 2805 Bauhini
685 2793 694 2808 ,
728 2769 766 2802 de
789 2769 956 2810 jecinore,
980 2770 1011 2801 &
1034 2769 1133 2801 Liene
1157 2793 1166 2808 ,
1197 2779 1269 2811 quae
1293 2779 1367 2802 cum

360 2821 437 2854 satis
460 2814 603 2850 indicata
627 2814 688 2847 sint
712 2812 856 2855 Epistola
880 2812 1079 2844 Anatomica
1111 2812 1208 2845 XIV.
1243 2811 1308 2854 (m
1332 2816 1367 2850 )‚

356 2863 414 2898 hic
437 2864 553 2895 iterare
577 2870 641 2891 non
665 2857 707 2890 est
731 2866 860 2898 operae;
882 2856 1007 2888 arteriae
1054 2855 1184 2897 Magnae
1230 2864 1365 2889 truncus

357 2906 512 2939 interiore
536 2901 617 2935 facie
641 2900 749 2943 passim
772 2900 921 2932 inventus
944 2899 986 2932 est
1009 2899 1175 2941 inaequalis
1198 2898 1251 2932 hic
1273 2899 1364 2936 illic,

361 2960 417 2984 aut
441 2947 540 2981 osseus
573 2944 701 2984 faetus,
727 2953 780 2976 aut
805 2943 842 2976 ad
866 2942 985 2976 osseum
1009 2942 1185 2975 inclinans.
1211 2943 1263 2975 Ex
1285 2943 1367 2975 Coe-

359 2995 450 3028 liacae
475 3000 581 3023 autem
604 2989 700 3020 ramis
725 2987 777 3018 ille
799 2987 856 3029 qui
881 2986 1052 3020 ventriculi
1078 2984 1180 3019 fundo
1204 2985 1367 3019 subtendi-

360 3047 439 3073 tur,
466 3036 556 3067 miris
580 3031 657 3064 adeo
681 3040 714 3064 ut
739 3041 901 3072 nunquam
925 3031 971 3063 ita
1004 3029 1228 3071 conspexerim
1253 3051 1263 3066 ‚
1299 3041 1365 3063 mo.

360 3081 411 3115 dis
435 3079 521 3120 quasi
545 3077 577 3109 ‘in
600 3075 828 3107 cincinnorum
854 3072 994 3106 formam
1019 3072 1047 3105 se
1081 3073 1110 3106 se
1144 3082 1234 3106 totus
1257 3073 1364 3106 intor-

358 3123 500 3167 quebat,
526 3120 637 3162 saepius
661 3117 690 3150 se
714 3116 890 3150 retrorsum
916 3116 1102 3149 infleStens.
1138 3115 1251 3149 Vesica
1296 3117 1364 3150 uri-

358 3168 447 3200 naria
471 3167 504 3198 in
529 3164 558 3196 se
571 3162 707 3197 maxime
731 3161 916 3198 contratia‚
943 3158 1065 3200 crassa,
1086 3160 1186 3198 dura,
1213 3161 1276 3194 aeri
1301 3162 1363 3193 im-

355 3211 452 3245 misso
476 3207 641 3242 renitens,
665 3205 795 3238 dilatari
819 3215 883 3236 non
909 3206 1039 3246 potuit.
1064 3205 1156 3236 Intus
1188 3204 1362 3245 sanguino-

357 3255 449 3287 lento
473 3253 611 3287 rubore,
635 3246 721 3291 quasi
747 3247 786 3280 ab
808 3245 1099 3284 inflammatione,
1125 3256 1193 3280 erat
1217 3249 1357 3280 circum-

355 3299 440 3331 circa
466 3294 583 3328 infecta
606 3292 645 3326 ad
668 3295 768 3325 imam
794 3290 839 3324 sui
864 3299 1009 3333 partem,
1034 3303 1097 3332 qua
1121 3302 1159 3323 ex
1171 3291 1278 3324 medio
1290 3302 1357 3322 am-

353 3342 442 3374 bitus
466 3337 562 3381 ipsius
586 3336 721 3370 urethrae
746 3334 865 3368 orificii
890 3335 930 3367 ab
962 3336 1117 3367 interiore
1140 3357 1149 3372 ‚
1183 3334 1355 3376 eademque

349 3384 521 3428 posteriore
544 3379 625 3414 facie
651 3379 895 3423 protuberantia
919 3380 1002 3411 iutra
1026 3377 1158 3410 vesicam
1191 3377 1353 3414 exstabat,

354 3427 526 3461 mediocris
547 3436 617 3458 uvae
642 3425 723 3457 acini
751 3421 879 3461 forma,
900 3424 932 3455 δι
966 3420 1189 3463 magnitudine
1214 3447 1221 3454 .
1269 3422 1353 3460 Qae

351 3469 598 3513 protuberantia
622 3467 679 3500 etsi
704 3466 769 3508 ipsa
793 3477 923 3508 quoque
948 3477 964 3498 a
987 3465 1131 3498 distentis
1166 3462 1355 3508 sanguiferis

353 3513 491 3547 vasculis
513 3511 633 3545 ibidem
658 3510 814 3544 rubebat;
839 3518 947 3542 tamen
971 3510 1057 3543 intus
1081 3519 1119 3541 ex
1140 3509 1235 3548 alba,
1265 3518 1355 3540 com-

353 3559 506 3599 pactaque
551 3555 650 3588 siebat
697 3552 868 3588 substantia
914 3555 949 3585 in
992 3563 1090 3595 quain
1134 3550 1302 3586 manifesto
1327 3549 1355 3583 se

1444 343 1493 367 ter
1517 345 1632 376 parvus
1655 335 1738 367 intra
1764 347 1880 377 aquam
1905 346 1969 368 erat
1993 335 2149 374 multam,
2173 348 2246 381 quae
2270 340 2300 371 vi
2312 339 2441 382 frigidm

1443 377 1636 419 tempestatis
1661 379 1695 411 in
1721 379 1832 419 glaciei
1855 379 1995 412 lamellas
2018 389 2056 411 ex
2079 390 2171 421 parte
2201 392 2406 416 concreverat
2429 407 2442 415 ..

1441 421 1525 454 Eam
1550 422 1659 454 tunica
1684 421 1855 463 Vaginalis
1878 421 2174 462 complectebatur.
2197 425 2440 467 ExAlbuginea

1441 472 1549 497 autem
1573 473 1642 497 tum
1666 475 1728 506 qua
1752 463 1933 499 testiculum
1958 464 2107 498 vestiebat
2140 478 2239 509 prope
2284 469 2440 510 majorem

1439 507 1675 550 epididyrnidis
1698 507 1829 548 globum
1851 531 1865 548 ,
1902 518 1971 542 tuni
1994 520 2057 550 qua
2092 509 2122 542 se
2146 511 2320 552 producens
2352 513 2440 547 hunc

1436 550 1541 592 ipsum
1586 551 1721 594 globum
1744 553 1933 593 operiebat,
1957 563 1994 584 ex
2017 551 2173 594 singulis,
2197 556 2329 597 inquam
2348 576 2358 592 ‚
2389 556 2440 590 his

1434 595 1515 627 locis
1538 593 1659 637 singula
1682 595 1911 636 prominebant
1934 597 2017 630 inter
2042 596 2075 629 se
2095 597 2200 630 vicina
2223 598 2410 641 corpuscula
2427 622 2439 638 ‚

1433 649 1505 680 quae
1528 649 1566 672 ex
1610 639 1703 672 densa
1726 660 1737 676 ‚
1781 637 1922 681 duraque
1967 638 2143 673 substantia
2187 642 2438 685 compingeban-

1433 690 1488 714 tur
1512 704 1520 711 .
2374 709 2376 712 .

1477 734 1527 765 25.
1573 725 1605 756 V
1629 725 1644 756 I
1669 724 1701 758 R
1744 726 1802 767 qui
1826 725 1866 758 ab
1891 724 1958 758 alto
1989 725 2147 761 ceciderat
2192 726 2263 761 sub·
2295 729 2429 763 initium

1433 768 1557 808 Aprilis
1581 769 1623 801 A.
1650 778 1743 810 1740.
1769 778 1803 801 ut
1826 768 1926 805 fraRa
1950 771 2066 811 capitis
2083 792 2095 810 ,
2117 773 2148 803 &
2182 770 2323 805 thoracis
2368 772 2436 806 osia

1433 811 1587 849 haberet,
1614 811 1685 845 aliis
1708 812 1844 845 Litteris
1868 816 1878 851 (
1901 822 1919 843 n
1941 815 1955 851 )
1978 813 2192 853 perscribam.
2219 815 2318 849 Nunc
2353 825 2437 858 quo—

1434 856 1522 888 niam
1548 856 1700 896 utrinque
1723 856 1756 887 in
1783 856 1891 889 scroto
1913 854 2086 897 hydrocele
2109 859 2328 896 laboraveram
2353 859 2434 901 quid

1434 907 1569 938 utraque
1594 899 1627 929 in
1654 909 1743 940 parte
1767 899 1924 937 viderim,
1950 910 2014 931 non
2038 902 2203 936 reticebo.
2337 903 2433 936 VA-

1433 941 1696 975 GINALES
1732 944 1847 975 tunicae
1872 953 1987 984 aquam
2021 943 2190 985 limpidam
2214 969 2223 984 ‚
2253 944 2304 979 sed
2338 947 2434 988 copia

1433 996 1499 1017 non
1523 985 1612 1026 pari,
1637 985 1868 1019 continebant.
1892 985 1981 1018 Nam
2005 987 2135 1021 alterius
2159 1000 2252 1021 cavea
2286 998 2340 1023 aut
2383 992 2436 1022 ni-

1431 1026 1478 1060 hil
1502 1038 1591 1065 erat,
1616 1039 1670 1061 aut
1695 1040 1806 1070 parum
1831 1038 1919 1061 extra
1954 1031 2129 1064 naturalem
2161 1034 2293 1065 modum
2325 1041 2434 1065 exten-

1432 1070 1486 1103 sa:
1510 1073 1641 1104 alterius
1665 1083 1741 1105 vero
1763 1072 1800 1105 ad
1825 1071 1984 1105 summum
2010 1072 2107 1115 usque
2131 1086 2166 1107 os
2190 1075 2285 1116 pubis
2319 1075 2431 1109 sensim

1430 1113 1562 1155 quidem
1586 1116 1811 1155 convenior,
1836 1115 1885 1148 sed
1909 1115 1981 1148 satis
2007 1125 2112 1150 tamen
2147 1119 2210 1152 lata
2232 1143 2242 1159 ,
2276 1119 2433 1161 nullisque

1434 1159 1614 1199 interrupta
1637 1158 1780 1198 cellulis,
1803 1156 1934 1192 fibrisve
1957 1159 1985 1192 se
2008 1161 2209 1202 producebat
2228 1187 2235 1193 .
2284 1163 2443 1206 Uterque

1436 1200 1527 1234 sanus
1548 1211 1618 1234 erat
1643 1201 1823 1235 testiculus:
1848 1213 2033 1244 quanquam
2057 1205 2084 1237 is
2106 1207 2164 1247 qui
2197 1207 2231 1237 in
2274 1206 2426 1247 ampliori

1436 1255 1503 1278 erat
1527 1256 1645 1284 cavea,
1670 1245 1773 1278 altero
1796 1255 1881 1283 erat,
1909 1257 1965 1278 nec
1990 1248 2088 1288 patilo
2110 1269 2120 1284 ‚
2153 1247 2254 1290 major
2279 1248 2287 1281 ζ
2313 1249 2432 1282 Minor

1429 1289 1635 1322 tuberculum
1657 1288 1772 1322 babuit
1797 1300 1931 1331 parvum
1947 1314 1956 1328 ,
1980 1290 2175 1332 Albugineae
2198 1292 2375 1331 concolor,
2400 1294 2432 1325 &

1430 1332 1558 1365 affixum
1574 1355 1583 1370 ,
1606 1335 1637 1364 δέ
1661 1331 1748 1378 quasi
1772 1343 1810 1365 ex
1834 1344 1866 1365 ea
1892 1331 2037 1374 faeium,
2060 1345 2123 1366 non
2149 1344 2257 1369 tamen
2272 1335 2397 1378 velusum
2421 1359 2429 1366 .

1429 1376 1537 1417 Major
1561 1375 1644 1409 nihil
1668 1376 1826 1417 ejusmodi
1850 1374 1989 1410 ostendit
2009 1401 2016 1408 .
2054 1377 2182 1412 Verum
2225 1390 2300 1412 cum
2344 1377 2430 1412 forte

1425 1418 1739 1457 animadvertissem,
1761 1419 1839 1453 dum
1865 1431 1946 1462 aqua
1980 1419 2194 1456 effunderetur
2227 1434 2289 1465 qua
2322 1420 2430 1456 fuerat

1423 1461 1658 1499 circumfusus,
1682 1462 1790 1496 nescio
1813 1464 1902 1505 quod
1925 1464 2150 1506 corpusculum
2177 1464 2270 1499 simul
2308 1467 2395 1498 exire
2418 1488 2430 1506 ³

1422 1508 1456 1540 in
1479 1505 1537 1539 hac
1559 1506 1974 1549 quaerens‚<corpusculum
1997 1509 2107 1541 inveni
2130 1509 2347 1543 minorisuvae
2366 1510 2433 1543 aci-

1424 1553 1459 1583 ni
1485 1549 1728 1591 magnitudine,
1752 1553 1783 1583 &
1804 1548 1907 1583 forma
1931 1562 2061 1593 quoque
2076 1574 2086 1589 ,
2112 1551 2168 1585 nisi
2191 1552 2279 1595 quod
2302 1552 2370 1587 haec
2392 1552 2432 1587 ad

1425 1595 1552 1627 ovalem
1575 1593 1725 1626 nonnihil
1750 1604 1901 1635 vergens,
1925 1594 1957 1626 in
1982 1595 2089 1627 medio
2111 1597 2244 1629 alterius
2287 1598 2431 1630 extremi

1426 1639 1545 1678 breve,
1569 1639 1599 1669 δέ
1622 1646 1717 1670 tenue
1742 1636 1830 1679 quasi
1854 1636 1977 1671 collum
2001 1637 2139 1672 habebat
2164 1662 2174 1677 ‚
2208 1648 2244 1672 ut
2278 1641 2428 1683 exiguam

1423 1681 1556 1714 referret
1581 1680 1776 1722 ampullam,
1800 1689 1853 1714 aut
1878 1679 1899 1713 fi
1926 1682 2053 1721 mavis,
2076 1693 2147 1715 uvae
2170 1683 2300 1717 acinum
2322 1707 2334 1724 ,
2374 1696 2430 1726 pe—

1422 1725 1506 1758 tiolo
1531 1735 1636 1757 tamen
1659 1735 1698 1756 ex
1721 1723 1831 1757 eadem
1856 1724 1940 1757 acini
1984 1723 2160 1758 substantia
2202 1726 2395 1761 instrufium
2421 1752 2430 1760 .

1421 1770 1501 1801 Sane
1527 1770 1556 1800 &
1580 1766 1642 1800 hoc
1666 1767 1892 1809 corpusculum
1919 1779 1972 1809 per
1993 1766 2084 1801 suum
2106 1768 2187 1802 illud
2218 1769 2341 1803 collum
2389 1770 2430 1804 ad

1421 1821 1545 1854 partem
1572 1811 1712 1856 aliquam
1737 1808 1898 1856 adhsssisse
1923 1809 2118 1849 videbatur,
2143 1811 2248 1849 unde,
2282 1824 2430 1855 quacun-

1445 1866 1482 1888 ue
1509 1865 1547 1887 ex
1569 1855 1684 1893 causa,
1707 1852 1891 1893 decussum,
1915 1854 1948 1886 in
1974 1866 2089 1896 aquam
2115 1854 2270 1889 deciderit
2290 1876 2300 1893 ‚
2335 1857 2368 1889 in
2392 1869 2429 1890 ea.

1417 1867 1513 1931 simile
1537 1896 1565 1930 se
1589 1897 1812 1930 observationi
1836 1897 2086 1931 subduciurumt
2112 1898 2198 1931 Alba
2220 1909 2288 1933 erat
2308 1921 2317 1937 ‚
2354 1900 2432 1933 deri-

1420 1940 1473 1978 sa,
1497 1944 1527 1973 &
1550 1941 1717 1982 compa8ca
1744 1938 1917 1974 substantia
1943 1953 1981 1974 ex
2012 1953 2075 1983 qua
2115 1943 2203 1975 intus
2223 1965 2236 1982 ,
2269 1951 2426 1986 extraque

1417 1983 1606 2023 constabat,
1633 1983 1654 2015 si
1680 1984 1872 2024 particulam
1897 1985 2036 2026 excipias
2061 1985 2255 2026 minimam,
2277 1987 2430 2020 abnormi

1417 2028 1546 2070 figura,
1571 2038 1642 2069 quae
1667 2025 1755 2073 quasi
1781 2028 1913 2061 nucleus
1948 2028 2090 2062 medium
2135 2029 2263 2062 tenebat
2290 2053 2297 2061 .
2345 2030 2427 2064 Haec

1419 2074 1505 2104 enim
1528 2079 1595 2103 erat
1621 2069 1789 2110 subslava,
1813 2073 1842 2104 δι
1870 2082 1948 2112 pene
1970 2070 2052 2104 ossea
2074 2071 2220 2113 duritie,
2250 2084 2325 2106 cum
2357 2085 2430 2116 pars

1415 2115 1525 2193 gmnis
1548 2113 1672 2156 reliqua
1689 2136 1699 2154 ,
1719 2115 1805 2147 inter
1827 2113 1950 2157 digitos
1973 2112 2170 2157 compressa,
2192 2116 2343 2150 nonnihil
2378 2130 2430 2152 ce-

1440 2168 1527 2191 eret-

1461 2204 1512 2234 26.
1526 2200 1605 2234 Non
1618 2212 1668 2234 me
1679 2199 1854 2243 fugitquid
1870 2200 2068 2245 potissimum
2081 2201 2227 2237 adversus
2241 2215 2275 2236 ea
2295 2214 2366 2246 quae
2388 2215 2430 2237 ex

1418 2243 1593 2290 propositis
1617 2243 1916 2279 Observationibus
1940 2245 2023 2279 mihi
2048 2245 2157 2279 videor
2181 2246 2266 2288 posse
2286 2247 2430 2289 conjice-

1419 2302 1476 2329 re,
1499 2287 1634 2322 vicisiim
1658 2300 1820 2331 opponere
1843 2288 1908 2330 ipse
1929 2289 2044 2331 poffis‚
2069 2290 2117 2322 vel
2143 2291 2235 2330 meis,
2258 2302 2336 2333 quas
2353 2291 2431 2324 alias

1419 2331 1596 2375 accepisti,
1618 2331 1913 2366 observationibus
1935 2333 2127 2374 quibusdam
2173 2332 2271 2366 fretus
2296 2358 2303 2365 .
2350 2336 2430 2368 Pso-

1419 2378 1461 2416 be
1484 2377 1570 2408 enim
1593 2377 1745 2414 memini,
1769 2375 1922 2417 Epistolis
1936 2376 2062 2410 XXIV.
2088 2379 2102 2415 (
2123 2388 2140 2409 o
2162 2380 2197 2417 )‚
2222 2377 2311 2409 XLI.
2339 2377 2405 2420 (p)
2420 2402 2430 2418 ,

1422 2424 1452 2453 &a
1476 2417 1584 2452 XLil.
1607 2420 1620 2456 <
1644 2430 1662 2460 q
1684 2422 1697 2457 )
1720 2419 1884 2453 testiculos
1906 2418 2124 2460 descripsisse,
2152 2432 2168 2452 e
2191 2421 2310 2463 quibus
2353 2432 2428 2454 cor-

1421 2463 1589 2505 pusculum
1614 2461 1694 2495 illud
1717 2462 1870 2499 exstaret,
1895 2473 1950 2496 aut
1972 2464 2070 2496 etiam
2086 2464 2236 2504 penderet
2249 2463 2429 2497 subrotun-

1420 2506 1518 2543 dum,
1543 2504 1631 2547 quod
1656 2503 1883 2548 mihiquidem
1894 2517 1996 2548 ruptae
2012 2505 2056 2539 est
2069 2505 2428 2548 hydatidisindicium,

1420 2559 1497 2583 cum
1521 2557 1627 2581 tamen
1652 2549 1822 2590 Vaginalis
1844 2551 1954 2583 tunica
1979 2549 2166 2588 modicum,
2191 2551 2246 2583 vix
2282 2561 2392 2592 parum
2415 2574 2425 2590 ,

1421 2592 1503 2626 nihil
1528 2593 1628 2625 etiam
1652 2603 1884 2633 nonnunquam
1908 2604 1999 2634 aquae
2022 2595 2204 2626 contineret
2219 2616 2227 2623 .
2252 2593 2343 2628 Quas
2366 2606 2428 2636 ego

1421 2635 1677 2675 Observationes
1700 2644 1828 2668 tantum
1853 2635 1980 2669 abestut
1992 2635 2089 2681 velim
2103 2634 2343 2678 subterfugere5
2368 2650 2427 2670 vo-

1421 2681 1455 2713 lo
1478 2677 1608 2721 insuper
1631 2679 1706 2712 alias
1729 2678 1921 2725 ejuscemodi
1945 2679 2080 2720 adiicere
2099 2701 2112 2718 ,
2143 2683 2174 2713 &
2208 2691 2306 2722 quare
2339 2682 2427 2714 nulla

1421 2733 1532 2756 earum
1556 2732 1661 2757 tamen
1685 2722 1879 2764 coniecturis
1903 2723 2029 2764 prorsus
2051 2722 2171 2757 officiat
2195 2724 2298 2765 meis,
2332 2724 2440 2758 deni--

1418 2779 1481 2810 que
1503 2766 1664 2800 indicare.

1464 2821 1515 2851 27.
1539 2810 1623 2843 VIR
1648 2809 1727 2843 alter
1750 2809 1916 2853 perpaucis
1940 2808 2108 2853 postquam
2132 2809 2226 2844 illum
2273 2809 2312 2843 de
2356 2823 2424 2853 quo

1419 2853 1588 2887 novissime
1611 2853 1734 2887 dicium
1759 2852 1803 2887 est
1827 2877 1836 2893 ‚
1870 2853 2065 2895 secueramus
2088 2876 2099 2892 ,
2132 2854 2243 2887 diebus
2267 2855 2301 2886 in
2349 2855 2424 2888 No-

1418 2898 1564 2931 socomio
1587 2897 1712 2931 deceffit
1737 2909 1748 2929 .·
1779 2908 1846 2939 quo
1881 2895 1975 2930 serius
2007 2897 2115 2931 illatus
2149 2896 2255 2932 fuerat
2280 2919 2290 2934 ‚
2323 2909 2422 2940 quam

1419 2940 1534 2975 hernia
1557 2942 1590 2974 in
1615 2941 1722 2974 scroto
1745 2963 1755 2979 ‚
1778 2951 1825 2983 ,ut
1850 2951 1967 2974 vocarit
1990 2964 2003 2981 ‚
2033 2943 2228 2974 incarcerata
2263 2939 2424 2983 postulas-

1419 2984 1463 3018 set
1488 3009 1495 3016 .
1530 2985 1586 3018 Me
1613 2984 1739 3018 absente
1760 3006 1769 3021 ‚
1803 2984 1968 3017 Mediavia
1993 2986 2097 3018 noster
2121 2984 2256 3018 cadaver
2281 2985 2420 3018 incidit:

1417 3029 1476 3070 qui
1501 3039 1578 3062 mox
1601 3029 1713 3068 eodem
1736 3028 1787 3060 die
1811 3025 1902 3062 simul
1925 3028 2006 3069 quid
2040 3026 2250 3068 conspexisset
2269 3048 2279 3065 ,
2311 3039 2422 3062 narra,-

1415 3073 1486 3111 vit‚
1513 3071 1604 3105 simul
1627 3071 1796 3105 nonnullas
1828 3082 1905 3113 quas
1939 3071 2003 3112 ipse
2050 3070 2206 3113 inspicere
2251 3071 2385 3105 avebam
2409 3094 2421 3109 ‚

1416 3116 1523 3149 Partes
1548 3115 1586 3149 ad
1610 3125 1660 3148 me
1682 3115 1809 3149 curavit
1833 3112 2025 3148 afferendas.
2050 3114 2134 3155 Qae
2157 3115 2261 3157 igitur
2284 3115 2421 3152 retulit,

1415 3160 1561 3200 primum
1585 3159 1714 3200 accipe,
1738 3167 1773 3191 ut
1795 3168 1869 3191 cum
1894 3159 1933 3191 iis
1956 3156 2135 3200 conjungas
2159 3169 2230 3200 quae
2254 3158 2348 3200 supra
2379 3158 2418 3192 de

1414 3202 1593 3235 enterocele
1616 3202 1689 3235 sunt
1716 3201 1856 3244 scripta,
1877 3211 2066 3243 accepturus
2089 3201 2204 3234 deinde
2227 3212 2298 3243 quae
2310 3212 2369 3243 ego
2380 3202 2419 3235 de

1411 3244 1586 3287 hydrocele
1609 3245 1797 3279 observavi.
1935 3246 1969 3277 H
1983 3246 2007 3278 E
2023 3246 2054 3278 R
2067 3244 2101 3277 N
2116 3246 2132 3277 Ι
2145 3247 2184 3276 AE
2207 3243 2346 3278 sacculus
2358 3245 2415 3279 sub

1405 3289 1603 3322 Cremastere
1628 3287 1792 3327 musculo,
1815 3291 1845 3322 ὃ(
1869 3287 1944 3322 huic
1968 3300 2090 3322 annexa
2113 3290 2223 3321 tunica
2236 3287 2413 3329 Erythroi-

1405 3331 1445 3365 de
1467 3331 1654 3370 conclusus,
1682 3343 1762 3373 pone
1786 3331 1816 3365 se
1840 3330 2029 3375 spermatica
2053 3330 2148 3371 vasa,
2172 3334 2202 3364 δε
2225 3331 2410 3365 testiculum

1405 3375 1545 3409 habebat
1568 3400 1576 3408 .
1610 3374 1648 3407 Iii
1683 3374 1808 3408 sacculo
1830 3375 1992 3418 duplicata
2017 3375 2161 3408 intestini
2196 3375 2255 3407 Ilei
2301 3375 2411 3417 portio

1405 3418 1519 3452 leviter
1529 3420 1630 3452 eidem
1644 3430 1763 3451 annexa
1775 3429 1843 3452 erat
1860 3420 1902 3453 fic
1916 3427 1952 3452 ut
1966 3419 2079 3462 digitis
2093 3419 2226 3461 separari
2243 3418 2385 3459 potuerit
2397 3436 2408 3452 2

1406 3473 1509 3505 neque
1520 3472 1624 3495 tamen
1637 3463 1668 3495 iri
1686 3472 1828 3496 ventrem
1839 3461 1979 3503 retrudi,
2002 3461 2196 3505 prohibente
2219 3461 2328 3494 annuli
2352 3469 2408 3506 an-

1407 3507 1510 3547 gustia
1525 3506 1726 3542 ,&intestini
1743 3505 1912 3540 abinclusa
1924 3508 2053 3539 materia
2065 3504 2256 3539 dilatatione
2270 3529 2276 3537 .
2290 3502 2407 3543 Nigri-

1402 3550 1501 3582 cabat
1513 3550 1645 3583 annulus
1661 3570 1670 3586 ‚
1683 3552 1712 3582 &
1726 3550 1915 3584 intestinum
1928 3561 1992 3583 non
2003 3551 2092 3583 intra
2104 3547 2266 3585 sacculum
2283 3545 2380 3622 mpcclio
2395 3570 2406 3586 ,

2326 3601 2340 3621 C

356 3693 2407 3713 ww

415 3787 431 3815 ζ
449 3786 458 3809 1
478 3785 484 3812 )
501 3793 523 3808 n.
542 3794 580 3809 ιι.
592 3785 651 3811 'Vici
668 3788 689 3811 δι
707 3787 772 3815 Epist
794 3790 837 3815 ⁴64.
854 3793 878 3809 η,
891 3792 920 3814 7.
981 3784 990 3814 s
1008 3793 1030 3809 m
1052 3785 1060 3813 )
1077 3793 1100 3809 n.
1118 3789 1158 3810 6².

403 3816 571 3847 (q)n.ii.

1220 3783 1293 3814 (n)
1322 3783 1395 3813 Epist.
1428 3791 1464 3814 5²·
1496 3791 1522 3808 n.

1653 3782 1721 3812 (ο)
1750 3790 1774 3807 n.
1807 3786 1842 3808 16.
1906 3783 1975 3814 (p)
2006 3783 2104 3813 [μβ.

1554 3791 1591 3813 34·
