2498 4075
326 214 480 281 Epist·
517 214 678 266 Anat.
715 214 932 266 Medica
959 191 1255 263 XXXVIII.
1293 207 1412 260 Art.-
1446 208 1528 273 48.
1562 210 1619 262 &
1651 223 1733 270 49.

53 306 136 341 aqua
161 295 361 333 extenuatis,
384 302 420 328 ut
443 293 531 337 quod
553 305 617 328 non
640 303 712 325 raro
734 292 855 331 solent,
879 291 962 335 quasi
984 291 1050 325 nul.

49 342 76 376 li
97 337 368 380 conspicerentur,
392 347 446 371 aut
469 349 507 370 ex
531 345 620 380 parte
643 337 739 369 etiam
764 337 895 370 mutatis
917 338 950 369 in
977 345 1050 369 cor-

51 394 110 428 pus
131 380 295 424 quoddam
325 382 516 415 continuum
540 392 578 413 ex
602 379 767 418 vesiculis,
792 391 871 422 aqua
896 404 904 418 ,
941 390 1050 413 muco-

52 439 86 461 re
102 451 110 464 ,
134 424 319 466 glandulosa
344 426 475 458 materia
506 422 631 457 refertis
655 444 663 458 ,
697 423 784 465 quod
804 422 985 464 amplissimi
1009 423 1050 455 il-

50 472 114 505 lius
137 468 219 502 sacci
242 469 434 501 anteriorem
457 468 611 509 parietem
635 465 793 504 faciebat,
817 476 891 500 cum
913 466 1051 499 interio-

50 524 119 548 rem
143 511 327 544 membrana
343 543 345 545 ,
361 510 479 544 faceret
503 534 515 551 ‚
548 522 611 553 qua
636 508 754 543 viscera
776 511 885 545 omnia
909 509 949 543 fic
972 519 1049 550 ope-

54 557 244 591 riebantur,
269 563 305 588 ut
329 558 499 597 antequam
522 553 590 588 haec
613 553 808 588 incideretur
828 574 837 590 2
873 552 959 586 nulla
990 550 1048 585 esse

49 601 255 634 viderentur.
283 599 386 640 Lege,
409 596 539 639 quaeso,
563 596 854 640 Observationem,
885 594 982 629 fufius
1014 596 1048 628 in

49 641 249 686 Sepulchreti
271 640 330 675 hac
353 640 499 674 Seffione
522 644 534 680 (
556 639 608 682 o)
642 640 832 683 descriptam
856 663 868 679 ,
899 640 1049 681 quamvis

46 698 124 721 *cum
149 687 215 720 alio
238 682 450 718 attinentibus
482 682 648 718 confusam
671 695 683 722 ,·
712 685 744 716 &
767 684 916 726 praeclare
950 681 1048 715 intel-

50 731 130 772 liges
165 727 259 763 fuisse
292 726 385 760 illum
418 728 583 768 peritonaei
616 726 796 770 hydropem
832 737 870 760 ex
902 736 980 768 aqua
1012 724 1050 758 cle

51 771 248 817 glandulofis
269 770 334 803 illis
357 771 541 804 tumoribus
563 769 738 807 effluente,
763 779 903 811 quorum
928 772 959 802 δι
985 767 1050 809 ejus

54 818 142 851 vitio
166 812 334 861 miserandi
369 813 418 846 illi
441 814 568 848 dolores
593 812 688 847 facile
720 813 792 846 sunt
818 812 1015 846 adscribendi
1042 836 1051 851 ,

53 863 113 903 qui
137 860 232 893 austo
257 868 319 898 Jarn
343 857 460 890 morbo
482 880 491 895 ,
525 858 694 891 foeminam
718 853 829 894 affidue
863 856 1019 889 torserant
1043 879 1052 888 .

53 905 126 939 Nec
150 913 226 935 vero
260 900 327 933 haec
352 900 484 934 historia
509 901 652 942 primum
673 901 710 931 *in
734 900 945 942 Sepulchreto
968 898 1055 932 edita

53 947 118 985 est3
142 944 193 979 sed
216 944 279 987 jam
302 943 342 976 ab
365 945 407 978 A.
425 944 524 986 -1598.
550 944 660 977 extitit
685 944 770 975 inter
792 941 920 985 Consilia
942 941 1055 975 Medic.

52 995 65 1030 ζ
88 999 111 1033 p
134 993 144 1029 )
169 999 185 1021 a
209 986 361 1021 Scholzio
386 986 540 1030 vulgata,
563 988 596 1019 in
621 987 705 1020 libro
740 986 891 1020 videlicet
915 996 979 1017 non
1012 983 1058 1016 se-

52 1033 126 1067 mel·
139 1031 227 1073 typis
251 1028 400 1074 impresso
422 1054 434 1070 ,
466 1033 498 1064 &
532 1032 678 1068 omniurn
703 1030 871 1067 manibus,
898 1027 1058 1070 superiore

54 1075 231 1121 praesertim
257 1073 396 1113 saecu-10,
419 1072 552 1108 subinde
575 1074 719 1106 versato.
745 1071 934 1106 Sed&alias
957 1073 990 1103 in
1003 1070 1057 1103 Se-

52 1118 224 1163 pulchreto
244 1117 496 1151 Observationes
520 1117 734 1151 animadverti
761 1125 834 1149 ante
856 1114 947 1148 illam
970 1114 1056 1149 Tul-

53 1165 101 1207 pii
125 1161 250 1197 habitas
265 1182 274 1197 ‚
299 1171 370 1203 quae
395 1161 432 1195 ad
455 1161 542 1195 hunc
566 1160 716 1195 morbum
740 1158 853 1193 referri
887 1167 944 1191 aut
983 1156 1056 1199 pos-

52 1206 137 1243 sint,
173 1211 226 1238 aut
259 1204 395 1238 debeant
419 1217 430 1237 .-
463 1215 649 1247 quanquam
682 1214 778 1237 nemo
801 1202 903 1236 adhuc
926 1227 936 1244 ‚
968 1200 1058 1244 quod

53 1249 175 1287 sciam,
198 1258 272 1282 cum
304 1248 431 1292 caeteras
464 1256 732 1282 commemoraret
753 1269 762 1284 ‚
795 1245 909 1279 harum
945 1243 1057 1278 fecerit

54 1294 257 1328 mentionem
279 1315 286 1322 .
324 1290 429 1325 Potest
450 1289 579 1325 fortasse
603 1291 658 1323 illa
682 1290 816 1332 Spigelii
842 1289 941 1323 nostri
968 1310 977 1325 ‚
1000 1290 1059 1331 qui

53 1341 128 1371 cum
151 1336 184 1369 in
210 1335 361 1369 Moravia
382 1335 475 1373 esset,
500 1334 664 1377 hydropem
680 1332 824 1376 spurium
855 1334 890 1366 in
923 1332 1060 1366 foemina

57 1378 246 1424 adnotavit,
275 1378 356 1411 inter
379 1377 524 1412 abdomen
542 1378 667 1420 proprie
689 1375 807 1410 dicium
823 1376 873 1410 (7¹
904 1374 1059 1418 musculos

53 1425 109 1466 qui
130 1420 297 1462 introrsum
319 1419 404 1464 quasi
427 1422 703 1459 incurvantur<an
718 1416 998 1453 incurvabantur?
1020 1429 1059 1452 an

54 1478 102 1501 res
128 1465 157 1499 se
181 1464 318 1504 habuit,
341 1473 378 1498 ut
401 1466 435 1497 in
460 1464 614 1498 Acholzii
639 1462 876 1503 observatione
897 1461 912 1496 ,ἓ
946 1465 956 1502 )
980 1462 1060 1495 Inde

53 1514 69 1550 ζ
90 1508 178 1552 quod
202 1511 236 1554 in
258 1505 466 1550 Sepulchreto
490 1508 542 1552 (q
563 1508 579 1547 )
603 1507 684 1541 deest
708 1509 722 1547 >
743 1505 883 1540 humoris
904 1505 987 1547 nigri
1019 1504 1062 1537 li-

52 1552 113 1586 brae
135 1553 236 1587 decem
255 1559 499 1593 promanarunt.
526 1549 563 1584 Id
577 1546 698 1584 faetum
712 1551 864 1591 A.‘x614.
886 1547 1011 1582 tametsi
1022 1548 1062 1580 ab

54 1594 194 1630 Rhodio
218 1599 229 1634 (
254 1605 269 1627 r
292 1598 302 1634 )
328 1596 430 1628 tertio
452 1597 484 1626 δε
506 1593 750 1636 quadragesimo
773 1591 843 1634 post
875 1602 959 1625 anno
995 1592 1064 1625 edi—

54 1649 127 1673 tum
153 1638 216 1672 est.
242 1639 322 1678 Sed,
347 1637 404 1670 n‘isi
429 1638 556 1679 prorsus
579 1634 787 1676 fallor,·huc
821 1634 942 1678 speetu
974 1634 1063 1677 quod

54 1681 320 1716 Hoechstetterus
335 1680 424 1726 (s)
448 1682 479 1713 in
498 1680 595 1713 Nob.
608 1679 747 1721 Virgine
771 1678 996 1712 observaverat
1021 1679 1060 1710 A.

60 1725 154 1759 1628.
168 1725 317 1768 quamvis
336 1723 435 1766 paulo
460 1724 606 1765 pluribus
629 1720 805 1765 interjeetis
828 1723 918 1755 annis
939 1721 978 1755 ab
993 1721 1062 1754 Ne-

57 1779 134 1812 pote
160 1769 350 1810 vulgatum,
373 1770 404 1799 ἃ
427 1768 576 1807 quamvis
601 1766 748 1802 Αυᾶοτ,
772 1765 851 1799 sacci
874 1768 907 1798 in
930 1776 997 1807 quo
1011 1766 1061 1798 in-

55 1823 133 1856 gens
159 1814 203 1856 vis
226 1811 310 1845 craffi
335 1809 510 1852 foetidique
543 1809 690 1845 humoris
712 1808 832 1844 inclusa
854 1808 980 1842 fuerat.
1004 1820 1062 1841 an-

57 1858 212 1890 teriorem
237 1865 362 1897 partem
388 1855 590 1895 peritonaeo,
628 1852 761 1891 alteram
792 1862 897 1887 autem
930 1853 965 1885 in
998 1860 1063 1894 qna

56 1901 165 1942 plures
188 1897 394 1941 glandulosos
420 1919 428 1933 ,
460 1899 489 1931 St
514 1897 549 1931 in
572 1896 621 1929 his
658 1894 796 1938 majores
827 1904 989 1938 quatuor,
1012 1897 1063 1929 in-

56 1944 147 1977 venit
169 1951 311 1975 tumores
334 1940 520 1982 purulentos
535 1962 545 1978 ‚
570 1948 737 1973 omentum
772 1940 910 1973 credidit
932 1964 940 1972 .
974 1939 1062 1972 Cum

64 1994 173 2020 autem
199 1994 320 2025 partem
345 1983 426 2017 hanc
450 1982 530 2015 sacci
554 1983 743 2017 interiorem
776 1982 839 2023 ajat
871 1981 1063 2015 membrano-

12 2071 15 2072 7
52 2028 126 2072 sum
149 2037 258 2070 corpus
278 2022 374 2061 fuisl'e'
392 2025 579 2068 expansum,
610 2035 669 2067 quo
707 2026 809 2059 omnia
839 2025 958 2068 vtscera
980 2046 989 2060 ‚
1020 2027 1063 2058 &¹

62 2071 205 2110 intestina
228 2071 431 2113 tegebantur3
457 2080 630 2103 omentum
659 2069 791 2112 quidem
814 2068 929 2104 habere
953 2069 1062 2110 potuit

60 2116 324 2157 agglutinatum,
347 2111 450 2155 ipsum
474 2123 551 2148 vero
574 2136 583 2151 ,
616 2121 653 2146 ut
687 2112 782 2146 credo
804 2135 812 2149 ,
849 2114 1063 2153 peritonaeurn

60 2157 150 2192 fuit.
176 2157 233 2192 Sed
259 2156 320 2191 hoc
344 2165 380 2189 tu
404 2155 520 2189 melius
531 2154 704 2198 dispicies3
730 2155 826 2189 habes
838 2157 923 2188 enim
948 2154 1064 2187 &Ob-

61 2201 298 2240 servationem,
321 2201 352 2232 &
375 2199 567 2237 Scholium,
592 2200 626 2231 in
650 2209 716 2240 quo
740 2198 856 2240 aliquae
881 2198 980 2240 ipsius
1011 2196 1065 2230 hi-

59 2244 165 2281 storiae
190 2251 296 2286 partes
320 2241 389 2275 sunt
403 2264 414 2281 ,
436 2243 469 2275 in
493 2241 705 2284 Sepulchreto
727 2244 741 2280 (
762 2248 777 2274 t
799 2244 831 2281 ).

103 2289 158 2332 48.
182 2288 220 2320 In
244 2286 356 2319 eodem
380 2286 479 2318 velim
502 2284 628 2327 insuper
642 2292 761 2318 attente
777 2284 920 2326 perlegas
944 2284 1068 2318 Obser-

62 2334 210 2366 vationes
235 2330 354 2362 Paawii
375 2327 453 2363 duas
476 2332 486 2368 (
511 2339 531 2362 u
555 2331 587 2366 )‚
618 2327 779 2362 Dodonaei
814 2338 909 2360 unam
943 2333 956 2368 (
978 2338 1000 2361 x
1023 2331 1033 2365 )
1058 2351 1068 2366 ‚

63 2379 97 2410 δι
119 2385 192 2408 curn
220 2371 391 2415 perlegeris
414 2394 424 2410 ,
453 2371 688 2405 animadvertas
710 2394 724 2411 ,
757 2370 862 2404 ullane
884 2370 947 2404 tibi
972 2371 1067 2404 subo-

63 2418 125 2454 riri
158 2417 296 2459 incipiat
318 2414 469 2457 suspicio
493 2437 503 2453 ,
539 2426 646 2449 earum
689 2414 832 2456 aliquam
874 2424 912 2446 ex
956 2415 1067 2456 aliqua

65 2469 155 2504 parte
180 2459 217 2494 ad
251 2457 318 2493 haec
349 2458 487 2491 attinere
515 2457 553 2491 de
575 2458 693 2500 quibus
725 2457 912 2499 loquimur.
938 2459 1067 2491 Scilicet

66 2504 215 2540 Paawius
246 2505 279 2535 in
311 2500 434 2535 duabus
468 2500 687 2544 hydropicis,
721 2501 818 2534 altera
855 2511 938 2547 anno
974 2503 1065 2537 1601.

35 2586 38 2590 ¹
66 2548 166 2583 altera
198 2544 386 2627 ἱηῖεὲιιεηῑε
408 2542 565 2586 differetis,
590 2545 705 2583 lienis,
730 2554 864 2584 renum,
885 2547 1002 2586 jecoris
1037 2555 1068 2576 1-

65 2591 151 2636 psius
172 2599 208 2623 ne
228 2599 265 2622 ve
290 2588 353 2631 igia
376 2588 496 2630 quidem
521 2589 672 2627 invenit,
695 2588 754 2620 nisi
778 2588 867 2629 quod
892 2586 988 2630 hujus
1017 2586 1069 2621 ul-

68 2636 142 2670 xim÷
168 2631 295 2666 visceris
320 2632 354 2663 in
379 2631 477 2665 altera
499 2630 599 2673 venosi
614 2630 806 2673 solummodo
828 2629 962 2671 diffisus,
985 2630 1069 2672 iique

62 2677 211 2722 perpauci
234 2701 244 2716 ‚
276 2683 365 2708 erant
382 2673 581 2716 fiaperftites.
607 2674 742 2713 Quanto
772 2676 880 2708 minus
914 2676 1033 2707 mirum
1057 2693 1068 2710 ‚

70 2721 93 2755 si
119 2721 330 2763 peritonaeum
353 2717 545 2761 suspicemur
569 2728 681 2759 magna
706 2728 862 2760 aquarum
894 2720 987 2759 copia
1017 2716 1069 2750 di-

71 2764 235 2802 stentum,
258 2761 435 2795 introrsum
456 2761 573 2804 quibus
597 2761 677 2794 locis
701 2759 785 2794 forte
808 2769 875 2794 erat
898 2762 998 2802 magis
1022 2769 1069 2792 at-

72 2815 261 2846 tenuatum,
286 2804 453 2847 minusque
476 2804 652 2837 visceribus
674 2803 868 2847 quibusdam
893 2803 1069 2841 adnatum‚

72 2848 228 2892 crepuisse
253 2863 262 2886 ;
319 2847 411 2882 uibus
440 2856 554 2882 contra
577 2856 644 2881 erat
668 2869 681 2887 ,
714 2845 883 2881 substitisse
908 2869 916 2883 ‚
958 2849 1070 2889 itaque

73 2892 229 2928 nonnulla
243 2891 292 2925 *vi
310 2901 378 2925 cera
410 2902 450 2925 ex
483 2901 572 2933 parte
605 2890 712 2932 aliqua
735 2890 763 2924 se
795 2887 984 2929 ostendisse,
1008 2889 1071 2923 alia

75 2946 187 2972 autem
209 2933 390 2972 delituisse,
415 2934 592 2976 paucasque
614 2935 684 2967 illas
707 2944 802 2968 venas
826 2932 1009 2977 pertinuisse
1033 2933 1071 2965 ad

52 3015 54 3017 ,
75 2979 182 3023 ipsum
205 2979 421 3020 peritonaeum
441 2980 494 3019 (y
520 2981 552 3017 ):
578 2989 634 3012 nec
657 2988 734 3011 vero
760 2977 923 3010 Paawmm
958 2978 992 3009 in
1016 2987 1072 3017 ap-

27 3530 58 3566 7

77 3032 249 3068 properata
271 3044 281 3061 ‚
315 3022 433 3063 quippe
463 3022 496 3054 in
540 3021 673 3063 peffimae
716 3028 803 3053 notae
844 3020 1074 3058 cadaveribus,

76 3066 219 3104 ventris,
242 3074 279 3099 ut
314 3066 359 3108 ait
382 3086 396 3104 ,
433 3065 590 3105 apertione
612 3064 800 3107 diligentius
821 3075 888 3096 rem
911 3062 1076 3107 quaesivis-

78 3111 111 3146 se
125 3133 133 3141 .
158 3108 344 3143 Dodonaeus
368 3115 471 3141 autem
494 3108 527 3140 in
551 3119 587 3141 ea
605 3118 677 3150 quae
700 3106 782 3141 duos
803 3106 868 3150 jam
892 3117 990 3140 annos
1000 3116 1078 3139 ven-

78 3163 164 3194 trem
187 3150 415 3196 praetumidum
438 3148 593 3192 gesserat,
615 3162 688 3185 cum
710 3149 796 3184 haud
832 3162 911 3193 aqua
944 3162 983 3183 ex
1015 3148 1078 3183 hoc

78 3204 214 3240 aperto,
237 3195 287 3229 sed
308 3193 503 3228 intestinales
526 3194 629 3227 sordes
661 3196 784 3236 nigrae³
807 3196 914 3237 quales
936 3195 969 3227 in
992 3193 1080 3226 cloa-

72 3243 128 3276 .cis
164 3237 259 3279 sunt,
291 3235 485 3273 effluxissent
510 3237 546 3271 ad
580 3239 679 3271 libras
712 3237 849 3278 amplius
881 3237 1080 3279 sexaginta),

72 3284 173 3319 ‘ultro
194 3282 341 3322 fatetur,
363 3282 397 3314 in
428 3281 527 3314 tantis
550 3280 695 3315 sordibus
728 3292 793 3314 non
825 3280 947 3314 licuisse
969 3280 1079 3322 inqui-

84 3338 153 3363 rere
177 3337 216 3360 εκ
237 3335 381 3368 quonam
404 3324 477 3357 laeso
498 3324 651 3361 intestino
685 3323 926 3366 provenissent,
962 3323 1079 3358 viscera

60 3378 62 3381 ’
84 3380 193 3405 tamen
215 3370 325 3402 omnia
348 3392 357 3407 ‚
391 3366 414 3401 fi
437 3377 603 3401 omentum
626 3368 787 3410 excipias,
811 3367 898 3410 quod
921 3368 954 3406 in
978 3368 1082 3409 putri-

85 3415 125 3448 da
159 3413 279 3447 abierat
302 3410 423 3447 frusta,
448 3410 575 3453 prorsus
596 3411 721 3453 integra
743 3409 864 3448 fuisse3
897 3420 928 3444 at
960 3412 1083 3451 perito-

86 3467 192 3492 naeum
218 3455 342 3498 aliquot
366 3454 447 3488 locis
469 3465 486 3486 a
509 3454 721 3496 superioribus
733 3454 876 3497 partibus
900 3452 1084 3487 adinferio-

86 3512 137 3539 res
160 3500 255 3542 usque
279 3498 386 3532 fissum
403 3524 411 3532 .
433 3497 523 3537 Hic,
548 3497 651 3532 fateor
673 3520 683 3537 ‚
714 3508 752 3533 ex
775 3496 848 3531 laeso
879 3497 1009 3531 demum
1034 3497 1084 3529 in-

113 3598 1515 3617 h———ffl

923 3662 937 3691 (
952 3671 967 3692 q
981 3662 996 3691 )
1011 3660 1073 3686 See’c.
1090 3659 1132 3685 cit·
1147 3658 1207 3684 ΟΜ.
1224 3666 1259 3684 ιι,
1278 3657 1299 3688 §-
1317 3661 1341 3682 6.

854 3724 870 3753 (
883 3731 899 3747 a
915 3723 925 3756 )
941 3726 1019 3748 Mem.
1037 3722 1066 3746 de
1082 3720 1179 3744 PAcad.
1197 3722 1227 3744 R.
1245 3719 1286 3743 des
1301 3720 1387 3753 5⁶:²³·
1406 3721 1472 3748 17²8·
1537 3723 1546 3750 r
1561 3721 1575 3745 b

944 3756 958 3783 (
970 3762 982 3777 e
997 3754 1011 3782 )
1027 3751 1086 3777 obs.
1104 3750 1170 3778 supra
1187 3751 1214 3774 ad
1231 3758 1253 3774 n.
1271 3753 1310 3777 46.
1327 3755 1366 3774 ert,

1049 3781 1115 3810 (ἑ)
1132 3781 1193 3806 Sest.
1210 3781 1253 3807 hac
1269 3788 1305 3806 21.
1322 3779 1433 3805 Obs.<12.
1450 3780 1474 3810 ᾗ.
1490 3789 1513 3812 ⁴·

144 3665 161 3694 (
174 3662 210 3694 ο)
229 3663 289 3688 sest.
306 3669 341 3687 ιι.
357 3662 418 3687 Obs.
435 3669 474 3689 ’.ιι-
492 3662 517 3693 §.
535 3665 574 3686 16.
633 3663 647 3692 (
659 3668 677 3693 p
692 3665 703 3691 )
719 3661 790 3687 Cous.
808 3669 861 3692 339.

149 3693 212 3724 (s)
227 3693 286 3718 ΟΜ.
303 3693 371 3718 Med.
388 3695 446 3717 Dee.
461 3700 500 3718 ιο.
517 3691 570 3719 Cas.
585 3700 609 3722 7.
625 3700 682 3720 cum
698 3693 779 3718 Schol-
840 3693 854 3722 (
869 3699 879 3717 r
898 3692 906 3722 )
922 3693 980 3717 obs.
997 3691 1039 3716 cit.
1059 3699 1094 3716 12.
1113 3689 1138 3720 §.
1155 3699 1177 3714 2.

148 3725 191 3782 ἓ]
207 3725 221 3753 )
237 3723 291 3758 Vid-
307 3724 371 3748 infra
384 3731 409 3748 n.
426 3726 462 3752 5⁶·
478 3723 504 3759 in
521 3723 563 3747 fin.
622 3725 635 3752 (
651 3732 669 3758 ζ
683 3723 698 3753 )
714 3731 738 3748 n.
756 3724 794 3753 58.

151 3754 223 3847 (ἐξ)
235 3754 588 3840 {jsscffiffisifirffiiffnsse
604 3754 672 3840 212²:
688 3753 785 3815 )(“ῗ”)ι
793 3756 926 3809 difflua.
943 3784 985 3809 cn.

373 3832 379 3839 .
396 3824 416 3846 ς.
505 3822 536 3840 un
554 3822 587 3839 in.
629 3823 657 3840 na
671 3832 677 3839 .

1920 220 2016 255 ··111

1101 292 1227 326 testinor
1241 289 1333 323 faeces
1359 286 1570 330 profluxisse,
1592 289 1623 320 δι
1645 285 1831 327 hydropicae
1852 283 1914 325 jam
1937 282 1995 315 diu
2025 282 2126 315 col-⁰

1101 335 1198 369 iceras
1223 341 1319 375 aquas
1342 330 1582 374 coinquinasse,
1606 328 1687 363 nihil
1719 328 1814 362 habet
1837 326 2060 362 admirationis
2083 349 2093 358 .

1101 378 1162 413 Sed
1186 376 1362 420 plurimum
1387 375 1504 409 habent
1529 374 1615 414 haec,
1638 373 1757 406 ventris
1779 381 1938 405 tumorem
1966 377 2094 402 tanturn

1082 433 1172 457 *cum
1188 418 1275 464 facie
1298 419 1410 460 optime
1432 417 1565 451 colorata
1588 439 1598 455 ‚
1633 416 1675 449 (7⁸
1697 414 1793 448 nullis
1815 413 1914 448 morbi
1947 411 2031 445 notis
2061 409 2095 443 in

1101 466 1195 499 urina
1216 460 1434 504 apparentibus
1457 483 1466 498 ‚
1499 463 1529 494 δι
1555 460 1644 495 nullo
1668 459 1783 501 pedum
1815 467 1962 492 tumore,
1984 453 2097 487 tandiu

1099 509 1270 543 mulierem
1294 502 1396 539 tulisse
1421 528 1428 535 .
1464 503 1588 537 Indicia
1612 502 1678 537 haec
1703 500 1797 542 sunt,
1820 511 1855 534 ut
1886 499 1970 532 infra
2005 500 2014 537 (
2039 494 2097 539 z)

1098 551 1306 590 videbimus,
1329 547 1485 589 hydropis
1515 546 1703 588 peritonaei‚
1728 556 1869 589 quocum
1900 540 1982 575 illud
2014 550 2098 582 quo-

1099 608 1162 638 que
1188 593 1293 627 smalto
1316 591 1443 626 facilius
1466 592 1643 632 congruit,
1665 585 1760 631 quod*
1786 586 1902 621 viscera
1925 594 1992 618 tam
2027 584 2100 632 lon-

1100 651 1143 680 go
1176 647 1321 679 ternpore
1344 634 1564 675 integritatem
1589 633 1741 666 servarint
1766 630 1852 665 suam
1877 657 1883 662 .
1925 630 2025 660 Porro
2048 636 2100 658 in-

1100 681 1243 714 trorsum
1264 678 1465 721 compulsum
1498 677 1710 718 peritonaeum
1734 673 1817 717 posse
1841 672 1878 706 ad
1898 670 2028 713 aliquod
2050 671 2101 702 in-

1101 723 1253 760 testinum
1278 722 1457 762 adhaerere,
1479 721 1511 753 δι
1534 718 1694 753 laefionem
1717 718 1763 750 ita
1781 715 2021 749 communicare
2035 737 2042 750 ,
2064 718 2101 760 ut

1103 766 1196 801 faeces
1219 770 1252 801 in
1277 766 1448 801 humorem
1473 763 1605 797 demum
1628 772 1695 804 quo
1717 761 1929 803 peritonaeum
1952 754 2102 791 distendi-

1104 822 1177 848 tur,
1201 812 1385 849 transeant,
1407 807 1531 842 indicat
1554 806 1607 839 Cl.
1632 804 1799 838 Chomelii
1824 807 1835 842 (
1858 813 1877 835 a
1899 804 1913 841 )
1938 798 2104 848 Observa·⁸

1105 856 1154 887 tio
1169 879 1177 894 ,
1203 855 1321 896 pariter
1345 855 1378 886 in
1402 852 1536 885 muliere
1558 849 1688 888 habita,
1710 848 1763 881 cui
1787 857 1852 880 non
1876 846 1959 879 secus
1994 854 2028 876 ac
2053 839 2105 874 ιΙΙι

1105 898 1146 931 de
1166 909 1229 940 qua
1252 897 1354 931 sermo
1377 895 1419 929 est
1440 917 1452 932 ,
1483 906 1499 927 a
1536 903 1628 935 partu
1662 900 1771 926 venter
1786 900 1918 922 tumere
1941 894 2105 927 coeperat.

1108 942 1213 976 Facile
1236 942 1340 984 igitur
1364 938 1514 981 suspicari
1539 946 1569 969 te
1593 933 1678 978 posse
1693 957 1701 971 ‚
1734 933 1926 968 crediderim
1947 953 1958 969 ‚
1989 924 2107 962 diffisso

1110 985 1263 1020 tandem,
1287 986 1323 1017 u't
1347 981 1497 1015 viderunt
1521 1004 1531 1019 ,
1570 981 1771 1022 peritonaeo,
1795 988 1835 1011 ex
1867 976 2025 1009 diuturno
2047 970 2110 1004 hu-

1108 1026 1158 1071 jus
1181 1027 1325 1071 hydrope
1350 1025 1477 1059 ascitem
1501 1032 1632 1063 repente
1662 1021 1722 1054 esse
1754 1020 1873 1054 faffiium
1902 1021 1917 1058 (
1939 1015 1958 1050 b
1979 1019 1992 1055 )
2013 1040 2021 1055 ‚
2053 1024 2110 1047 au-

1108 1073 1223 1113 &aque
1245 1072 1324 1104 dum
1347 1068 1427 1101 illud
1450 1066 1618 1102 diffiliret,
1643 1065 1756 1097 annexi
1780 1062 1927 1096 intestini
1959 1059 2110 1094 laesione,

1106 1114 1198 1150 faeces
1222 1115 1374 1156 plurimas
1407 1111 1517 1145 diebus
1540 1109 1604 1142 illis
1625 1108 1760 1141 'ultimis
1783 1107 1817 1139 in
1852 1105 1973 1138 ventris
1995 1111 2112 1136 cavum

1109 1156 1314 1201 profluxisse.
1348 1155 1428 1187 Haec
1464 1163 1570 1187 autem
1604 1150 1766 1186 Dodonaei
1797 1148 1994 1183 Observatio
2025 1143 2113 1177 edita

1107 1213 1183 1236 cum
1207 1203 1276 1235 aliis
1299 1199 1338 1233 ab
1363 1198 1431 1238 ipso
1455 1197 1496 1231 est
1520 1207 1603 1229 anno
1628 1193 1740 1227 eodem
1775 1204 1841 1234 quo
1877 1192 1964 1225 suam
1996 1188 2115 1222 habuit

1112 1244 1311 1283 Acholzius,
1333 1242 1444 1284 1581.,
1470 1239 1610 1273 Evidens
1633 1238 1719 1271 enim
1755 1245 1898 1269 erratum
1921 1233 1965 1268 est
2000 1240 2114 1274 opera-

1110 1300 1203 1327 rum,
1229 1289 1285 1322 ubi
1316 1287 1351 1320 in
1373 1284 1520 1319 Lindenio
1551 1286 1710 1324 Renovato
1744 1277 1894 1325 prodiisse
1929 1277 2018 1310 illius
2041 1273 2116 1308 Ob-

1111 1333 1304 1368 servationes
1327 1330 1516 1364 scribuntur
1550 1328 1592 1359 A.
1629 1324 1719 1366 1518.
1753 1335 1829 1357 curn
1863 1322 1987 1356 Aneros
2019 1326 2114 1351 natus

1111 1375 1304 1418 agnoscatur
1329 1375 1371 1407 A.
1401 1381 1493 1414 1517:
1518 1369 1606 1413 quod
1637 1369 1769 1402 minime
1802 1366 1856 1401 hic
1888 1360 2085 1414 :id-notassem
2107 1383 2119 1399 ,

1112 1419 1170 1453 nisi
1193 1418 1328 1452 eundern
1351 1411 1642 1449 animadvertissem
1676 1421 1817 1446 errorem
1839 1411 1874 1443 in
1895 1405 2120 1443 Bibliothecam

1111 1473 1243 1506 quoque
1267 1463 1460 1503 Scriptorum
1484 1457 1676 1491 Medicorum
1698 1452 1851 1488 transiisse
1866 1478 1873 1485 .
1995 1448 2121 1499 Obser-

1113 1507 1204 1538 vatio
1240 1507 1339 1539 etiam
1364 1502 1448 1545 apud
1474 1500 1648 1535 Riolanu'm
1671 1500 1684 1537 (
1705 1500 1755 1541 c)
1779 1495 1928 1533 extabat,
1952 1505 2054 1536 neque
2084 1500 2121 1524 m

1113 1549 1239 1582 ultimis
1262 1549 1432 1582 dumtaxat
1444 1542 1766 1584 Anthropographiae
1781 1538 2012 1575 Editionibus,
2037 1545 2122 1578 aqvuae

1113 1594 1197 1627 inter
1215 1593 1436 1633 peritonaeum,
1460 1588 1502 1621 Θ·
1523 1585 1695 1633 abdominis
1718 1583 1871 1624 musculos
1910 1579 2027 1625 effusae.
2053 1579 2122 1629 Ve-

1114 1647 1186 1669 rum
1212 1646 1250 1667 ne
1275 1634 1359 1668 forte
1384 1630 1504 1665 diceres
1526 1629 1569 1663 sic
1599 1627 1845 1670 explicandam,
1868 1635 1903 1659 ut
1935 1624 2029 1657 verba
2063 1622 2121 1655 illa

1115 1678 1245 1718 Donati
1257 1675 1444 1720 explicavi(
1461 1675 1480 1706 d
1496 1673 1535 1716 )·‚
1561 1672 1623 1707 hoc
1644 1672 1718 1704 loco
1743 1671 1840 1704 malui
1855 1668 2122 1712 praetermittere.

1124 1735 1209 1765 (49.
1233 1722 1331 1754 Anno
1354 1719 1493 1760 denique
1520 1720 1613 1758 1651.
1640 1726 1657 1748 a
1679 1715 1806 1754 Tulpio
1833 1713 1964 1746 morbus
1994 1710 2032 1744 de
2056 1720 2123 1750 quo

1112 1766 1305 1809 loquimur,
1328 1761 1517 1802 conspechls
1551 1759 1592 1793 est
1616 1781 1624 1795 ,
1655 1761 1685 1791 δέ
1710 1769 1786 1790 mox
1810 1758 1866 1791 sub
1891 1766 1979 1789 novo
2001 1753 2125 1795 Hydro-

1112 1810 1166 1851 pis
1199 1807 1367 1842 Perimam·
1400 1806 1531 1839 nornine
1565 1802 1786 1844 promulgatus
1809 1806 1819 1841 (
1843 1799 1916 1842 e),
1939 1796 2123 1844 diserteque

1116 1851 1312 1885 affirmatum
1337 1848 1383 1882 el‘c
1408 1871 1419 1886 ,
1451 1850 1481 1880 ὃς
1514 1857 1633 1879 omnem
1657 1854 1808 1886 aquarum
1842 1842 2010 1884 congeriem
2044 1838 2126 1872 deli-

1114 1894 1205 1937 ῑιιίῘῙὲ
1227 1896 1310 1927 inter
1332 1894 1409 1926 duas
1429 1889 1592 1932 peritonaei
1603 1889 1727 1922 tunicas
1743 1913 1753 1927 ‚
1773 1896 1838 1928 quae
1851 1887 2017 1919 induerant
2039 1880 2126 1923 cras-

1107 1936 1218 1983 fiti'em
1241 1937 1334 1979 digiti
1357 1933 1538 1968 annularis.
1566 1931 1712 1966 Eandem
1746 1930 1940 1966 historian13
1964 1939 2003 1961 ne
2037 1926 2125 1960 forte.

1118 1983 1216 2015 aliam
1231 2004 1244 2021 ,
1266 1988 1302 2013 ut
1336 1977 1491 2022 quidam,
1515 1974 1621 2012 credas
1647 1989 1656 2012 3
1686 1974 1789 2009 edidit
1812 1976 1921 2016 postea
1945 1972 1973 2005 is
1995 1972 2052 2014 qui
2072 1981 2127 2003 ca-

1116 2026 1215 2059 daver
1236 2022 1414 2059 inciderat,
1436 2020 1539 2064 Jobus
1563 2018 1771 2053 Meekrenius
1795 2014 1852 2061 (f
1868 2021 1903 2058 ),
1937 2014 1992 2050 ,sed
2028 2013 2127 2048 fufius

1117 2068 1241 2107 edidit,
1265 2078 1322 2100 nec
1349 2065 1479 2098 reticuit
1500 2085 1514 2102 „
1545 2074 1646 2096 unum
1667 2074 1704 2096 ex
1727 2070 1777 2095 tot
1803 2060 1941 2095 Medicis
1965 2058 2128 2091 Walaeum

1116 2123 1228 2145 veram
1252 2111 1339 2144 illius
1365 2108 1522 2151 hypropis
1545 2106 1650 2141 sedern
1677 2129 1685 2142 ,
1723 2106 1853 2139 vivent-e
1877 2102 1981 2138 adhuc
2007 2112 2091 2144 aegra
2115 2123 2126 2140 ‚

1116 2153 1306 2198 conjecisse.
1328 2153 1441 2186 Habet
1475 2159 1583 2184 tamen
1616 2152 1647 2183 &
1672 2149 1815 2191 Tulpius
1849 2147 1995 2191 aliquid,
2016 2147 2050 2178 in
2075 2143 2130 2177 fu-

1118 2199 1202 2234 sior-e
1226 2209 1261 2230 ea
1289 2196 1503 2238 descriptione
1535 2204 1600 2227 non
1634 2192 1880 2235 reperiendum:
1912 2190 2129 2233 quamobrem

1120 2240 1217 2282 hujus
1248 2250 1379 2282 quoque
1414 2245 1540 2280 poterat
1574 2235 1750 2277 descriptio
1793 2235 1827 2268 in
1878 2231 2129 2277 Sepulchretum

1121 2284 1258 2321 referri,
1281 2285 1313 2316 δι
1338 2282 1476 2316 seorsum
1498 2280 1629 2322 quidem
1655 2280 1784 2322 potius,
1804 2289 1902 2322 quam
1926 2287 1962 2310 ut
1985 2288 2022 2310 ex
2037 2286 2128 2309 utra-

1122 2340 1187 2370 que
1209 2338 1270 2360 una
1295 2326 1409 2363 fieret,
1433 2323 1523 2368 quod
1548 2322 1634 2366 apud
1657 2323 1868 2364 Stalpartium
1888 2320 1904 2360 v(
1925 2331 1946 2362 g
1968 2322 1982 2358 )
2005 2318 2127 2354 faOEturn

1120 2370 1250 2404 videbis
1283 2368 1324 2403 fic
1346 2393 1359 2410 ,
1390 2378 1426 2402 ut
1459 2367 1539 2408 saepe
1574 2368 1703 2409 ignores
1728 2386 1738 2404 ‚
1767 2377 1840 2408 quae
1875 2363 2017 2406 Tulpius
2050 2365 2129 2397 scri-

1120 2413 1218 2457 pserit
1243 2439 1253 2455 ,
1293 2415 1325 2445 &
1358 2423 1430 2455 quae
1464 2410 1691 2444 Meekrenius.
1823 2406 1996 2450 Bogdanus
2036 2406 2127 2449 (h)

1118 2468 1251 2500 quoque
1283 2457 1317 2488 in
1342 2456 1472 2488 muliere
1496 2478 1505 2492 ,
1541 2455 1580 2486 ab
1606 2453 1634 2486 se
1657 2451 2051 2493 dissessa,peritonaeum
2074 2450 2129 2485 ad·

1120 2501 1251 2534 notavit
1271 2498 1435 2540 pollicaris
1457 2496 1550 2539 digiti
1571 2496 1726 2539 craffitie,
1748 2495 1890 2539 rugosum
1905 2516 1914 2531 ‚
1939 2497 1981 2528 (ἴφ-
2003 2495 2125 2537 rigens,-

1120 2544 1156 2578 id
1179 2542 1288 2586 quod,
1313 2543 1344 2574 &
1366 2552 1438 2584 quae
1460 2540 1498 2578 de
1523 2538 1698 2573 visceribus
1720 2540 1880 2574 continuo
1913 2538 2090 2574 subduntur
2117 2561 2126 2577 ,

1122 2598 1292 2629 perperam
1336 2585 1371 2617 in
1408 2582 1618 2626 Sepulclireto
1641 2586 1653 2622 (
1677 2583 1721 2622 i)
1764 2582 1837 2617 sunt
1885 2581 2092 2625 praetermiss'a
2116 2606 2123 2615 .

1121 2631 1183 2664 Sed
1205 2630 1378 2664 humorem
1401 2650 1414 2667 ‚
1448 2638 1583 2661 amurcae
1608 2625 1769 2665 similem,
1794 2638 1857 2660 non
1881 2629 1966 2661 inter
2001 2628 2127 2661 tunicas

1122 2674 1293 2715 peritonaei
1316 2693 1327 2710 ‚
1359 2671 1410 2705 sed
1444 2671 1530 2704 inira
1555 2668 1727 2703 abdominis
1749 2669 1954 2711 musculorum
1989 2670 2127 2705 tunicam

1119 2717 1165 2750 θ’
1182 2717 1386 2758 peritonaeum
1416 2721 1594 2747 contentum
1623 2711 1742 2753 fuisse,
1763 2712 1885 2755 scripsit
1911 2738 1919 2745 .
1954 2714 2126 2748 Nimirum

1120 2759 1211 2801 quod
1234 2759 1400 2801 Tulpius‚
1423 2760 1454 2790 &
1485 2757 1629 2799 plerique
1647 2755 1798 2799 deinceps
1823 2757 1879 2790 alii
1901 2768 1962 2799 pro
1984 2759 2127 2791 exterio-

1121 2815 1155 2837 re
1178 2803 1347 2846 peritonaei
1380 2802 1499 2835 lamina
1532 2809 1744 2842 acceperunt,
1768 2800 1834 2842 ipse
1868 2811 1928 2842 pro
1964 2800 2128 2834 musculo-

1122 2857 1195 2880 rum
1225 2847 1336 2879 tunica
1367 2846 1490 2886 accepit
1525 2855 1599 2877 cum
1623 2842 1816 2884 Berengario
1852 2842 1906 2886 (k
1929 2847 1939 2882 )
1965 2845 2010 2877 fic
2045 2844 2128 2877 olim

1122 2890 1262 2924 docente
1287 2901 1296 2920 ε
1325 2889 1445 2921 veritas
1475 2885 1512 2926 esi
1536 2911 1544 2925 ‚
1578 2886 1657 2928 quod
1686 2888 1724 2920 ad
1749 2885 1873 2929 sensum
1897 2894 2027 2930 apparet
2064 2898 2126 2920 una

1121 2931 1271 2976 pellicula
1297 2930 1429 2973 subtilis
1461 2928 1552 2963 valde
1583 2930 1665 2962 inter
1686 2939 1797 2963 verum
1821 2928 1929 2972 fipbac
1961 2935 1972 2970 (
2005 2933 2127 2973 perito-

1124 2987 1233 3010 naeum
1255 2979 1266 3014 )
1298 2975 1340 3007 &⁸
1362 2971 1512 3014 mussulffl
1545 2972 1626 3005 latos
1649 2974 1663 3010 (
1684 2972 1896 3006 Transversos
1921 2974 1939 3016 )
1971 2975 2093 3008 veniris
2116 2996 2127 3012 ,

1126 3020 1263 3054 maxime
1284 3019 1317 3051 in
1335 3023 1427 3064 parte
1459 3014 1585 3056 carnosa
1618 3014 1827 3058 musculorum
1848 3041 1858 3056 ,
1888 3027 1951 3059 quie
1978 3016 2127 3059 pellicula

1127 3061 1168 3101 esi
1185 3059 1373 3104 panniculus
1395 3058 1640 3092 circumvolvens
1663 3058 1817 3101 musculos
1841 3060 1884 3093 Θ·
1904 3067 1970 3094 caec.
1996 3061 2047 3093 Ex
2069 3060 2128 3094 hac

1128 3106 1225 3138 etiam
1252 3103 1401 3146 pellicula
1425 3114 1441 3134 a
1465 3103 1577 3135 multis
1606 3101 1745 3136 conflari
1777 3114 1817 3136 ex
1840 3113 1929 3147 parte
1954 3114 2059 3141 nunc,
2081 3105 2130 3137 vi-

1129 3149 1190 3182 deo
1222 3155 1411 3181 contextum
1434 3144 1622 3179 cellulosum
1645 3147 1832 3187 peritonzei‚
1856 3147 1973 3189 quibus
2005 3147 2130 3181 cellulis

1131 3193 1171 3225 ab
1194 3190 1390 3225 distendente
1414 3193 1494 3232 a'qua
1527 3188 1683 3231 disruptis
1707 3215 1715 3230 ‚
1749 3201 1863 3224 cavum
1888 3189 1943 3222 fiat
1974 3190 2057 3222 inter
2075 3199 2128 3232 pe-

1132 3237 1293 3268 rironaeum
1318 3260 1327 3273 ,
1363 3232 1404 3265 &¹
1440 3232 1578 3266 tendines
1611 3232 1817 3275 musculorum
1852 3230 2094 3273 transverfhrum
2117 3257 2127 3273 ,

1131 3278 1196 3312 five
1218 3302 1231 3320 ‚
1262 3287 1297 3312 ut
1330 3275 1445 3309 melius
1478 3276 1555 3313 alii,
1578 3277 1621 3310 (φ’
1655 3274 1810 3322 musculos
1833 3275 2043 3319 transversos.
2069 3277 2128 3311 Sed

1131 3333 1208 3356 num
1233 3321 1441 3363 periton-,eum
1472 3329 1586 3362 praeter
1608 3318 1703 3353 istum
1732 3327 1923 3352 contextum
1934 3343 1954 3359 s,
1978 3320 2130 3358 exterio-

1132 3376 1199 3398 rem
1223 3365 1374 3397 laminam
1397 3361 1511 3396 habeat
1537 3362 1658 3395 nullam
1683 3384 1692 3399 ‚
1729 3372 1847 3395 numve
1868 3370 2039 3395 contextus
2063 3363 2129 3404 ipse

1133 3409 1250 3442 lamina
1285 3407 1391 3440 vocari
1421 3417 1486 3439 non
1517 3405 1633 3448 poffit,
1665 3404 1749 3440 haud
1781 3416 1982 3447 opportunus
2003 3403 2056 3438 hic
2087 3405 2132 3440 est

1134 3452 1173 3485 ad
1196 3450 1401 3493 quaerendum
1431 3450 1543 3483 locus.
1566 3449 1648 3481 Satis
1680 3447 1723 3481 est
1759 3448 1931 3485 indicasse,
1956 3456 2029 3481 ante
2060 3447 2129 3483 haec

1134 3496 1252 3530 ultima
1286 3503 1431 3536 tempora
1475 3503 1541 3526 non
1581 3489 1801 3534 defuisse'qui
1845 3490 1944 3535 hujus
1975 3489 2131 3567 ὶίγάῑορίε

1120 3552 1135 3556 Ἀ
1999 3535 2089 3569 edem

1403 3658 1443 3692 (ff
1458 3658 1472 3687 )
1489 3660 1559 3686 Cent.
1573 3667 1600 3689 3.
1618 3659 1677 3684 Obs.
1693 3658 1762 3683 Med.
1780 3661 1803 3682 6.

1238 3690 1247 3718 (
1265 3697 1280 3712 u
1296 3689 1309 3718 )
1325 3688 1385 3713 Sest.
1401 3694 1443 3712 ert.
1461 3689 1518 3714 Obs.
1534 3698 1572 3719 70.
1589 3692 1675 3750 ιζιῦιιά
1694 3688 1798 3743 ἰηὲἇκη).
1813 3687 1875 3748 gild.
1892 3687 1950 3713 ΟΜ,
1976 3696 2016 3714 20.
2041 3689 2064 3719 §-
2090 3693 2133 3716 ie,

1431 3751 1438 3779 (
1452 3750 1491 3778 f)
1509 3751 1567 3776 obs.
1584 3750 1653 3775 Med.
1672 3750 1741 3777 chit.
1756 3757 1776 3774 c.
1796 3756 1830 3779 5²-
