<?xml version="1.0" encoding="UTF-8"?>
<!DOCTYPE html PUBLIC "-//W3C//DTD XHTML 1.0 Transitional//EN"
    "http://www.w3.org/TR/xhtml1/DTD/xhtml1-transitional.dtd">
<html xmlns="http://www.w3.org/1999/xhtml" xml:lang="en" lang="en">
 <head>
  <title>
</title>
<meta http-equiv="Content-Type" content="text/html;charset=utf-8" />
  <meta name='ocr-system' content='tesseract 3.04.00' />
  <meta name='ocr-capabilities' content='ocr_page ocr_carea ocr_par ocr_line ocrx_word'/>
</head>
<body>
  <div class='ocr_page' id='page_1' title='image "./desedibusetcausi00morg_0240.png"; bbox 0 0 2498 4075; ppageno 0'>
   <div class='ocr_carea' id='block_1_1' title="bbox 396 143 488 190">
    <p class='ocr_par' dir='ltr' id='par_1_1' title="bbox 396 143 488 190">
     <span class='ocr_line' id='line_1_1' title="bbox 396 143 488 190; baseline -0.033 -7"><span class='ocrx_word' id='word_1_1' title='bbox 396 143 488 190; x_wconf 71' lang='lat'>142</span> 
     </span>
    </p>
   </div>
   <div class='ocr_carea' id='block_1_2' title="bbox 308 199 1345 3536">
    <p class='ocr_par' dir='ltr' id='par_1_2' title="bbox 316 199 1328 816">
     <span class='ocr_line' id='line_1_2' title="bbox 317 199 1327 252; baseline -0.011 -9"><span class='ocrx_word' id='word_1_2' title='bbox 317 209 415 252; x_wconf 68' lang='lat' dir='ltr'>{upra</span> <span class='ocrx_word' id='word_1_3' title='bbox 439 214 493 252; x_wconf 75' lang='lat' dir='ltr'>(y</span> <span class='ocrx_word' id='word_1_4' title='bbox 516 213 530 249; x_wconf 85' lang='grc'>&gt;</span> <span class='ocrx_word' id='word_1_5' title='bbox 553 206 776 241; x_wconf 75' lang='lat' dir='ltr'>admonuimus</span> <span class='ocrx_word' id='word_1_6' title='bbox 799 204 837 238; x_wconf 88' lang='lat' dir='ltr'>de</span> <span class='ocrx_word' id='word_1_7' title='bbox 859 203 953 247; x_wconf 77' lang='lat' dir='ltr'>{ignis</span> <span class='ocrx_word' id='word_1_8' title='bbox 976 200 1112 249; x_wconf 71' lang='lat' dir='ltr'>ejusdem</span> <span class='ocrx_word' id='word_1_9' title='bbox 1133 199 1293 244; x_wconf 85' lang='lat' dir='ltr'>hydropis</span> <span class='ocrx_word' id='word_1_10' title='bbox 1314 223 1327 240; x_wconf 88' lang='lat'>,</span> 
     </span>
     <span class='ocr_line' id='line_1_3' title="bbox 316 242 1328 294; baseline -0.011 -8"><span class='ocrx_word' id='word_1_11' title='bbox 316 261 390 286; x_wconf 80' lang='lat' dir='ltr'>tum</span> <span class='ocrx_word' id='word_1_12' title='bbox 414 253 663 286; x_wconf 81' lang='lat' dir='ltr'>Observationes</span> <span class='ocrx_word' id='word_1_13' title='bbox 686 249 781 291; x_wconf 77' lang='lat' dir='ltr'>ipfius</span> <span class='ocrx_word' id='word_1_14' title='bbox 805 247 938 287; x_wconf 85' lang='lat' dir='ltr'>nostrae,</span> <span class='ocrx_word' id='word_1_15' title='bbox 960 256 1031 288; x_wconf 84' lang='lat' dir='ltr'>quae</span> <span class='ocrx_word' id='word_1_16' title='bbox 1054 255 1117 294; x_wconf 75' lang='lat' dir='ltr'>jam</span> <span class='ocrx_word' id='word_1_17' title='bbox 1143 269 1152 283; x_wconf 93' lang='lat'>,</span> <span class='ocrx_word' id='word_1_18' title='bbox 1184 253 1220 277; x_wconf 90' lang='lat' dir='ltr'>ut</span> <span class='ocrx_word' id='word_1_19' title='bbox 1245 242 1328 276; x_wconf 91' lang='lat' dir='ltr'>ordo</span> 
     </span>
     <span class='ocr_line' id='line_1_4' title="bbox 318 287 1327 337; baseline -0.01 -9"><span class='ocrx_word' id='word_1_20' title='bbox 318 296 484 337; x_wconf 74' lang='lat' dir='ltr'>postulat,</span> <span class='ocrx_word' id='word_1_21' title='bbox 507 296 569 329; x_wconf 89' lang='lat' dir='ltr'>huc</span> <span class='ocrx_word' id='word_1_22' title='bbox 604 293 675 328; x_wconf 87' lang='lat' dir='ltr'>sunt</span> <span class='ocrx_word' id='word_1_23' title='bbox 701 292 863 325; x_wconf 76' lang='lat' dir='ltr'>afferendae</span> <span class='ocrx_word' id='word_1_24' title='bbox 885 311 892 321; x_wconf 73' lang='grc'>.</span> <span class='ocrx_word' id='word_1_25' title='bbox 929 291 1034 323; x_wconf 84' lang='lat' dir='ltr'>Erunt</span> <span class='ocrx_word' id='word_1_26' title='bbox 1057 296 1140 320; x_wconf 85' lang='lat' dir='ltr'>enirn</span> <span class='ocrx_word' id='word_1_27' title='bbox 1174 287 1327 336; x_wconf 39' lang='lat' dir='ltr'>ple-raeque</span> 
     </span>
     <span class='ocr_line' id='line_1_5' title="bbox 317 329 1327 380; baseline -0.01 -9"><span class='ocrx_word' id='word_1_28' title='bbox 317 350 444 377; x_wconf 80' lang='lat' dir='ltr'>earum,</span> <span class='ocrx_word' id='word_1_29' title='bbox 470 340 518 372; x_wconf 90' lang='lat' dir='ltr'>uti</span> <span class='ocrx_word' id='word_1_30' title='bbox 542 338 636 370; x_wconf 87' lang='lat' dir='ltr'>etiam</span> <span class='ocrx_word' id='word_1_31' title='bbox 659 349 728 380; x_wconf 75' lang='lat' dir='ltr'>quae</span> <span class='ocrx_word' id='word_1_32' title='bbox 751 335 789 368; x_wconf 85' lang='lat' dir='ltr'>de</span> <span class='ocrx_word' id='word_1_33' title='bbox 813 331 980 376; x_wconf 89' lang='lat' dir='ltr'>pericardii</span> <span class='ocrx_word' id='word_1_34' title='bbox 1007 329 1151 372; x_wconf 84' lang='lat' dir='ltr'>hydrope</span> <span class='ocrx_word' id='word_1_35' title='bbox 1174 329 1327 371; x_wconf 76' lang='lat' dir='ltr'>adjicien-</span> 
     </span>
     <span class='ocr_line' id='line_1_6' title="bbox 318 373 1327 424; baseline -0.008 -10"><span class='ocrx_word' id='word_1_36' title='bbox 318 392 372 416; x_wconf 81' lang='lat' dir='ltr'>tur</span> <span class='ocrx_word' id='word_1_37' title='bbox 386 406 394 420; x_wconf 75' lang='lat'>,</span> <span class='ocrx_word' id='word_1_38' title='bbox 421 381 566 424; x_wconf 67' lang='lat' dir='ltr'>profecto</span> <span class='ocrx_word' id='word_1_39' title='bbox 588 379 653 423; x_wconf 72' lang='lat' dir='ltr'>ejus</span> <span class='ocrx_word' id='word_1_40' title='bbox 676 380 819 417; x_wconf 60' lang='lat' dir='ltr'>generis,</span> <span class='ocrx_word' id='word_1_41' title='bbox 840 386 877 410; x_wconf 90' lang='lat' dir='ltr'>ut</span> <span class='ocrx_word' id='word_1_42' title='bbox 891 387 953 408; x_wconf 88' lang='lat' dir='ltr'>non</span> <span class='ocrx_word' id='word_1_43' title='bbox 977 383 1042 407; x_wconf 87' lang='lat' dir='ltr'>tam</span> <span class='ocrx_word' id='word_1_44' title='bbox 1054 373 1207 410; x_wconf 83' lang='lat' dir='ltr'>doceant,</span> <span class='ocrx_word' id='word_1_45' title='bbox 1230 384 1327 416; x_wconf 85' lang='lat' dir='ltr'>quain</span> 
     </span>
     <span class='ocr_line' id='line_1_7' title="bbox 318 414 1325 467; baseline -0.01 -9"><span class='ocrx_word' id='word_1_46' title='bbox 318 425 516 463; x_wconf 78' lang='lat' dir='ltr'>dedoceant3</span> <span class='ocrx_word' id='word_1_47' title='bbox 541 435 611 456; x_wconf 87' lang='lat' dir='ltr'>nam</span> <span class='ocrx_word' id='word_1_48' title='bbox 635 418 751 456; x_wconf 62' lang='lat' dir='ltr'>&amp;hoc</span> <span class='ocrx_word' id='word_1_49' title='bbox 776 420 877 454; x_wconf 87' lang='lat' dir='ltr'>facere</span> <span class='ocrx_word' id='word_1_50' title='bbox 896 430 960 467; x_wconf 78' lang='lat' dir='ltr'>non</span> <span class='ocrx_word' id='word_1_51' title='bbox 985 417 1099 452; x_wconf 85' lang='lat' dir='ltr'>inutile</span> <span class='ocrx_word' id='word_1_52' title='bbox 1111 414 1172 455; x_wconf 88' lang='lat' dir='ltr'>est,</span> <span class='ocrx_word' id='word_1_53' title='bbox 1195 425 1232 450; x_wconf 83' lang='lat' dir='ltr'>ut</span> <span class='ocrx_word' id='word_1_54' title='bbox 1255 427 1325 459; x_wconf 89' lang='lat' dir='ltr'>per-</span> 
     </span>
     <span class='ocr_line' id='line_1_8' title="bbox 317 465 1325 511; baseline -0.011 -9"><span class='ocrx_word' id='word_1_55' title='bbox 317 469 446 511; x_wconf 67' lang='lat' dir='ltr'>spicuef.</span> <span class='ocrx_word' id='word_1_56' title='bbox 476 467 561 510; x_wconf 83' lang='lat' dir='ltr'>quod</span> <span class='ocrx_word' id='word_1_57' title='bbox 585 465 784 499; x_wconf 77' lang='lat' dir='ltr'>Vieuffenius</span> <span class='ocrx_word' id='word_1_58' title='bbox 807 467 820 502; x_wconf 88' lang='lat'>(</span> <span class='ocrx_word' id='word_1_59' title='bbox 887 466 901 502; x_wconf 92' lang='lat'><em>)</em></span> <span class='ocrx_word' id='word_1_60' title='bbox 924 471 969 493; x_wconf 84' lang='lat' dir='ltr'>ait</span> <span class='ocrx_word' id='word_1_61' title='bbox 992 472 1003 499; x_wconf 72' lang='grc' dir='ltr'>ς</span> <span class='ocrx_word' id='word_1_62' title='bbox 1036 468 1180 503; x_wconf 80' lang='lat' dir='ltr'>appareat</span> <span class='ocrx_word' id='word_1_63' title='bbox 1204 481 1230 499; x_wconf 89' lang='lat'>‚‚</span> <span class='ocrx_word' id='word_1_64' title='bbox 1262 470 1325 492; x_wconf 88' lang='lat' dir='ltr'>non</span> 
     </span>
     <span class='ocr_line' id='line_1_9' title="bbox 318 503 1325 553; baseline -0.01 -7"><span class='ocrx_word' id='word_1_65' title='bbox 318 535 349 553; x_wconf 66' lang='lat'>5,</span> <span class='ocrx_word' id='word_1_66' title='bbox 372 522 439 545; x_wconf 87' lang='lat' dir='ltr'>tam</span> <span class='ocrx_word' id='word_1_67' title='bbox 453 511 546 544; x_wconf 81' lang='lat' dir='ltr'>facile</span> <span class='ocrx_word' id='word_1_68' title='bbox 570 509 625 542; x_wconf 82' lang='lat' dir='ltr'>esse</span> <span class='ocrx_word' id='word_1_69' title='bbox 638 509 777 542; x_wconf 78' lang='lat' dir='ltr'>thoracis</span> <span class='ocrx_word' id='word_1_70' title='bbox 801 507 845 547; x_wconf 83' lang='lat' dir='ltr'>hy</span> <span class='ocrx_word' id='word_1_71' title='bbox 872 503 1207 552; x_wconf 72' lang='lat' dir='ltr'>ropemcognosce1·e,</span> <span class='ocrx_word' id='word_1_72' title='bbox 1228 513 1325 545; x_wconf 82' lang='lat' dir='ltr'>quarn</span> 
     </span>
     <span class='ocr_line' id='line_1_10' title="bbox 323 546 1324 598; baseline -0.013 -9"><span class='ocrx_word' id='word_1_73' title='bbox 323 577 346 596; x_wconf 92' lang='lat'><strong>„</strong></span> <span class='ocrx_word' id='word_1_74' title='bbox 369 557 469 598; x_wconf 78' lang='lat' dir='ltr'>aliqui</span> <span class='ocrx_word' id='word_1_75' title='bbox 494 555 624 593; x_wconf 81' lang='lat' dir='ltr'>credunt</span> <span class='ocrx_word' id='word_1_76' title='bbox 649 552 797 591; x_wconf 82' lang='lat' dir='ltr'>Medici,</span> <span class='ocrx_word' id='word_1_77' title='bbox 820 549 955 582; x_wconf 89' lang='lat' dir='ltr'>nimium</span> <span class='ocrx_word' id='word_1_78' title='bbox 978 546 1324 595; x_wconf 80' lang='lat' dir='ltr'>sibitribuentes,ana-</span> 
     </span>
     <span class='ocr_line' id='line_1_11' title="bbox 319 588 1325 639; baseline -0.012 -7"><span class='ocrx_word' id='word_1_79' title='bbox 319 621 346 639; x_wconf 94' lang='lat'><strong>„</strong></span> <span class='ocrx_word' id='word_1_80' title='bbox 368 610 477 633; x_wconf 89' lang='lat' dir='ltr'>tomen</span> <span class='ocrx_word' id='word_1_81' title='bbox 502 600 681 637; x_wconf 67' lang='lat' dir='ltr'>ignorantes</span> <span class='ocrx_word' id='word_1_82' title='bbox 707 618 719 635; x_wconf 89' lang='lat'>,</span> <span class='ocrx_word' id='word_1_83' title='bbox 751 596 783 626; x_wconf 87' lang='lat'><strong>&amp;</strong></span> <span class='ocrx_word' id='word_1_84' title='bbox 806 594 862 635; x_wconf 88' lang='lat' dir='ltr'>qui</span> <span class='ocrx_word' id='word_1_85' title='bbox 896 601 1058 634; x_wconf 88' lang='lat' dir='ltr'>nunquam</span> <span class='ocrx_word' id='word_1_86' title='bbox 1080 588 1136 638; x_wconf 83' lang='lat' dir='ltr'>sibi</span> <span class='ocrx_word' id='word_1_87' title='bbox 1153 596 1325 637; x_wconf 31' lang='lat' dir='ltr'>‘putarunt</span> 
     </span>
     <span class='ocr_line' id='line_1_12' title="bbox 316 630 1326 685; baseline -0.011 -9"><span class='ocrx_word' id='word_1_88' title='bbox 316 666 343 685; x_wconf 63' lang='lat'>5,</span> <span class='ocrx_word' id='word_1_89' title='bbox 366 636 591 676; x_wconf 67' lang='lat' dir='ltr'>cadavcra&#39;effe</span> <span class='ocrx_word' id='word_1_90' title='bbox 615 636 804 676; x_wconf 87' lang='lat' dir='ltr'>incidenda,</span> <span class='ocrx_word' id='word_1_91' title='bbox 829 644 882 668; x_wconf 85' lang='lat' dir='ltr'>aut</span> <span class='ocrx_word' id='word_1_92' title='bbox 906 646 978 667; x_wconf 86' lang='lat' dir='ltr'>cum</span> <span class='ocrx_word' id='word_1_93' title='bbox 1006 633 1044 666; x_wconf 87' lang='lat' dir='ltr'>ab</span> <span class='ocrx_word' id='word_1_94' title='bbox 1057 632 1125 664; x_wconf 81' lang='lat' dir='ltr'>aliis</span> <span class='ocrx_word' id='word_1_95' title='bbox 1149 630 1326 665; x_wconf 82' lang='lat' dir='ltr'>incideren-</span> 
     </span>
     <span class='ocr_line' id='line_1_13' title="bbox 316 674 1324 726; baseline -0.018 -4"><span class='ocrx_word' id='word_1_96' title='bbox 316 707 342 726; x_wconf 68' lang='lat'>,‚</span> <span class='ocrx_word' id='word_1_97' title='bbox 366 696 442 726; x_wconf 85' lang='lat' dir='ltr'>tur,</span> <span class='ocrx_word' id='word_1_98' title='bbox 466 681 679 726; x_wconf 85' lang='lat' dir='ltr'>inspicienda.</span> <span class='ocrx_word' id='word_1_99' title='bbox 705 704 730 721; x_wconf 86' lang='lat'>,‚</span> <span class='ocrx_word' id='word_1_100' title='bbox 754 681 842 713; x_wconf 89' lang='lat' dir='ltr'>Nam</span> <span class='ocrx_word' id='word_1_101' title='bbox 856 680 910 721; x_wconf 90' lang='lat' dir='ltr'>qui</span> <span class='ocrx_word' id='word_1_102' title='bbox 936 674 1246 724; x_wconf 40' lang='lat' dir='ltr'>plura-inciderunt,</span> <span class='ocrx_word' id='word_1_103' title='bbox 1269 685 1324 709; x_wconf 80' lang='lat' dir='ltr'>aut</span> 
     </span>
     <span class='ocr_line' id='line_1_14' title="bbox 316 716 1326 772; baseline -0.013 -10"><span class='ocrx_word' id='word_1_104' title='bbox 316 728 521 772; x_wconf 77' lang='lat' dir='ltr'>inspexerunt</span> <span class='ocrx_word' id='word_1_105' title='bbox 535 753 544 767; x_wconf 87' lang='lat'>,</span> <span class='ocrx_word' id='word_1_106' title='bbox 569 725 603 760; x_wconf 87' lang='lat' dir='ltr'>hi</span> <span class='ocrx_word' id='word_1_107' title='bbox 633 724 764 762; x_wconf 88' lang='lat' dir='ltr'>saltem,</span> <span class='ocrx_word' id='word_1_108' title='bbox 786 733 860 755; x_wconf 88' lang='lat' dir='ltr'>cum</span> <span class='ocrx_word' id='word_1_109' title='bbox 882 721 933 753; x_wconf 90' lang='lat' dir='ltr'>illi</span> <span class='ocrx_word' id='word_1_110' title='bbox 957 721 1090 752; x_wconf 85' lang='lat' dir='ltr'>minime</span> <span class='ocrx_word' id='word_1_111' title='bbox 1103 716 1277 760; x_wconf 85' lang='lat' dir='ltr'>dubitant,</span> <span class='ocrx_word' id='word_1_112' title='bbox 1298 720 1326 751; x_wconf 89' lang='lat' dir='ltr'>i-</span> 
     </span>
     <span class='ocr_line' id='line_1_15' title="bbox 318 768 1194 816; baseline -0.019 -10"><span class='ocrx_word' id='word_1_113' title='bbox 318 771 363 816; x_wconf 82' lang='lat' dir='ltr'>psi</span> <span class='ocrx_word' id='word_1_114' title='bbox 387 771 532 805; x_wconf 89' lang='lat' dir='ltr'>dubitare</span> <span class='ocrx_word' id='word_1_115' title='bbox 554 768 733 802; x_wconf 85' lang='lat' dir='ltr'>didicerunt</span> <span class='ocrx_word' id='word_1_116' title='bbox 748 789 755 797; x_wconf 93' lang='lat'>.</span> <span class='ocrx_word' id='word_1_117' title='bbox 922 808 925 811; x_wconf 19' lang='grc' dir='ltr'><strong><em>Δ</em></strong></span> <span class='ocrx_word' id='word_1_118' title='bbox 1188 805 1194 810; x_wconf 44' lang='lat'>·</span> 
     </span>
    </p>

    <p class='ocr_par' dir='ltr' id='par_1_3' title="bbox 312 803 1328 1552">
     <span class='ocr_line' id='line_1_16' title="bbox 363 803 1323 847; baseline -0.013 1"><span class='ocrx_word' id='word_1_119' title='bbox 363 819 417 847; x_wconf 77' lang='lat'>25.</span> <span class='ocrx_word' id='word_1_120' title='bbox 443 814 526 846; x_wconf 88' lang='lat' dir='ltr'>VIR</span> <span class='ocrx_word' id='word_1_121' title='bbox 552 807 758 845; x_wconf 67' lang='lat' dir='ltr'>Bononiensis</span> <span class='ocrx_word' id='word_1_122' title='bbox 788 818 862 840; x_wconf 88' lang='lat' dir='ltr'>cum</span> <span class='ocrx_word' id='word_1_123' title='bbox 894 805 1085 840; x_wconf 81' lang='lat' dir='ltr'>difficultate</span> <span class='ocrx_word' id='word_1_124' title='bbox 1117 803 1289 846; x_wconf 87' lang='lat' dir='ltr'>respirabat</span> <span class='ocrx_word' id='word_1_125' title='bbox 1310 828 1323 846; x_wconf 88' lang='lat'><em>‚</em></span> 
     </span>
     <span class='ocr_line' id='line_1_17' title="bbox 318 847 1324 901; baseline -0.01 -10"><span class='ocrx_word' id='word_1_126' title='bbox 318 869 376 891; x_wconf 77' lang='lat' dir='ltr'>nec</span> <span class='ocrx_word' id='word_1_127' title='bbox 400 857 500 901; x_wconf 75' lang='lat' dir='ltr'>jacere</span> <span class='ocrx_word' id='word_1_128' title='bbox 527 856 699 897; x_wconf 85' lang='lat' dir='ltr'>poteratin</span> <span class='ocrx_word' id='word_1_129' title='bbox 724 853 806 884; x_wconf 86' lang='lat' dir='ltr'>latus</span> <span class='ocrx_word' id='word_1_130' title='bbox 820 849 997 883; x_wconf 80' lang='lat' dir='ltr'>finistmm:</span> <span class='ocrx_word' id='word_1_131' title='bbox 1023 850 1056 881; x_wconf 88' lang='lat' dir='ltr'>in</span> <span class='ocrx_word' id='word_1_132' title='bbox 1077 847 1244 881; x_wconf 86' lang='lat' dir='ltr'>dexterum</span> <span class='ocrx_word' id='word_1_133' title='bbox 1261 859 1324 881; x_wconf 89' lang='lat' dir='ltr'>non</span> 
     </span>
     <span class='ocr_line' id='line_1_18' title="bbox 319 891 1325 940; baseline -0.012 -6"><span class='ocrx_word' id='word_1_134' title='bbox 319 901 425 934; x_wconf 82' lang='lat' dir='ltr'>solum</span> <span class='ocrx_word' id='word_1_135' title='bbox 449 908 596 940; x_wconf 80' lang='lat' dir='ltr'>poterat3</span> <span class='ocrx_word' id='word_1_136' title='bbox 621 895 670 930; x_wconf 89' lang='lat' dir='ltr'>sed</span> <span class='ocrx_word' id='word_1_137' title='bbox 696 894 806 929; x_wconf 85' lang='lat' dir='ltr'>affidue</span> <span class='ocrx_word' id='word_1_138' title='bbox 830 892 970 936; x_wconf 84' lang='lat' dir='ltr'>jacebat.</span> <span class='ocrx_word' id='word_1_139' title='bbox 997 891 1066 924; x_wconf 83' lang='lat' dir='ltr'>Etsi</span> <span class='ocrx_word' id='word_1_140' title='bbox 1090 901 1189 934; x_wconf 82' lang='lat' dir='ltr'>neque</span> <span class='ocrx_word' id='word_1_141' title='bbox 1211 891 1325 923; x_wconf 86' lang='lat' dir='ltr'>elatio-</span> 
     </span>
     <span class='ocr_line' id='line_1_19' title="bbox 317 933 1324 984; baseline -0.012 -6"><span class='ocrx_word' id='word_1_142' title='bbox 317 955 350 977; x_wconf 82' lang='lat' dir='ltr'>re</span> <span class='ocrx_word' id='word_1_143' title='bbox 371 944 507 977; x_wconf 76' lang='lat' dir='ltr'>cubabat</span> <span class='ocrx_word' id='word_1_144' title='bbox 531 943 658 984; x_wconf 88' lang='lat' dir='ltr'>capite,</span> <span class='ocrx_word' id='word_1_145' title='bbox 683 951 739 973; x_wconf 87' lang='lat' dir='ltr'>nec</span> <span class='ocrx_word' id='word_1_146' title='bbox 762 937 904 971; x_wconf 86' lang='lat' dir='ltr'>tumidos</span> <span class='ocrx_word' id='word_1_147' title='bbox 927 935 1062 970; x_wconf 86' lang='lat' dir='ltr'>habebat</span> <span class='ocrx_word' id='word_1_148' title='bbox 1077 935 1191 977; x_wconf 86' lang='lat' dir='ltr'>pedes‚·</span> <span class='ocrx_word' id='word_1_149' title='bbox 1212 933 1324 977; x_wconf 81' lang='lat' dir='ltr'>quaefi-</span> 
     </span>
     <span class='ocr_line' id='line_1_20' title="bbox 314 977 1326 1026; baseline -0.012 -5"><span class='ocrx_word' id='word_1_150' title='bbox 314 989 348 1021; x_wconf 89' lang='lat' dir='ltr'>vi</span> <span class='ocrx_word' id='word_1_151' title='bbox 372 997 475 1021; x_wconf 82' lang='lat' dir='ltr'>tamen</span> <span class='ocrx_word' id='word_1_152' title='bbox 504 1010 514 1025; x_wconf 90' lang='lat'>,</span> <span class='ocrx_word' id='word_1_153' title='bbox 549 996 626 1018; x_wconf 87' lang='lat' dir='ltr'>num</span> <span class='ocrx_word' id='word_1_154' title='bbox 651 983 764 1026; x_wconf 86' lang='lat' dir='ltr'>primis</span> <span class='ocrx_word' id='word_1_155' title='bbox 797 980 883 1014; x_wconf 88' lang='lat' dir='ltr'>forte</span> <span class='ocrx_word' id='word_1_156' title='bbox 906 977 1010 1014; x_wconf 90' lang='lat' dir='ltr'>somni</span> <span class='ocrx_word' id='word_1_157' title='bbox 1036 978 1125 1012; x_wconf 87' lang='lat' dir='ltr'>horis</span> <span class='ocrx_word' id='word_1_158' title='bbox 1158 978 1326 1020; x_wconf 83' lang='lat' dir='ltr'>repentino</span> 
     </span>
     <span class='ocr_line' id='line_1_21' title="bbox 313 1020 1325 1075; baseline -0.013 -10"><span class='ocrx_word' id='word_1_159' title='bbox 313 1031 454 1075; x_wconf 77' lang='lat' dir='ltr'>quodam</span> <span class='ocrx_word' id='word_1_160' title='bbox 489 1027 707 1063; x_wconf 81' lang='lat' dir='ltr'>suffocationis</span> <span class='ocrx_word' id='word_1_161' title='bbox 751 1023 838 1058; x_wconf 84' lang='lat' dir='ltr'>sensu</span> <span class='ocrx_word' id='word_1_162' title='bbox 871 1025 1062 1056; x_wconf 78' lang='lat' dir='ltr'>excitaretur</span> <span class='ocrx_word' id='word_1_163' title='bbox 1094 1020 1106 1053; x_wconf 73' lang='grc' dir='ltr'><em>Ρ</em></span> <span class='ocrx_word' id='word_1_164' title='bbox 1148 1022 1291 1069; x_wconf 76' lang='lat' dir='ltr'>Negavit</span> <span class='ocrx_word' id='word_1_165' title='bbox 1317 1045 1325 1052; x_wconf 91' lang='lat'>.</span> 
     </span>
     <span class='ocr_line' id='line_1_22' title="bbox 314 1063 1328 1117; baseline -0.012 -10"><span class='ocrx_word' id='word_1_166' title='bbox 314 1075 517 1117; x_wconf 83' lang='lat' dir='ltr'>Qerebatur</span> <span class='ocrx_word' id='word_1_167' title='bbox 548 1081 651 1105; x_wconf 89' lang='lat' dir='ltr'>autem</span> <span class='ocrx_word' id='word_1_168' title='bbox 676 1069 713 1106; x_wconf 88' lang='lat' dir='ltr'>de</span> <span class='ocrx_word' id='word_1_169' title='bbox 744 1068 860 1102; x_wconf 77' lang='lat' dir='ltr'>duritie</span> <span class='ocrx_word' id='word_1_170' title='bbox 895 1066 1030 1110; x_wconf 84' lang='lat' dir='ltr'>quadam</span> <span class='ocrx_word' id='word_1_171' title='bbox 1065 1064 1103 1097; x_wconf 88' lang='lat' dir='ltr'>ad</span> <span class='ocrx_word' id='word_1_172' title='bbox 1135 1063 1328 1106; x_wconf 83' lang='lat' dir='ltr'>superiorem</span> 
     </span>
     <span class='ocr_line' id='line_1_23' title="bbox 315 1105 1327 1161; baseline -0.013 -9"><span class='ocrx_word' id='word_1_173' title='bbox 315 1129 438 1161; x_wconf 67' lang='lat' dir='ltr'>partem</span> <span class='ocrx_word' id='word_1_174' title='bbox 462 1118 601 1149; x_wconf 80' lang='lat' dir='ltr'>ventris:</span> <span class='ocrx_word' id='word_1_175' title='bbox 628 1127 697 1158; x_wconf 66' lang='lat' dir='ltr'>quae</span> <span class='ocrx_word' id='word_1_176' title='bbox 721 1114 752 1144; x_wconf 63' lang='grc' dir='ltr'>ὃ(</span> <span class='ocrx_word' id='word_1_177' title='bbox 778 1123 872 1144; x_wconf 83' lang='lat' dir='ltr'>manu</span> <span class='ocrx_word' id='word_1_178' title='bbox 898 1109 1023 1143; x_wconf 85' lang='lat' dir='ltr'>admota</span> <span class='ocrx_word' id='word_1_179' title='bbox 1060 1105 1327 1156; x_wconf 54' lang='lat' dir='ltr'>percipiebatur,</span> 
     </span>
     <span class='ocr_line' id='line_1_24' title="bbox 314 1152 1326 1201; baseline -0.015 -6"><span class='ocrx_word' id='word_1_180' title='bbox 314 1173 353 1195; x_wconf 86' lang='lat' dir='ltr'>eo</span> <span class='ocrx_word' id='word_1_181' title='bbox 377 1164 409 1193; x_wconf 88' lang='lat' dir='ltr'>in</span> <span class='ocrx_word' id='word_1_182' title='bbox 433 1161 530 1200; x_wconf 75' lang='lat' dir='ltr'>loct),</span> <span class='ocrx_word' id='word_1_183' title='bbox 553 1169 589 1192; x_wconf 86' lang='lat' dir='ltr'>ut</span> <span class='ocrx_word' id='word_1_184' title='bbox 612 1159 753 1198; x_wconf 88' lang='lat' dir='ltr'>cuipiam</span> <span class='ocrx_word' id='word_1_185' title='bbox 779 1152 874 1197; x_wconf 71' lang='lat' dir='ltr'>poss&#39;et</span> <span class='ocrx_word' id='word_1_186' title='bbox 900 1154 1084 1187; x_wconf 85' lang='lat' dir='ltr'>induratum</span> <span class='ocrx_word' id='word_1_187' title='bbox 1108 1161 1254 1201; x_wconf 70' lang='lat' dir='ltr'>pmcreas</span> <span class='ocrx_word' id='word_1_188' title='bbox 1279 1161 1326 1200; x_wconf 80' lang='lat' dir='ltr'>vi-</span> 
     </span>
     <span class='ocr_line' id='line_1_25' title="bbox 312 1192 1324 1240; baseline -0.012 -2"><span class='ocrx_word' id='word_1_189' title='bbox 312 1205 399 1239; x_wconf 79' lang='lat' dir='ltr'>deri.</span> <span class='ocrx_word' id='word_1_190' title='bbox 535 1201 737 1235; x_wconf 80' lang='lat' dir='ltr'>MORTUI</span> <span class='ocrx_word' id='word_1_191' title='bbox 773 1207 897 1240; x_wconf 82' lang='lat' dir='ltr'>apertus</span> <span class='ocrx_word' id='word_1_192' title='bbox 920 1198 1041 1230; x_wconf 82' lang='lat' dir='ltr'>Venter</span> <span class='ocrx_word' id='word_1_193' title='bbox 1077 1192 1228 1235; x_wconf 85' lang='lat' dir='ltr'>patefecit</span> <span class='ocrx_word' id='word_1_194' title='bbox 1247 1216 1259 1234; x_wconf 90' lang='lat'>‚</span> <span class='ocrx_word' id='word_1_195' title='bbox 1290 1192 1324 1227; x_wconf 83' lang='lat' dir='ltr'>id</span> 
     </span>
     <span class='ocr_line' id='line_1_26' title="bbox 314 1235 1324 1286; baseline -0.012 -5"><span class='ocrx_word' id='word_1_196' title='bbox 314 1246 372 1281; x_wconf 74' lang='lat' dir='ltr'>esse</span> <span class='ocrx_word' id='word_1_197' title='bbox 398 1247 482 1286; x_wconf 79' lang='lat' dir='ltr'>jecur</span> <span class='ocrx_word' id='word_1_198' title='bbox 506 1269 519 1285; x_wconf 88' lang='lat'><em>‚</em></span> <span class='ocrx_word' id='word_1_199' title='bbox 553 1245 662 1278; x_wconf 84' lang='lat' dir='ltr'>sanum</span> <span class='ocrx_word' id='word_1_200' title='bbox 697 1241 826 1284; x_wconf 84' lang='lat' dir='ltr'>quidem</span> <span class='ocrx_word' id='word_1_201' title='bbox 847 1263 859 1280; x_wconf 90' lang='lat'>,</span> <span class='ocrx_word' id='word_1_202' title='bbox 893 1239 944 1273; x_wconf 87' lang='grc' dir='ltr'><em>[εά</em></span> <span class='ocrx_word' id='word_1_203' title='bbox 977 1236 1120 1279; x_wconf 80' lang='lat' dir='ltr'>depreffo</span> <span class='ocrx_word' id='word_1_204' title='bbox 1155 1249 1172 1270; x_wconf 88' lang='lat' dir='ltr'>a</span> <span class='ocrx_word' id='word_1_205' title='bbox 1203 1235 1324 1273; x_wconf 82' lang='lat' dir='ltr'>dextris</span> 
     </span>
     <span class='ocr_line' id='line_1_27' title="bbox 314 1281 1323 1331; baseline -0.012 -6"><span class='ocrx_word' id='word_1_206' title='bbox 314 1289 557 1331; x_wconf 67' lang='lat' dir='ltr'>diaphragmate</span> <span class='ocrx_word' id='word_1_207' title='bbox 582 1314 591 1326; x_wconf 86' lang='lat'>‚</span> <span class='ocrx_word' id='word_1_208' title='bbox 623 1286 714 1328; x_wconf 82' lang='lat' dir='ltr'>cujus</span> <span class='ocrx_word' id='word_1_209' title='bbox 738 1285 782 1317; x_wconf 88' lang='lat' dir='ltr'>i&#39;oi</span> <span class='ocrx_word' id='word_1_210' title='bbox 808 1293 920 1317; x_wconf 88' lang='lat' dir='ltr'>natura</span> <span class='ocrx_word' id='word_1_211' title='bbox 945 1282 1028 1316; x_wconf 83' lang='lat' dir='ltr'>haud</span> <span class='ocrx_word' id='word_1_212' title='bbox 1054 1281 1189 1326; x_wconf 83' lang='lat' dir='ltr'>amplius</span> <span class='ocrx_word' id='word_1_213' title='bbox 1214 1291 1323 1315; x_wconf 85' lang='lat' dir='ltr'>carnea</span> 
     </span>
     <span class='ocr_line' id='line_1_28' title="bbox 314 1325 1189 1375; baseline -0.011 -8"><span class='ocrx_word' id='word_1_214' title='bbox 314 1329 482 1367; x_wconf 72' lang='lat' dir='ltr'>videbatur</span> <span class='ocrx_word' id='word_1_215' title='bbox 505 1356 517 1373; x_wconf 90' lang='lat'>,</span> <span class='ocrx_word' id='word_1_216' title='bbox 548 1332 625 1365; x_wconf 88' lang='lat' dir='ltr'>illuc</span> <span class='ocrx_word' id='word_1_217' title='bbox 658 1341 722 1375; x_wconf 83' lang='lat' dir='ltr'>quo</span> <span class='ocrx_word' id='word_1_218' title='bbox 753 1329 894 1362; x_wconf 77' lang='lat' dir='ltr'>diximus</span> <span class='ocrx_word' id='word_1_219' title='bbox 922 1350 934 1367; x_wconf 91' lang='lat'>,</span> <span class='ocrx_word' id='word_1_220' title='bbox 969 1325 1189 1374; x_wconf 42' lang='lat' dir='ltr'>compulsum..</span> 
     </span>
     <span class='ocr_line' id='line_1_29' title="bbox 314 1366 1323 1412; baseline -0.014 1"><span class='ocrx_word' id='word_1_221' title='bbox 314 1377 454 1412; x_wconf 79' lang='lat' dir='ltr'>Thorax</span> <span class='ocrx_word' id='word_1_222' title='bbox 477 1386 584 1409; x_wconf 83' lang='lat' dir='ltr'>autern</span> <span class='ocrx_word' id='word_1_223' title='bbox 608 1375 744 1407; x_wconf 84' lang='lat' dir='ltr'>reclusus</span> <span class='ocrx_word' id='word_1_224' title='bbox 756 1369 891 1404; x_wconf 86' lang='lat' dir='ltr'>ostendit</span> <span class='ocrx_word' id='word_1_225' title='bbox 907 1393 918 1409; x_wconf 90' lang='lat'>,</span> <span class='ocrx_word' id='word_1_226' title='bbox 943 1368 1127 1402; x_wconf 83' lang='lat' dir='ltr'>tantamilli</span> <span class='ocrx_word' id='word_1_227' title='bbox 1150 1366 1323 1410; x_wconf 75' lang='lat' dir='ltr'>diaphrag-</span> 
     </span>
     <span class='ocr_line' id='line_1_30' title="bbox 312 1412 1322 1463; baseline -0.013 -8"><span class='ocrx_word' id='word_1_228' title='bbox 312 1422 408 1456; x_wconf 74' lang='lat' dir='ltr'>matis</span> <span class='ocrx_word' id='word_1_229' title='bbox 432 1421 516 1463; x_wconf 86' lang='lat' dir='ltr'>parti</span> <span class='ocrx_word' id='word_1_230' title='bbox 555 1430 644 1462; x_wconf 75' lang='lat' dir='ltr'>aqua:</span> <span class='ocrx_word' id='word_1_231' title='bbox 667 1417 794 1458; x_wconf 88' lang='lat' dir='ltr'>copiam</span> <span class='ocrx_word' id='word_1_232' title='bbox 818 1412 999 1446; x_wconf 77' lang='lat' dir='ltr'>incumbere</span> <span class='ocrx_word' id='word_1_233' title='bbox 1021 1435 1044 1460; x_wconf 35' lang='lat' dir='ltr'>‚q</span> <span class='ocrx_word' id='word_1_234' title='bbox 1066 1420 1102 1444; x_wconf 90' lang='lat' dir='ltr'>ut</span> <span class='ocrx_word' id='word_1_235' title='bbox 1125 1413 1223 1444; x_wconf 84' lang='lat' dir='ltr'>etiam</span> <span class='ocrx_word' id='word_1_236' title='bbox 1254 1422 1322 1460; x_wconf 82' lang='lat' dir='ltr'>me-</span> 
     </span>
     <span class='ocr_line' id='line_1_31' title="bbox 313 1454 1323 1508; baseline -0.013 -9"><span class='ocrx_word' id='word_1_237' title='bbox 313 1463 511 1504; x_wconf 54' lang='lat' dir='ltr'>diastinum3</span> <span class='ocrx_word' id='word_1_238' title='bbox 534 1462 679 1508; x_wconf 83' lang='lat' dir='ltr'>quamvis</span> <span class='ocrx_word' id='word_1_239' title='bbox 701 1458 823 1493; x_wconf 72' lang='lat' dir='ltr'>craffius</span> <span class='ocrx_word' id='word_1_240' title='bbox 846 1456 967 1491; x_wconf 69' lang='lat' dir='ltr'>fastum</span> <span class='ocrx_word' id='word_1_241' title='bbox 986 1479 998 1497; x_wconf 82' lang='lat'>,</span> <span class='ocrx_word' id='word_1_242' title='bbox 1023 1454 1235 1489; x_wconf 78' lang='lat' dir='ltr'>sinistrorsum</span> <span class='ocrx_word' id='word_1_243' title='bbox 1259 1465 1323 1487; x_wconf 87' lang='lat' dir='ltr'>im-</span> 
     </span>
     <span class='ocr_line' id='line_1_32' title="bbox 315 1509 1041 1552; baseline -0.015 -9"><span class='ocrx_word' id='word_1_244' title='bbox 315 1509 447 1552; x_wconf 86' lang='lat' dir='ltr'>pelleret</span> <span class='ocrx_word' id='word_1_245' title='bbox 462 1532 470 1540; x_wconf 89' lang='lat'><strong>.</strong></span> <span class='ocrx_word' id='word_1_246' title='bbox 1037 1545 1041 1550; x_wconf 96' lang='lat'>.</span> 
     </span>
    </p>

    <p class='ocr_par' dir='ltr' id='par_1_4' title="bbox 308 1543 1334 3064">
     <span class='ocr_line' id='line_1_33' title="bbox 358 1543 1321 1595; baseline -0.012 -9"><span class='ocrx_word' id='word_1_247' title='bbox 358 1564 410 1595; x_wconf 90' lang='lat'>27.</span> <span class='ocrx_word' id='word_1_248' title='bbox 435 1551 653 1593; x_wconf 62' lang='lat' dir='ltr'>Diaphragma</span> <span class='ocrx_word' id='word_1_249' title='bbox 679 1546 850 1591; x_wconf 70' lang='lat' dir='ltr'>aliqnando</span> <span class='ocrx_word' id='word_1_250' title='bbox 882 1545 921 1579; x_wconf 83' lang='lat' dir='ltr'>ab</span> <span class='ocrx_word' id='word_1_251' title='bbox 946 1543 1143 1587; x_wconf 87' lang='lat' dir='ltr'>amplificato</span> <span class='ocrx_word' id='word_1_252' title='bbox 1175 1552 1261 1576; x_wconf 85' lang='lat' dir='ltr'>certa</span> <span class='ocrx_word' id='word_1_253' title='bbox 1284 1543 1321 1590; x_wconf 84' lang='lat' dir='ltr'>de</span> 
     </span>
     <span class='ocr_line' id='line_1_34' title="bbox 311 1586 1323 1638; baseline -0.014 -7"><span class='ocrx_word' id='word_1_254' title='bbox 311 1597 402 1631; x_wconf 90' lang='lat' dir='ltr'>causa</span> <span class='ocrx_word' id='word_1_255' title='bbox 430 1589 734 1638; x_wconf 56' lang='lat' dir='ltr'>pulrnonedextero</span> <span class='ocrx_word' id='word_1_256' title='bbox 757 1589 846 1624; x_wconf 82' lang='lat' dir='ltr'>fuisse</span> <span class='ocrx_word' id='word_1_257' title='bbox 871 1586 1042 1631; x_wconf 85' lang='lat' dir='ltr'>depressum</span> <span class='ocrx_word' id='word_1_258' title='bbox 1075 1587 1154 1620; x_wconf 91' lang='lat' dir='ltr'>adeo</span> <span class='ocrx_word' id='word_1_259' title='bbox 1173 1611 1186 1627; x_wconf 83' lang='lat'>,</span> <span class='ocrx_word' id='word_1_260' title='bbox 1221 1596 1255 1619; x_wconf 93' lang='lat' dir='ltr'>ut</span> <span class='ocrx_word' id='word_1_261' title='bbox 1279 1598 1323 1628; x_wconf 74' lang='lat' dir='ltr'>Je-</span> 
     </span>
     <span class='ocr_line' id='line_1_35' title="bbox 315 1631 1322 1681; baseline -0.012 -7"><span class='ocrx_word' id='word_1_262' title='bbox 315 1652 371 1674; x_wconf 84' lang='lat' dir='ltr'>cur</span> <span class='ocrx_word' id='word_1_263' title='bbox 396 1663 404 1677; x_wconf 91' lang='lat'>‚</span> <span class='ocrx_word' id='word_1_264' title='bbox 431 1639 575 1681; x_wconf 80' lang='lat' dir='ltr'>alioquin</span> <span class='ocrx_word' id='word_1_265' title='bbox 600 1637 705 1670; x_wconf 85' lang='lat' dir='ltr'>sanum</span> <span class='ocrx_word' id='word_1_266' title='bbox 728 1658 739 1674; x_wconf 90' lang='lat'><em>‚</em></span> <span class='ocrx_word' id='word_1_267' title='bbox 774 1631 918 1667; x_wconf 83' lang='lat' dir='ltr'>deorsum</span> <span class='ocrx_word' id='word_1_268' title='bbox 943 1632 1049 1665; x_wconf 62' lang='lat' dir='ltr'>aetum</span> <span class='ocrx_word' id='word_1_269' title='bbox 1072 1642 1131 1673; x_wconf 87' lang='lat' dir='ltr'>pro</span> <span class='ocrx_word' id='word_1_270' title='bbox 1154 1640 1322 1679; x_wconf 66' lang='lat' dir='ltr'>tumorea</span> 
     </span>
     <span class='ocr_line' id='line_1_36' title="bbox 313 1677 1320 1718; baseline -0.013 0"><span class='ocrx_word' id='word_1_271' title='bbox 313 1683 455 1718; x_wconf 82' lang='lat' dir='ltr'>Medicis</span> <span class='ocrx_word' id='word_1_272' title='bbox 481 1682 663 1716; x_wconf 79' lang='lat' dir='ltr'>haberetur,</span> <span class='ocrx_word' id='word_1_273' title='bbox 689 1677 817 1712; x_wconf 88' lang='lat' dir='ltr'>audivi:</span> <span class='ocrx_word' id='word_1_274' title='bbox 842 1677 878 1709; x_wconf 84' lang='lat' dir='ltr'>ab</span> <span class='ocrx_word' id='word_1_275' title='bbox 903 1687 989 1717; x_wconf 77' lang='lat' dir='ltr'>aquae</span> <span class='ocrx_word' id='word_1_276' title='bbox 1013 1684 1119 1707; x_wconf 85' lang='lat' dir='ltr'>autem</span> <span class='ocrx_word' id='word_1_277' title='bbox 1142 1684 1234 1715; x_wconf 85' lang='lat' dir='ltr'>copia</span> <span class='ocrx_word' id='word_1_278' title='bbox 1251 1696 1264 1713; x_wconf 86' lang='lat'><em>‚</em></span> <span class='ocrx_word' id='word_1_279' title='bbox 1287 1685 1320 1705; x_wconf 87' lang='lat' dir='ltr'>in</span> 
     </span>
     <span class='ocr_line' id='line_1_37' title="bbox 313 1718 1319 1765; baseline -0.014 -4"><span class='ocrx_word' id='word_1_280' title='bbox 313 1726 442 1761; x_wconf 68' lang='lat' dir='ltr'>{mistro</span> <span class='ocrx_word' id='word_1_281' title='bbox 464 1725 607 1759; x_wconf 80' lang='lat' dir='ltr'>thoracis</span> <span class='ocrx_word' id='word_1_282' title='bbox 630 1734 708 1756; x_wconf 88' lang='lat' dir='ltr'>cavo</span> <span class='ocrx_word' id='word_1_283' title='bbox 731 1718 888 1754; x_wconf 87' lang='lat' dir='ltr'>cumulata</span> <span class='ocrx_word' id='word_1_284' title='bbox 915 1742 927 1758; x_wconf 90' lang='lat'><em>‚</em></span> <span class='ocrx_word' id='word_1_285' title='bbox 960 1718 1169 1760; x_wconf 81' lang='lat' dir='ltr'>diaphragma</span> <span class='ocrx_word' id='word_1_286' title='bbox 1182 1728 1225 1765; x_wconf 37' lang='lat' dir='ltr'>ea·</span> <span class='ocrx_word' id='word_1_287' title='bbox 1258 1727 1319 1758; x_wconf 70' lang='lat' dir='ltr'>qna</span> 
     </span>
     <span class='ocr_line' id='line_1_38' title="bbox 317 1759 1317 1815; baseline -0.013 -11"><span class='ocrx_word' id='word_1_288' title='bbox 317 1769 495 1815; x_wconf 73' lang='lat' dir='ltr'>oesophagus</span> <span class='ocrx_word' id='word_1_289' title='bbox 514 1767 712 1811; x_wconf 57' lang='lat' dir='ltr'>pregreditur</span> <span class='ocrx_word' id='word_1_290' title='bbox 720 1772 810 1806; x_wconf 81' lang='lat' dir='ltr'>parte</span> <span class='ocrx_word' id='word_1_291' title='bbox 835 1761 927 1801; x_wconf 80' lang='lat' dir='ltr'>instar</span> <span class='ocrx_word' id='word_1_292' title='bbox 933 1760 1019 1804; x_wconf 81' lang='lat' dir='ltr'>sacci</span> <span class='ocrx_word' id='word_1_293' title='bbox 1043 1759 1317 1809; x_wconf 24' lang='lat' dir='ltr'>versusqsfflftrlwb</span> 
     </span>
     <span class='ocr_line' id='line_1_39' title="bbox 315 1803 1319 1855; baseline -0.014 -7"><span class='ocrx_word' id='word_1_294' title='bbox 315 1824 418 1849; x_wconf 82' lang='lat' dir='ltr'>renem</span> <span class='ocrx_word' id='word_1_295' title='bbox 438 1811 617 1855; x_wconf 54' lang='lat' dir='ltr'>protrustzm</span> <span class='ocrx_word' id='word_1_296' title='bbox 633 1808 727 1853; x_wconf 80' lang='lat' dir='ltr'>fuiffe</span> <span class='ocrx_word' id='word_1_297' title='bbox 745 1830 753 1844; x_wconf 93' lang='lat'>,</span> <span class='ocrx_word' id='word_1_298' title='bbox 778 1815 814 1840; x_wconf 80' lang='lat' dir='ltr'>ut</span> <span class='ocrx_word' id='word_1_299' title='bbox 837 1804 1031 1854; x_wconf 68' lang='lat' dir='ltr'>ventriculus</span> <span class='ocrx_word' id='word_1_300' title='bbox 1052 1803 1158 1844; x_wconf 58' lang='lat' dir='ltr'>hepate</span> <span class='ocrx_word' id='word_1_301' title='bbox 1174 1804 1319 1844; x_wconf 77' lang='lat' dir='ltr'>superja-</span> 
     </span>
     <span class='ocr_line' id='line_1_40' title="bbox 318 1848 1314 1896; baseline -0.014 -4"><span class='ocrx_word' id='word_1_302' title='bbox 318 1865 399 1892; x_wconf 80' lang='lat' dir='ltr'>ceret</span> <span class='ocrx_word' id='word_1_303' title='bbox 415 1883 422 1895; x_wconf 76' lang='grc'><em>,</em></span> <span class='ocrx_word' id='word_1_304' title='bbox 447 1857 481 1888; x_wconf 92' lang='lat' dir='ltr'>in</span> <span class='ocrx_word' id='word_1_305' title='bbox 506 1852 715 1896; x_wconf 68' lang='lat' dir='ltr'>Sepulchreto</span> <span class='ocrx_word' id='word_1_306' title='bbox 738 1854 752 1890; x_wconf 88' lang='lat'>(</span> <span class='ocrx_word' id='word_1_307' title='bbox 775 1862 792 1883; x_wconf 80' lang='lat' dir='ltr'>a</span> <span class='ocrx_word' id='word_1_308' title='bbox 815 1852 830 1889; x_wconf 92' lang='lat'><em>)</em></span> <span class='ocrx_word' id='word_1_309' title='bbox 853 1849 936 1896; x_wconf 75' lang='lat' dir='ltr'>legi.</span> <span class='ocrx_word' id='word_1_310' title='bbox 1068 1848 1235 1896; x_wconf 57' lang='lat' dir='ltr'>Caeterum</span> <span class='ocrx_word' id='word_1_311' title='bbox 1245 1857 1314 1895; x_wconf 77' lang='lat' dir='ltr'>quae</span> 
     </span>
     <span class='ocr_line' id='line_1_41' title="bbox 318 1888 1318 1938; baseline -0.015 -3"><span class='ocrx_word' id='word_1_312' title='bbox 318 1901 371 1936; x_wconf 85' lang='lat' dir='ltr'>hic</span> <span class='ocrx_word' id='word_1_313' title='bbox 394 1899 475 1934; x_wconf 89' lang='lat' dir='ltr'>mihi</span> <span class='ocrx_word' id='word_1_314' title='bbox 501 1897 658 1938; x_wconf 69' lang='lat' dir='ltr'>hydropis</span> <span class='ocrx_word' id='word_1_315' title='bbox 682 1894 824 1928; x_wconf 81' lang='lat' dir='ltr'>thoracis</span> <span class='ocrx_word' id='word_1_316' title='bbox 847 1894 930 1934; x_wconf 83' lang='lat' dir='ltr'>signa</span> <span class='ocrx_word' id='word_1_317' title='bbox 948 1889 1114 1936; x_wconf 26' lang='lat' dir='ltr'>*defuerint</span> <span class='ocrx_word' id='word_1_318' title='bbox 1136 1912 1149 1929; x_wconf 85' lang='lat'>,</span> <span class='ocrx_word' id='word_1_319' title='bbox 1171 1888 1244 1921; x_wconf 80' lang='lat' dir='ltr'>satis</span> <span class='ocrx_word' id='word_1_320' title='bbox 1268 1899 1318 1921; x_wconf 83' lang='lat' dir='ltr'>in-</span> 
     </span>
     <span class='ocr_line' id='line_1_42' title="bbox 318 1934 1320 1987; baseline -0.018 -8"><span class='ocrx_word' id='word_1_321' title='bbox 318 1945 457 1987; x_wconf 80' lang='lat' dir='ltr'>telligis.</span> <span class='ocrx_word' id='word_1_322' title='bbox 483 1936 596 1976; x_wconf 82' lang='lat' dir='ltr'>Homo</span> <span class='ocrx_word' id='word_1_323' title='bbox 620 1949 725 1972; x_wconf 85' lang='lat' dir='ltr'>tamen</span> <span class='ocrx_word' id='word_1_324' title='bbox 750 1935 880 1970; x_wconf 79' lang='lat' dir='ltr'>difficile</span> <span class='ocrx_word' id='word_1_325' title='bbox 906 1934 1077 1976; x_wconf 78' lang='lat' dir='ltr'>respirabat</span> <span class='ocrx_word' id='word_1_326' title='bbox 1104 1957 1116 1974; x_wconf 91' lang='lat'>,</span> <span class='ocrx_word' id='word_1_327' title='bbox 1153 1935 1184 1965; x_wconf 87' lang='lat'>&amp;</span> <span class='ocrx_word' id='word_1_328' title='bbox 1208 1934 1241 1965; x_wconf 90' lang='lat' dir='ltr'>in</span> <span class='ocrx_word' id='word_1_329' title='bbox 1274 1934 1320 1964; x_wconf 82' lang='lat' dir='ltr'>al..</span> 
     </span>
     <span class='ocr_line' id='line_1_43' title="bbox 316 1974 1320 2024; baseline -0.026 0"><span class='ocrx_word' id='word_1_330' title='bbox 316 1999 421 2023; x_wconf 84' lang='lat' dir='ltr'>terum</span> <span class='ocrx_word' id='word_1_331' title='bbox 444 1986 610 2020; x_wconf 73' lang='lat' dir='ltr'>dumtaxat</span> <span class='ocrx_word' id='word_1_332' title='bbox 637 1983 720 2015; x_wconf 84' lang='lat' dir='ltr'>latus</span> <span class='ocrx_word' id='word_1_333' title='bbox 737 1978 877 2022; x_wconf 80' lang='lat' dir='ltr'>jacebat.</span> <span class='ocrx_word' id='word_1_334' title='bbox 905 1977 1017 2020; x_wconf 41' lang='grc' dir='ltr'>(ψει,</span> <span class='ocrx_word' id='word_1_335' title='bbox 1042 1988 1116 2011; x_wconf 78' lang='lat' dir='ltr'>cum</span> <span class='ocrx_word' id='word_1_336' title='bbox 1139 1985 1237 2008; x_wconf 64' lang='lat' dir='ltr'>emm</span> <span class='ocrx_word' id='word_1_337' title='bbox 1252 1974 1320 2024; x_wconf 40' lang='grc' dir='ltr'><em>[περ.</em></span> 
     </span>
     <span class='ocr_line' id='line_1_44' title="bbox 308 2018 1318 2067; baseline -0.015 -1"><span class='ocrx_word' id='word_1_338' title='bbox 308 2031 450 2066; x_wconf 84' lang='lat' dir='ltr'>desunt?</span> <span class='ocrx_word' id='word_1_339' title='bbox 473 2028 592 2063; x_wconf 83' lang='lat' dir='ltr'>Credes</span> <span class='ocrx_word' id='word_1_340' title='bbox 616 2024 743 2060; x_wconf 77' lang='lat' dir='ltr'>fortasse</span> <span class='ocrx_word' id='word_1_341' title='bbox 767 2047 777 2062; x_wconf 89' lang='lat'>,</span> <span class='ocrx_word' id='word_1_342' title='bbox 811 2033 859 2055; x_wconf 84' lang='lat' dir='ltr'>me</span> <span class='ocrx_word' id='word_1_343' title='bbox 883 2020 935 2054; x_wconf 87' lang='lat' dir='ltr'>hic</span> <span class='ocrx_word' id='word_1_344' title='bbox 961 2019 1192 2065; x_wconf 67' lang='lat' dir='ltr'>producturum</span> <span class='ocrx_word' id='word_1_345' title='bbox 1218 2018 1318 2067; x_wconf 62' lang='lat' dir='ltr'>Ruspi</span> 
     </span>
     <span class='ocr_line' id='line_1_45' title="bbox 310 2064 1319 2112; baseline -0.019 -1"><span class='ocrx_word' id='word_1_346' title='bbox 310 2079 345 2110; x_wconf 85' lang='lat' dir='ltr'>in</span> <span class='ocrx_word' id='word_1_347' title='bbox 370 2077 508 2109; x_wconf 63' lang='lat' dir='ltr'>Vimine</span> <span class='ocrx_word' id='word_1_348' title='bbox 532 2097 541 2112; x_wconf 90' lang='lat'><em>‚</em></span> <span class='ocrx_word' id='word_1_349' title='bbox 574 2073 605 2104; x_wconf 72' lang='grc' dir='ltr'>δι</span> <span class='ocrx_word' id='word_1_350' title='bbox 631 2067 777 2111; x_wconf 80' lang='lat' dir='ltr'>W&#39;epferi</span> <span class='ocrx_word' id='word_1_351' title='bbox 810 2067 843 2098; x_wconf 94' lang='lat' dir='ltr'>in</span> <span class='ocrx_word' id='word_1_352' title='bbox 868 2064 1077 2097; x_wconf 85' lang='lat' dir='ltr'>Adolescente</span> <span class='ocrx_word' id='word_1_353' title='bbox 1109 2064 1319 2095; x_wconf 73' lang='lat' dir='ltr'>Observatio-</span> 
     </span>
     <span class='ocr_line' id='line_1_46' title="bbox 314 2104 1317 2160; baseline -0.017 -6"><span class='ocrx_word' id='word_1_354' title='bbox 314 2130 367 2154; x_wconf 84' lang='lat' dir='ltr'>nes</span> <span class='ocrx_word' id='word_1_355' title='bbox 390 2131 397 2152; x_wconf 74' lang='grc' dir='ltr'>ε</span> <span class='ocrx_word' id='word_1_356' title='bbox 431 2104 507 2160; x_wconf 60' lang='lat' dir='ltr'>quas</span> <span class='ocrx_word' id='word_1_357' title='bbox 531 2114 683 2148; x_wconf 85' lang='lat' dir='ltr'>nimirum</span> <span class='ocrx_word' id='word_1_358' title='bbox 716 2111 773 2154; x_wconf 89' lang='lat' dir='ltr'>qui</span> <span class='ocrx_word' id='word_1_359' title='bbox 811 2108 933 2141; x_wconf 85' lang='lat' dir='ltr'>indicat</span> <span class='ocrx_word' id='word_1_360' title='bbox 955 2131 967 2148; x_wconf 93' lang='lat'>‚</span> <span class='ocrx_word' id='word_1_361' title='bbox 997 2108 1088 2140; x_wconf 87' lang='lat' dir='ltr'>illam</span> <span class='ocrx_word' id='word_1_362' title='bbox 1112 2107 1285 2148; x_wconf 76' lang='lat' dir='ltr'>Virginem</span> <span class='ocrx_word' id='word_1_363' title='bbox 1307 2127 1317 2143; x_wconf 92' lang='lat'>‚</span> 
     </span>
     <span class='ocr_line' id='line_1_47' title="bbox 317 2148 1320 2203; baseline -0.017 -6"><span class='ocrx_word' id='word_1_364' title='bbox 317 2166 388 2203; x_wconf 82' lang='lat' dir='ltr'>ait,</span> <span class='ocrx_word' id='word_1_365' title='bbox 414 2162 569 2195; x_wconf 74' lang='lat' dir='ltr'>thoracem</span> <span class='ocrx_word' id='word_1_366' title='bbox 593 2160 694 2190; x_wconf 80' lang='lat' dir='ltr'>totum</span> <span class='ocrx_word' id='word_1_367' title='bbox 719 2164 798 2195; x_wconf 83' lang='lat' dir='ltr'>aqua</span> <span class='ocrx_word' id='word_1_368' title='bbox 821 2151 925 2194; x_wconf 68' lang='lat' dir='ltr'>virosa</span> <span class='ocrx_word' id='word_1_369' title='bbox 949 2152 1101 2193; x_wconf 81' lang='lat' dir='ltr'>repletum</span> <span class='ocrx_word' id='word_1_370' title='bbox 1124 2148 1285 2196; x_wconf 66' lang='lat' dir='ltr'>habentem</span> <span class='ocrx_word' id='word_1_371' title='bbox 1308 2171 1320 2188; x_wconf 85' lang='lat'>‚</span> 
     </span>
     <span class='ocr_line' id='line_1_48' title="bbox 311 2189 1321 2251; baseline -0.018 -11"><span class='ocrx_word' id='word_1_372' title='bbox 311 2208 377 2251; x_wconf 81' lang='lat' dir='ltr'>fine</span> <span class='ocrx_word' id='word_1_373' title='bbox 401 2202 583 2249; x_wconf 63' lang='lat' dir='ltr'>difficultate</span> <span class='ocrx_word' id='word_1_374' title='bbox 600 2197 744 2243; x_wconf 81' lang='lat' dir='ltr'>spirandi</span> <span class='ocrx_word' id='word_1_375' title='bbox 766 2196 806 2229; x_wconf 83' lang='lat' dir='ltr'>ad</span> <span class='ocrx_word' id='word_1_376' title='bbox 828 2202 956 2229; x_wconf 83' lang='lat' dir='ltr'>mortem</span> <span class='ocrx_word' id='word_1_377' title='bbox 981 2192 1072 2240; x_wconf 80' lang='lat' dir='ltr'>usque</span> <span class='ocrx_word' id='word_1_378' title='bbox 1092 2189 1286 2241; x_wconf 40' lang='lat' dir='ltr'>permensa-[se</span> <span class='ocrx_word' id='word_1_379' title='bbox 1309 2204 1321 2230; x_wconf 84' lang='lat'>3</span> 
     </span>
     <span class='ocr_line' id='line_1_49' title="bbox 319 2234 1324 2285; baseline -0.018 0"><span class='ocrx_word' id='word_1_380' title='bbox 319 2250 404 2285; x_wconf 85' lang='lat' dir='ltr'>hunc</span> <span class='ocrx_word' id='word_1_381' title='bbox 430 2245 534 2281; x_wconf 74' lang='lat' dir='ltr'>autem</span> <span class='ocrx_word' id='word_1_382' title='bbox 559 2242 820 2278; x_wconf 77' lang='lat' dir='ltr'>Adolescentem‚</span> <span class='ocrx_word' id='word_1_383' title='bbox 845 2238 921 2271; x_wconf 74' lang='lat' dir='ltr'>licet</span> <span class='ocrx_word' id='word_1_384' title='bbox 944 2239 976 2271; x_wconf 80' lang='lat' dir='ltr'>in</span> <span class='ocrx_word' id='word_1_385' title='bbox 999 2247 1067 2278; x_wconf 68' lang='lat' dir='ltr'>ejus</span> <span class='ocrx_word' id='word_1_386' title='bbox 1096 2236 1197 2269; x_wconf 66' lang='lat' dir='ltr'>dextra</span> <span class='ocrx_word' id='word_1_387' title='bbox 1219 2234 1324 2284; x_wconf 38' lang='lat' dir='ltr'>petio-</span> 
     </span>
     <span class='ocr_line' id='line_1_50' title="bbox 320 2277 1323 2328; baseline -0.016 -1"><span class='ocrx_word' id='word_1_388' title='bbox 320 2295 366 2328; x_wconf 84' lang='lat' dir='ltr'>ris</span> <span class='ocrx_word' id='word_1_389' title='bbox 390 2292 531 2326; x_wconf 68' lang='lat' dir='ltr'>cavitate</span> <span class='ocrx_word' id='word_1_390' title='bbox 553 2287 596 2321; x_wconf 81' lang='lat' dir='ltr'>lib</span> <span class='ocrx_word' id='word_1_391' title='bbox 630 2294 717 2322; x_wconf 64' lang='lat' dir='ltr'>tres,</span> <span class='ocrx_word' id='word_1_392' title='bbox 743 2283 775 2316; x_wconf 81' lang='lat' dir='ltr'>in</span> <span class='ocrx_word' id='word_1_393' title='bbox 794 2281 967 2324; x_wconf 74' lang='lat' dir='ltr'>pericardc&#39;o</span> <span class='ocrx_word' id='word_1_394' title='bbox 991 2287 1096 2314; x_wconf 76' lang='lat' dir='ltr'>autem</span> <span class='ocrx_word' id='word_1_395' title='bbox 1117 2278 1172 2312; x_wconf 79' lang='lat' dir='ltr'>lib.</span> <span class='ocrx_word' id='word_1_396' title='bbox 1196 2277 1323 2328; x_wconf 74' lang='lat' dir='ltr'>unaserz</span> 
     </span>
     <span class='ocr_line' id='line_1_51' title="bbox 322 2322 1323 2375; baseline -0.018 -4"><span class='ocrx_word' id='word_1_397' title='bbox 322 2338 448 2371; x_wconf 70' lang='lat' dir='ltr'>inventa</span> <span class='ocrx_word' id='word_1_398' title='bbox 466 2330 569 2375; x_wconf 72' lang='lat' dir='ltr'>suerit</span> <span class='ocrx_word' id='word_1_399' title='bbox 592 2357 598 2369; x_wconf 79' lang='grc'>,</span> <span class='ocrx_word' id='word_1_400' title='bbox 622 2337 724 2363; x_wconf 72' lang='lat' dir='ltr'>tarn-fn</span> <span class='ocrx_word' id='word_1_401' title='bbox 818 2325 856 2358; x_wconf 84' lang='lat' dir='ltr'>ad</span> <span class='ocrx_word' id='word_1_402' title='bbox 879 2323 1028 2356; x_wconf 79' lang='lat' dir='ltr'>ultimum</span> <span class='ocrx_word' id='word_1_403' title='bbox 1058 2323 1132 2356; x_wconf 56' lang='lat' dir='ltr'>vitae</span> <span class='ocrx_word' id='word_1_404' title='bbox 1153 2322 1323 2369; x_wconf 71' lang='lat' dir='ltr'>artzculum</span> 
     </span>
     <span class='ocr_line' id='line_1_52' title="bbox 317 2364 1325 2424; baseline -0.019 -10"><span class='ocrx_word' id='word_1_405' title='bbox 317 2380 440 2424; x_wconf 62' lang='lat' dir='ltr'>semper</span> <span class='ocrx_word' id='word_1_406' title='bbox 463 2373 576 2409; x_wconf 78' lang='lat' dir='ltr'>humili</span> <span class='ocrx_word' id='word_1_407' title='bbox 601 2373 665 2415; x_wconf 82' lang='lat' dir='ltr'>fitu</span> <span class='ocrx_word' id='word_1_408' title='bbox 688 2366 864 2403; x_wconf 80' lang='lat' dir='ltr'>decumbere</span> <span class='ocrx_word' id='word_1_409' title='bbox 895 2364 1024 2409; x_wconf 71' lang='lat' dir='ltr'>valuiffe</span> <span class='ocrx_word' id='word_1_410' title='bbox 1048 2387 1058 2402; x_wconf 89' lang='lat'>‚</span> <span class='ocrx_word' id='word_1_411' title='bbox 1090 2366 1167 2406; x_wconf 90' lang='lat' dir='ltr'>quin</span> <span class='ocrx_word' id='word_1_412' title='bbox 1192 2364 1325 2397; x_wconf 76' lang='lat' dir='ltr'>acclima</span> 
     </span>
     <span class='ocr_line' id='line_1_53' title="bbox 319 2406 1325 2467; baseline -0.02 -10"><span class='ocrx_word' id='word_1_413' title='bbox 319 2415 392 2467; x_wconf 69' lang='lat' dir='ltr'>fine⁴</span> <span class='ocrx_word' id='word_1_414' title='bbox 411 2419 651 2455; x_wconf 68' lang='lat' dir='ltr'>impedimento,</span> <span class='ocrx_word' id='word_1_415' title='bbox 667 2409 836 2456; x_wconf 69' lang='lat' dir='ltr'>scandebat</span> <span class='ocrx_word' id='word_1_416' title='bbox 859 2433 866 2446; x_wconf 82' lang='lat'>.</span> <span class='ocrx_word' id='word_1_417' title='bbox 900 2409 1008 2450; x_wconf 89' lang='lat' dir='ltr'>inquit</span> <span class='ocrx_word' id='word_1_418' title='bbox 1030 2432 1039 2446; x_wconf 90' lang='lat'>‚</span> <span class='ocrx_word' id='word_1_419' title='bbox 1062 2415 1155 2449; x_wconf 77' lang='lat' dir='ltr'>atque</span> <span class='ocrx_word' id='word_1_420' title='bbox 1179 2406 1325 2440; x_wconf 76' lang='lat' dir='ltr'>currendo</span> 
     </span>
     <span class='ocr_line' id='line_1_54' title="bbox 325 2449 1325 2505; baseline -0.02 -4"><span class='ocrx_word' id='word_1_421' title='bbox 325 2456 565 2505; x_wconf 58' lang='lat' dir='ltr'>maffisjquam</span> <span class='ocrx_word' id='word_1_422' title='bbox 589 2458 671 2492; x_wconf 77' lang='lat' dir='ltr'>lento</span> <span class='ocrx_word' id='word_1_423' title='bbox 714 2454 789 2486; x_wconf 69' lang='lat' dir='ltr'>radu</span> <span class='ocrx_word' id='word_1_424' title='bbox 812 2452 878 2485; x_wconf 73' lang='lat' dir='ltr'>alta</span> <span class='ocrx_word' id='word_1_425' title='bbox 896 2451 1011 2492; x_wconf 73' lang='lat' dir='ltr'>petiit.</span> <span class='ocrx_word' id='word_1_426' title='bbox 1038 2451 1095 2483; x_wconf 89' lang='lat' dir='ltr'>Sed</span> <span class='ocrx_word' id='word_1_427' title='bbox 1110 2459 1149 2499; x_wconf 40' lang='lat' dir='ltr'>tu·</span> <span class='ocrx_word' id='word_1_428' title='bbox 1169 2450 1202 2482; x_wconf 89' lang='lat' dir='ltr'>in</span> <span class='ocrx_word' id='word_1_429' title='bbox 1216 2449 1325 2491; x_wconf 85' lang='lat' dir='ltr'>Sepul-</span> 
     </span>
     <span class='ocr_line' id='line_1_55' title="bbox 328 2491 1326 2542; baseline -0.017 -2"><span class='ocrx_word' id='word_1_430' title='bbox 328 2491 462 2542; x_wconf 44' lang='grc' dir='ltr'>ὠΐετο·</span> <span class='ocrx_word' id='word_1_431' title='bbox 485 2515 558 2538; x_wconf 80' lang='lat' dir='ltr'>nam</span> <span class='ocrx_word' id='word_1_432' title='bbox 583 2505 612 2535; x_wconf 70' lang='grc' dir='ltr'>δε</span> <span class='ocrx_word' id='word_1_433' title='bbox 636 2502 669 2533; x_wconf 92' lang='lat' dir='ltr'>in</span> <span class='ocrx_word' id='word_1_434' title='bbox 700 2509 774 2533; x_wconf 74' lang='lat' dir='ltr'>iot,</span> <span class='ocrx_word' id='word_1_435' title='bbox 798 2495 851 2529; x_wconf 89' lang='lat' dir='ltr'>ubi</span> <span class='ocrx_word' id='word_1_436' title='bbox 876 2495 914 2528; x_wconf 87' lang='lat' dir='ltr'>de</span> <span class='ocrx_word' id='word_1_437' title='bbox 938 2494 1077 2527; x_wconf 82' lang='lat' dir='ltr'>Tabidis</span> <span class='ocrx_word' id='word_1_438' title='bbox 1102 2503 1209 2534; x_wconf 75' lang='lat' dir='ltr'>agitur</span> <span class='ocrx_word' id='word_1_439' title='bbox 1233 2491 1326 2535; x_wconf 80' lang='lat' dir='ltr'>(b),</span> 
     </span>
     <span class='ocr_line' id='line_1_56' title="bbox 328 2532 1327 2587; baseline -0.019 -1"><span class='ocrx_word' id='word_1_440' title='bbox 328 2532 526 2586; x_wconf 69' lang='lat' dir='ltr'>Observ⁷atio</span> <span class='ocrx_word' id='word_1_441' title='bbox 550 2554 684 2587; x_wconf 87' lang='lat' dir='ltr'>utraque</span> <span class='ocrx_word' id='word_1_442' title='bbox 708 2541 805 2573; x_wconf 82' lang='lat' dir='ltr'>relata</span> <span class='ocrx_word' id='word_1_443' title='bbox 830 2537 894 2576; x_wconf 84' lang='lat' dir='ltr'>est3</span> <span class='ocrx_word' id='word_1_444' title='bbox 919 2536 986 2570; x_wconf 75' lang='lat' dir='ltr'>haec</span> <span class='ocrx_word' id='word_1_445' title='bbox 1002 2537 1327 2586; x_wconf 23' lang='lat' dir='ltr'>recognoscensfin-</span> 
     </span>
     <span class='ocr_line' id='line_1_57' title="bbox 327 2578 1328 2633; baseline -0.018 -4"><span class='ocrx_word' id='word_1_446' title='bbox 327 2595 454 2633; x_wconf 80' lang='lat' dir='ltr'>venies,</span> <span class='ocrx_word' id='word_1_447' title='bbox 478 2588 720 2625; x_wconf 73' lang='lat' dir='ltr'>Adolescentern</span> <span class='ocrx_word' id='word_1_448' title='bbox 743 2581 880 2629; x_wconf 43' lang='lat' dir='ltr'>quidem,</span> <span class='ocrx_word' id='word_1_449' title='bbox 895 2592 929 2627; x_wconf 81' lang='lat' dir='ltr'>ea</span> <span class='ocrx_word' id='word_1_450' title='bbox 952 2593 1021 2625; x_wconf 74' lang='lat' dir='ltr'>quae</span> <span class='ocrx_word' id='word_1_451' title='bbox 1056 2580 1217 2629; x_wconf 38' lang='lat' dir='ltr'>noviffitme</span> <span class='ocrx_word' id='word_1_452' title='bbox 1240 2578 1328 2612; x_wconf 70' lang='lat' dir='ltr'>dicfta</span> 
     </span>
     <span class='ocr_line' id='line_1_58' title="bbox 329 2621 1329 2674; baseline -0.019 -1"><span class='ocrx_word' id='word_1_453' title='bbox 329 2641 401 2674; x_wconf 80' lang='lat' dir='ltr'>sunt</span> <span class='ocrx_word' id='word_1_454' title='bbox 466 2645 542 2668; x_wconf 91' lang='lat' dir='ltr'>tunc</span> <span class='ocrx_word' id='word_1_455' title='bbox 568 2629 671 2665; x_wconf 82' lang='lat' dir='ltr'>fecisse</span> <span class='ocrx_word' id='word_1_456' title='bbox 696 2651 707 2667; x_wconf 90' lang='lat'>‚</span> <span class='ocrx_word' id='word_1_457' title='bbox 738 2638 811 2660; x_wconf 87' lang='lat' dir='ltr'>cum</span> <span class='ocrx_word' id='word_1_458' title='bbox 833 2626 937 2658; x_wconf 79' lang='lat' dir='ltr'>estusae</span> <span class='ocrx_word' id='word_1_459' title='bbox 959 2636 1048 2667; x_wconf 80' lang='lat' dir='ltr'>aquae</span> <span class='ocrx_word' id='word_1_460' title='bbox 1081 2622 1245 2656; x_wconf 80' lang='lat' dir='ltr'>nihildum</span> <span class='ocrx_word' id='word_1_461' title='bbox 1269 2621 1329 2655; x_wconf 81' lang='lat' dir='ltr'>esse</span> 
     </span>
     <span class='ocr_line' id='line_1_59' title="bbox 332 2662 1330 2720; baseline -0.018 -5"><span class='ocrx_word' id='word_1_462' title='bbox 332 2662 514 2719; x_wconf 61' lang='lat' dir='ltr'>vider&#39;etur,⁴</span> <span class='ocrx_word' id='word_1_463' title='bbox 538 2674 642 2720; x_wconf 86' lang='lat' dir='ltr'>postea</span> <span class='ocrx_word' id='word_1_464' title='bbox 666 2681 770 2706; x_wconf 86' lang='lat' dir='ltr'>autem</span> <span class='ocrx_word' id='word_1_465' title='bbox 792 2667 951 2713; x_wconf 76' lang='lat' dir='ltr'>difficilius</span> <span class='ocrx_word' id='word_1_466' title='bbox 973 2664 1127 2710; x_wconf 77' lang='lat' dir='ltr'>respirasse</span> <span class='ocrx_word' id='word_1_467' title='bbox 1142 2689 1152 2703; x_wconf 89' lang='lat'>‚</span> <span class='ocrx_word' id='word_1_468' title='bbox 1175 2670 1206 2700; x_wconf 68' lang='grc' dir='ltr'>δε</span> <span class='ocrx_word' id='word_1_469' title='bbox 1220 2677 1330 2709; x_wconf 86' lang='lat' dir='ltr'>quam-</span> 
     </span>
     <span class='ocr_line' id='line_1_60' title="bbox 328 2709 1331 2759; baseline -0.02 1"><span class='ocrx_word' id='word_1_470' title='bbox 328 2728 378 2759; x_wconf 85' lang='lat' dir='ltr'>vis</span> <span class='ocrx_word' id='word_1_471' title='bbox 401 2722 555 2759; x_wconf 77' lang='lat' dir='ltr'>incederet</span> <span class='ocrx_word' id='word_1_472' title='bbox 589 2718 674 2752; x_wconf 82' lang='lat' dir='ltr'>lento</span> <span class='ocrx_word' id='word_1_473' title='bbox 702 2714 804 2757; x_wconf 76' lang='lat' dir='ltr'>gradu</span> <span class='ocrx_word' id='word_1_474' title='bbox 828 2737 837 2752; x_wconf 89' lang='lat'>,</span> <span class='ocrx_word' id='word_1_475' title='bbox 859 2709 1043 2753; x_wconf 76' lang='lat' dir='ltr'>frequenter</span> <span class='ocrx_word' id='word_1_476' title='bbox 1074 2716 1175 2744; x_wconf 67' lang='lat' dir='ltr'>aerem</span> <span class='ocrx_word' id='word_1_477' title='bbox 1206 2709 1331 2757; x_wconf 59' lang='lat' dir='ltr'>dzsifento</span> 
     </span>
     <span class='ocr_line' id='line_1_61' title="bbox 325 2754 1333 2813; baseline -0.017 -12"><span class='ocrx_word' id='word_1_478' title='bbox 325 2768 448 2813; x_wconf 58' lang='lat' dir='ltr'>pestere</span> <span class='ocrx_word' id='word_1_479' title='bbox 471 2760 622 2806; x_wconf 76' lang='lat' dir='ltr'>captaffe:</span> <span class='ocrx_word' id='word_1_480' title='bbox 647 2760 817 2797; x_wconf 65' lang='lat' dir='ltr'>Virginem</span> <span class='ocrx_word' id='word_1_481' title='bbox 841 2765 946 2788; x_wconf 84' lang='lat' dir='ltr'>autem</span> <span class='ocrx_word' id='word_1_482' title='bbox 968 2755 1091 2787; x_wconf 74' lang='lat' dir='ltr'>narium</span> <span class='ocrx_word' id='word_1_483' title='bbox 1114 2754 1225 2794; x_wconf 74' lang='lat' dir='ltr'>pinnas</span> <span class='ocrx_word' id='word_1_484' title='bbox 1248 2760 1333 2785; x_wconf 75' lang='lat' dir='ltr'>mter</span> 
     </span>
     <span class='ocr_line' id='line_1_62' title="bbox 331 2794 1333 2854; baseline -0.01 -18"><span class='ocrx_word' id='word_1_485' title='bbox 331 2809 536 2854; x_wconf 49' lang='lat' dir='ltr'>‘mirandum</span> <span class='ocrx_word' id='word_1_486' title='bbox 559 2801 730 2847; x_wconf 79' lang='lat' dir='ltr'>expandiffe</span> <span class='ocrx_word' id='word_1_487' title='bbox 752 2823 760 2838; x_wconf 90' lang='lat'><strong><em>‚</em></strong></span> <span class='ocrx_word' id='word_1_488' title='bbox 785 2810 839 2834; x_wconf 86' lang='lat' dir='ltr'>nec</span> <span class='ocrx_word' id='word_1_489' title='bbox 861 2806 963 2833; x_wconf 68' lang='lat' dir='ltr'>tamen</span> <span class='ocrx_word' id='word_1_490' title='bbox 985 2796 1130 2839; x_wconf 79' lang='lat' dir='ltr'>infignem</span> <span class='ocrx_word' id='word_1_491' title='bbox 1148 2794 1333 2845; x_wconf 29' lang='lat' dir='ltr'>‘dvspnoeam</span> 
     </span>
     <span class='ocr_line' id='line_1_63' title="bbox 334 2839 1332 2898; baseline -0.017 -11"><span class='ocrx_word' id='word_1_492' title='bbox 334 2850 462 2898; x_wconf 72' lang='lat' dir='ltr'>adfuiffl</span> <span class='ocrx_word' id='word_1_493' title='bbox 477 2875 485 2882; x_wconf 93' lang='lat'><strong><em>.</em></strong></span> <span class='ocrx_word' id='word_1_494' title='bbox 512 2850 594 2882; x_wconf 81' lang='lat' dir='ltr'>Satis</span> <span class='ocrx_word' id='word_1_495' title='bbox 616 2846 659 2879; x_wconf 88' lang='lat' dir='ltr'>est</span> <span class='ocrx_word' id='word_1_496' title='bbox 676 2847 799 2882; x_wconf 63' lang='lat' dir='ltr'>igitur,</span> <span class='ocrx_word' id='word_1_497' title='bbox 827 2852 996 2884; x_wconf 85' lang='lat' dir='ltr'>utrumque</span> <span class='ocrx_word' id='word_1_498' title='bbox 1019 2839 1218 2878; x_wconf 78' lang='lat' dir='ltr'>decubuisse,</span> <span class='ocrx_word' id='word_1_499' title='bbox 1242 2839 1332 2871; x_wconf 78' lang='lat' dir='ltr'>&amp;A-</span> 
     </span>
     <span class='ocr_line' id='line_1_64' title="bbox 334 2884 1332 2933; baseline -0.019 -2"><span class='ocrx_word' id='word_1_500' title='bbox 334 2897 549 2931; x_wconf 83' lang='lat' dir='ltr'>dolescentem</span> <span class='ocrx_word' id='word_1_501' title='bbox 572 2898 672 2924; x_wconf 80' lang='lat' dir='ltr'>certe,</span> <span class='ocrx_word' id='word_1_502' title='bbox 698 2887 815 2927; x_wconf 79' lang='lat' dir='ltr'>semper</span> <span class='ocrx_word' id='word_1_503' title='bbox 837 2884 949 2919; x_wconf 73' lang='lat' dir='ltr'>humili</span> <span class='ocrx_word' id='word_1_504' title='bbox 964 2884 1052 2933; x_wconf 59' lang='lat' dir='ltr'>filu:</span> <span class='ocrx_word' id='word_1_505' title='bbox 1098 2927 1103 2933; x_wconf 28' lang='grc' dir='ltr'>ι</span> <span class='ocrx_word' id='word_1_506' title='bbox 1184 2884 1257 2924; x_wconf 78' lang='lat' dir='ltr'>Ego</span> <span class='ocrx_word' id='word_1_507' title='bbox 1280 2892 1332 2913; x_wconf 87' lang='lat' dir='ltr'>ve-</span> 
     </span>
     <span class='ocr_line' id='line_1_65' title="bbox 335 2925 1328 2975; baseline -0.019 0"><span class='ocrx_word' id='word_1_508' title='bbox 335 2953 373 2975; x_wconf 82' lang='lat' dir='ltr'>ro</span> <span class='ocrx_word' id='word_1_509' title='bbox 396 2935 668 2973; x_wconf 85' lang='lat' dir='ltr'>Observationem</span> <span class='ocrx_word' id='word_1_510' title='bbox 691 2929 752 2963; x_wconf 88' lang='lat' dir='ltr'>huc</span> <span class='ocrx_word' id='word_1_511' title='bbox 779 2926 905 2961; x_wconf 82' lang='lat' dir='ltr'>afferam</span> <span class='ocrx_word' id='word_1_512' title='bbox 928 2941 943 2961; x_wconf 87' lang='lat' dir='ltr'>a</span> <span class='ocrx_word' id='word_1_513' title='bbox 963 2926 1125 2961; x_wconf 83' lang='lat' dir='ltr'>Mediavia</span> <span class='ocrx_word' id='word_1_514' title='bbox 1149 2925 1254 2959; x_wconf 77' lang='lat' dir='ltr'>nostro</span> <span class='ocrx_word' id='word_1_515' title='bbox 1277 2937 1328 2957; x_wconf 89' lang='lat' dir='ltr'>eo-</span> 
     </span>
     <span class='ocr_line' id='line_1_66' title="bbox 336 2970 1328 3025; baseline -0.018 -8"><span class='ocrx_word' id='word_1_516' title='bbox 336 2984 409 3018; x_wconf 84' lang='lat' dir='ltr'>dem</span> <span class='ocrx_word' id='word_1_517' title='bbox 432 2993 497 3025; x_wconf 93' lang='lat' dir='ltr'>quo</span> <span class='ocrx_word' id='word_1_518' title='bbox 521 2978 674 3012; x_wconf 87' lang='lat' dir='ltr'>habuerat</span> <span class='ocrx_word' id='word_1_519' title='bbox 693 2997 705 3013; x_wconf 87' lang='lat'>,</span> <span class='ocrx_word' id='word_1_520' title='bbox 737 2971 787 3005; x_wconf 85' lang='lat' dir='ltr'>die</span> <span class='ocrx_word' id='word_1_521' title='bbox 810 2973 902 3004; x_wconf 83' lang='lat' dir='ltr'>XlV.</span> <span class='ocrx_word' id='word_1_522' title='bbox 930 2972 1002 3005; x_wconf 86' lang='lat' dir='ltr'>Kal.</span> <span class='ocrx_word' id='word_1_523' title='bbox 1027 2970 1132 3012; x_wconf 83' lang='lat' dir='ltr'>April.</span> <span class='ocrx_word' id='word_1_524' title='bbox 1158 2971 1197 3003; x_wconf 92' lang='lat' dir='ltr'>A.</span> <span class='ocrx_word' id='word_1_525' title='bbox 1237 2978 1328 3014; x_wconf 28' lang='lat'><em>1-745.</em></span> 
     </span>
     <span class='ocr_line' id='line_1_67' title="bbox 336 3015 1334 3064; baseline -0.019 -2"><span class='ocrx_word' id='word_1_526' title='bbox 336 3037 463 3062; x_wconf 87' lang='lat' dir='ltr'>mecum</span> <span class='ocrx_word' id='word_1_527' title='bbox 477 3052 484 3064; x_wconf 93' lang='lat'>,</span> <span class='ocrx_word' id='word_1_528' title='bbox 511 3033 546 3057; x_wconf 92' lang='lat' dir='ltr'>ut</span> <span class='ocrx_word' id='word_1_529' title='bbox 561 3021 662 3058; x_wconf 87' lang='lat' dir='ltr'>solet,</span> <span class='ocrx_word' id='word_1_530' title='bbox 684 3017 974 3050; x_wconf 85' lang='lat' dir='ltr'>communicatam.-</span> <span class='ocrx_word' id='word_1_531' title='bbox 998 3026 1037 3047; x_wconf 84' lang='lat' dir='ltr'>cx</span> <span class='ocrx_word' id='word_1_532' title='bbox 1058 3025 1118 3056; x_wconf 90' lang='lat' dir='ltr'>qua</span> <span class='ocrx_word' id='word_1_533' title='bbox 1131 3015 1298 3055; x_wconf 78' lang='lat' dir='ltr'>cognosces</span> <span class='ocrx_word' id='word_1_534' title='bbox 1321 3035 1334 3051; x_wconf 88' lang='lat'>,</span> 
     </span>
    </p>

    <p class='ocr_par' dir='ltr' id='par_1_5' title="bbox 338 3057 1337 3237">
     <span class='ocr_line' id='line_1_68' title="bbox 338 3057 1334 3106; baseline -0.021 -1"><span class='ocrx_word' id='word_1_535' title='bbox 338 3070 479 3105; x_wconf 85' lang='lat' dir='ltr'>accidere</span> <span class='ocrx_word' id='word_1_536' title='bbox 502 3071 730 3106; x_wconf 80' lang='lat' dir='ltr'>nonnunquam</span> <span class='ocrx_word' id='word_1_537' title='bbox 752 3082 764 3099; x_wconf 80' lang='grc'>,</span> <span class='ocrx_word' id='word_1_538' title='bbox 798 3067 832 3093; x_wconf 90' lang='lat' dir='ltr'>ut</span> <span class='ocrx_word' id='word_1_539' title='bbox 865 3057 991 3091; x_wconf 78' lang='lat' dir='ltr'>thorace</span> <span class='ocrx_word' id='word_1_540' title='bbox 1021 3059 1224 3103; x_wconf 79' lang='lat' dir='ltr'>quantumvis</span> <span class='ocrx_word' id='word_1_541' title='bbox 1255 3067 1334 3102; x_wconf 66' lang='lat' dir='ltr'>aqui</span> 
     </span>
     <span class='ocr_line' id='line_1_69' title="bbox 340 3100 1334 3156; baseline -0.018 -9"><span class='ocrx_word' id='word_1_542' title='bbox 340 3115 458 3156; x_wconf 82' lang='lat' dir='ltr'>pleno,</span> <span class='ocrx_word' id='word_1_543' title='bbox 483 3121 548 3144; x_wconf 89' lang='lat' dir='ltr'>non</span> <span class='ocrx_word' id='word_1_544' title='bbox 572 3108 636 3142; x_wconf 92' lang='lat' dir='ltr'>duo</span> <span class='ocrx_word' id='word_1_545' title='bbox 661 3112 786 3137; x_wconf 89' lang='lat' dir='ltr'>tantum</span> <span class='ocrx_word' id='word_1_546' title='bbox 816 3112 885 3144; x_wconf 82' lang='lat' dir='ltr'>quae</span> <span class='ocrx_word' id='word_1_547' title='bbox 910 3103 943 3133; x_wconf 90' lang='lat' dir='ltr'>in</span> <span class='ocrx_word' id='word_1_548' title='bbox 966 3101 1134 3144; x_wconf 81' lang='lat' dir='ltr'>proposito</span> <span class='ocrx_word' id='word_1_549' title='bbox 1157 3102 1227 3132; x_wconf 89' lang='lat' dir='ltr'>viro</span> <span class='ocrx_word' id='word_1_550' title='bbox 1250 3100 1334 3141; x_wconf 74' lang='lat' dir='ltr'>signa</span> 
     </span>
     <span class='ocr_line' id='line_1_70' title="bbox 340 3143 1335 3193; baseline -0.017 -3"><span class='ocrx_word' id='word_1_551' title='bbox 340 3167 405 3190; x_wconf 89' lang='lat' dir='ltr'>non</span> <span class='ocrx_word' id='word_1_552' title='bbox 428 3155 577 3193; x_wconf 79' lang='lat' dir='ltr'>deerant,</span> <span class='ocrx_word' id='word_1_553' title='bbox 602 3148 653 3184; x_wconf 86' lang='lat' dir='ltr'>sed</span> <span class='ocrx_word' id='word_1_554' title='bbox 674 3150 707 3181; x_wconf 73' lang='grc' dir='ltr'>δι</span> <span class='ocrx_word' id='word_1_555' title='bbox 731 3154 868 3185; x_wconf 84' lang='lat' dir='ltr'>caetera,</span> <span class='ocrx_word' id='word_1_556' title='bbox 890 3157 958 3188; x_wconf 86' lang='lat' dir='ltr'>quae</span> <span class='ocrx_word' id='word_1_557' title='bbox 983 3145 1143 3188; x_wconf 82' lang='lat' dir='ltr'>praecipua</span> <span class='ocrx_word' id='word_1_558' title='bbox 1157 3143 1335 3182; x_wconf 82' lang='lat' dir='ltr'>habentur,</span> 
     </span>
     <span class='ocr_line' id='line_1_71' title="bbox 341 3198 1337 3237; baseline -0.016 -4"><span class='ocrx_word' id='word_1_559' title='bbox 341 3199 442 3234; x_wconf 77' lang='lat' dir='ltr'>desint</span> <span class='ocrx_word' id='word_1_560' title='bbox 468 3198 575 3230; x_wconf 86' lang='lat' dir='ltr'>omnia</span> <span class='ocrx_word' id='word_1_561' title='bbox 589 3219 597 3226; x_wconf 92' lang='lat'>.</span> <span class='ocrx_word' id='word_1_562' title='bbox 977 3232 982 3237; x_wconf 37' lang='grc' dir='ltr'>ι</span> <span class='ocrx_word' id='word_1_563' title='bbox 1304 3229 1310 3234; x_wconf 35' lang='lat'>¹</span> <span class='ocrx_word' id='word_1_564' title='bbox 1330 3229 1337 3234; x_wconf 41' lang='grc' dir='ltr'>Ι</span> 
     </span>
    </p>

    <p class='ocr_par' dir='ltr' id='par_1_6' title="bbox 342 3228 1343 3406">
     <span class='ocr_line' id='line_1_72' title="bbox 385 3228 1340 3276; baseline -0.017 0"><span class='ocrx_word' id='word_1_565' title='bbox 385 3243 436 3276; x_wconf 80' lang='lat'>28.</span> <span class='ocrx_word' id='word_1_566' title='bbox 462 3235 727 3275; x_wconf 86' lang='lat' dir='ltr'>LANARIUS,</span> <span class='ocrx_word' id='word_1_567' title='bbox 748 3230 932 3268; x_wconf 81' lang='lat' dir='ltr'>consistente</span> <span class='ocrx_word' id='word_1_568' title='bbox 954 3242 1001 3263; x_wconf 86' lang='lat' dir='ltr'>vir</span> <span class='ocrx_word' id='word_1_569' title='bbox 1024 3241 1115 3265; x_wconf 85' lang='lat' dir='ltr'>aetate</span> <span class='ocrx_word' id='word_1_570' title='bbox 1136 3255 1147 3271; x_wconf 88' lang='lat'>,</span> <span class='ocrx_word' id='word_1_571' title='bbox 1171 3233 1202 3264; x_wconf 92' lang='lat'>&amp;</span> <span class='ocrx_word' id='word_1_572' title='bbox 1226 3228 1340 3271; x_wconf 79' lang='lat' dir='ltr'>gracili</span> 
     </span>
     <span class='ocr_line' id='line_1_73' title="bbox 342 3272 1342 3328; baseline -0.017 -8"><span class='ocrx_word' id='word_1_573' title='bbox 342 3286 484 3328; x_wconf 88' lang='lat' dir='ltr'>corporis</span> <span class='ocrx_word' id='word_1_574' title='bbox 508 3283 619 3317; x_wconf 85' lang='lat' dir='ltr'>habitu</span> <span class='ocrx_word' id='word_1_575' title='bbox 643 3306 650 3318; x_wconf 94' lang='lat'>‚</span> <span class='ocrx_word' id='word_1_576' title='bbox 685 3287 757 3310; x_wconf 87' lang='lat' dir='ltr'>ante</span> <span class='ocrx_word' id='word_1_577' title='bbox 781 3276 908 3318; x_wconf 85' lang='lat' dir='ltr'>aliquot</span> <span class='ocrx_word' id='word_1_578' title='bbox 941 3274 1008 3307; x_wconf 82' lang='lat' dir='ltr'>dies</span> <span class='ocrx_word' id='word_1_579' title='bbox 1041 3275 1202 3309; x_wconf 67' lang='lat' dir='ltr'>inilicitum</span> <span class='ocrx_word' id='word_1_580' title='bbox 1237 3272 1342 3319; x_wconf 78' lang='lat' dir='ltr'>cultro</span> 
     </span>
     <span class='ocr_line' id='line_1_74' title="bbox 342 3315 1343 3368; baseline -0.017 -5"><span class='ocrx_word' id='word_1_581' title='bbox 342 3331 457 3363; x_wconf 80' lang='lat' dir='ltr'>vulnus</span> <span class='ocrx_word' id='word_1_582' title='bbox 480 3333 638 3368; x_wconf 87' lang='lat' dir='ltr'>acceperat</span> <span class='ocrx_word' id='word_1_583' title='bbox 663 3322 761 3355; x_wconf 84' lang='lat' dir='ltr'>altera</span> <span class='ocrx_word' id='word_1_584' title='bbox 787 3319 909 3362; x_wconf 84' lang='lat' dir='ltr'>scapula</span> <span class='ocrx_word' id='word_1_585' title='bbox 932 3340 945 3357; x_wconf 89' lang='lat'>‚</span> <span class='ocrx_word' id='word_1_586' title='bbox 977 3327 1011 3350; x_wconf 86' lang='lat' dir='ltr'>ut</span> <span class='ocrx_word' id='word_1_587' title='bbox 1037 3330 1090 3361; x_wconf 79' lang='lat' dir='ltr'>per</span> <span class='ocrx_word' id='word_1_588' title='bbox 1123 3318 1227 3361; x_wconf 85' lang='lat' dir='ltr'>ipsum</span> <span class='ocrx_word' id='word_1_589' title='bbox 1250 3315 1343 3358; x_wconf 70' lang='lat' dir='ltr'>hujus</span> 
     </span>
     <span class='ocr_line' id='line_1_75' title="bbox 346 3360 1343 3406; baseline -0.015 1"><span class='ocrx_word' id='word_1_590' title='bbox 346 3373 447 3406; x_wconf 88' lang='lat' dir='ltr'>latum</span> <span class='ocrx_word' id='word_1_591' title='bbox 470 3382 505 3404; x_wconf 88' lang='lat' dir='ltr'>os</span> <span class='ocrx_word' id='word_1_592' title='bbox 530 3367 667 3402; x_wconf 88' lang='lat' dir='ltr'>immitti</span> <span class='ocrx_word' id='word_1_593' title='bbox 691 3364 815 3406; x_wconf 74' lang='lat' dir='ltr'>digitus</span> <span class='ocrx_word' id='word_1_594' title='bbox 839 3360 937 3405; x_wconf 71' lang='lat' dir='ltr'>posset</span> <span class='ocrx_word' id='word_1_595' title='bbox 961 3392 964 3395; x_wconf 95' lang='grc'><em>,</em></span> <span class='ocrx_word' id='word_1_596' title='bbox 1003 3360 1209 3395; x_wconf 81' lang='lat' dir='ltr'>Manifestum</span> <span class='ocrx_word' id='word_1_597' title='bbox 1243 3369 1308 3392; x_wconf 83' lang='lat' dir='ltr'>erat</span> <span class='ocrx_word' id='word_1_598' title='bbox 1334 3382 1343 3396; x_wconf 88' lang='lat'>‚</span> 
     </span>
    </p>

    <p class='ocr_par' dir='ltr' id='par_1_7' title="bbox 345 3403 1342 3451">
     <span class='ocr_line' id='line_1_76' title="bbox 345 3403 1342 3451; baseline -0.015 -1"><span class='ocrx_word' id='word_1_599' title='bbox 345 3418 428 3449; x_wconf 86' lang='lat' dir='ltr'>inter</span> <span class='ocrx_word' id='word_1_600' title='bbox 452 3414 486 3448; x_wconf 89' lang='lat' dir='ltr'>id</span> <span class='ocrx_word' id='word_1_601' title='bbox 510 3425 545 3447; x_wconf 81' lang='lat' dir='ltr'>os</span> <span class='ocrx_word' id='word_1_602' title='bbox 560 3436 569 3451; x_wconf 84' lang='lat'>‚</span> <span class='ocrx_word' id='word_1_603' title='bbox 590 3414 622 3445; x_wconf 64' lang='grc' dir='ltr'>ὃ(</span> <span class='ocrx_word' id='word_1_604' title='bbox 645 3407 740 3442; x_wconf 80' lang='lat' dir='ltr'>costas</span> <span class='ocrx_word' id='word_1_605' title='bbox 764 3419 820 3450; x_wconf 88' lang='lat' dir='ltr'>pus</span> <span class='ocrx_word' id='word_1_606' title='bbox 843 3405 923 3444; x_wconf 82' lang='lat' dir='ltr'>esse,</span> <span class='ocrx_word' id='word_1_607' title='bbox 948 3404 1035 3448; x_wconf 90' lang='lat' dir='ltr'>quod</span> <span class='ocrx_word' id='word_1_608' title='bbox 1061 3406 1156 3438; x_wconf 86' lang='lat' dir='ltr'>eti-am</span> <span class='ocrx_word' id='word_1_609' title='bbox 1172 3413 1279 3447; x_wconf 87' lang='lat' dir='ltr'>aperta</span> <span class='ocrx_word' id='word_1_610' title='bbox 1301 3403 1342 3435; x_wconf 84' lang='lat' dir='ltr'>il-</span> 
     </span>
    </p>

    <p class='ocr_par' dir='ltr' id='par_1_8' title="bbox 347 3447 1341 3493">
     <span class='ocr_line' id='line_1_77' title="bbox 347 3447 1341 3493; baseline -0.016 0"><span class='ocrx_word' id='word_1_611' title='bbox 347 3460 398 3493; x_wconf 89' lang='lat' dir='ltr'>luc</span> <span class='ocrx_word' id='word_1_612' title='bbox 421 3469 438 3491; x_wconf 89' lang='lat' dir='ltr'>a</span> <span class='ocrx_word' id='word_1_613' title='bbox 461 3457 633 3491; x_wconf 87' lang='lat' dir='ltr'>decliviore</span> <span class='ocrx_word' id='word_1_614' title='bbox 656 3450 722 3486; x_wconf 81' lang='lat' dir='ltr'>sede</span> <span class='ocrx_word' id='word_1_615' title='bbox 746 3463 783 3483; x_wconf 83' lang='lat' dir='ltr'>ex</span> <span class='ocrx_word' id='word_1_616' title='bbox 809 3459 874 3482; x_wconf 82' lang='lat' dir='ltr'>arte</span> <span class='ocrx_word' id='word_1_617' title='bbox 897 3450 970 3488; x_wconf 81' lang='lat' dir='ltr'>via,</span> <span class='ocrx_word' id='word_1_618' title='bbox 996 3449 1135 3483; x_wconf 89' lang='lat' dir='ltr'>multum</span> <span class='ocrx_word' id='word_1_619' title='bbox 1159 3447 1308 3491; x_wconf 83' lang='lat' dir='ltr'>prodibat</span> <span class='ocrx_word' id='word_1_620' title='bbox 1334 3470 1341 3477; x_wconf 93' lang='lat'>.</span> 
     </span>
    </p>

    <p class='ocr_par' dir='ltr' id='par_1_9' title="bbox 347 3488 1345 3536">
     <span class='ocr_line' id='line_1_78' title="bbox 347 3488 1345 3536; baseline -0.012 -2"><span class='ocrx_word' id='word_1_621' title='bbox 347 3502 408 3535; x_wconf 49' lang='lat' dir='ltr'>:ud</span> <span class='ocrx_word' id='word_1_622' title='bbox 433 3512 469 3533; x_wconf 85' lang='lat' dir='ltr'>an</span> <span class='ocrx_word' id='word_1_623' title='bbox 493 3502 576 3532; x_wconf 85' lang='lat' dir='ltr'>intra</span> <span class='ocrx_word' id='word_1_624' title='bbox 601 3497 766 3530; x_wconf 73' lang='lat' dir='ltr'>thoracem</span> <span class='ocrx_word' id='word_1_625' title='bbox 788 3503 916 3536; x_wconf 87' lang='lat' dir='ltr'>quoque</span> <span class='ocrx_word' id='word_1_626' title='bbox 940 3488 1037 3532; x_wconf 76' lang='lat' dir='ltr'>esset,</span> <span class='ocrx_word' id='word_1_627' title='bbox 1061 3495 1092 3525; x_wconf 63' lang='grc' dir='ltr'>δε</span> <span class='ocrx_word' id='word_1_628' title='bbox 1113 3502 1152 3524; x_wconf 78' lang='lat' dir='ltr'>an</span> <span class='ocrx_word' id='word_1_629' title='bbox 1176 3493 1288 3524; x_wconf 85' lang='lat' dir='ltr'>vulnus</span> <span class='ocrx_word' id='word_1_630' title='bbox 1313 3491 1345 3522; x_wconf 90' lang='lat' dir='ltr'>in</span> 
     </span>
    </p>
   </div>
   <div class='ocr_carea' id='block_1_3' title="bbox 909 116 1807 177">
    <p class='ocr_par' dir='ltr' id='par_1_10' title="bbox 909 116 1807 177">
     <span class='ocr_line' id='line_1_79' title="bbox 909 116 1807 177; baseline -0.007 -1"><span class='ocrx_word' id='word_1_631' title='bbox 909 123 1064 177; x_wconf 85' lang='lat' dir='ltr'>Liber</span> <span class='ocrx_word' id='word_1_632' title='bbox 1097 120 1160 172; x_wconf 84' lang='grc' dir='ltr'>ΙΙ.</span> <span class='ocrx_word' id='word_1_633' title='bbox 1193 120 1276 173; x_wconf 84' lang='lat' dir='ltr'>De</span> <span class='ocrx_word' id='word_1_634' title='bbox 1314 117 1519 171; x_wconf 86' lang='lat' dir='ltr'>Morbis</span> <span class='ocrx_word' id='word_1_635' title='bbox 1551 116 1807 171; x_wconf 83' lang='lat' dir='ltr'>Thoracis</span> 
     </span>
    </p>
   </div>
   <div class='ocr_carea' id='block_1_4' title="bbox 1369 195 2410 3537">
    <p class='ocr_par' dir='ltr' id='par_1_11' title="bbox 1373 195 2381 1365">
     <span class='ocr_line' id='line_1_80' title="bbox 1378 195 2375 240; baseline 0.001 -9"><span class='ocrx_word' id='word_1_636' title='bbox 1378 200 1406 231; x_wconf 90' lang='lat' dir='ltr'>ti</span> <span class='ocrx_word' id='word_1_637' title='bbox 1430 196 1551 240; x_wconf 84' lang='lat' dir='ltr'>aliquid</span> <span class='ocrx_word' id='word_1_638' title='bbox 1584 198 1618 230; x_wconf 86' lang='lat' dir='ltr'>in</span> <span class='ocrx_word' id='word_1_639' title='bbox 1641 196 1740 240; x_wconf 86' lang='lat' dir='ltr'>sputis</span> <span class='ocrx_word' id='word_1_640' title='bbox 1763 197 1866 233; x_wconf 82' lang='lat' dir='ltr'>fuerat</span> <span class='ocrx_word' id='word_1_641' title='bbox 1897 199 2150 233; x_wconf 86' lang='lat' dir='ltr'>animadversum</span> <span class='ocrx_word' id='word_1_642' title='bbox 2171 208 2182 237; x_wconf 85' lang='lat'><em>3</em></span> <span class='ocrx_word' id='word_1_643' title='bbox 2214 207 2277 231; x_wconf 85' lang='lat' dir='ltr'>non</span> <span class='ocrx_word' id='word_1_644' title='bbox 2301 195 2375 232; x_wconf 78' lang='lat' dir='ltr'>satis</span> 
     </span>
     <span class='ocr_line' id='line_1_81' title="bbox 1377 240 2375 282; baseline -0.004 -5"><span class='ocrx_word' id='word_1_645' title='bbox 1377 240 1563 277; x_wconf 86' lang='lat' dir='ltr'>constabat,</span> <span class='ocrx_word' id='word_1_646' title='bbox 1609 242 1704 282; x_wconf 77' lang='lat' dir='ltr'>uippe</span> <span class='ocrx_word' id='word_1_647' title='bbox 1726 242 1759 275; x_wconf 88' lang='lat' dir='ltr'>in</span> <span class='ocrx_word' id='word_1_648' title='bbox 1780 243 1954 275; x_wconf 82' lang='lat' dir='ltr'>macilento</span> <span class='ocrx_word' id='word_1_649' title='bbox 1978 243 2098 275; x_wconf 84' lang='lat' dir='ltr'>lanario</span> <span class='ocrx_word' id='word_1_650' title='bbox 2112 266 2122 282; x_wconf 85' lang='lat'><em>‚</em></span> <span class='ocrx_word' id='word_1_651' title='bbox 2145 241 2268 275; x_wconf 86' lang='lat' dir='ltr'>vulneri</span> <span class='ocrx_word' id='word_1_652' title='bbox 2293 263 2305 280; x_wconf 89' lang='lat'>,</span> <span class='ocrx_word' id='word_1_653' title='bbox 2336 252 2375 274; x_wconf 89' lang='lat' dir='ltr'>an</span> 
     </span>
     <span class='ocr_line' id='line_1_82' title="bbox 1379 281 2376 327; baseline -0.001 -10"><span class='ocrx_word' id='word_1_654' title='bbox 1379 285 1468 324; x_wconf 86' lang='lat' dir='ltr'>labi,</span> <span class='ocrx_word' id='word_1_655' title='bbox 1490 281 1576 316; x_wconf 85' lang='lat' dir='ltr'>forta</span> <span class='ocrx_word' id='word_1_656' title='bbox 1603 283 1792 325; x_wconf 82' lang='lat' dir='ltr'>eantiquae,</span> <span class='ocrx_word' id='word_1_657' title='bbox 1813 286 2024 327; x_wconf 73' lang='lat' dir='ltr'>pulmonisid</span> <span class='ocrx_word' id='word_1_658' title='bbox 2045 284 2115 319; x_wconf 80' lang='lat' dir='ltr'>esset</span> <span class='ocrx_word' id='word_1_659' title='bbox 2129 283 2376 327; x_wconf 81' lang='lat' dir='ltr'>imputandum,-</span> 
     </span>
     <span class='ocr_line' id='line_1_83' title="bbox 1378 325 2376 371; baseline 0 -11"><span class='ocrx_word' id='word_1_660' title='bbox 1378 326 1552 370; x_wconf 76' lang='lat' dir='ltr'>praesertim</span> <span class='ocrx_word' id='word_1_661' title='bbox 1574 337 1648 360; x_wconf 88' lang='lat' dir='ltr'>curn</span> <span class='ocrx_word' id='word_1_662' title='bbox 1671 327 1730 359; x_wconf 88' lang='lat' dir='ltr'>alia</span> <span class='ocrx_word' id='word_1_663' title='bbox 1753 329 1859 361; x_wconf 85' lang='lat' dir='ltr'>omnia</span> <span class='ocrx_word' id='word_1_664' title='bbox 1883 330 2077 371; x_wconf 78' lang='lat' dir='ltr'>penetrantis</span> <span class='ocrx_word' id='word_1_665' title='bbox 2103 329 2239 362; x_wconf 85' lang='lat' dir='ltr'>vulneris</span> <span class='ocrx_word' id='word_1_666' title='bbox 2261 350 2274 367; x_wconf 88' lang='lat'>,</span> <span class='ocrx_word' id='word_1_667' title='bbox 2297 325 2376 360; x_wconf 83' lang='lat' dir='ltr'>effu-</span> 
     </span>
     <span class='ocr_line' id='line_1_84' title="bbox 1377 368 2376 416; baseline -0.001 -13"><span class='ocrx_word' id='word_1_668' title='bbox 1377 370 1462 413; x_wconf 82' lang='lat' dir='ltr'>fique</span> <span class='ocrx_word' id='word_1_669' title='bbox 1485 370 1518 402; x_wconf 90' lang='lat' dir='ltr'>in</span> <span class='ocrx_word' id='word_1_670' title='bbox 1543 369 1705 404; x_wconf 83' lang='lat' dir='ltr'>thoracem</span> <span class='ocrx_word' id='word_1_671' title='bbox 1728 368 1872 405; x_wconf 78' lang='lat' dir='ltr'>humoris</span> <span class='ocrx_word' id='word_1_672' title='bbox 1893 371 2179 405; x_wconf 82' lang='lat' dir='ltr'>deeffentindicia.</span> <span class='ocrx_word' id='word_1_673' title='bbox 2206 373 2304 402; x_wconf 83' lang='lat' dir='ltr'>Certe</span> <span class='ocrx_word' id='word_1_674' title='bbox 2317 370 2376 416; x_wconf 71' lang='lat'>¹31¹·</span> 
     </span>
     <span class='ocr_line' id='line_1_85' title="bbox 1377 412 2376 457; baseline -0.002 -11"><span class='ocrx_word' id='word_1_675' title='bbox 1377 414 1449 446; x_wconf 85' lang='lat' dir='ltr'>mili</span> <span class='ocrx_word' id='word_1_676' title='bbox 1471 414 1601 455; x_wconf 88' lang='lat' dir='ltr'>capite,</span> <span class='ocrx_word' id='word_1_677' title='bbox 1622 415 1655 446; x_wconf 77' lang='grc' dir='ltr'>ἅτ</span> <span class='ocrx_word' id='word_1_678' title='bbox 1678 413 1711 445; x_wconf 88' lang='lat' dir='ltr'>in</span> <span class='ocrx_word' id='word_1_679' title='bbox 1734 423 1842 447; x_wconf 88' lang='lat' dir='ltr'>utrum</span> <span class='ocrx_word' id='word_1_680' title='bbox 1865 415 1947 449; x_wconf 88' lang='lat' dir='ltr'>latus</span> <span class='ocrx_word' id='word_1_681' title='bbox 1970 414 2031 449; x_wconf 89' lang='lat' dir='ltr'>five</span> <span class='ocrx_word' id='word_1_682' title='bbox 2054 416 2115 448; x_wconf 83' lang='lat' dir='ltr'>Ars</span> <span class='ocrx_word' id='word_1_683' title='bbox 2138 412 2259 457; x_wconf 83' lang='lat' dir='ltr'>juberet</span> <span class='ocrx_word' id='word_1_684' title='bbox 2280 437 2290 454; x_wconf 94' lang='lat'>‚</span> <span class='ocrx_word' id='word_1_685' title='bbox 2312 413 2376 445; x_wconf 78' lang='lat' dir='ltr'>sive</span> 
     </span>
     <span class='ocr_line' id='line_1_86' title="bbox 1377 454 2377 501; baseline -0.002 -11"><span class='ocrx_word' id='word_1_686' title='bbox 1377 456 1443 499; x_wconf 86' lang='lat' dir='ltr'>ipse</span> <span class='ocrx_word' id='word_1_687' title='bbox 1466 456 1573 489; x_wconf 85' lang='lat' dir='ltr'>mallet</span> <span class='ocrx_word' id='word_1_688' title='bbox 1594 481 1601 494; x_wconf 92' lang='lat'>,</span> <span class='ocrx_word' id='word_1_689' title='bbox 1635 454 1746 489; x_wconf 81' lang='lat' dir='ltr'>affidue</span> <span class='ocrx_word' id='word_1_690' title='bbox 1768 455 1891 499; x_wconf 85' lang='lat' dir='ltr'>jacebat</span> <span class='ocrx_word' id='word_1_691' title='bbox 1912 481 1921 495; x_wconf 90' lang='lat'>,</span> <span class='ocrx_word' id='word_1_692' title='bbox 1954 470 2052 501; x_wconf 90' lang='lat' dir='ltr'>neque</span> <span class='ocrx_word' id='word_1_693' title='bbox 2075 458 2141 491; x_wconf 86' lang='lat' dir='ltr'>ulla</span> <span class='ocrx_word' id='word_1_694' title='bbox 2173 467 2313 500; x_wconf 80' lang='lat' dir='ltr'>unquam</span> <span class='ocrx_word' id='word_1_695' title='bbox 2337 455 2377 489; x_wconf 89' lang='lat' dir='ltr'>ab</span> 
     </span>
     <span class='ocr_line' id='line_1_87' title="bbox 1375 498 2376 544; baseline -0.001 -12"><span class='ocrx_word' id='word_1_696' title='bbox 1375 499 1502 533; x_wconf 57' lang='lat' dir='ltr'>inflffio</span> <span class='ocrx_word' id='word_1_697' title='bbox 1524 500 1650 537; x_wconf 80' lang='lat' dir='ltr'>vulnere</span> <span class='ocrx_word' id='word_1_698' title='bbox 1674 499 1712 532; x_wconf 88' lang='lat' dir='ltr'>ad</span> <span class='ocrx_word' id='word_1_699' title='bbox 1735 500 1810 533; x_wconf 85' lang='lat' dir='ltr'>vitae</span> <span class='ocrx_word' id='word_1_700' title='bbox 1835 501 1929 544; x_wconf 86' lang='lat' dir='ltr'>usque</span> <span class='ocrx_word' id='word_1_701' title='bbox 1952 500 2047 535; x_wconf 87' lang='lat' dir='ltr'>finem</span> <span class='ocrx_word' id='word_1_702' title='bbox 2071 510 2214 535; x_wconf 87' lang='lat' dir='ltr'>tentatus</span> <span class='ocrx_word' id='word_1_703' title='bbox 2244 498 2286 532; x_wconf 84' lang='lat' dir='ltr'>est</span> <span class='ocrx_word' id='word_1_704' title='bbox 2308 499 2376 540; x_wconf 89' lang='lat' dir='ltr'>spi-</span> 
     </span>
     <span class='ocr_line' id='line_1_88' title="bbox 1377 542 2377 588; baseline 0.001 -12"><span class='ocrx_word' id='word_1_705' title='bbox 1377 542 1468 576; x_wconf 90' lang='lat' dir='ltr'>randi</span> <span class='ocrx_word' id='word_1_706' title='bbox 1495 542 1704 576; x_wconf 84' lang='lat' dir='ltr'>difficultate.</span> <span class='ocrx_word' id='word_1_707' title='bbox 1728 543 1793 577; x_wconf 89' lang='lat' dir='ltr'>Sub</span> <span class='ocrx_word' id='word_1_708' title='bbox 1813 554 1887 576; x_wconf 82' lang='lat' dir='ltr'>eum</span> <span class='ocrx_word' id='word_1_709' title='bbox 1911 543 2004 577; x_wconf 87' lang='lat' dir='ltr'>finem</span> <span class='ocrx_word' id='word_1_710' title='bbox 2027 544 2133 588; x_wconf 89' lang='lat' dir='ltr'>pulsus</span> <span class='ocrx_word' id='word_1_711' title='bbox 2168 551 2256 577; x_wconf 88' lang='lat' dir='ltr'>erant</span> <span class='ocrx_word' id='word_1_712' title='bbox 2278 542 2377 577; x_wconf 84' lang='lat' dir='ltr'>duri,</span> 
     </span>
     <span class='ocr_line' id='line_1_89' title="bbox 1376 586 2378 629; baseline -0.001 -10"><span class='ocrx_word' id='word_1_713' title='bbox 1376 586 1525 629; x_wconf 89' lang='lat' dir='ltr'>parvique</span> <span class='ocrx_word' id='word_1_714' title='bbox 1539 610 1548 619; x_wconf 88' lang='lat'>.</span> <span class='ocrx_word' id='word_1_715' title='bbox 1678 587 1950 622; x_wconf 83' lang='lat' dir='ltr'>CADAVERIS</span> <span class='ocrx_word' id='word_1_716' title='bbox 1975 590 2111 622; x_wconf 85' lang='lat' dir='ltr'>Thorax</span> <span class='ocrx_word' id='word_1_717' title='bbox 2134 589 2222 629; x_wconf 72' lang='lat' dir='ltr'>intusj</span> <span class='ocrx_word' id='word_1_718' title='bbox 2238 609 2247 624; x_wconf 90' lang='lat'>‚</span> <span class='ocrx_word' id='word_1_719' title='bbox 2272 595 2378 619; x_wconf 86' lang='lat' dir='ltr'>extra-</span> 
     </span>
     <span class='ocr_line' id='line_1_90' title="bbox 1376 627 2376 675; baseline 0 -14"><span class='ocrx_word' id='word_1_720' title='bbox 1376 640 1437 672; x_wconf 85' lang='lat' dir='ltr'>que</span> <span class='ocrx_word' id='word_1_721' title='bbox 1460 628 1632 672; x_wconf 83' lang='lat' dir='ltr'>diligenter</span> <span class='ocrx_word' id='word_1_722' title='bbox 1655 627 1814 671; x_wconf 72' lang='lat' dir='ltr'>inspeetus</span> <span class='ocrx_word' id='word_1_723' title='bbox 1837 629 1896 663; x_wconf 87' lang='lat' dir='ltr'>est.</span> <span class='ocrx_word' id='word_1_724' title='bbox 1922 632 1968 664; x_wconf 85' lang='lat' dir='ltr'>Et</span> <span class='ocrx_word' id='word_1_725' title='bbox 1989 642 2076 666; x_wconf 78' lang='lat' dir='ltr'>extra</span> <span class='ocrx_word' id='word_1_726' title='bbox 2100 629 2230 675; x_wconf 87' lang='lat' dir='ltr'>quidem</span> <span class='ocrx_word' id='word_1_727' title='bbox 2254 628 2376 672; x_wconf 82' lang='lat' dir='ltr'>amplus</span> 
     </span>
     <span class='ocr_line' id='line_1_91' title="bbox 1377 670 2376 718; baseline -0.002 -12"><span class='ocrx_word' id='word_1_728' title='bbox 1377 673 1433 706; x_wconf 79' lang='lat' dir='ltr'>iub</span> <span class='ocrx_word' id='word_1_729' title='bbox 1456 682 1528 706; x_wconf 84' lang='lat' dir='ltr'>toto</span> <span class='ocrx_word' id='word_1_730' title='bbox 1551 674 1618 706; x_wconf 86' lang='lat' dir='ltr'>lato</span> <span class='ocrx_word' id='word_1_731' title='bbox 1641 672 1701 705; x_wconf 90' lang='lat' dir='ltr'>illo</span> <span class='ocrx_word' id='word_1_732' title='bbox 1723 670 1785 706; x_wconf 75' lang='lat' dir='ltr'>osse</span> <span class='ocrx_word' id='word_1_733' title='bbox 1808 683 1873 706; x_wconf 87' lang='lat' dir='ltr'>erat</span> <span class='ocrx_word' id='word_1_734' title='bbox 1896 674 1979 707; x_wconf 76' lang='lat' dir='ltr'>sinus</span> <span class='ocrx_word' id='word_1_735' title='bbox 2012 674 2094 708; x_wconf 84' lang='lat' dir='ltr'>unde</span> <span class='ocrx_word' id='word_1_736' title='bbox 2117 686 2174 718; x_wconf 82' lang='lat' dir='ltr'>pus</span> <span class='ocrx_word' id='word_1_737' title='bbox 2207 673 2303 707; x_wconf 81' lang='lat' dir='ltr'>fluere</span> <span class='ocrx_word' id='word_1_738' title='bbox 2324 672 2376 705; x_wconf 93' lang='lat' dir='ltr'>so-</span> 
     </span>
     <span class='ocr_line' id='line_1_92' title="bbox 1376 715 2374 758; baseline 0 -10"><span class='ocrx_word' id='word_1_739' title='bbox 1376 716 1462 749; x_wconf 83' lang='lat' dir='ltr'>lebat</span> <span class='ocrx_word' id='word_1_740' title='bbox 1485 740 1493 754; x_wconf 87' lang='lat'>,</span> <span class='ocrx_word' id='word_1_741' title='bbox 1524 719 1556 749; x_wconf 87' lang='lat'>&amp;</span> <span class='ocrx_word' id='word_1_742' title='bbox 1578 718 1611 749; x_wconf 91' lang='lat' dir='ltr'>in</span> <span class='ocrx_word' id='word_1_743' title='bbox 1642 727 1708 758; x_wconf 92' lang='lat' dir='ltr'>quo</span> <span class='ocrx_word' id='word_1_744' title='bbox 1731 717 1828 749; x_wconf 87' lang='lat' dir='ltr'>etiam</span> <span class='ocrx_word' id='word_1_745' title='bbox 1851 725 1921 750; x_wconf 88' lang='lat' dir='ltr'>tum</span> <span class='ocrx_word' id='word_1_746' title='bbox 1943 717 2110 752; x_wconf 73' lang='lat' dir='ltr'>fioediffima</span> <span class='ocrx_word' id='word_1_747' title='bbox 2142 715 2374 751; x_wconf 85' lang='lat' dir='ltr'>continebatur</span> 
     </span>
     <span class='ocr_line' id='line_1_93' title="bbox 1376 759 2375 804; baseline 0 -12"><span class='ocrx_word' id='word_1_748' title='bbox 1376 760 1510 792; x_wconf 86' lang='lat' dir='ltr'>materia</span> <span class='ocrx_word' id='word_1_749' title='bbox 1535 760 1708 802; x_wconf 84' lang='lat' dir='ltr'>parietibus</span> <span class='ocrx_word' id='word_1_750' title='bbox 1731 760 1985 801; x_wconf 79' lang='lat' dir='ltr'>graveolentibus</span> <span class='ocrx_word' id='word_1_751' title='bbox 2006 784 2017 800; x_wconf 86' lang='lat'>‚</span> <span class='ocrx_word' id='word_1_752' title='bbox 2049 765 2081 796; x_wconf 73' lang='grc' dir='ltr'>δε</span> <span class='ocrx_word' id='word_1_753' title='bbox 2107 759 2340 804; x_wconf 74' lang='lat' dir='ltr'>nigricantibus</span> <span class='ocrx_word' id='word_1_754' title='bbox 2366 783 2375 792; x_wconf 90' lang='lat'>.</span> 
     </span>
     <span class='ocr_line' id='line_1_94' title="bbox 1377 802 2375 848; baseline 0 -13"><span class='ocrx_word' id='word_1_755' title='bbox 1377 802 1478 835; x_wconf 90' lang='lat' dir='ltr'>Nulla</span> <span class='ocrx_word' id='word_1_756' title='bbox 1501 811 1606 836; x_wconf 85' lang='lat' dir='ltr'>tamen</span> <span class='ocrx_word' id='word_1_757' title='bbox 1629 814 1700 836; x_wconf 86' lang='lat' dir='ltr'>cum</span> <span class='ocrx_word' id='word_1_758' title='bbox 1724 803 1864 836; x_wconf 86' lang='lat' dir='ltr'>thoracis</span> <span class='ocrx_word' id='word_1_759' title='bbox 1888 815 1968 836; x_wconf 86' lang='lat' dir='ltr'>cavo</span> <span class='ocrx_word' id='word_1_760' title='bbox 1991 803 2057 838; x_wconf 91' lang='lat' dir='ltr'>fuit</span> <span class='ocrx_word' id='word_1_761' title='bbox 2081 805 2213 848; x_wconf 89' lang='lat' dir='ltr'>usquam</span> <span class='ocrx_word' id='word_1_762' title='bbox 2224 814 2375 836; x_wconf 83' lang='lat' dir='ltr'>commu·</span> 
     </span>
     <span class='ocr_line' id='line_1_95' title="bbox 1375 845 2375 888; baseline 0 -10"><span class='ocrx_word' id='word_1_763' title='bbox 1375 846 1496 879; x_wconf 86' lang='lat' dir='ltr'>nicatio</span> <span class='ocrx_word' id='word_1_764' title='bbox 1516 869 1523 876; x_wconf 89' lang='lat'><strong>.</strong></span> <span class='ocrx_word' id='word_1_765' title='bbox 1657 847 1862 880; x_wconf 84' lang='lat' dir='ltr'>Exteriorem</span> <span class='ocrx_word' id='word_1_766' title='bbox 1894 846 2129 888; x_wconf 72' lang='lat' dir='ltr'>inspeetionem</span> <span class='ocrx_word' id='word_1_767' title='bbox 2170 845 2375 880; x_wconf 73' lang='lat' dir='ltr'>confirmavit</span> 
     </span>
     <span class='ocr_line' id='line_1_96' title="bbox 1377 888 2376 934; baseline 0.002 -13"><span class='ocrx_word' id='word_1_768' title='bbox 1377 890 1530 922; x_wconf 86' lang='lat' dir='ltr'>interior.</span> <span class='ocrx_word' id='word_1_769' title='bbox 1558 891 1596 922; x_wconf 87' lang='lat' dir='ltr'>In</span> <span class='ocrx_word' id='word_1_770' title='bbox 1620 899 1729 922; x_wconf 89' lang='lat' dir='ltr'>neutra</span> <span class='ocrx_word' id='word_1_771' title='bbox 1744 892 1829 923; x_wconf 87' lang='lat' dir='ltr'>enim</span> <span class='ocrx_word' id='word_1_772' title='bbox 1854 889 1997 923; x_wconf 82' lang='lat' dir='ltr'>thoracis</span> <span class='ocrx_word' id='word_1_773' title='bbox 2009 903 2101 925; x_wconf 89' lang='lat' dir='ltr'>cavea</span> <span class='ocrx_word' id='word_1_774' title='bbox 2127 902 2184 934; x_wconf 86' lang='lat' dir='ltr'>pus</span> <span class='ocrx_word' id='word_1_775' title='bbox 2207 899 2300 926; x_wconf 77' lang='lat' dir='ltr'>erat3</span> <span class='ocrx_word' id='word_1_776' title='bbox 2324 888 2376 923; x_wconf 88' lang='lat' dir='ltr'>sed</span> 
     </span>
     <span class='ocr_line' id='line_1_97' title="bbox 1378 932 2376 977; baseline -0.002 -11"><span class='ocrx_word' id='word_1_777' title='bbox 1378 943 1546 976; x_wconf 86' lang='lat' dir='ltr'>utramque</span> <span class='ocrx_word' id='word_1_778' title='bbox 1568 932 1720 975; x_wconf 85' lang='lat' dir='ltr'>implebat</span> <span class='ocrx_word' id='word_1_779' title='bbox 1744 945 1843 976; x_wconf 84' lang='lat' dir='ltr'>aqua,</span> <span class='ocrx_word' id='word_1_780' title='bbox 1867 945 1960 976; x_wconf 84' lang='lat' dir='ltr'>eaque</span> <span class='ocrx_word' id='word_1_781' title='bbox 1985 934 2061 967; x_wconf 84' lang='lat' dir='ltr'>flava</span> <span class='ocrx_word' id='word_1_782' title='bbox 2085 947 2095 967; x_wconf 88' lang='lat'>.·</span> <span class='ocrx_word' id='word_1_783' title='bbox 2130 946 2190 977; x_wconf 89' lang='lat' dir='ltr'>qua</span> <span class='ocrx_word' id='word_1_784' title='bbox 2213 932 2376 966; x_wconf 79' lang='lat' dir='ltr'>novissime</span> 
     </span>
     <span class='ocr_line' id='line_1_98' title="bbox 1379 975 2376 1020; baseline 0.001 -12"><span class='ocrx_word' id='word_1_785' title='bbox 1379 975 1514 1016; x_wconf 65' lang='lat' dir='ltr'>educta,</span> <span class='ocrx_word' id='word_1_786' title='bbox 1539 976 1665 1009; x_wconf 90' lang='lat' dir='ltr'>nullum</span> <span class='ocrx_word' id='word_1_787' title='bbox 1688 975 1819 1019; x_wconf 85' lang='lat' dir='ltr'>usquam</span> <span class='ocrx_word' id='word_1_788' title='bbox 1841 976 1999 1010; x_wconf 83' lang='lat' dir='ltr'>iudicium</span> <span class='ocrx_word' id='word_1_789' title='bbox 2023 987 2167 1020; x_wconf 86' lang='lat' dir='ltr'>apparuit</span> <span class='ocrx_word' id='word_1_790' title='bbox 2194 978 2252 1009; x_wconf 85' lang='lat' dir='ltr'>viae</span> <span class='ocrx_word' id='word_1_791' title='bbox 2276 1000 2289 1016; x_wconf 83' lang='lat'>,</span> <span class='ocrx_word' id='word_1_792' title='bbox 2321 983 2376 1008; x_wconf 86' lang='lat' dir='ltr'>aut</span> 
     </span>
     <span class='ocr_line' id='line_1_99' title="bbox 1377 1018 2379 1063; baseline 0 -12"><span class='ocrx_word' id='word_1_793' title='bbox 1377 1020 1519 1053; x_wconf 87' lang='lat' dir='ltr'>cuniculi</span> <span class='ocrx_word' id='word_1_794' title='bbox 1544 1029 1597 1060; x_wconf 85' lang='lat' dir='ltr'>per</span> <span class='ocrx_word' id='word_1_795' title='bbox 1618 1031 1712 1062; x_wconf 87' lang='lat' dir='ltr'>quem</span> <span class='ocrx_word' id='word_1_796' title='bbox 1735 1019 1817 1054; x_wconf 84' lang='lat' dir='ltr'>finus</span> <span class='ocrx_word' id='word_1_797' title='bbox 1838 1019 1876 1054; x_wconf 89' lang='lat' dir='ltr'>de</span> <span class='ocrx_word' id='word_1_798' title='bbox 1899 1032 1966 1063; x_wconf 90' lang='lat' dir='ltr'>quo</span> <span class='ocrx_word' id='word_1_799' title='bbox 1988 1020 2114 1054; x_wconf 64' lang='lat' dir='ltr'>dietum</span> <span class='ocrx_word' id='word_1_800' title='bbox 2125 1020 2187 1060; x_wconf 87' lang='lat' dir='ltr'>est,</span> <span class='ocrx_word' id='word_1_801' title='bbox 2209 1030 2283 1053; x_wconf 86' lang='lat' dir='ltr'>curri</span> <span class='ocrx_word' id='word_1_802' title='bbox 2296 1018 2379 1051; x_wconf 88' lang='lat' dir='ltr'>tho-</span> 
     </span>
     <span class='ocr_line' id='line_1_100' title="bbox 1378 1062 2378 1108; baseline 0 -13"><span class='ocrx_word' id='word_1_803' title='bbox 1378 1073 1446 1095; x_wconf 86' lang='lat' dir='ltr'>race</span> <span class='ocrx_word' id='word_1_804' title='bbox 1476 1065 1724 1096; x_wconf 86' lang='lat' dir='ltr'>communicaret</span> <span class='ocrx_word' id='word_1_805' title='bbox 1748 1088 1755 1095; x_wconf 93' lang='lat'><strong><em>.</em></strong></span> <span class='ocrx_word' id='word_1_806' title='bbox 1791 1065 1960 1098; x_wconf 84' lang='lat' dir='ltr'>Pulmones</span> <span class='ocrx_word' id='word_1_807' title='bbox 1994 1063 2030 1098; x_wconf 89' lang='lat' dir='ltr'>ad</span> <span class='ocrx_word' id='word_1_808' title='bbox 2065 1065 2205 1108; x_wconf 84' lang='lat' dir='ltr'>aliquem</span> <span class='ocrx_word' id='word_1_809' title='bbox 2236 1062 2378 1096; x_wconf 65' lang='lat' dir='ltr'>tractum</span> 
     </span>
     <span class='ocr_line' id='line_1_101' title="bbox 1377 1105 2379 1150; baseline -0.001 -12"><span class='ocrx_word' id='word_1_810' title='bbox 1377 1106 1493 1148; x_wconf 84' lang='lat' dir='ltr'>pleurae</span> <span class='ocrx_word' id='word_1_811' title='bbox 1517 1105 1642 1140; x_wconf 85' lang='lat' dir='ltr'>fuerant</span> <span class='ocrx_word' id='word_1_812' title='bbox 1665 1108 1802 1148; x_wconf 85' lang='lat' dir='ltr'>annexi,</span> <span class='ocrx_word' id='word_1_813' title='bbox 1825 1110 1856 1140; x_wconf 73' lang='grc' dir='ltr'>ὅε</span> <span class='ocrx_word' id='word_1_814' title='bbox 1879 1118 1939 1149; x_wconf 90' lang='lat' dir='ltr'>qua</span> <span class='ocrx_word' id='word_1_815' title='bbox 1961 1106 2170 1150; x_wconf 81' lang='lat' dir='ltr'>diaphragma</span> <span class='ocrx_word' id='word_1_816' title='bbox 2184 1106 2379 1149; x_wconf 79' lang='lat' dir='ltr'>tangebant,</span> 
     </span>
     <span class='ocr_line' id='line_1_102' title="bbox 1373 1148 2376 1191; baseline 0.001 -9"><span class='ocrx_word' id='word_1_817' title='bbox 1373 1149 1513 1191; x_wconf 71' lang='lat' dir='ltr'>gelatina</span> <span class='ocrx_word' id='word_1_818' title='bbox 1537 1148 1621 1191; x_wconf 81' lang='lat' dir='ltr'>quasi</span> <span class='ocrx_word' id='word_1_819' title='bbox 1643 1148 1779 1191; x_wconf 89' lang='lat' dir='ltr'>quadam</span> <span class='ocrx_word' id='word_1_820' title='bbox 1802 1148 1935 1184; x_wconf 62' lang='lat' dir='ltr'>obdueti</span> <span class='ocrx_word' id='word_1_821' title='bbox 1957 1175 1965 1182; x_wconf 93' lang='lat'><strong>.</strong></span> <span class='ocrx_word' id='word_1_822' title='bbox 2002 1152 2076 1191; x_wconf 83' lang='lat' dir='ltr'>Qa</span> <span class='ocrx_word' id='word_1_823' title='bbox 2100 1151 2230 1185; x_wconf 83' lang='lat' dir='ltr'>abstersa</span> <span class='ocrx_word' id='word_1_824' title='bbox 2252 1173 2264 1190; x_wconf 81' lang='lat'>,</span> <span class='ocrx_word' id='word_1_825' title='bbox 2299 1160 2376 1183; x_wconf 89' lang='lat' dir='ltr'>cum</span> 
     </span>
     <span class='ocr_line' id='line_1_103' title="bbox 1375 1191 2381 1234; baseline 0.001 -10"><span class='ocrx_word' id='word_1_826' title='bbox 1375 1191 1626 1234; x_wconf 81' lang='lat' dir='ltr'>inspicerentur,</span> <span class='ocrx_word' id='word_1_827' title='bbox 1649 1196 1682 1224; x_wconf 57' lang='grc' dir='ltr'>ἃ</span> <span class='ocrx_word' id='word_1_828' title='bbox 1705 1193 1882 1227; x_wconf 83' lang='lat' dir='ltr'>secarentur</span> <span class='ocrx_word' id='word_1_829' title='bbox 1899 1217 1911 1234; x_wconf 86' lang='lat'>,</span> <span class='ocrx_word' id='word_1_830' title='bbox 1934 1194 1989 1227; x_wconf 84' lang='lat' dir='ltr'>etsi</span> <span class='ocrx_word' id='word_1_831' title='bbox 2014 1196 2135 1228; x_wconf 88' lang='lat' dir='ltr'>inventi</span> <span class='ocrx_word' id='word_1_832' title='bbox 2159 1205 2222 1228; x_wconf 87' lang='lat' dir='ltr'>non</span> <span class='ocrx_word' id='word_1_833' title='bbox 2247 1194 2319 1228; x_wconf 89' lang='lat' dir='ltr'>sunt</span> <span class='ocrx_word' id='word_1_834' title='bbox 2343 1205 2381 1226; x_wconf 89' lang='lat' dir='ltr'>e-</span> 
     </span>
     <span class='ocr_line' id='line_1_104' title="bbox 1375 1234 2379 1278; baseline 0 -10"><span class='ocrx_word' id='word_1_835' title='bbox 1375 1236 1482 1278; x_wconf 75' lang='lat' dir='ltr'>gregie</span> <span class='ocrx_word' id='word_1_836' title='bbox 1512 1234 1681 1269; x_wconf 89' lang='lat' dir='ltr'>constituti</span> <span class='ocrx_word' id='word_1_837' title='bbox 1714 1248 1724 1274; x_wconf 68' lang='grc' dir='ltr'>ς</span> <span class='ocrx_word' id='word_1_838' title='bbox 1767 1236 1849 1269; x_wconf 91' lang='lat' dir='ltr'>nihil</span> <span class='ocrx_word' id='word_1_839' title='bbox 1886 1246 1993 1270; x_wconf 88' lang='lat' dir='ltr'>tamen</span> <span class='ocrx_word' id='word_1_840' title='bbox 2026 1237 2229 1271; x_wconf 86' lang='lat' dir='ltr'>ostenderunt</span> <span class='ocrx_word' id='word_1_841' title='bbox 2264 1236 2379 1276; x_wconf 86' lang='lat' dir='ltr'>vitii,</span> 
     </span>
     <span class='ocr_line' id='line_1_105' title="bbox 1373 1278 2380 1325; baseline 0 -13"><span class='ocrx_word' id='word_1_842' title='bbox 1373 1279 1460 1322; x_wconf 88' lang='lat' dir='ltr'>quod</span> <span class='ocrx_word' id='word_1_843' title='bbox 1483 1289 1674 1322; x_wconf 82' lang='lat' dir='ltr'>magnopere</span> <span class='ocrx_word' id='word_1_844' title='bbox 1697 1278 1923 1314; x_wconf 84' lang='lat' dir='ltr'>attendendum</span> <span class='ocrx_word' id='word_1_845' title='bbox 1945 1279 2017 1315; x_wconf 81' lang='lat' dir='ltr'>esset</span> <span class='ocrx_word' id='word_1_846' title='bbox 2038 1306 2047 1321; x_wconf 93' lang='lat'>,</span> <span class='ocrx_word' id='word_1_847' title='bbox 2080 1290 2134 1315; x_wconf 89' lang='lat' dir='ltr'>aut</span> <span class='ocrx_word' id='word_1_848' title='bbox 2156 1280 2242 1325; x_wconf 89' lang='lat' dir='ltr'>quod</span> <span class='ocrx_word' id='word_1_849' title='bbox 2274 1289 2380 1314; x_wconf 77' lang='lat' dir='ltr'>recens</span> 
     </span>
     <span class='ocr_line' id='line_1_106' title="bbox 1374 1320 1619 1365; baseline -0.004 -9"><span class='ocrx_word' id='word_1_850' title='bbox 1374 1322 1475 1356; x_wconf 85' lang='lat' dir='ltr'>videri</span> <span class='ocrx_word' id='word_1_851' title='bbox 1501 1320 1619 1365; x_wconf 79' lang='lat' dir='ltr'>posset.</span> 
     </span>
    </p>

    <p class='ocr_par' dir='ltr' id='par_1_12' title="bbox 1373 1364 2383 1585">
     <span class='ocr_line' id='line_1_107' title="bbox 1420 1364 2382 1409; baseline 0.003 -11"><span class='ocrx_word' id='word_1_852' title='bbox 1420 1376 1470 1407; x_wconf 84' lang='lat'>29.</span> <span class='ocrx_word' id='word_1_853' title='bbox 1498 1365 1596 1409; x_wconf 79' lang='lat' dir='ltr'>Qod</span> <span class='ocrx_word' id='word_1_854' title='bbox 1621 1364 1657 1400; x_wconf 88' lang='lat' dir='ltr'>ad</span> <span class='ocrx_word' id='word_1_855' title='bbox 1679 1366 1792 1401; x_wconf 88' lang='lat' dir='ltr'>vulnus</span> <span class='ocrx_word' id='word_1_856' title='bbox 1817 1368 1932 1400; x_wconf 85' lang='lat' dir='ltr'>attinet</span> <span class='ocrx_word' id='word_1_857' title='bbox 1954 1389 1962 1405; x_wconf 89' lang='lat'>‚</span> <span class='ocrx_word' id='word_1_858' title='bbox 1987 1368 2123 1402; x_wconf 89' lang='lat' dir='ltr'>omnino</span> <span class='ocrx_word' id='word_1_859' title='bbox 2147 1366 2340 1402; x_wconf 84' lang='lat' dir='ltr'>crediderim</span> <span class='ocrx_word' id='word_1_860' title='bbox 2367 1389 2382 1407; x_wconf 87' lang='lat'>‚</span> 
     </span>
     <span class='ocr_line' id='line_1_108' title="bbox 1373 1409 2382 1454; baseline 0.002 -13"><span class='ocrx_word' id='word_1_861' title='bbox 1373 1419 1438 1441; x_wconf 87' lang='lat' dir='ltr'>non</span> <span class='ocrx_word' id='word_1_862' title='bbox 1463 1411 1570 1450; x_wconf 66' lang='lat' dir='ltr'>reeta,</span> <span class='ocrx_word' id='word_1_863' title='bbox 1592 1409 1641 1443; x_wconf 89' lang='grc' dir='ltr'><em>[εά</em></span> <span class='ocrx_word' id='word_1_864' title='bbox 1665 1409 1795 1452; x_wconf 90' lang='lat' dir='ltr'>oblique</span> <span class='ocrx_word' id='word_1_865' title='bbox 1819 1411 1980 1444; x_wconf 69' lang='lat' dir='ltr'>inflictum</span> <span class='ocrx_word' id='word_1_866' title='bbox 2004 1410 2094 1445; x_wconf 78' lang='lat' dir='ltr'>fuisse</span> <span class='ocrx_word' id='word_1_867' title='bbox 2114 1435 2126 1452; x_wconf 88' lang='lat'>,</span> <span class='ocrx_word' id='word_1_868' title='bbox 2160 1411 2289 1454; x_wconf 83' lang='lat' dir='ltr'>latoque</span> <span class='ocrx_word' id='word_1_869' title='bbox 2314 1410 2382 1443; x_wconf 87' lang='lat' dir='ltr'>sca-</span> 
     </span>
     <span class='ocr_line' id='line_1_109' title="bbox 1375 1450 2381 1499; baseline 0.002 -13"><span class='ocrx_word' id='word_1_870' title='bbox 1375 1453 1456 1494; x_wconf 83' lang='lat' dir='ltr'>pulae</span> <span class='ocrx_word' id='word_1_871' title='bbox 1477 1450 1537 1486; x_wconf 84' lang='lat' dir='ltr'>offe</span> <span class='ocrx_word' id='word_1_872' title='bbox 1561 1461 1636 1486; x_wconf 85' lang='lat' dir='ltr'>tunc</span> <span class='ocrx_word' id='word_1_873' title='bbox 1661 1452 1746 1486; x_wconf 90' lang='lat' dir='ltr'>forte</span> <span class='ocrx_word' id='word_1_874' title='bbox 1771 1453 1809 1486; x_wconf 87' lang='lat' dir='ltr'>ab</span> <span class='ocrx_word' id='word_1_875' title='bbox 1830 1466 1864 1486; x_wconf 87' lang='lat' dir='ltr'>ea</span> <span class='ocrx_word' id='word_1_876' title='bbox 1887 1453 2045 1488; x_wconf 87' lang='lat' dir='ltr'>costarum</span> <span class='ocrx_word' id='word_1_877' title='bbox 2069 1455 2136 1489; x_wconf 86' lang='lat' dir='ltr'>sede</span> <span class='ocrx_word' id='word_1_878' title='bbox 2159 1466 2253 1499; x_wconf 86' lang='lat' dir='ltr'>quam</span> <span class='ocrx_word' id='word_1_879' title='bbox 2276 1452 2381 1488; x_wconf 83' lang='lat' dir='ltr'>versus</span> 
     </span>
     <span class='ocr_line' id='line_1_110' title="bbox 1373 1495 2383 1541; baseline 0.001 -12"><span class='ocrx_word' id='word_1_880' title='bbox 1373 1496 1495 1535; x_wconf 84' lang='lat' dir='ltr'>culter,</span> <span class='ocrx_word' id='word_1_881' title='bbox 1521 1507 1577 1538; x_wconf 90' lang='lat' dir='ltr'>per</span> <span class='ocrx_word' id='word_1_882' title='bbox 1599 1497 1703 1539; x_wconf 85' lang='lat' dir='ltr'>ipsum</span> <span class='ocrx_word' id='word_1_883' title='bbox 1727 1495 1791 1538; x_wconf 79' lang='lat' dir='ltr'>jam</span> <span class='ocrx_word' id='word_1_884' title='bbox 1802 1496 2017 1537; x_wconf 83' lang='lat' dir='ltr'>transmissus,</span> <span class='ocrx_word' id='word_1_885' title='bbox 2042 1499 2214 1541; x_wconf 81' lang='lat' dir='ltr'>pergebat,</span> <span class='ocrx_word' id='word_1_886' title='bbox 2237 1497 2279 1531; x_wconf 82' lang='lat' dir='ltr'>sic</span> <span class='ocrx_word' id='word_1_887' title='bbox 2303 1496 2383 1531; x_wconf 84' lang='lat' dir='ltr'>satis</span> 
     </span>
     <span class='ocr_line' id='line_1_111' title="bbox 1376 1538 2378 1585; baseline -0.001 -12"><span class='ocrx_word' id='word_1_888' title='bbox 1376 1538 1538 1577; x_wconf 68' lang='lat' dir='ltr'>abduct05</span> <span class='ocrx_word' id='word_1_889' title='bbox 1562 1541 1668 1582; x_wconf 84' lang='lat' dir='ltr'>itaque</span> <span class='ocrx_word' id='word_1_890' title='bbox 1701 1542 1734 1573; x_wconf 92' lang='lat' dir='ltr'>in</span> <span class='ocrx_word' id='word_1_891' title='bbox 1758 1552 1872 1574; x_wconf 87' lang='lat' dir='ltr'>cavum</span> <span class='ocrx_word' id='word_1_892' title='bbox 1895 1540 2037 1574; x_wconf 83' lang='lat' dir='ltr'>thoracis</span> <span class='ocrx_word' id='word_1_893' title='bbox 2069 1554 2135 1576; x_wconf 90' lang='lat' dir='ltr'>non</span> <span class='ocrx_word' id='word_1_894' title='bbox 2174 1538 2344 1585; x_wconf 80' lang='lat' dir='ltr'>pervenisse</span> <span class='ocrx_word' id='word_1_895' title='bbox 2369 1563 2378 1572; x_wconf 91' lang='lat'>.</span> 
     </span>
    </p>

    <p class='ocr_par' dir='ltr' id='par_1_13' title="bbox 1369 1582 2383 1971">
     <span class='ocr_line' id='line_1_112' title="bbox 1504 1582 2383 1629; baseline 0.001 -14"><span class='ocrx_word' id='word_1_896' title='bbox 1504 1582 1604 1625; x_wconf 65' lang='lat' dir='ltr'>Qid</span> <span class='ocrx_word' id='word_1_897' title='bbox 1626 1593 1700 1615; x_wconf 78' lang='lat' dir='ltr'>vero</span> <span class='ocrx_word' id='word_1_898' title='bbox 1725 1583 1764 1617; x_wconf 87' lang='lat' dir='ltr'>ad</span> <span class='ocrx_word' id='word_1_899' title='bbox 1788 1595 1930 1629; x_wconf 41' lang='lat' dir='ltr'>aquam-3</span> <span class='ocrx_word' id='word_1_900' title='bbox 1964 1583 2060 1617; x_wconf 89' lang='lat' dir='ltr'>facile</span> <span class='ocrx_word' id='word_1_901' title='bbox 2082 1584 2178 1628; x_wconf 79' lang='lat' dir='ltr'>hujus</span> <span class='ocrx_word' id='word_1_902' title='bbox 2201 1582 2383 1626; x_wconf 76' lang='lat' dir='ltr'>congestio-</span> 
     </span>
     <span class='ocr_line' id='line_1_113' title="bbox 1374 1627 2380 1672; baseline 0 -13"><span class='ocrx_word' id='word_1_903' title='bbox 1374 1638 1443 1659; x_wconf 85' lang='lat' dir='ltr'>nem</span> <span class='ocrx_word' id='word_1_904' title='bbox 1475 1627 1544 1668; x_wconf 80' lang='lat' dir='ltr'>post</span> <span class='ocrx_word' id='word_1_905' title='bbox 1567 1637 1730 1668; x_wconf 82' lang='lat' dir='ltr'>acceptum</span> <span class='ocrx_word' id='word_1_906' title='bbox 1759 1629 1872 1660; x_wconf 81' lang='lat' dir='ltr'>vulnus</span> <span class='ocrx_word' id='word_1_907' title='bbox 1902 1637 2022 1669; x_wconf 73' lang='lat' dir='ltr'>jacente</span> <span class='ocrx_word' id='word_1_908' title='bbox 2042 1650 2051 1665; x_wconf 92' lang='lat'>,</span> <span class='ocrx_word' id='word_1_909' title='bbox 2086 1628 2222 1672; x_wconf 90' lang='lat' dir='ltr'>ideoque</span> <span class='ocrx_word' id='word_1_910' title='bbox 2256 1627 2380 1660; x_wconf 83' lang='lat' dir='ltr'>otiante</span> 
     </span>
     <span class='ocr_line' id='line_1_114' title="bbox 1373 1669 2381 1710; baseline 0.001 -7"><span class='ocrx_word' id='word_1_911' title='bbox 1373 1669 1506 1703; x_wconf 82' lang='lat' dir='ltr'>homine</span> <span class='ocrx_word' id='word_1_912' title='bbox 1529 1692 1538 1707; x_wconf 95' lang='lat'>,</span> <span class='ocrx_word' id='word_1_913' title='bbox 1571 1679 1660 1701; x_wconf 80' lang='lat' dir='ltr'>antea</span> <span class='ocrx_word' id='word_1_914' title='bbox 1693 1671 1725 1701; x_wconf 92' lang='lat' dir='ltr'>in</span> <span class='ocrx_word' id='word_1_915' title='bbox 1771 1669 1881 1704; x_wconf 77' lang='lat' dir='ltr'>assidua</span> <span class='ocrx_word' id='word_1_916' title='bbox 1913 1672 2142 1705; x_wconf 78' lang='lat' dir='ltr'>exercitatione</span> <span class='ocrx_word' id='word_1_917' title='bbox 2165 1695 2174 1710; x_wconf 89' lang='lat'>‚</span> <span class='ocrx_word' id='word_1_918' title='bbox 2212 1673 2244 1704; x_wconf 72' lang='grc' dir='ltr'>δε</span> <span class='ocrx_word' id='word_1_919' title='bbox 2274 1670 2381 1704; x_wconf 80' lang='lat' dir='ltr'>calore</span> 
     </span>
     <span class='ocr_line' id='line_1_115' title="bbox 1370 1710 2378 1756; baseline 0.001 -10"><span class='ocrx_word' id='word_1_920' title='bbox 1370 1712 1516 1750; x_wconf 77' lang='lat' dir='ltr'>versato,</span> <span class='ocrx_word' id='word_1_921' title='bbox 1540 1710 1703 1745; x_wconf 68' lang='lat' dir='ltr'>increvisse</span> <span class='ocrx_word' id='word_1_922' title='bbox 1726 1714 1858 1754; x_wconf 83' lang='lat' dir='ltr'>potius,</span> <span class='ocrx_word' id='word_1_923' title='bbox 1881 1725 1976 1756; x_wconf 87' lang='lat' dir='ltr'>quam</span> <span class='ocrx_word' id='word_1_924' title='bbox 2001 1713 2148 1755; x_wconf 77' lang='lat' dir='ltr'>incepisse</span> <span class='ocrx_word' id='word_1_925' title='bbox 2163 1738 2170 1747; x_wconf 94' lang='lat'>.</span> <span class='ocrx_word' id='word_1_926' title='bbox 2199 1715 2324 1747; x_wconf 84' lang='lat' dir='ltr'>Verum</span> <span class='ocrx_word' id='word_1_927' title='bbox 2341 1724 2378 1747; x_wconf 84' lang='lat' dir='ltr'>ut</span> 
     </span>
     <span class='ocr_line' id='line_1_116' title="bbox 1369 1754 2377 1801; baseline 0.001 -11"><span class='ocrx_word' id='word_1_928' title='bbox 1369 1766 1404 1790; x_wconf 89' lang='lat' dir='ltr'>ut</span> <span class='ocrx_word' id='word_1_929' title='bbox 1429 1755 1549 1794; x_wconf 65' lang='lat' dir='ltr'>fuerit,</span> <span class='ocrx_word' id='word_1_930' title='bbox 1574 1754 1656 1789; x_wconf 85' lang='lat' dir='ltr'>illud</span> <span class='ocrx_word' id='word_1_931' title='bbox 1677 1765 1762 1789; x_wconf 87' lang='lat' dir='ltr'>certe</span> <span class='ocrx_word' id='word_1_932' title='bbox 1785 1755 1895 1796; x_wconf 84' lang='lat' dir='ltr'>vides,</span> <span class='ocrx_word' id='word_1_933' title='bbox 1918 1759 1999 1789; x_wconf 80' lang='lat' dir='ltr'>tanti</span> <span class='ocrx_word' id='word_1_934' title='bbox 2026 1756 2185 1801; x_wconf 85' lang='lat' dir='ltr'>hydropis</span> <span class='ocrx_word' id='word_1_935' title='bbox 2217 1757 2377 1799; x_wconf 80' lang='lat' dir='ltr'>praecipua</span> 
     </span>
     <span class='ocr_line' id='line_1_117' title="bbox 1369 1798 2383 1842; baseline 0.001 -9"><span class='ocrx_word' id='word_1_936' title='bbox 1369 1799 1454 1842; x_wconf 74' lang='lat' dir='ltr'>ligna</span> <span class='ocrx_word' id='word_1_937' title='bbox 1477 1798 1607 1833; x_wconf 80' lang='lat' dir='ltr'>defuisse</span> <span class='ocrx_word' id='word_1_938' title='bbox 1631 1801 1765 1839; x_wconf 89' lang='lat' dir='ltr'>omnia;</span> <span class='ocrx_word' id='word_1_939' title='bbox 1786 1810 1821 1832; x_wconf 89' lang='lat' dir='ltr'>ut</span> <span class='ocrx_word' id='word_1_940' title='bbox 1847 1801 1956 1833; x_wconf 85' lang='lat' dir='ltr'>mirari</span> <span class='ocrx_word' id='word_1_941' title='bbox 1984 1802 2089 1835; x_wconf 86' lang='lat' dir='ltr'>minus</span> <span class='ocrx_word' id='word_1_942' title='bbox 2113 1801 2222 1834; x_wconf 82' lang='lat' dir='ltr'>debeas</span> <span class='ocrx_word' id='word_1_943' title='bbox 2248 1823 2259 1839; x_wconf 86' lang='lat'>,</span> <span class='ocrx_word' id='word_1_944' title='bbox 2282 1799 2304 1832; x_wconf 90' lang='lat' dir='ltr'>fi</span> <span class='ocrx_word' id='word_1_945' title='bbox 2328 1812 2383 1834; x_wconf 89' lang='lat' dir='ltr'>eo-</span> 
     </span>
     <span class='ocr_line' id='line_1_118' title="bbox 1370 1842 2383 1886; baseline 0.002 -10"><span class='ocrx_word' id='word_1_946' title='bbox 1370 1855 1442 1877; x_wconf 90' lang='lat' dir='ltr'>rum</span> <span class='ocrx_word' id='word_1_947' title='bbox 1472 1842 1616 1886; x_wconf 73' lang='lat' dir='ltr'>quaedam</span> <span class='ocrx_word' id='word_1_948' title='bbox 1649 1844 1681 1876; x_wconf 90' lang='lat' dir='ltr'>in</span> <span class='ocrx_word' id='word_1_949' title='bbox 1717 1843 1817 1877; x_wconf 87' lang='lat' dir='ltr'>tribus</span> <span class='ocrx_word' id='word_1_950' title='bbox 1859 1842 2021 1877; x_wconf 84' lang='lat' dir='ltr'>defuerint</span> <span class='ocrx_word' id='word_1_951' title='bbox 2055 1844 2345 1878; x_wconf 82' lang='lat' dir='ltr'>Observationibus</span> <span class='ocrx_word' id='word_1_952' title='bbox 2369 1864 2383 1884; x_wconf 83' lang='lat'>·,</span> 
     </span>
     <span class='ocr_line' id='line_1_119' title="bbox 1370 1885 2381 1935; baseline 0 -15"><span class='ocrx_word' id='word_1_953' title='bbox 1370 1895 1475 1935; x_wconf 54' lang='lat' dir='ltr'>quas,</span> <span class='ocrx_word' id='word_1_954' title='bbox 1498 1896 1532 1918; x_wconf 90' lang='lat' dir='ltr'>ut</span> <span class='ocrx_word' id='word_1_955' title='bbox 1558 1889 1661 1928; x_wconf 86' lang='lat' dir='ltr'>prima</span> <span class='ocrx_word' id='word_1_956' title='bbox 1686 1887 1742 1919; x_wconf 84' lang='lat' dir='ltr'>illa</span> <span class='ocrx_word' id='word_1_957' title='bbox 1765 1909 1778 1926; x_wconf 92' lang='lat'>,</span> <span class='ocrx_word' id='word_1_958' title='bbox 1814 1887 1968 1920; x_wconf 64' lang='lat' dir='ltr'>Bononiae</span> <span class='ocrx_word' id='word_1_959' title='bbox 1994 1900 2010 1921; x_wconf 90' lang='lat' dir='ltr'>a</span> <span class='ocrx_word' id='word_1_960' title='bbox 2034 1899 2083 1920; x_wconf 75' lang='lat' dir='ltr'>me</span> <span class='ocrx_word' id='word_1_961' title='bbox 2107 1888 2190 1922; x_wconf 88' lang='lat' dir='ltr'>olim</span> <span class='ocrx_word' id='word_1_962' title='bbox 2214 1885 2341 1920; x_wconf 77' lang='lat' dir='ltr'>habitas</span> <span class='ocrx_word' id='word_1_963' title='bbox 2368 1910 2381 1928; x_wconf 81' lang='grc'>,</span> 
     </span>
     <span class='ocr_line' id='line_1_120' title="bbox 1372 1930 1752 1971; baseline -0.005 -8"><span class='ocrx_word' id='word_1_964' title='bbox 1372 1939 1532 1963; x_wconf 88' lang='lat' dir='ltr'>continuo</span> <span class='ocrx_word' id='word_1_965' title='bbox 1557 1930 1752 1971; x_wconf 82' lang='lat' dir='ltr'>producam.</span> 
     </span>
    </p>

    <p class='ocr_par' dir='ltr' id='par_1_14' title="bbox 1369 1974 2410 3406">
     <span class='ocr_line' id='line_1_121' title="bbox 1416 1974 2383 2018; baseline 0.002 -12"><span class='ocrx_word' id='word_1_966' title='bbox 1416 1985 1467 2017; x_wconf 75' lang='lat'>30.</span> <span class='ocrx_word' id='word_1_967' title='bbox 1494 1974 1947 2018; x_wconf 68' lang='lat' dir='ltr'><strong>ADOJAESCENTULUS</strong></span> <span class='ocrx_word' id='word_1_968' title='bbox 1963 1975 2048 2008; x_wconf 89' lang='lat' dir='ltr'>nulla</span> <span class='ocrx_word' id='word_1_969' title='bbox 2066 1975 2230 2010; x_wconf 79' lang='lat' dir='ltr'>manifesta</span> <span class='ocrx_word' id='word_1_970' title='bbox 2242 2000 2254 2017; x_wconf 88' lang='lat'><em>‚</em></span> <span class='ocrx_word' id='word_1_971' title='bbox 2277 1985 2383 2018; x_wconf 81' lang='lat' dir='ltr'>quam</span> 
     </span>
     <span class='ocr_line' id='line_1_122' title="bbox 1369 2015 2385 2062; baseline 0 -12"><span class='ocrx_word' id='word_1_972' title='bbox 1369 2016 1513 2050; x_wconf 86' lang='lat' dir='ltr'>accusare</span> <span class='ocrx_word' id='word_1_973' title='bbox 1536 2015 1656 2061; x_wconf 76' lang='lat' dir='ltr'>posset,</span> <span class='ocrx_word' id='word_1_974' title='bbox 1681 2016 1770 2049; x_wconf 85' lang='lat' dir='ltr'>causa</span> <span class='ocrx_word' id='word_1_975' title='bbox 1793 2017 1828 2049; x_wconf 92' lang='lat' dir='ltr'>in</span> <span class='ocrx_word' id='word_1_976' title='bbox 1851 2016 2073 2051; x_wconf 85' lang='lat' dir='ltr'>difficultatem</span> <span class='ocrx_word' id='word_1_977' title='bbox 2088 2019 2228 2062; x_wconf 84' lang='lat' dir='ltr'>spirandi</span> <span class='ocrx_word' id='word_1_978' title='bbox 2256 2018 2385 2052; x_wconf 86' lang='lat' dir='ltr'>incide-</span> 
     </span>
     <span class='ocr_line' id='line_1_123' title="bbox 1371 2059 2380 2102; baseline 0 -9"><span class='ocrx_word' id='word_1_979' title='bbox 1371 2069 1423 2093; x_wconf 85' lang='lat' dir='ltr'>rat</span> <span class='ocrx_word' id='word_1_980' title='bbox 1448 2068 1518 2091; x_wconf 85' lang='lat' dir='ltr'>ante</span> <span class='ocrx_word' id='word_1_981' title='bbox 1542 2063 1637 2092; x_wconf 71' lang='lat' dir='ltr'>tinem</span> <span class='ocrx_word' id='word_1_982' title='bbox 1658 2061 1700 2092; x_wconf 92' lang='lat' dir='ltr'>A.</span> <span class='ocrx_word' id='word_1_983' title='bbox 1729 2069 1820 2102; x_wconf 76' lang='lat'>1704.</span> <span class='ocrx_word' id='word_1_984' title='bbox 1847 2060 1905 2092; x_wconf 89' lang='lat' dir='ltr'>Ob</span> <span class='ocrx_word' id='word_1_985' title='bbox 1926 2061 2006 2094; x_wconf 85' lang='lat' dir='ltr'>hanc</span> <span class='ocrx_word' id='word_1_986' title='bbox 2029 2063 2064 2094; x_wconf 89' lang='lat' dir='ltr'>in</span> <span class='ocrx_word' id='word_1_987' title='bbox 2087 2062 2323 2097; x_wconf 88' lang='lat' dir='ltr'>Nosocomium</span> <span class='ocrx_word' id='word_1_988' title='bbox 2349 2059 2380 2094; x_wconf 80' lang='lat' dir='ltr'>S.</span> 
     </span>
     <span class='ocr_line' id='line_1_124' title="bbox 1372 2099 2388 2148; baseline 0.003 -14"><span class='ocrx_word' id='word_1_989' title='bbox 1372 2105 1484 2137; x_wconf 82' lang='lat' dir='ltr'>Mariae</span> <span class='ocrx_word' id='word_1_990' title='bbox 1508 2099 1545 2134; x_wconf 88' lang='lat' dir='ltr'>de</span> <span class='ocrx_word' id='word_1_991' title='bbox 1570 2103 1680 2136; x_wconf 80' lang='lat' dir='ltr'>Morte</span> <span class='ocrx_word' id='word_1_992' title='bbox 1702 2112 1850 2147; x_wconf 81' lang='lat' dir='ltr'>exceptus</span> <span class='ocrx_word' id='word_1_993' title='bbox 1875 2104 1979 2144; x_wconf 82' lang='lat' dir='ltr'>postea</span> <span class='ocrx_word' id='word_1_994' title='bbox 1992 2128 2004 2144; x_wconf 85' lang='lat'><em>‚</em></span> <span class='ocrx_word' id='word_1_995' title='bbox 2027 2107 2060 2138; x_wconf 72' lang='grc' dir='ltr'>δε</span> <span class='ocrx_word' id='word_1_996' title='bbox 2083 2104 2245 2148; x_wconf 81' lang='lat' dir='ltr'>pluribus,</span> <span class='ocrx_word' id='word_1_997' title='bbox 2270 2104 2388 2137; x_wconf 86' lang='lat' dir='ltr'>variis-</span> 
     </span>
     <span class='ocr_line' id='line_1_125' title="bbox 1371 2144 2387 2191; baseline 0.001 -11"><span class='ocrx_word' id='word_1_998' title='bbox 1371 2158 1434 2190; x_wconf 89' lang='lat' dir='ltr'>que</span> <span class='ocrx_word' id='word_1_999' title='bbox 1458 2144 1631 2191; x_wconf 77' lang='lat' dir='ltr'>remediis,</span> <span class='ocrx_word' id='word_1_1000' title='bbox 1655 2144 1706 2179; x_wconf 84' lang='lat' dir='ltr'>sed</span> <span class='ocrx_word' id='word_1_1001' title='bbox 1730 2144 1862 2184; x_wconf 69' lang='lat' dir='ltr'>trustra,</span> <span class='ocrx_word' id='word_1_1002' title='bbox 1886 2158 2011 2180; x_wconf 77' lang='lat' dir='ltr'>curatus</span> <span class='ocrx_word' id='word_1_1003' title='bbox 2036 2147 2078 2181; x_wconf 81' lang='lat' dir='ltr'>est</span> <span class='ocrx_word' id='word_1_1004' title='bbox 2102 2174 2110 2181; x_wconf 92' lang='lat'><strong>.</strong></span> <span class='ocrx_word' id='word_1_1005' title='bbox 2139 2151 2191 2183; x_wconf 84' lang='lat' dir='ltr'>Ex</span> <span class='ocrx_word' id='word_1_1006' title='bbox 2214 2151 2255 2184; x_wconf 85' lang='lat' dir='ltr'>iis</span> <span class='ocrx_word' id='word_1_1007' title='bbox 2279 2148 2346 2182; x_wconf 88' lang='lat' dir='ltr'>scio</span> <span class='ocrx_word' id='word_1_1008' title='bbox 2373 2170 2387 2188; x_wconf 84' lang='lat'>,</span> 
     </span>
     <span class='ocr_line' id='line_1_126' title="bbox 1373 2188 2389 2235; baseline 0.002 -13"><span class='ocrx_word' id='word_1_1009' title='bbox 1373 2200 1459 2222; x_wconf 81' lang='lat' dir='ltr'>venae</span> <span class='ocrx_word' id='word_1_1010' title='bbox 1483 2190 1654 2222; x_wconf 80' lang='lat' dir='ltr'>sectionem</span> <span class='ocrx_word' id='word_1_1011' title='bbox 1678 2188 1800 2230; x_wconf 84' lang='lat' dir='ltr'>semel,</span> <span class='ocrx_word' id='word_1_1012' title='bbox 1823 2198 1916 2232; x_wconf 89' lang='lat' dir='ltr'>atque</span> <span class='ocrx_word' id='word_1_1013' title='bbox 1941 2193 2059 2225; x_wconf 87' lang='lat' dir='ltr'>iterum</span> <span class='ocrx_word' id='word_1_1014' title='bbox 2082 2193 2274 2235; x_wconf 88' lang='lat' dir='ltr'>imperatam</span> <span class='ocrx_word' id='word_1_1015' title='bbox 2294 2215 2306 2233; x_wconf 86' lang='lat'>,</span> <span class='ocrx_word' id='word_1_1016' title='bbox 2340 2190 2389 2224; x_wconf 87' lang='lat' dir='ltr'>se-</span> 
     </span>
     <span class='ocr_line' id='line_1_127' title="bbox 1374 2229 2389 2277; baseline 0.001 -11"><span class='ocrx_word' id='word_1_1017' title='bbox 1374 2233 1436 2266; x_wconf 84' lang='lat' dir='ltr'>mel</span> <span class='ocrx_word' id='word_1_1018' title='bbox 1462 2229 1520 2264; x_wconf 76' lang='lat' dir='ltr'>esse</span> <span class='ocrx_word' id='word_1_1019' title='bbox 1544 2242 1639 2275; x_wconf 86' lang='lat' dir='ltr'>atque</span> <span class='ocrx_word' id='word_1_1020' title='bbox 1663 2242 1779 2266; x_wconf 69' lang='lat' dir='ltr'>uerum</span> <span class='ocrx_word' id='word_1_1021' title='bbox 1803 2232 1901 2266; x_wconf 82' lang='lat' dir='ltr'>visam</span> <span class='ocrx_word' id='word_1_1022' title='bbox 1925 2233 2031 2267; x_wconf 84' lang='lat' dir='ltr'>statim</span> <span class='ocrx_word' id='word_1_1023' title='bbox 2056 2236 2185 2277; x_wconf 82' lang='lat' dir='ltr'>quidem</span> <span class='ocrx_word' id='word_1_1024' title='bbox 2208 2248 2276 2270; x_wconf 86' lang='lat' dir='ltr'>eam</span> <span class='ocrx_word' id='word_1_1025' title='bbox 2301 2233 2389 2268; x_wconf 80' lang='lat' dir='ltr'>diffi-</span> 
     </span>
     <span class='ocr_line' id='line_1_128' title="bbox 1376 2275 2391 2321; baseline 0.004 -11"><span class='ocrx_word' id='word_1_1026' title='bbox 1376 2278 1529 2311; x_wconf 88' lang='lat' dir='ltr'>cultatem</span> <span class='ocrx_word' id='word_1_1027' title='bbox 1551 2275 1701 2309; x_wconf 87' lang='lat' dir='ltr'>nonnihil</span> <span class='ocrx_word' id='word_1_1028' title='bbox 1725 2277 1864 2309; x_wconf 88' lang='lat' dir='ltr'>minuere</span> <span class='ocrx_word' id='word_1_1029' title='bbox 1887 2291 1896 2314; x_wconf 80' lang='lat'>3</span> <span class='ocrx_word' id='word_1_1030' title='bbox 1933 2277 1984 2311; x_wconf 88' lang='lat' dir='ltr'>sed</span> <span class='ocrx_word' id='word_1_1031' title='bbox 2006 2278 2041 2311; x_wconf 88' lang='lat' dir='ltr'>id</span> <span class='ocrx_word' id='word_1_1032' title='bbox 2062 2280 2205 2313; x_wconf 85' lang='lat' dir='ltr'>levamen</span> <span class='ocrx_word' id='word_1_1033' title='bbox 2229 2291 2293 2313; x_wconf 93' lang='lat' dir='ltr'>non</span> <span class='ocrx_word' id='word_1_1034' title='bbox 2317 2288 2391 2321; x_wconf 85' lang='lat' dir='ltr'>pet-</span> 
     </span>
     <span class='ocr_line' id='line_1_129' title="bbox 1379 2316 2390 2366; baseline 0.002 -14"><span class='ocrx_word' id='word_1_1035' title='bbox 1379 2316 1538 2354; x_wconf 81' lang='lat' dir='ltr'>manlifse:</span> <span class='ocrx_word' id='word_1_1036' title='bbox 1563 2330 1633 2361; x_wconf 68' lang='lat' dir='ltr'>quaa</span> <span class='ocrx_word' id='word_1_1037' title='bbox 1658 2328 1763 2352; x_wconf 86' lang='lat' dir='ltr'>autem</span> <span class='ocrx_word' id='word_1_1038' title='bbox 1788 2319 1894 2352; x_wconf 82' lang='lat' dir='ltr'>alvum</span> <span class='ocrx_word' id='word_1_1039' title='bbox 1918 2332 2080 2355; x_wconf 79' lang='lat' dir='ltr'>moverent</span> <span class='ocrx_word' id='word_1_1040' title='bbox 2103 2346 2115 2363; x_wconf 89' lang='lat'><em>‚</em></span> <span class='ocrx_word' id='word_1_1041' title='bbox 2138 2334 2176 2357; x_wconf 88' lang='lat' dir='ltr'>ne</span> <span class='ocrx_word' id='word_1_1042' title='bbox 2201 2323 2236 2357; x_wconf 91' lang='lat' dir='ltr'>id</span> <span class='ocrx_word' id='word_1_1043' title='bbox 2258 2320 2390 2366; x_wconf 85' lang='lat' dir='ltr'>quidem</span> 
     </span>
     <span class='ocr_line' id='line_1_130' title="bbox 1380 2361 2389 2406; baseline 0 -9"><span class='ocrx_word' id='word_1_1044' title='bbox 1380 2361 1578 2406; x_wconf 77' lang='lat' dir='ltr'>praestitisse3</span> <span class='ocrx_word' id='word_1_1045' title='bbox 1601 2373 1782 2405; x_wconf 81' lang='lat' dir='ltr'>quanquam</span> <span class='ocrx_word' id='word_1_1046' title='bbox 1804 2373 1859 2397; x_wconf 82' lang='lat' dir='ltr'>nec</span> <span class='ocrx_word' id='word_1_1047' title='bbox 1884 2363 2052 2398; x_wconf 80' lang='lat' dir='ltr'>manifesto</span> <span class='ocrx_word' id='word_1_1048' title='bbox 2076 2376 2253 2401; x_wconf 84' lang='lat' dir='ltr'>nocuerunt</span> <span class='ocrx_word' id='word_1_1049' title='bbox 2278 2390 2286 2398; x_wconf 91' lang='lat'><strong><em>.</em></strong></span> <span class='ocrx_word' id='word_1_1050' title='bbox 2327 2366 2389 2398; x_wconf 89' lang='lat' dir='ltr'>Sed</span> 
     </span>
     <span class='ocr_line' id='line_1_131' title="bbox 1380 2403 2389 2451; baseline -0.001 -10"><span class='ocrx_word' id='word_1_1051' title='bbox 1380 2409 1446 2441; x_wconf 79' lang='lat' dir='ltr'>haec</span> <span class='ocrx_word' id='word_1_1052' title='bbox 1470 2403 1553 2438; x_wconf 85' lang='lat' dir='ltr'>mihi</span> <span class='ocrx_word' id='word_1_1053' title='bbox 1577 2416 1699 2438; x_wconf 81' lang='lat' dir='ltr'>narrata</span> <span class='ocrx_word' id='word_1_1054' title='bbox 1722 2405 1820 2446; x_wconf 87' lang='lat' dir='ltr'>sunt,</span> <span class='ocrx_word' id='word_1_1055' title='bbox 1841 2417 1914 2439; x_wconf 88' lang='lat' dir='ltr'>cum</span> <span class='ocrx_word' id='word_1_1056' title='bbox 1939 2408 2078 2448; x_wconf 84' lang='lat' dir='ltr'>primurn</span> <span class='ocrx_word' id='word_1_1057' title='bbox 2102 2409 2225 2451; x_wconf 84' lang='lat' dir='ltr'>inspexi</span> <span class='ocrx_word' id='word_1_1058' title='bbox 2251 2435 2259 2450; x_wconf 92' lang='lat'>,</span> <span class='ocrx_word' id='word_1_1059' title='bbox 2292 2408 2389 2450; x_wconf 89' lang='lat' dir='ltr'>idque</span> 
     </span>
     <span class='ocr_line' id='line_1_132' title="bbox 1378 2449 2410 2494; baseline 0 -11"><span class='ocrx_word' id='word_1_1060' title='bbox 1378 2461 1440 2483; x_wconf 91' lang='lat' dir='ltr'>non</span> <span class='ocrx_word' id='word_1_1061' title='bbox 1465 2458 1538 2481; x_wconf 91' lang='lat' dir='ltr'>toto</span> <span class='ocrx_word' id='word_1_1062' title='bbox 1570 2458 1643 2481; x_wconf 81' lang='lat' dir='ltr'>ante</span> <span class='ocrx_word' id='word_1_1063' title='bbox 1667 2459 1803 2482; x_wconf 90' lang='lat' dir='ltr'>mortem</span> <span class='ocrx_word' id='word_1_1064' title='bbox 1827 2449 1937 2483; x_wconf 89' lang='lat' dir='ltr'>triduo</span> <span class='ocrx_word' id='word_1_1065' title='bbox 1957 2450 2160 2493; x_wconf 78' lang='lat' dir='ltr'>,pallidum</span> <span class='ocrx_word' id='word_1_1066' title='bbox 2181 2475 2194 2493; x_wconf 83' lang='lat'>,</span> <span class='ocrx_word' id='word_1_1067' title='bbox 2217 2452 2386 2494; x_wconf 57' lang='lat' dir='ltr'>erestaque</span> <span class='ocrx_word' id='word_1_1068' title='bbox 2408 2457 2410 2461; x_wconf 80' lang='grc'>’</span> 
     </span>
     <span class='ocr_line' id='line_1_133' title="bbox 1378 2492 2392 2536; baseline 0.001 -11"><span class='ocrx_word' id='word_1_1069' title='bbox 1378 2494 1497 2534; x_wconf 81' lang='lat' dir='ltr'>semper</span> <span class='ocrx_word' id='word_1_1070' title='bbox 1518 2493 1639 2524; x_wconf 88' lang='lat' dir='ltr'>cervice</span> <span class='ocrx_word' id='word_1_1071' title='bbox 1662 2492 1886 2534; x_wconf 89' lang='lat' dir='ltr'>respirantem.</span> <span class='ocrx_word' id='word_1_1072' title='bbox 1911 2494 1998 2527; x_wconf 89' lang='lat' dir='ltr'>Cum</span> <span class='ocrx_word' id='word_1_1073' title='bbox 2023 2493 2188 2536; x_wconf 84' lang='lat' dir='ltr'>inspiraret</span> <span class='ocrx_word' id='word_1_1074' title='bbox 2203 2519 2216 2536; x_wconf 91' lang='lat'>,</span> <span class='ocrx_word' id='word_1_1075' title='bbox 2242 2493 2392 2528; x_wconf 85' lang='lat' dir='ltr'>animad-</span> 
     </span>
     <span class='ocr_line' id='line_1_134' title="bbox 1378 2535 2391 2579; baseline 0 -10"><span class='ocrx_word' id='word_1_1076' title='bbox 1378 2537 1486 2575; x_wconf 85' lang='lat' dir='ltr'>verti,</span> <span class='ocrx_word' id='word_1_1077' title='bbox 1508 2536 1609 2569; x_wconf 87' lang='lat' dir='ltr'>imum</span> <span class='ocrx_word' id='word_1_1078' title='bbox 1632 2537 1739 2579; x_wconf 70' lang='lat' dir='ltr'>peetus</span> <span class='ocrx_word' id='word_1_1079' title='bbox 1762 2535 1854 2569; x_wconf 82' lang='lat' dir='ltr'>valde</span> <span class='ocrx_word' id='word_1_1080' title='bbox 1878 2537 2004 2569; x_wconf 87' lang='lat' dir='ltr'>attolli.</span> <span class='ocrx_word' id='word_1_1081' title='bbox 2032 2538 2103 2570; x_wconf 87' lang='lat' dir='ltr'>Nec</span> <span class='ocrx_word' id='word_1_1082' title='bbox 2127 2537 2194 2572; x_wconf 86' lang='lat' dir='ltr'>fitis</span> <span class='ocrx_word' id='word_1_1083' title='bbox 2220 2562 2233 2579; x_wconf 93' lang='lat'>,</span> <span class='ocrx_word' id='word_1_1084' title='bbox 2256 2538 2311 2572; x_wconf 81' lang='lat' dir='ltr'>nec</span> <span class='ocrx_word' id='word_1_1085' title='bbox 2337 2549 2391 2570; x_wconf 86' lang='lat' dir='ltr'>ca-</span> 
     </span>
     <span class='ocr_line' id='line_1_135' title="bbox 1381 2578 2393 2621; baseline 0.002 -8"><span class='ocrx_word' id='word_1_1086' title='bbox 1381 2580 1454 2618; x_wconf 88' lang='lat' dir='ltr'>lor,</span> <span class='ocrx_word' id='word_1_1087' title='bbox 1479 2589 1533 2611; x_wconf 88' lang='lat' dir='ltr'>nec</span> <span class='ocrx_word' id='word_1_1088' title='bbox 1558 2579 1616 2611; x_wconf 88' lang='lat' dir='ltr'>alia</span> <span class='ocrx_word' id='word_1_1089' title='bbox 1639 2578 1795 2621; x_wconf 76' lang='lat' dir='ltr'>ejusmodi</span> <span class='ocrx_word' id='word_1_1090' title='bbox 1819 2589 1905 2612; x_wconf 89' lang='lat' dir='ltr'>erant</span> <span class='ocrx_word' id='word_1_1091' title='bbox 1929 2578 2025 2613; x_wconf 79' lang='lat' dir='ltr'>febris</span> <span class='ocrx_word' id='word_1_1092' title='bbox 2050 2580 2188 2615; x_wconf 87' lang='lat' dir='ltr'>indicia.</span> <span class='ocrx_word' id='word_1_1093' title='bbox 2215 2582 2325 2616; x_wconf 86' lang='lat' dir='ltr'>Pulsus</span> <span class='ocrx_word' id='word_1_1094' title='bbox 2340 2590 2393 2615; x_wconf 84' lang='lat' dir='ltr'>ta-</span> 
     </span>
     <span class='ocr_line' id='line_1_136' title="bbox 1381 2622 2392 2668; baseline 0.003 -12"><span class='ocrx_word' id='word_1_1095' title='bbox 1381 2634 1451 2656; x_wconf 79' lang='lat' dir='ltr'>men</span> <span class='ocrx_word' id='word_1_1096' title='bbox 1477 2624 1661 2656; x_wconf 84' lang='lat' dir='ltr'>arteriarum</span> <span class='ocrx_word' id='word_1_1097' title='bbox 1684 2623 1830 2666; x_wconf 86' lang='lat' dir='ltr'>frequens</span> <span class='ocrx_word' id='word_1_1098' title='bbox 1854 2637 1862 2659; x_wconf 69' lang='grc' dir='ltr'><strong>ς</strong></span> <span class='ocrx_word' id='word_1_1099' title='bbox 1898 2622 1947 2656; x_wconf 87' lang='grc' dir='ltr'><em>[εά</em></span> <span class='ocrx_word' id='word_1_1100' title='bbox 1971 2623 2079 2657; x_wconf 90' lang='lat' dir='ltr'>cordis</span> <span class='ocrx_word' id='word_1_1101' title='bbox 2101 2647 2113 2664; x_wconf 84' lang='lat'><em>‚</em></span> <span class='ocrx_word' id='word_1_1102' title='bbox 2136 2624 2223 2668; x_wconf 89' lang='lat' dir='ltr'>quod</span> <span class='ocrx_word' id='word_1_1103' title='bbox 2251 2647 2260 2662; x_wconf 84' lang='lat'>‚</span> <span class='ocrx_word' id='word_1_1104' title='bbox 2296 2636 2392 2659; x_wconf 85' lang='lat' dir='ltr'>manu</span> 
     </span>
     <span class='ocr_line' id='line_1_137' title="bbox 1383 2665 2397 2711; baseline 0.002 -11"><span class='ocrx_word' id='word_1_1105' title='bbox 1383 2667 1509 2700; x_wconf 80' lang='lat' dir='ltr'>admota</span> <span class='ocrx_word' id='word_1_1106' title='bbox 1525 2689 1538 2706; x_wconf 93' lang='lat'>,</span> <span class='ocrx_word' id='word_1_1107' title='bbox 1562 2666 1716 2709; x_wconf 85' lang='lat' dir='ltr'>palpitare</span> <span class='ocrx_word' id='word_1_1108' title='bbox 1741 2665 1930 2708; x_wconf 82' lang='lat' dir='ltr'>videbatur,</span> <span class='ocrx_word' id='word_1_1109' title='bbox 1951 2667 2057 2700; x_wconf 90' lang='lat' dir='ltr'>multo</span> <span class='ocrx_word' id='word_1_1110' title='bbox 2072 2667 2294 2711; x_wconf 79' lang='lat' dir='ltr'>frequentior.-</span> <span class='ocrx_word' id='word_1_1111' title='bbox 2321 2676 2397 2711; x_wconf 66' lang='lat' dir='ltr'>quae</span> 
     </span>
     <span class='ocr_line' id='line_1_138' title="bbox 1382 2709 2394 2754; baseline 0.003 -12"><span class='ocrx_word' id='word_1_1112' title='bbox 1382 2711 1584 2751; x_wconf 85' lang='lat' dir='ltr'>comparatio</span> <span class='ocrx_word' id='word_1_1113' title='bbox 1608 2710 1685 2752; x_wconf 70' lang='lat' dir='ltr'>saepe</span> <span class='ocrx_word' id='word_1_1114' title='bbox 1708 2732 1717 2746; x_wconf 92' lang='lat'>,</span> <span class='ocrx_word' id='word_1_1115' title='bbox 1742 2714 1773 2744; x_wconf 68' lang='grc' dir='ltr'>δε</span> <span class='ocrx_word' id='word_1_1116' title='bbox 1795 2709 1966 2752; x_wconf 81' lang='lat' dir='ltr'>diligenter</span> <span class='ocrx_word' id='word_1_1117' title='bbox 1989 2710 2134 2745; x_wconf 82' lang='lat' dir='ltr'>instituta</span> <span class='ocrx_word' id='word_1_1118' title='bbox 2160 2736 2171 2752; x_wconf 90' lang='lat'>,</span> <span class='ocrx_word' id='word_1_1119' title='bbox 2210 2713 2332 2754; x_wconf 79' lang='lat' dir='ltr'>semper</span> <span class='ocrx_word' id='word_1_1120' title='bbox 2355 2712 2394 2745; x_wconf 82' lang='lat' dir='ltr'>ad</span> 
     </span>
     <span class='ocr_line' id='line_1_139' title="bbox 1384 2753 2394 2798; baseline 0.002 -11"><span class='ocrx_word' id='word_1_1121' title='bbox 1384 2753 1517 2787; x_wconf 84' lang='lat' dir='ltr'>eundem</span> <span class='ocrx_word' id='word_1_1122' title='bbox 1543 2753 1673 2787; x_wconf 88' lang='lat' dir='ltr'>modum</span> <span class='ocrx_word' id='word_1_1123' title='bbox 1697 2753 1858 2796; x_wconf 86' lang='lat' dir='ltr'>respondit</span> <span class='ocrx_word' id='word_1_1124' title='bbox 1883 2778 1892 2792; x_wconf 91' lang='lat'>,</span> <span class='ocrx_word' id='word_1_1125' title='bbox 1931 2762 1965 2787; x_wconf 93' lang='lat' dir='ltr'>ut</span> <span class='ocrx_word' id='word_1_1126' title='bbox 1989 2755 2021 2785; x_wconf 92' lang='lat' dir='ltr'>in</span> <span class='ocrx_word' id='word_1_1127' title='bbox 2046 2766 2084 2787; x_wconf 85' lang='lat' dir='ltr'>eo</span> <span class='ocrx_word' id='word_1_1128' title='bbox 2108 2758 2227 2797; x_wconf 83' lang='lat' dir='ltr'>pariter</span> <span class='ocrx_word' id='word_1_1129' title='bbox 2249 2755 2339 2798; x_wconf 88' lang='lat' dir='ltr'>quod</span> <span class='ocrx_word' id='word_1_1130' title='bbox 2362 2758 2394 2789; x_wconf 71' lang='grc' dir='ltr'>δε</span> 
     </span>
     <span class='ocr_line' id='line_1_140' title="bbox 1385 2796 2392 2842; baseline 0.001 -12"><span class='ocrx_word' id='word_1_1131' title='bbox 1385 2798 1570 2830; x_wconf 85' lang='lat' dir='ltr'>arteriarum</span> <span class='ocrx_word' id='word_1_1132' title='bbox 1593 2821 1604 2837; x_wconf 93' lang='lat'><em>‚</em></span> <span class='ocrx_word' id='word_1_1133' title='bbox 1638 2799 1669 2829; x_wconf 89' lang='lat'>&amp;</span> <span class='ocrx_word' id='word_1_1134' title='bbox 1693 2797 1801 2830; x_wconf 88' lang='lat' dir='ltr'>cordis</span> <span class='ocrx_word' id='word_1_1135' title='bbox 1834 2796 1939 2839; x_wconf 84' lang='lat' dir='ltr'>pulsus</span> <span class='ocrx_word' id='word_1_1136' title='bbox 1963 2798 2040 2830; x_wconf 91' lang='lat' dir='ltr'>mire</span> <span class='ocrx_word' id='word_1_1137' title='bbox 2064 2798 2159 2833; x_wconf 77' lang='lat' dir='ltr'>essent</span> <span class='ocrx_word' id='word_1_1138' title='bbox 2183 2799 2357 2842; x_wconf 70' lang='lat' dir='ltr'>inaequales</span> <span class='ocrx_word' id='word_1_1139' title='bbox 2384 2823 2392 2830; x_wconf 87' lang='lat'>.</span> 
     </span>
     <span class='ocr_line' id='line_1_141' title="bbox 1383 2837 2395 2883; baseline 0.001 -10"><span class='ocrx_word' id='word_1_1140' title='bbox 1383 2841 1488 2874; x_wconf 65' lang='lat' dir='ltr'>Aucta</span> <span class='ocrx_word' id='word_1_1141' title='bbox 1513 2837 1651 2883; x_wconf 72' lang='lat' dir='ltr'>spirandi</span> <span class='ocrx_word' id='word_1_1142' title='bbox 1674 2839 1884 2881; x_wconf 68' lang='lat' dir='ltr'>difficultate,</span> <span class='ocrx_word' id='word_1_1143' title='bbox 1908 2840 1994 2873; x_wconf 91' lang='lat' dir='ltr'>obiit</span> <span class='ocrx_word' id='word_1_1144' title='bbox 2017 2842 2185 2875; x_wconf 81' lang='lat' dir='ltr'>centesimo</span> <span class='ocrx_word' id='word_1_1145' title='bbox 2209 2843 2395 2876; x_wconf 82' lang='lat' dir='ltr'>circiterex</span> 
     </span>
     <span class='ocr_line' id='line_1_142' title="bbox 1382 2882 2395 2926; baseline 0 -9"><span class='ocrx_word' id='word_1_1146' title='bbox 1382 2896 1448 2926; x_wconf 86' lang='lat' dir='ltr'>quo</span> <span class='ocrx_word' id='word_1_1147' title='bbox 1470 2882 1537 2917; x_wconf 80' lang='lat' dir='ltr'>haec</span> <span class='ocrx_word' id='word_1_1148' title='bbox 1561 2885 1738 2926; x_wconf 77' lang='lat' dir='ltr'>inceperat,</span> <span class='ocrx_word' id='word_1_1149' title='bbox 1762 2883 1831 2917; x_wconf 86' lang='lat' dir='ltr'>die.</span> <span class='ocrx_word' id='word_1_1150' title='bbox 1963 2884 2164 2919; x_wconf 80' lang='lat' dir='ltr'>MORTUI</span> <span class='ocrx_word' id='word_1_1151' title='bbox 2189 2896 2254 2918; x_wconf 83' lang='lat' dir='ltr'>erat</span> <span class='ocrx_word' id='word_1_1152' title='bbox 2284 2886 2395 2918; x_wconf 88' lang='lat' dir='ltr'>tumi-</span> 
     </span>
     <span class='ocr_line' id='line_1_143' title="bbox 1383 2926 2396 2970; baseline -0.001 -9"><span class='ocrx_word' id='word_1_1153' title='bbox 1383 2930 1455 2961; x_wconf 91' lang='lat' dir='ltr'>dior</span> <span class='ocrx_word' id='word_1_1154' title='bbox 1479 2927 1575 2960; x_wconf 74' lang='lat' dir='ltr'>facies</span> <span class='ocrx_word' id='word_1_1155' title='bbox 1598 2951 1606 2965; x_wconf 86' lang='lat'>‚</span> <span class='ocrx_word' id='word_1_1156' title='bbox 1640 2938 1675 2960; x_wconf 88' lang='lat' dir='ltr'>ut</span> <span class='ocrx_word' id='word_1_1157' title='bbox 1699 2926 1882 2961; x_wconf 84' lang='lat' dir='ltr'>moribundi</span> <span class='ocrx_word' id='word_1_1158' title='bbox 1905 2939 2032 2970; x_wconf 84' lang='lat' dir='ltr'>quoque</span> <span class='ocrx_word' id='word_1_1159' title='bbox 2055 2928 2159 2962; x_wconf 83' lang='lat' dir='ltr'>fuerat</span> <span class='ocrx_word' id='word_1_1160' title='bbox 2183 2940 2196 2968; x_wconf 83' lang='lat'><em>;</em></span> <span class='ocrx_word' id='word_1_1161' title='bbox 2234 2928 2281 2962; x_wconf 90' lang='grc' dir='ltr'><em>[εά</em></span> <span class='ocrx_word' id='word_1_1162' title='bbox 2304 2928 2396 2970; x_wconf 78' lang='lat' dir='ltr'>pedes</span> 
     </span>
     <span class='ocr_line' id='line_1_144' title="bbox 1385 2971 2392 3011; baseline -0.001 -8"><span class='ocrx_word' id='word_1_1163' title='bbox 1385 2983 1449 3004; x_wconf 90' lang='lat' dir='ltr'>non</span> <span class='ocrx_word' id='word_1_1164' title='bbox 1472 2972 1614 3004; x_wconf 83' lang='lat' dir='ltr'>tumidi.</span> <span class='ocrx_word' id='word_1_1165' title='bbox 1637 2973 1770 3005; x_wconf 90' lang='lat' dir='ltr'>Circum</span> <span class='ocrx_word' id='word_1_1166' title='bbox 1794 2971 1931 3011; x_wconf 88' lang='lat' dir='ltr'>oculos,</span> <span class='ocrx_word' id='word_1_1167' title='bbox 1955 2973 1987 3002; x_wconf 75' lang='grc' dir='ltr'>ὃ(</span> <span class='ocrx_word' id='word_1_1168' title='bbox 2011 2972 2043 3003; x_wconf 80' lang='lat' dir='ltr'>in</span> <span class='ocrx_word' id='word_1_1169' title='bbox 2068 2972 2258 3006; x_wconf 85' lang='lat' dir='ltr'>Abdomine</span> <span class='ocrx_word' id='word_1_1170' title='bbox 2283 2973 2392 3004; x_wconf 75' lang='lat' dir='ltr'>livor.</span> 
     </span>
     <span class='ocr_line' id='line_1_145' title="bbox 1385 3014 2398 3058; baseline -0.001 -10"><span class='ocrx_word' id='word_1_1171' title='bbox 1385 3016 1463 3051; x_wconf 87' lang='lat' dir='ltr'>Quo</span> <span class='ocrx_word' id='word_1_1172' title='bbox 1485 3014 1643 3055; x_wconf 67' lang='lat' dir='ltr'>diducto,</span> <span class='ocrx_word' id='word_1_1173' title='bbox 1666 3025 1830 3048; x_wconf 89' lang='lat' dir='ltr'>omentum</span> <span class='ocrx_word' id='word_1_1174' title='bbox 1855 3015 1999 3055; x_wconf 87' lang='lat' dir='ltr'>apparuit</span> <span class='ocrx_word' id='word_1_1175' title='bbox 2023 3017 2211 3058; x_wconf 77' lang='lat' dir='ltr'>nigricans,</span> <span class='ocrx_word' id='word_1_1176' title='bbox 2237 3016 2398 3058; x_wconf 74' lang='lat' dir='ltr'>&amp;globu-</span> 
     </span>
     <span class='ocr_line' id='line_1_146' title="bbox 1386 3055 2398 3102; baseline 0 -12"><span class='ocrx_word' id='word_1_1177' title='bbox 1386 3059 1447 3098; x_wconf 84' lang='lat' dir='ltr'>lis,</span> <span class='ocrx_word' id='word_1_1178' title='bbox 1470 3058 1507 3091; x_wconf 88' lang='lat' dir='ltr'>ab</span> <span class='ocrx_word' id='word_1_1179' title='bbox 1530 3068 1661 3101; x_wconf 85' lang='lat' dir='ltr'>utraque</span> <span class='ocrx_word' id='word_1_1180' title='bbox 1684 3057 1764 3091; x_wconf 88' lang='lat' dir='ltr'>facie</span> <span class='ocrx_word' id='word_1_1181' title='bbox 1782 3083 1791 3097; x_wconf 91' lang='lat'>‚</span> <span class='ocrx_word' id='word_1_1182' title='bbox 1814 3055 1900 3100; x_wconf 80' lang='lat' dir='ltr'>quasi</span> <span class='ocrx_word' id='word_1_1183' title='bbox 1922 3058 2115 3099; x_wconf 77' lang='lat' dir='ltr'>glandulofis</span> <span class='ocrx_word' id='word_1_1184' title='bbox 2142 3070 2310 3102; x_wconf 83' lang='lat' dir='ltr'>opertum.</span> <span class='ocrx_word' id='word_1_1185' title='bbox 2340 3061 2398 3091; x_wconf 88' lang='lat' dir='ltr'>Sa-</span> 
     </span>
     <span class='ocr_line' id='line_1_147' title="bbox 1386 3099 2399 3144; baseline -0.001 -10"><span class='ocrx_word' id='word_1_1186' title='bbox 1386 3113 1443 3135; x_wconf 82' lang='lat' dir='ltr'>nus</span> <span class='ocrx_word' id='word_1_1187' title='bbox 1467 3101 1550 3134; x_wconf 86' lang='lat' dir='ltr'>lien.</span> <span class='ocrx_word' id='word_1_1188' title='bbox 1576 3105 1623 3134; x_wconf 89' lang='lat' dir='ltr'>At</span> <span class='ocrx_word' id='word_1_1189' title='bbox 1646 3099 1731 3144; x_wconf 81' lang='lat' dir='ltr'>jecur</span> <span class='ocrx_word' id='word_1_1190' title='bbox 1755 3103 1890 3135; x_wconf 80' lang='lat' dir='ltr'>exterius</span> <span class='ocrx_word' id='word_1_1191' title='bbox 1916 3101 2024 3134; x_wconf 82' lang='lat' dir='ltr'>album</span> <span class='ocrx_word' id='word_1_1192' title='bbox 2051 3127 2063 3143; x_wconf 89' lang='lat'><em>‚</em></span> <span class='ocrx_word' id='word_1_1193' title='bbox 2097 3106 2186 3136; x_wconf 87' lang='lat' dir='ltr'>intus</span> <span class='ocrx_word' id='word_1_1194' title='bbox 2210 3103 2248 3135; x_wconf 79' lang='lat' dir='ltr'>ad</span> <span class='ocrx_word' id='word_1_1195' title='bbox 2275 3101 2399 3135; x_wconf 67' lang='lat' dir='ltr'>tahan-z·</span> 
     </span>
     <span class='ocr_line' id='line_1_148' title="bbox 1386 3143 2400 3186; baseline -0.001 -8"><span class='ocrx_word' id='word_1_1196' title='bbox 1386 3146 1527 3178; x_wconf 86' lang='lat' dir='ltr'>colorem</span> <span class='ocrx_word' id='word_1_1197' title='bbox 1550 3144 1736 3178; x_wconf 82' lang='lat' dir='ltr'>accedebat:</span> <span class='ocrx_word' id='word_1_1198' title='bbox 1761 3143 1893 3178; x_wconf 80' lang='lat' dir='ltr'>vesicula</span> <span class='ocrx_word' id='word_1_1199' title='bbox 1915 3155 1981 3186; x_wconf 77' lang='lat' dir='ltr'>ejus</span> <span class='ocrx_word' id='word_1_1200' title='bbox 2007 3158 2044 3179; x_wconf 83' lang='lat' dir='ltr'>ex</span> <span class='ocrx_word' id='word_1_1201' title='bbox 2068 3146 2141 3179; x_wconf 83' lang='lat' dir='ltr'>albo</span> <span class='ocrx_word' id='word_1_1202' title='bbox 2153 3147 2234 3181; x_wconf 83' lang='lat' dir='ltr'>flava</span> <span class='ocrx_word' id='word_1_1203' title='bbox 2250 3172 2257 3186; x_wconf 89' lang='lat'>,</span> <span class='ocrx_word' id='word_1_1204' title='bbox 2283 3149 2313 3178; x_wconf 65' lang='grc' dir='ltr'>δε</span> <span class='ocrx_word' id='word_1_1205' title='bbox 2328 3146 2400 3177; x_wconf 89' lang='lat' dir='ltr'>val-</span> 
     </span>
     <span class='ocr_line' id='line_1_149' title="bbox 1388 3188 2402 3232; baseline -0.001 -10"><span class='ocrx_word' id='word_1_1206' title='bbox 1388 3188 1426 3222; x_wconf 86' lang='lat' dir='ltr'>de</span> <span class='ocrx_word' id='word_1_1207' title='bbox 1449 3190 1629 3222; x_wconf 58' lang='lat' dir='ltr'>contraeta.</span> <span class='ocrx_word' id='word_1_1208' title='bbox 1655 3188 1762 3232; x_wconf 87' lang='lat' dir='ltr'>Ipsum</span> <span class='ocrx_word' id='word_1_1209' title='bbox 1784 3199 1858 3221; x_wconf 87' lang='lat' dir='ltr'>vero</span> <span class='ocrx_word' id='word_1_1210' title='bbox 1883 3199 1938 3231; x_wconf 86' lang='lat' dir='ltr'>per</span> <span class='ocrx_word' id='word_1_1211' title='bbox 1960 3197 2068 3222; x_wconf 81' lang='lat' dir='ltr'>tenues</span> <span class='ocrx_word' id='word_1_1212' title='bbox 2083 3191 2329 3222; x_wconf 75' lang='lat' dir='ltr'>membranaceas</span> <span class='ocrx_word' id='word_1_1213' title='bbox 2354 3198 2402 3221; x_wconf 82' lang='lat' dir='ltr'>te-</span> 
     </span>
     <span class='ocr_line' id='line_1_150' title="bbox 1391 3232 2400 3276; baseline 0.001 -12"><span class='ocrx_word' id='word_1_1214' title='bbox 1391 3233 1437 3265; x_wconf 87' lang='lat' dir='ltr'>las</span> <span class='ocrx_word' id='word_1_1215' title='bbox 1460 3232 1497 3266; x_wconf 88' lang='lat' dir='ltr'>ad</span> <span class='ocrx_word' id='word_1_1216' title='bbox 1522 3234 1683 3275; x_wconf 86' lang='lat' dir='ltr'>proximas</span> <span class='ocrx_word' id='word_1_1217' title='bbox 1696 3242 1797 3274; x_wconf 82' lang='lat' dir='ltr'>partes</span> <span class='ocrx_word' id='word_1_1218' title='bbox 1811 3255 1822 3271; x_wconf 82' lang='grc'>,</span> <span class='ocrx_word' id='word_1_1219' title='bbox 1845 3232 2061 3273; x_wconf 71' lang='lat' dir='ltr'>&amp;praesertim</span> <span class='ocrx_word' id='word_1_1220' title='bbox 2075 3234 2113 3266; x_wconf 85' lang='lat' dir='ltr'>ad</span> <span class='ocrx_word' id='word_1_1221' title='bbox 2137 3234 2259 3276; x_wconf 85' lang='lat' dir='ltr'>septum</span> <span class='ocrx_word' id='word_1_1222' title='bbox 2277 3232 2400 3266; x_wconf 86' lang='lat' dir='ltr'>Trans-</span> 
     </span>
     <span class='ocr_line' id='line_1_151' title="bbox 1392 3276 2400 3318; baseline -0.001 -11"><span class='ocrx_word' id='word_1_1223' title='bbox 1392 3277 1537 3316; x_wconf 82' lang='lat' dir='ltr'>versum,</span> <span class='ocrx_word' id='word_1_1224' title='bbox 1560 3278 1657 3309; x_wconf 86' lang='lat' dir='ltr'>etiam</span> <span class='ocrx_word' id='word_1_1225' title='bbox 1681 3288 1741 3317; x_wconf 87' lang='lat' dir='ltr'>qua</span> <span class='ocrx_word' id='word_1_1226' title='bbox 1774 3276 1916 3318; x_wconf 85' lang='lat' dir='ltr'>alioquin</span> <span class='ocrx_word' id='word_1_1227' title='bbox 1941 3287 2001 3308; x_wconf 85' lang='lat' dir='ltr'>non</span> <span class='ocrx_word' id='word_1_1228' title='bbox 2028 3277 2104 3309; x_wconf 88' lang='lat' dir='ltr'>solet</span> <span class='ocrx_word' id='word_1_1229' title='bbox 2129 3303 2136 3312; x_wconf 84' lang='grc'>,</span> <span class='ocrx_word' id='word_1_1230' title='bbox 2178 3276 2366 3318; x_wconf 63' lang='lat' dir='ltr'>alligabatur</span> <span class='ocrx_word' id='word_1_1231' title='bbox 2391 3298 2400 3306; x_wconf 90' lang='lat'><strong>.</strong></span> 
     </span>
     <span class='ocr_line' id='line_1_152' title="bbox 1394 3320 2401 3362; baseline -0.002 -9"><span class='ocrx_word' id='word_1_1232' title='bbox 1394 3322 1474 3354; x_wconf 83' lang='lat' dir='ltr'>Erat</span> <span class='ocrx_word' id='word_1_1233' title='bbox 1496 3329 1601 3353; x_wconf 87' lang='lat' dir='ltr'>autem</span> <span class='ocrx_word' id='word_1_1234' title='bbox 1625 3321 1836 3361; x_wconf 82' lang='lat' dir='ltr'>peritonaeum</span> <span class='ocrx_word' id='word_1_1235' title='bbox 1859 3331 1921 3362; x_wconf 84' lang='lat' dir='ltr'>qua</span> <span class='ocrx_word' id='word_1_1236' title='bbox 1947 3320 2067 3361; x_wconf 83' lang='lat' dir='ltr'>septum</span> <span class='ocrx_word' id='word_1_1237' title='bbox 2104 3320 2185 3353; x_wconf 79' lang='lat' dir='ltr'>illud</span> <span class='ocrx_word' id='word_1_1238' title='bbox 2208 3320 2360 3353; x_wconf 79' lang='lat' dir='ltr'>convestit</span> <span class='ocrx_word' id='word_1_1239' title='bbox 2390 3340 2401 3356; x_wconf 94' lang='lat'>‚</span> 
     </span>
     <span class='ocr_line' id='line_1_153' title="bbox 1393 3363 2402 3406; baseline -0.003 -10"><span class='ocrx_word' id='word_1_1240' title='bbox 1393 3363 1536 3406; x_wconf 82' lang='lat' dir='ltr'>asperum</span> <span class='ocrx_word' id='word_1_1241' title='bbox 1560 3365 1664 3406; x_wconf 86' lang='lat' dir='ltr'>parvis</span> <span class='ocrx_word' id='word_1_1242' title='bbox 1687 3363 1877 3405; x_wconf 80' lang='lat' dir='ltr'>quibusdam</span> <span class='ocrx_word' id='word_1_1243' title='bbox 1900 3363 1986 3405; x_wconf 83' lang='lat' dir='ltr'>quasi</span> <span class='ocrx_word' id='word_1_1244' title='bbox 2008 3363 2176 3406; x_wconf 81' lang='lat' dir='ltr'>globulis,</span> <span class='ocrx_word' id='word_1_1245' title='bbox 2200 3363 2402 3405; x_wconf 59' lang='lat' dir='ltr'>magnitudi-</span> 
     </span>
    </p>

    <p class='ocr_par' dir='ltr' id='par_1_15' title="bbox 1395 3405 2402 3537">
     <span class='ocr_line' id='line_1_154' title="bbox 1396 3405 2402 3450; baseline 0 -11"><span class='ocrx_word' id='word_1_1246' title='bbox 1396 3418 1454 3443; x_wconf 89' lang='lat' dir='ltr'>ne,</span> <span class='ocrx_word' id='word_1_1247' title='bbox 1480 3409 1511 3439; x_wconf 66' lang='grc' dir='ltr'>δε</span> <span class='ocrx_word' id='word_1_1248' title='bbox 1535 3405 1637 3439; x_wconf 85' lang='lat' dir='ltr'>forma</span> <span class='ocrx_word' id='word_1_1249' title='bbox 1661 3409 1754 3441; x_wconf 83' lang='lat' dir='ltr'>variis</span> <span class='ocrx_word' id='word_1_1250' title='bbox 1776 3432 1783 3438; x_wconf 93' lang='lat'><em>.</em></span> <span class='ocrx_word' id='word_1_1251' title='bbox 1820 3409 1920 3440; x_wconf 85' lang='lat' dir='ltr'>Porro</span> <span class='ocrx_word' id='word_1_1252' title='bbox 1944 3418 2025 3450; x_wconf 87' lang='lat' dir='ltr'>aqua</span> <span class='ocrx_word' id='word_1_1253' title='bbox 2047 3418 2085 3440; x_wconf 85' lang='lat' dir='ltr'>ex</span> <span class='ocrx_word' id='word_1_1254' title='bbox 2125 3408 2210 3441; x_wconf 86' lang='lat' dir='ltr'>flavo</span> <span class='ocrx_word' id='word_1_1255' title='bbox 2234 3408 2336 3440; x_wconf 86' lang='lat' dir='ltr'>virens</span> <span class='ocrx_word' id='word_1_1256' title='bbox 2367 3406 2402 3437; x_wconf 87' lang='lat' dir='ltr'>in</span> 
     </span>
     <span class='ocr_line' id='line_1_155' title="bbox 1395 3448 2399 3492; baseline -0.001 -11"><span class='ocrx_word' id='word_1_1257' title='bbox 1395 3459 1505 3482; x_wconf 85' lang='lat' dir='ltr'>ventre</span> <span class='ocrx_word' id='word_1_1258' title='bbox 1529 3461 1591 3483; x_wconf 85' lang='lat' dir='ltr'>non</span> <span class='ocrx_word' id='word_1_1259' title='bbox 1614 3450 1739 3484; x_wconf 87' lang='lat' dir='ltr'>deerat.</span> <span class='ocrx_word' id='word_1_1260' title='bbox 1875 3448 2038 3484; x_wconf 89' lang='lat' dir='ltr'>Thoracis</span> <span class='ocrx_word' id='word_1_1261' title='bbox 2062 3462 2140 3483; x_wconf 87' lang='lat' dir='ltr'>vero</span> <span class='ocrx_word' id='word_1_1262' title='bbox 2153 3461 2322 3492; x_wconf 85' lang='lat' dir='ltr'>utrumque</span> <span class='ocrx_word' id='word_1_1263' title='bbox 2346 3459 2399 3481; x_wconf 87' lang='lat' dir='ltr'>ca-</span> 
     </span>
     <span class='ocr_line' id='line_1_156' title="bbox 1399 3492 2402 3537; baseline 0.003 -12"><span class='ocrx_word' id='word_1_1264' title='bbox 1399 3504 1473 3526; x_wconf 86' lang='lat' dir='ltr'>vum</span> <span class='ocrx_word' id='word_1_1265' title='bbox 1497 3492 1725 3535; x_wconf 82' lang='lat' dir='ltr'>ejusdemmodi</span> <span class='ocrx_word' id='word_1_1266' title='bbox 1749 3505 1826 3537; x_wconf 87' lang='lat' dir='ltr'>aqua</span> <span class='ocrx_word' id='word_1_1267' title='bbox 1848 3493 2001 3535; x_wconf 86' lang='lat' dir='ltr'>implebat</span> <span class='ocrx_word' id='word_1_1268' title='bbox 2032 3507 2041 3526; x_wconf 88' lang='lat'><em>:</em></span> <span class='ocrx_word' id='word_1_1269' title='bbox 2064 3505 2134 3536; x_wconf 80' lang='lat' dir='ltr'>quae</span> <span class='ocrx_word' id='word_1_1270' title='bbox 2157 3497 2234 3528; x_wconf 89' lang='lat' dir='ltr'>dum</span> <span class='ocrx_word' id='word_1_1271' title='bbox 2257 3493 2402 3535; x_wconf 66' lang='lat' dir='ltr'>spongiis</span> 
     </span>
    </p>
   </div>
   <div class='ocr_carea' id='block_1_5' title="bbox 349 3535 2403 3586">
    <p class='ocr_par' dir='ltr' id='par_1_16' title="bbox 349 3535 2403 3586">
     <span class='ocr_line' id='line_1_157' title="bbox 349 3535 2403 3586; baseline -0.005 -8"><span class='ocrx_word' id='word_1_1272' title='bbox 349 3543 444 3586; x_wconf 77' lang='lat' dir='ltr'>hujus</span> <span class='ocrx_word' id='word_1_1273' title='bbox 468 3553 581 3575; x_wconf 84' lang='lat' dir='ltr'>cavum</span> <span class='ocrx_word' id='word_1_1274' title='bbox 595 3538 800 3583; x_wconf 74' lang='lat' dir='ltr'>pervenisset,</span> <span class='ocrx_word' id='word_1_1275' title='bbox 825 3536 1030 3579; x_wconf 76' lang='lat' dir='ltr'>ambiguum.</span> <span class='ocrx_word' id='word_1_1276' title='bbox 1057 3536 1145 3569; x_wconf 85' lang='lat' dir='ltr'>Nam</span> <span class='ocrx_word' id='word_1_1277' title='bbox 1160 3535 1213 3570; x_wconf 78' lang='lat' dir='ltr'>etii</span> <span class='ocrx_word' id='word_1_1278' title='bbox 1238 3545 1349 3567; x_wconf 79' lang='lat' dir='ltr'>ciuen-</span> <span class='ocrx_word' id='word_1_1279' title='bbox 1398 3537 1668 3579; x_wconf 72' lang='lat' dir='ltr'>exhauriebatur,</span> <span class='ocrx_word' id='word_1_1280' title='bbox 1690 3537 1791 3571; x_wconf 87' lang='lat' dir='ltr'>videre</span> <span class='ocrx_word' id='word_1_1281' title='bbox 1802 3547 1866 3571; x_wconf 83' lang='lat' dir='ltr'>erat</span> <span class='ocrx_word' id='word_1_1282' title='bbox 1890 3535 1940 3570; x_wconf 83' lang='lat' dir='ltr'>his</span> <span class='ocrx_word' id='word_1_1283' title='bbox 1954 3536 2146 3571; x_wconf 67' lang='lat' dir='ltr'>adhaerentia</span> <span class='ocrx_word' id='word_1_1284' title='bbox 2168 3549 2241 3572; x_wconf 88' lang='lat' dir='ltr'>curn</span> <span class='ocrx_word' id='word_1_1285' title='bbox 2261 3535 2403 3579; x_wconf 68' lang='lat' dir='ltr'>gelacina</span> 
     </span>
    </p>
   </div>
   <div class='ocr_carea' id='block_1_6' title="bbox 2283 3590 2361 3621">
    <p class='ocr_par' dir='ltr' id='par_1_17' title="bbox 2283 3590 2361 3621">
     <span class='ocr_line' id='line_1_158' title="bbox 2283 3590 2361 3621; baseline 0 -10"><span class='ocrx_word' id='word_1_1286' title='bbox 2283 3590 2361 3621; x_wconf 86' lang='lat' dir='ltr'>qua-</span> 
     </span>
    </p>
   </div>
   <div class='ocr_carea' id='block_1_7' title="bbox 349 3657 2407 3676">
    <p class='ocr_par' dir='ltr' id='par_1_18' title="bbox 349 3657 2407 3676">
     <span class='ocr_line' id='line_1_159' title="bbox 349 3657 2407 3676; baseline -0.01 0"><span class='ocrx_word' id='word_1_1287' title='bbox 349 3657 2407 3676; x_wconf 49' lang='lat' dir='ltr'><em>W</em></span> 
     </span>
    </p>
   </div>
   <div class='ocr_carea' id='block_1_8' title="bbox 411 3716 920 3755">
    <p class='ocr_par' dir='ltr' id='par_1_19' title="bbox 411 3716 920 3755">
     <span class='ocr_line' id='line_1_160' title="bbox 411 3716 920 3755; baseline -0.022 0"><span class='ocrx_word' id='word_1_1288' title='bbox 411 3722 559 3755; x_wconf 72' lang='lat' dir='ltr'>(13n.9.</span> <span class='ocrx_word' id='word_1_1289' title='bbox 578 3727 615 3747; x_wconf 85' lang='lat' dir='ltr'>u.</span> <span class='ocrx_word' id='word_1_1290' title='bbox 629 3727 668 3750; x_wconf 81' lang='lat'>¹5·</span> <span class='ocrx_word' id='word_1_1291' title='bbox 732 3720 746 3748; x_wconf 89' lang='lat'>(</span> <span class='ocrx_word' id='word_1_1292' title='bbox 762 3716 859 3749; x_wconf 65' lang='lat' dir='ltr'>aleb.</span> <span class='ocrx_word' id='word_1_1293' title='bbox 876 3717 920 3744; x_wconf 73' lang='lat' dir='ltr'>cit.</span> 
     </span>
    </p>
   </div>
   <div class='ocr_carea' id='block_1_9' title="bbox 981 3715 1670 3749">
    <p class='ocr_par' dir='ltr' id='par_1_20' title="bbox 981 3715 1670 3749">
     <span class='ocr_line' id='line_1_161' title="bbox 981 3715 1670 3749; baseline 0 -8"><span class='ocrx_word' id='word_1_1294' title='bbox 981 3716 991 3747; x_wconf 84' lang='lat'>(</span> <span class='ocrx_word' id='word_1_1295' title='bbox 1007 3724 1023 3741; x_wconf 87' lang='lat' dir='ltr'><em>a</em></span> <span class='ocrx_word' id='word_1_1296' title='bbox 1038 3717 1052 3747; x_wconf 86' lang='lat'>)</span> <span class='ocrx_word' id='word_1_1297' title='bbox 1068 3717 1083 3742; x_wconf 90' lang='lat' dir='ltr'>l.</span> <span class='ocrx_word' id='word_1_1298' title='bbox 1095 3725 1118 3741; x_wconf 87' lang='lat'>2.</span> <span class='ocrx_word' id='word_1_1299' title='bbox 1133 3715 1158 3743; x_wconf 77' lang='lat' dir='ltr'>S.</span> <span class='ocrx_word' id='word_1_1300' title='bbox 1166 3726 1188 3748; x_wconf 89' lang='lat'>7.</span> <span class='ocrx_word' id='word_1_1301' title='bbox 1207 3717 1231 3742; x_wconf 86' lang='lat' dir='ltr'>in</span> <span class='ocrx_word' id='word_1_1302' title='bbox 1247 3716 1366 3742; x_wconf 58' lang='lat' dir='ltr'>&amp;horati</span> <span class='ocrx_word' id='word_1_1303' title='bbox 1383 3717 1490 3749; x_wconf 83' lang='lat' dir='ltr'>Obs.25.</span> <span class='ocrx_word' id='word_1_1304' title='bbox 1505 3717 1530 3743; x_wconf 89' lang='lat' dir='ltr'>in</span> <span class='ocrx_word' id='word_1_1305' title='bbox 1546 3717 1670 3743; x_wconf 80' lang='lat' dir='ltr'>Additam.</span> 
     </span>
    </p>
   </div>
   <div class='ocr_carea' id='block_1_10' title="bbox 1733 3713 2405 3748">
    <p class='ocr_par' dir='ltr' id='par_1_21' title="bbox 1733 3713 2405 3748">
     <span class='ocr_line' id='line_1_162' title="bbox 1733 3713 2405 3748; baseline -0.012 -4"><span class='ocrx_word' id='word_1_1306' title='bbox 1733 3717 1774 3748; x_wconf 77' lang='lat' dir='ltr'>(b</span> <span class='ocrx_word' id='word_1_1307' title='bbox 1793 3719 1802 3748; x_wconf 70' lang='lat' dir='ltr'>l</span> <span class='ocrx_word' id='word_1_1308' title='bbox 1818 3717 1942 3743; x_wconf 61' lang='lat' dir='ltr'>sesteas.</span> <span class='ocrx_word' id='word_1_1309' title='bbox 1953 3717 2011 3743; x_wconf 59' lang='lat' dir='ltr'>obs.</span> <span class='ocrx_word' id='word_1_1310' title='bbox 2025 3717 2096 3746; x_wconf 84' lang='lat'>91.&amp;</span> <span class='ocrx_word' id='word_1_1311' title='bbox 2111 3717 2137 3741; x_wconf 81' lang='lat' dir='ltr'>in</span> <span class='ocrx_word' id='word_1_1312' title='bbox 2153 3716 2277 3741; x_wconf 72' lang='lat' dir='ltr'>Adjitainv</span> <span class='ocrx_word' id='word_1_1313' title='bbox 2294 3713 2351 3739; x_wconf 63' lang='grc' dir='ltr'>ΟΜ.</span> <span class='ocrx_word' id='word_1_1314' title='bbox 2362 3715 2405 3743; x_wconf 57' lang='lat'>43·</span> 
     </span>
    </p>
   </div>
  </div>
 </body>
</html>
