2498 4075
513 212 670 306 Epist.
708 239 871 293 Anae
898 225 1108 294 Medica
1129 236 1323 294 *Lxxz
1354 239 1478 289 Art.
1494 238 1544 290 6.
1562 254 1606 301 7.
1620 236 1724 303 8.·9.
1742 238 1798 293 at.
1813 253 1890 291 ιο.

2052 251 2142 303 4ςα

177 299 369 353 Latitudine
381 327 453 354 erat
466 318 643 353 mediocri:
667 327 727 351 nec
739 316 828 352 aliud
838 328 935 361 quam
951 317 1063 351 'albam
1073 315 1177 359 quan-
1225 325 1289 357 que
1311 312 1345 346 in
1368 311 1553 347 Theatrum
1574 313 1708 348 cadaver
1729 313 1858 349 illatum
1880 312 1927 349 est
1949 317 1962 352 3
1983 309 2073 358 duod
2095 315 2157 359 qui
2174 324 2215 349 a·

174 362 270 400 dam,
292 365 323 396 &
345 367 475 396 tenuem
496 359 584 404 quasi
606 360 800 402 pulticulam
809 360 1018 398 continebat,
1041 360 1174 393 alimen-

177 408 288 437 totum
301 429 311 446 ,
335 415 371 439 ut
394 407 514 446 opinor
528 427 541 444 ,
562 413 703 445 quorum
726 412 830 445 partes
851 402 999 445 quedam
1020 411 1171 435 nonnun-

175 457 275 488 quam
299 447 506 486 restitissent,
529 446 700 488 reliquias.
729 445 871 479 Nihilne
892 447 1017 489 igitur,
1038 444 1171 488 inquis,

173 490 210 522 in
235 492 415 524 ventriculo
438 498 507 524 erat
531 489 654 531 argenti
680 489 745 521 vivi
768 492 781 521 ?
804 488 896 523 fuisse
918 511 930 527 ,
965 487 1061 521 credo
1083 500 1093 524 ς
1116 485 1170 536 sed

175 531 254 566 dum
278 532 475 567 ventriculus
499 533 743 571 dimoveretur,
766 533 801 564 in
826 530 1023 565 Diodenum
1046 528 1171 563 intesti-

175 585 255 608 num
271 574 452 609 transiisse.
477 576 516 609 In
537 585 604 617 quo
627 574 784 607 nimirum
798 595 807 610 ,
828 573 925 615 paulo
947 581 1020 606 ante
1044 583 1097 614 per
1120 573 1172 605 in-

174 616 294 659 jeRum
320 619 488 653 vinculum
521 628 587 653 non
612 617 718 650 multo
741 615 826 650 infra
850 616 1003 658 pylorum
1037 614 1172 649 constri-

166 659 252 699 RO,
274 660 314 695 ad
338 660 528 694 sescunciam
552 667 718 701 repertum
739 660 783 692 est
807 669 817 696 3
839 668 870 691 at
896 658 1019 693 nullum
1043 659 1077 690 in
1102 657 1174 691 reli-

174 703 249 744 quis
271 703 429 737 intestinis
453 726 465 741 ,
497 700 577 735 sicut
603 701 626 733 ii
649 701 769 743 quibus
791 701 975 744 inquirendi
999 711 1075 734 cura
1098 700 1174 732 data

176 745 284 779 fuerat
294 769 307 787 ,
331 740 510 780 retulerunt
526 767 534 776 .
560 742 620 777 Sed
633 742 700 777 haec
715 743 819 786 postea
830 768 839 777 .
863 744 969 777 Antea
983 752 1092 778 autem
1100 753 1185 776 cum

175 789 286 831 pylori
310 787 418 823 sedern
442 788 582 822 exterius
603 786 834 820 contreecando
856 811 867 826 ,
889 787 1043 821 duritiem
1067 796 1175 827 perce-

175 829 312 876 piffem;
340 830 563 865 ventriculum
588 828 760 872 aperiendo
782 852 795 870 ,
817 829 926 872 pylori
950 830 1104 863 annulum
1128 830 1176 862 vi-

174 872 285 908 deram
306 875 341 907 in
364 874 466 914 duas,
488 872 591 907 ‘tresve
615 882 680 905 non
704 883 835 915 magnas
857 872 990 915 quidem
1010 894 1020 911 ‚
1043 871 1094 906 sed
1117 872 1176 906 du-

175 926 226 950 ras
242 941 251 957 ‚
277 918 537 960 protuberantias
559 914 646 958 quasi
669 915 808 950 divisum
832 940 840 948 .
874 917 965 950 Dura
989 925 1055 950 erat
1078 916 1177 950 etiam

177 961 354 995 ventriculi
379 972 451 1004 pars
474 960 593 1004 pyloro
603 959 751 1001 proxima
775 959 814 992 ad
837 960 977 1001 spatium
989 957 1177 993 binitrans-

177 1003 257 1038 versi
281 1003 404 1047 digiti,
426 1001 743 1039 craffioribus-faetis
767 1002 814 1036 ibi
836 1003 955 1038 tunicis
979 1027 989 1043 ,
1010 1006 1042 1036 δι
1066 1001 1104 1036 ad
1127 1001 1180 1036 os-

179 1046 262 1081 seam
283 1047 440 1082 duritiem
464 1046 709 1085 accedentibus,
733 1054 798 1079 non
808 1054 914 1079 tamen
939 1057 1045 1080 revera
1067 1044 1179 1086 osseis,

178 1101 280 1132 neque
303 1102 373 1125 eam
397 1100 521 1134 partem
553 1089 791 1123 coaretantibus
813 1111 824 1127 ,
857 1089 909 1124 sed
931 1089 1020 1133 quod
1053 1087 1181 1123 flexiles

180 1134 287 1168 minus
309 1135 432 1173 essent,
459 1134 612 1168 alimenta
635 1133 669 1166 in
694 1131 888 1166 Duodenum
911 1131 1102 1167 intestinum
1134 1131 1181 1165 sa-

181 1178 227 1210 tis
247 1178 438 1221 compellere
460 1188 524 1211 non
550 1176 728 1210 valentibus
739 1194 751 1210 ,ι
774 1176 890 1209 Praeter
909 1175 977 1210 haec
991 1200 1001 1215 ,
1023 1178 1054 1209 ἃ
1076 1176 1180 1209 levem

179 1222 215 1254 in
239 1221 411 1255 ventriculi
434 1220 589 1262 interiore
613 1219 694 1253 facie
718 1218 877 1258 livorem,
902 1222 960 1262 qui
985 1219 1025 1253 ab
1049 1219 1182 1253 indura-

180 1265 225 1298 tis
249 1264 314 1298 illis
337 1264 457 1298 tunicis
479 1263 518 1298 ad
540 1263 820 1297 brevemtraetum
845 1263 1181 1304 extendebatur,nul-

183 1308 253 1341 lum
276 1309 363 1341 aliud
385 1309 507 1341 vitium
531 1308 564 1339 in
597 1318 636 1340 eo
667 1306 783 1339 viscere
815 1306 1052 1340 animadverti.

180 1350 298 1384 Sanam
324 1360 433 1385 autem
458 1350 597 1385 exterius
621 1349 774 1389 vesicam,
799 1351 830 1382 &
853 1350 926 1382 lotii
951 1361 1016 1382 non
1041 1349 1180 1384 multum

179 1395 432 1435 continentem,
453 1406 531 1429 cum
550 1403 643 1430 >antea
665 1393 698 1426 in
723 1394 775 1426 sua
799 1391 867 1426 sede
900 1390 1081 1435 speetaffem
1103 1416 1116 1433 ,
1148 1395 1181 1426 δέ

179 1437 338 1472 nonnulla
361 1449 433 1481 quae·
458 1437 553 1480 hujus
566 1437 630 1471 loci
654 1447 719 1470 non
743 1435 839 1476 sunt,
861 1435 1084 1475 adnotassem5
1107 1447 1180 1479 ape-

181 1481 259 1520 rui,
284 1480 454 1524 sanamque
477 1483 612 1516 interius
636 1482 755 1522 pariter
777 1482 940 1522 comperi,
966 1489 1001 1513 ut
1025 1482 1179 1513 annexam

180 1534 313 1567 quoque
335 1524 524 1560 urethram.
548 1524 606 1558 Sed
630 1524 750 1557 nullam
774 1525 910 1557 omnino
934 1523 970 1557 ad
993 1523 1183 1563 orificium,

181 1566 265 1601 unde
287 1568 355 1602 haec
378 1570 520 1611 incipit,
544 1568 651 1601 videre
675 1567 843 1608 potuimus
866 1566 1097 1600 subrotundam
1111 1578 1184 1609 pro-

178 1610 417 1650 tuberantiam,
442 1612 476 1646 id
500 1611 542 1645 est
565 1611 737 1649 Uvulam5
759 1622 835 1644 cum
856 1610 913 1644 ubi
935 1610 1003 1645 haec
1037 1608 1096 1643 esse
1120 1611 1179 1643 de-

180 1653 300 1688 buisset>
324 1679 333 1694 ,
367 1656 484 1690 lineola
506 1654 562 1688 illa
586 1655 756 1688 dumtaxat
793 1655 898 1687 tenuis
920 1653 954 1687 in
976 1652 1184 1698 conspersum

183 1699 308 1731 veniret
325 1719 335 1735 ,
357 1711 453 1742 quae,
475 1699 526 1733 uti
549 1697 712 1735 soletffl‘in
735 1698 929 1731 Seminalem
973 1696 1182 1732 carunculam

184 1741 353 1780 desinebat
369 1767 377 1776 .
993 1773 995 1775 ,

229 1788 251 1818 6
277 1785 483 1828 Qanquam
511 1784 587 1818 alias
623 1782 770 1819 incidisse
792 1795 857 1817 non
881 1783 1016 1818 memini
1048 1783 1081 1817 in
1106 1783 1186 1826 septi

183 1827 370 1862 Transversi
392 1828 662 1868 oflificationem;
685 1830 792 1861 cordis
816 1826 988 1861 tamenilla
1012 1836 1103 1860 tanta
1115 1840 1186 1870 par-

183 1874 287 1910 vitas,
311 1875 343 1906 δι
364 1871 466 1906 aliena
491 1870 570 1906 adeo
593 1872 634 1904 ab
657 1880 776 1905 naturae
800 1870 1031 1905 consuetudine
1063 1873 1184 1905 ventri-

183 1915 252 1951 culi
281 1913 367 1950 sedes
390 1926 498 1950 meum
521 1915 617 1957 longe
641 1916 743 1956 magis
768 1916 911 1950 animum
945 1914 1147 1958 perculerunt
1172 1927 1183 1952 ς

187 1970 252 1994 non
275 1958 370 1993 facile
396 1960 617 1998 invenientem
640 1959 800 1992 rationem
823 1970 887 2009 qua
918 1968 1023 1993 utram
1050 1969 1088 1992 ue
1112 1957 1184 1991 illa-

185 2013 260 2037 rum
283 2014 358 2038 cum
382 2002 424 2035 iis
446 2002 654 2050 conciliarem
677 2012 749 2045 quae
770 2003 805 2039 in
829 2013 907 2036 vivo
930 2010 1001 2037 tum
1041 2010 1152 2035 uerant
1174 2025 1186 2042 ,
1208 2002 1211 2009 '

169 2055 263 2080 >tum
286 2045 453 2080 defuerant
469 2070 480 2078 .
504 2044 594 2079 Nam
618 2045 641 2079 h
664 2053 701 2078 ut
724 2055 856 2080 caeteros
866 2044 1051 2084 musculos,
1074 2046 1120 2079 ita
1131 2055 1188 2078 cor

188 2099 320 2133 quoque
342 2091 377 2123 in
402 2090 504 2123 macie
526 2098 669 2123 extrema
692 2088 844 2123 imminui
855 2100 996 2132 unquam
1020 2087 1184 2126 vidissem3

187 2143 254 2174 non
277 2143 451 2175 quaererem
474 2142 561 2167 certe
582 2130 751 2175 quomodo
774 2142 848 2167 ante
860 2133 994 2167 maciem
1017 2131 1126 2174 bajulo
1136 2144 1191 2165 ro-

188 2176 250 2210 bur
273 2176 419 2219 praestare
442 2173 609 2210 valuisset.
632 2174 728 2210 Num
750 2175 854 2218 igitur
874 2176 962 2219 quod
985 2186 1042 2211 cor
1052 2186 1118 2213 non
1131 2187 1190 2217 po-

187 2229 293 2260 terat,
319 2218 508 2263 supplebant
533 2220 658 2254 arteriae
681 2222 693 2251 ?
726 2218 787 2254 Sed
817 2219 986 2262 quomodo
1017 2230 1034 2253 a
1056 2218 1154 2253 corde
1175 2240 1188 2259 ‚

186 2263 313 2302 omitto
335 2272 372 2297 ut
396 2273 516 2300 carne,
537 2263 583 2296 ita
606 2262 733 2297 viribus
756 2263 863 2298 minus
884 2262 994 2297 valido
1010 2284 1020 2300 ‚
1055 2271 1086 2296 at
1110 2274 1189 2305 pro-

188 2315 261 2350 pter
283 2308 475 2348 parvitatem
498 2316 636 2347 paucum
648 2303 856 2348 sanguinem,
879 2318 977 2349 quem
987 2307 1022 2339 in
1045 2316 1095 2340 eas
1111 2316 1189 2344 con-

191 2349 359 2391 truderet,
381 2349 543 2389 habente,
565 2351 672 2392 urgeri
694 2360 802 2384 earum
834 2352 967 2393 parietes
990 2349 1064 2383 satis
1096 2359 1189 2392 pote-

189 2402 284 2433 rant,
306 2401 344 2427 ut
367 2404 445 2427 mox
468 2393 625 2426 valentius
648 2391 678 2427 se
699 2393 922 2435 restituerent,
943 2393 1102 2435 illumque
1114 2404 1189 2435 pro-

191 2436 369 2479 pellerent?
391 2438 472 2471 Haec
496 2435 558 2469 tibi
579 2435 637 2478 qui
660 2437 797 2479 ingenio
828 2437 929 2480 polles
951 2458 961 2474 ‚
991 2435 1189 2478 dispicienda

190 2481 296 2515 libens
317 2481 468 2523 relinquo
484 2504 493 2519 ,
518 2489 554 2513 ut
575 2477 659 2513 illud
682 2481 800 2521 pariter
822 2480 911 2524 quod
935 2479 972 2514 ad
995 2478 1088 2514 istam
1112 2480 1188 2513 atti-

192 2532 247 2558 net
271 2524 443 2558 ventriculi
466 2522 588 2557 sedem.
614 2522 704 2557 Nam
728 2533 784 2558 aut
808 2535 825 2556 a
849 2523 1034 2566 primordiis
1056 2545 1069 2563 ,
1092 2532 1148 2557 aut
1170 2535 1187 2557 a

192 2566 288 2601 causa
309 2577 458 2611 repetas,
472 2563 598 2613 ,necesse
620 2565 779 2610 est,‘quae
801 2566 868 2609 ejus
891 2566 1019 2602 visceris
1042 2568 1186 2601 attulerit

192 2610 400 2653 prolapsum,
425 2620 519 2652 cujus
539 2609 604 2645 tibi
627 2609 706 2643 alias
727 2613 742 2649 (
763 2621 781 2643 a
805 2614 816 2650 )
839 2612 982 2651 exempla
995 2611 1192 2645 memoravi-

193 2664 289 2687 mus.
315 2654 375 2688 Sed
398 2651 420 2687 fi
443 2651 507 2687 hoc
531 2653 668 2686 alterum
690 2654 804 2695 malis;
823 2652 974 2692 defuisse,
999 2655 1118 2688 mirum
1130 2653 1193 2692 est,

193 2695 285 2739 signa
307 2707 380 2739 quae
401 2707 524 2731 novum
547 2695 633 2731 hunc
657 2697 808 2731 morbum
832 2697 966 2731 insolito
987 2696 1120 2735 dolore,
1134 2707 1188 2731 aut

195 2749 327 2774 tumore
350 2739 531 2774 indicarent
554 2738 680 2773 homini
705 2739 882 2782 praesertim
908 2742 1041 2775 minime
1065 2741 1189 2777 valetu.

196 2783 341 2818 dinario.
356 2785 413 2827 vAt
436 2782 458 2816 si
483 2794 499 2817 a
524 2784 710 2825 primordiis
734 2783 832 2827 usque
855 2795 976 2827 repetas
995 2796 1010 2825 ,·
1039 2795 1104 2817 non
1129 2785 1190 2817 mi-

197 2838 256 2861 nus
277 2824 337 2860 effe
356 2827 498 2904 Pirum,
520 2827 699 2869 intelligis,
723 2827 900 2861 laborantis
925 2827 1192 2862 ventriculiindi-

198 2871 249 2905 cia
272 2870 358 2903 mani
376 2868 521 2905 estiffima
542 2880 607 2904 non
631 2870 730 2905 modo
764 2881 925 2912 nunquam
957 2869 1049 2905 fuisse
1072 2895 1082 2910 ,
1124 2872 1194 2904 imo

199 2922 359 2956 quantum
384 2911 488 2947 viscus
519 2913 553 2947 id
585 2914 732 2955 vigeret,
754 2914 908 2957 ingestam
932 2914 1067 2952 affidue‚
1091 2916 1122 2948 ἃ
1143 2915 1196 2948 di-

202 2957 321 3007 gestam
344 2967 409 2991 non
432 2957 503 2990 vini
527 2955 652 2996 solum,
673 2956 725 2992 sed
746 2959 777 2991 &
800 2958 949 2991 ciborum
973 2980 983 2996 ‚
1017 2957 1101 2993 haud
1125 2957 1197 2991 satis

203 3012 220 3033 a
232 3001 400 3043 perpaucis
407 2999 557 3035 dentibus
567 2999 772 3037 subaftorum
784 3023 793 3038 ,
817 3010 940 3035 tantam
951 3002 1078 3044 copiam
1095 3001 1196 3036 osten-

203 3041 300 3081 disse,
324 3042 426 3077 donec
449 3042 519 3085 post
541 3042 663 3078 febrem
689 3045 777 3078 illam
789 3045 979 3079 Tertianam
1002 3045 1197 3079 vomitiones

195 3087 345 3139 prii-num
368 3085 536 3120 accessere.
563 3086 652 3120 Nam
675 3089 764 3130 quod
786 3086 946 3130 ejusmodi
971 3088 1101 3123 vivendi
1124 3100 1198 3123 nor-

204 3141 256 3163 ma
280 3130 431 3170 pylorum
453 3131 611 3173 denique,
634 3132 666 3164 &
689 3133 869 3174 proximam
894 3132 1062 3168 ventriculi
1076 3142 1199 3174 partem

208 3175 256 3206 ita
279 3173 471 3213 vitiaverit,
494 3182 531 3207 ut
553 3174 672 3207 inverti
696 3176 803 3216 potius
837 3175 1009 3208 ventriculi
1056 3184 1164 3209 motus
1186 3201 1200 3216 ‚

203 3227 302 3258 quar-n
324 3217 475 3258 compelli
499 3216 651 3250 alimenta
673 3218 706 3250 in
732 3219 923 3255 Duodenum
947 3218 1132 3252 intestinum
1143 3218 1198 3252 de-

205 3260 358 3297 buerint,
381 3261 447 3292 veri
470 3263 549 3292 adeo
569 3258 670 3294 simile
691 3261 753 3298 est,
778 3270 815 3294 ut
840 3262 880 3294 ab
902 3260 955 3293 illa
981 3262 1107 3294 visceris
1131 3261 1199 3295 sede

205 3313 307 3345 neque
329 3312 365 3336 ut
388 3303 583 3345 congenita,
606 3315 625 3336 n
668 3315 707 3338 ue
729 3314 765 3339 ut
788 3315 871 3337 nova
882 3304 1034 3338 deducere
1057 3307 1201 3338 vomitus

206 3356 287 3388 opus
310 3344 372 3384 fit,
393 3347 452 3388 qui
474 3343 497 3378 fi
522 3356 538 3377 a
561 3356 623 3393 con
666 3349 756 3385 nita,
780 3346 906 3389 semper
928 3345 1056 3381 fuissent
1079 3360 1089 3384 ς
1113 3346 1134 3380 fi
1161 3348 1201 3381 ab

208 3396 316 3427 nova,
338 3399 403 3422 non
425 3389 488 3423 fine
510 3389 606 3429 hulus
628 3393 762 3424 recentis
786 3392 976 3424 mutationis
1000 3390 1130 3423 indiciis
1150 3402 1201 3424 ac-

209 3431 381 3466 cessissent.
513 3432 571 3466 Sed
595 3432 731 3467 scribere
753 3434 877 3475 praestat
901 3443 972 3475 quae
994 3434 1139 3466 intertio
1150 3445 1202 3467 ca-

209 3476 324 3509 davere
346 3473 588 3508 adnotaverim.

213 3558 222 3564 -
252 3527 286 3559 7.
310 3515 552 3550 LANARIUS
573 3516 728 3561 juvenis,
746 3527 801 3553 aut
825 3523 919 3554 cert!
931 3529 995 3552 non
1022 3519 1125 3552 multo
1138 3530 1207 3553 ma-

209 3570 286 3602 jor,
308 3569 383 3592 curn
405 3560 437 3593 in
461 3561 666 3596 Nosocomio
689 3562 857 3603 triduum,
880 3573 918 3595 an
930 3562 1206 3604 quatriduumde-

211 3601 391 3639 cubuisset,
415 3603 548 3636 instante
570 3603 634 3646 jam
649 3617 792 3647 tempore
814 3617 881 3648 quo
906 3605 1032 3647 publice
1043 3607 1207 3639 Anatome

213 3655 282 3680 erat
301 3643 485 3682 inchoanda
507 3657 591 3680 anno
613 3648 675 3683 hoc
700 3651 795 3691 1760.
819 3660 837 3682 e
859 3649 927 3682 vita
936 3647 1205 3683 decefferat.1ta-

1225 357 1392 399 spexerant
1408 381 1417 396 ,
1439 364 1553 399 praeter
1575 357 1726 392 staturam
1747 358 1855 400 potius
1877 367 2048 399 magnam,
2069 369 2111 393 ex
2134 357 2215 393 niti-

1222 398 1264 433 da
1285 407 1381 438 cute,
1403 401 1435 433 &
1455 399 1564 438 bono,
1587 408 1623 433 ut
1646 400 1790 443 undique
1815 399 1984 436 videbatur
1999 422 2016 442 ‚
2036 400 2151 435 habitu
2173 399 2215 439 ad

1218 441 1420 476 diffeffiones
1431 440 1585 475 idoneum
1599 443 1877 478 existimaverant.
1912 450 1917 453 ⁴
2007 443 2214 478 VENTER

1218 495 1295 518 cum
1319 485 1409 518 brevi
1431 483 1630 519 intumuiss'et
1643 507 1654 524 ‚
1676 496 1711 520 ac
1734 487 1841 520 vivere
1862 485 2011 530 coepisset
2030 498 2044 525 ς
2065 486 2219 530 quamvis

1220 527 1395 570 suspicarer
1417 526 1498 568 quid
1521 527 1597 560 mali
1621 529 1654 561 in
1679 529 1808 563 Lanarii
1830 540 1967 570 corpore
1977 527 2076 567 latere
2098 526 2216 572 p'oss'et,

1219 580 1280 603 nec
1305 581 1381 603 mox
1402 568 1516 603 deesset
1540 571 1597 613 qui
1622 572 1793 607 certiorem
1810 583 1860 607 me
1881 571 2020 613 faceret,
2041 572 2128 607 hunc
2138 572 2215 606 alias

1222 612 1407 655 sanguinem
1430 612 1661 654 expthorass'e5
1685 622 1792 648 tamen
1813 615 1892 649 dum
1916 616 2059 650 melioris
2080 616 2215 650 cadave-

1222 657 1266 689 ris
1287 654 1492 696 copia-fieret
1516 677 1528 694 ‚
1560 657 1681 689 ventris
1705 657 1824 691 interea
1848 657 1966 692 viscera
1997 659 2215 693 demonstrare

1224 697 1382 741 aggressus
1407 697 1498 731 sum:
1521 697 1638 739 quibus
1670 698 1864 735 circumfusa
1886 700 2020 742 quidem
2043 703 2143 735 urinae
2174 698 2217 733 si-

1226 742 1313 775 milis
1336 751 1438 783 aqua,
1463 751 1520 775 nec
1545 751 1665 781 pauca,
1689 752 1777 779 erat;
1802 741 1853 776 sed
1877 743 1933 776 vix
1955 743 2038 778 ullus
2061 743 2218 779 ἕκτοι-,δε

1225 784 1306 826 levis
1329 783 1556 817 intestinorum
1578 783 1663 817 livor
1686 784 2001 820 animadvertebatur
2022 809 2033 818 .
2067 787 2112 819 Et
2144 784 2218 826 sane

1225 835 1391 861 omentum
1416 837 1560 860 macrum
1583 835 1669 865 erat;
1693 826 1744 861 sed
1758 829 1949 871 integrum:
1971 829 2036 862 lien
2047 839 2142 871 aequo
2153 837 2220 861 ma.

1229 870 1280 913 jor
1294 892 1304 908 ,
1325 880 1381 903 nec
1406 875 1455 912 pa
1469 870 1522 914 lo;
1547 868 1599 903 sed
1623 880 1726 912 neque
1748 869 1867 911 durus,
1890 882 1994 913 neque
2016 871 2106 906 laxus
2128 883 2137 904 :
2160 881 2220 913 cy-

1229 914 1281 948 stis
1304 911 1408 947 fellea:
1433 921 1448 960 g
1472 914 1552 946 nicae
1574 912 1703 951 crasse,
1727 913 1846 948 &bilis
1869 913 2044 957 pallidum
2069 912 2219 956 sedjecur

1231 955 1364 994 sanum.
1387 958 1417 1003 ὃς
1430 957 1509 999 justa
1523 957 1767 998 magnitudine:
1793 958 1975 993 mesenterii
1999 956 2220 999 glandulaeju-

1232 1000 1279 1034 sto
1290 999 1474 1037 craffioresz
1497 998 1548 1034 sed
1571 1010 1636 1033 non
1658 999 1767 1034 durae.
1789 1000 1861 1035 Nec
1883 1000 1918 1034 in
1941 1001 2141 1038 ventriculo,
2166 1010 2224 1033 ne-

1230 1055 1295 1088 que
1317 1045 1352 1078 in
1376 1042 1471 1086 ipfis,
1493 1044 1640 1086 quamvis
1662 1043 1807 1078 lividulis
1824 1065 1835 1080 ‚
1859 1052 1895 1079 ut
1919 1043 1988 1079 dixi
2013 1070 2022 1084 ,
2059 1043 2222 1078 intestinis

1232 1088 1307 1120 vitii
1328 1089 1475 1130 apparuit
1498 1086 1677 1130 quidquam
1692 1110 1699 1118 .
1725 1086 1813 1120 Nam
1835 1086 1923 1130 quod
1936 1088 2045 1121 Colon
2069 1088 2102 1121 in
2114 1085 2224 1121 medio

1232 1129 1332 1165 ferme
1369 1131 1426 1164 suo
1459 1130 1520 1163 illo
1550 1128 1730 1164 transverso
1762 1130 1845 1165 infra
1877 1132 2093 1165 ventriculum
2117 1130 2224 1165 traffu

1233 1174 1428 1208 umbilicum
1453 1173 1559 1206 versus
1580 1172 1810 1214 descendebat,
1832 1174 1906 1209 inde
1929 1175 1958 1208 se
1981 1173 2019 1209 ad
2031 1173 2225 1218 hypochon·

1231 1217 1340 1251 drium
1365 1215 1520 1251 sinistrum
1537 1216 1722 1256 refle&ens;
1747 1218 1830 1252 inter
1852 1218 2026 1252 varietates
2048 1219 2160 1261 potius
2170 1215 2224 1251 hic

1232 1262 1334 1296 visum
1356 1260 1416 1299 est,
1442 1271 1537 1302 quam
1562 1261 1646 1293 inter
1670 1261 1749 1293 vitia
1762 1259 1985 1301 referendum,
2006 1269 2044 1295 ut
2066 1261 2146 1295 illud
2156 1271 2226 1294 cer-

1231 1313 1283 1341 te;
1307 1313 1491 1347 quanquam
1516 1302 1598 1337 mihi
1623 1312 1713 1337 antea
1727 1315 1791 1338 non
1815 1304 1846 1338 se
1867 1305 2050 1342 obtuleram
2073 1302 2162 1347 quod
2175 1314 2226 1337 ar-

1230 1349 1312 1381 teria
1335 1357 1400 1381 oon
1423 1346 1601 1381 tenuiffima
1624 1347 1664 1380 ab
1688 1346 1811 1382 sinistra
1823 1348 2018 1390 Emulgente
2040 1347 2078 1381 ad
2092 1346 2228 1381 vesicam

1230 1392 1328 1434 usque
1351 1392 1530 1425 urinariam
1559 1388 1723 1424 ferebatur
1744 1390 1878 1434 oblique
1904 1392 1983 1425 adeo
2007 1412 2017 1428 ‚
2049 1399 2085 1425 ut
2108 1394 2142 1424 in
2165 1389 2230 1424 hut-

1229 1433 1279 1477 jus
1303 1434 1508 1477 posteriorem
1531 1431 1646 1470 faciem
1672 1444 1772 1476 prope
1793 1435 1959 1469 dexteram
1970 1435 2160 1469 Seminalem
2173 1443 2229 1467 ve-

1233 1478 1363 1512 siculam
1388 1476 1416 1511 se
1441 1477 1589 1511 insereret
1603 1502 1610 1509 .
1635 1478 1687 1510 An
1698 1488 1773 1511 vero
1795 1479 1833 1512 ad
1856 1479 2025 1515 varietates
2048 1478 2149 1512 solum
2161 1477 2229 1520 spe-

1233 1520 1462 1556 &arentnulli
1487 1520 1586 1555 flexus
1609 1520 1642 1553 in
1667 1520 1813 1562 Splenica
1836 1525 1951 1556 arteria
1963 1541 1978 1560 ‚·
1995 1530 2050 1556 aut
2063 1522 2141 1556 sulci
2153 1520 2231 1565 qui-

1232 1566 1306 1599 dam
1331 1568 1444 1607 pauci,
1467 1565 1524 1607 qui
1548 1574 1602 1607 per
1624 1572 1729 1597 totam
1752 1566 1945 1600 anteriorem
1957 1564 2125 1609 utriusque
2148 1565 2232 1599 renis

1234 1608 1351 1646 faciem
1373 1608 1507 1650 oblique
1530 1607 1624 1641 nullo
1645 1616 1737 1640 certo
1761 1608 1876 1642 ordine
1900 1609 2104 1652 ducebantur
2129 1631 2139 1645 ‚
2162 1607 2230 1651 ipse

1235 1653 1464 1695 arbitraberis;
1485 1661 1572 1685 certe
1596 1661 1705 1685 renum
1730 1650 1944 1692 strusturam,
1970 1662 2064 1694 atque
2089 1651 2232 1686 substan-

1237 1698 1338 1735 tiam,
1364 1696 1563 1739 aliarumque
1586 1695 1760 1734 omnium,
1783 1706 1855 1738 quae
1878 1698 1979 1730 urinae
2002 1694 2094 1729 causa
2115 1703 2232 1730 creatae

1240 1739 1334 1779 sunt,
1358 1741 1498 1781 partium
1523 1737 1710 1772 saniffimam
1734 1737 1950 1781 deprehendi.
1977 1739 2093 1782 Neque
2115 1748 2224 1775 tamen

1239 1784 1326 1817 intra
1350 1784 1449 1817 imam
1473 1780 1628 1822 vesicam,
1653 1791 1754 1826 neque
1776 1784 1861 1816 intra
1887 1781 2068 1825 supremam
2091 1781 2231 1818 urethrae

1235 1836 1359 1870 partem
1382 1827 1489 1860 videre
1510 1835 1571 1868 ego
1593 1848 1606 1866 ,
1640 1834 1746 1860 autem
1778 1837 1890 1860 eorum
1913 1827 1970 1869 qui
2003 1827 2135 1869 plurimi
2159 1826 2234 1860 ade·

1235 1880 1308 1904 rant
1324 1892 1333 1907 ‚
1356 1870 1526 1913 quisquam
1550 1869 1658 1911 potuit
1682 1868 1859 1912 quidquam
1881 1870 2095 1912 protuberans
2118 1879 2233 1914 praeter

1235 1914 1268 1948 id
1294 1914 1383 1965 qyod
1407 1915 1440 1946 in
1464 1915 1615 1955 proximo
1639 1910 1802 1956 superiore
1824 1914 1978 1947 cadavere
2001 1913 2132 1948 dietum
2156 1913 2198 1948 est
2222 1937 2232 1947 .

1236 1957 1294 1991 Sed
1319 1968 1353 1990 in
1377 1957 1439 1992 hoc
1465 1958 1590 1991 Partem
1613 1956 1712 1991 ullam
1723 1956 1820 1990 aliam
1842 1956 2055 1991 demonstrare
2079 1968 2143 1992 non
2159 1967 2234 2000 per-

1238 2003 1403 2038 reximus;
1427 1999 1466 2041 ad
1490 2000 1675 2035 Thoracem
1709 2003 1796 2034 enim
1829 1998 1934 2035 fuiffet
1980 2000 2233 2037 transeundum.

1238 2045 1321 2088 qui,
1345 2053 1382 2079 ut
1405 2042 1555 2087 suspicati
1580 2054 1707 2078 eramus
1729 2068 1739 2084 ,
1773 2046 1805 2078 δι
1827 2044 2079 2088 qui'antequam
2102 2044 2232 2079 tumulo

1239 2087 1466 2128 mandaret-ur,
1487 2088 1593 2122 obiter
1615 2086 1769 2130 inspicere
1795 2088 1988 2126 voluerunt,
2012 2088 2104 2130 plane
2113 2088 2236 2123 confir·

1241 2140 1370 2165 marunt
1382 2152 1392 2169 ‚
1415 2131 1581 2173 pulmones
1602 2131 1787 2166 continebat
1811 2129 1974 2173 fracidos,
1994 2134 2026 2166 δε
2048 2132 2235 2176 putridam,

1243 2186 1278 2209 ac
1302 2185 1398 2217 grave
1418 2176 1584 2215 olentem,
1605 2186 1643 2209 ex
1666 2175 1741 2217 ipsis
1763 2173 1920 2212 effusam,
1947 2178 2137 2210 materiam.

1283 2217 1313 2251 8.
1336 2217 1482 2252 Cadaver
1503 2227 1657 2262 quartum
1673 2239 1683 2255 ‚
1704 2221 1736 2251 &
1760 2219 1934 2260 qui‘nrstum
1955 2229 2129 2263 utrumque
2162 2227 2235 2253 mu·

1240 2263 1354 2297 lierum
1374 2260 1439 2295 fuit
1462 2284 1475 2302 ,
1511 2273 1584 2305 quae
1605 2263 1726 2297 interea
1749 2262 1899 2295 obierant
1934 2263 1967 2295 in
1992 2263 2201 2297 Nosocomio
2223 2287 2234 2295 .

1241 2306 1301 2342 Sed
1324 2316 1364 2340 ex
1388 2305 1646 2351 primaquaedam
1668 2306 1899 2345 tautummodo
1922 2305 2065 2340 thoracis
2079 2328 2089 2345 ‚
2112 2309 2236 2341 &ven-

1240 2352 1300 2384 tris
1321 2351 1354 2383 in
1377 2348 1594 2391 Gymnasium
1617 2349 1714 2385 allata
1735 2348 1807 2385 sunt
1829 2350 1947 2385 viscera
1970 2374 1978 2383 .
2015 2351 2071 2385 Ab
2090 2362 2126 2386 ea
2148 2351 2234 2386 inci-

1239 2404 1467 2479 pxzmrxNUs
1487 2447 1526 2471 ex
1535 2436 1630 2471 ascite
1640 2435 1835 2473 decesserat:
1964 2439 2146 2476 CORDIS
2160 2440 2237 2478 sub·

1741 2482 1814 2516 Ren
1837 2481 1960 2518 sinister
1983 2486 2091 2518 minor
2125 2485 2236 2520 dexte-

1239 2479 1355 2515 stantia
1379 2489 1444 2514 erat
1469 2480 1607 2523 pallida.

1237 2536 1275 2559 ro
1289 2549 1298 2565 ,
1321 2527 1351 2558 &
1376 2523 1540 2565 superficie
1557 2524 1603 2558 ob
1625 2525 1709 2559 leves
1731 2535 1906 2569 perpaucos
1926 2526 2014 2570 quasi
2037 2527 2141 2563 sulcos
2152 2540 2236 2564 non-

1241 2567 1324 2602 nihil
1348 2567 1499 2610 inaequali
1520 2590 1532 2606 ‚
1562 2567 1644 2602 nihil
1667 2578 1777 2603 tamen
1800 2570 1892 2605 intus
1923 2570 2038 2605 habuit
2069 2572 2158 2614 quod
2194 2572 2236 2607 ab

1243 2621 1365 2645 naturae
1388 2610 1617 2646 consuetudine
1638 2611 1855 2655 discreparet.
1880 2615 1970 2647 Dum
1993 2613 2062 2648 haec
2081 2615 2236 2659 ,inspice-

1244 2665 1330 2693 rem‚
1354 2654 1590 2695 animadverti,
1612 2666 1672 2697 pro
1694 2665 1755 2690 una
1778 2655 1856 2690 duas
1877 2657 1964 2690 inter
1987 2658 2015 2691 se
2038 2660 2201 2699 proximas
2224 2682 2235 2699 ,

1241 2709 1336 2742 atque
1359 2696 1439 2732 adeo
1461 2699 1633 2740 contiguas
1648 2720 1658 2736 ‚
1681 2698 1733 2732 sed
1757 2697 1814 2733 suo
1837 2708 1948 2734 tamen
1971 2700 2111 2744 singulas
2142 2703 2238 2737 orifi-

1239 2744 1293 2776 cio
1315 2740 1464 2784 praeditas
1486 2752 1524 2774 ex
1536 2742 1644 2776 Aorta
1668 2742 1799 2777 existere
1822 2744 1954 2777 arterias
1964 2744 2237 2785 Coeliacas‚duas

1239 2796 1370 2829 quoque
1393 2784 1615 2832 Spei-maticas·
1637 2796 1732 2820 venas
1766 2785 1807 2819 ab
1837 2784 1964 2820 sinistro
1988 2788 2239 2832 Pampiniformi

1242 2839 1377 2871 corpore
1400 2828 1434 2861 in
1458 2829 1565 2862 lateris
1587 2828 1727 2871 ejusdem
1749 2840 1865 2864 venam
1888 2830 2119 2873 Emulgenteru
2151 2833 2239 2868 redi*-

1245 2883 1278 2906 re
1300 2893 1314 2911 ,
1346 2872 1543 2914 alteramque
1564 2881 1634 2906 tum
1657 2872 1696 2906 de
1719 2873 1806 2907 binis
1830 2874 1896 2907 illis
1921 2875 2045 2908 arteriis
2068 2898 2081 2916 ‚
2103 2885 2174 2911 tum
2199 2878 2237 2912 de

1245 2916 1331 2950 binis
1354 2914 1442 2949 hisce
1465 2916 1553 2949 venis
1577 2915 1637 2951 ess'e
1657 2916 1760 2950 altera
1785 2917 1962 2952 minorem.
1989 2918 2049 2952 Sed
2072 2919 2139 2953 haec
2153 2931 2239 2954 ava-

1246 2961 1349 2993 riante
1371 2967 1485 2992 natura
1501 2982 1509 2991 .
1534 2958 1618 2993 Illud
1644 2970 1720 2993 vero
1743 2971 1759 2994 a
1783 2961 1924 3000 morbo,
1946 2961 2037 3004 quod
2077 2963 2112 2996 in
2144 2961 2238 2999 fundi

1247 3005 1330 3037 uteri
1352 3013 1433 3036 cavo
1454 3001 1593 3037 exstabat
1618 3003 1750 3037 adlatus
1762 3006 1922 3042 rotunda,
1947 3004 2043 3045 alba,
2063 3005 2238 3048 dura,mo-

1246 3046 1320 3081 dica
1342 3044 1575 3080 excrescentia.
1598 3048 1719 3089 Aperta
1751 3046 1883 3082 demum
1915 3047 2016 3082 vesica
2062 3051 2204 3085 urinaria
2225 3073 2238 3092 ,

1249 3101 1321 3133 quae
1342 3090 1480 3123 omnino
1500 3098 1567 3123 erat
1591 3089 1662 3123 sana
1675 3112 1685 3127 ,
1706 3090 2011 3134 conspexr'quidem
2024 3103 2160 3134 corpora
2182 3094 2240 3129 illa

1249 3136 1316 3167 duo
1337 3143 1407 3174 quae
1433 3132 1472 3166 ab
1496 3133 1675 3169 ureteribus
1696 3132 1892 3170 descendunt
1912 3157 1925 3174 ,
1947 3135 2033 3168 inter
2056 3134 2087 3169 se
2109 3147 2174 3170 non
2199 3138 2239 3175 ad

1251 3177 1403 3218 angulum
1420 3199 1428 3213 ‚
1451 3174 1502 3209 sed
1527 3187 1580 3218 per
1601 3178 1736 3211 curvum
1761 3178 1794 3210 in
1818 3175 1907 3220 quod
1934 3177 2067 3212 abibant
2090 3204 2100 3218 ‚
2121 3191 2238 3224 corpus

1249 3231 1337 3261 aeque
1361 3230 1395 3252 asc
1417 3218 1483 3260 ipsa
1505 3241 1516 3257 ,
1549 3218 1683 3253 crassum
1707 3232 1742 3254 ac
1766 3222 1948 3263 prominens
1970 3224 2141 3256 convenire
2163 3237 2174 3261 ;
2208 3232 2239 3257 at

1249 3261 1426 3305 quidquam
1451 3264 1490 3295 ab
1514 3260 1577 3296 hoc
1601 3264 1690 3296 mitti
1715 3262 1754 3298 ad
1779 3262 1886 3297 vesicae
1917 3264 2084 3298 orificium
2108 3288 2118 3302 ‚
2152 3265 2240 3309 quod

1250 3307 1392 3349 digitum
1415 3304 1525 3340 saltem
1547 3305 1759 3340 transversum
1782 3307 1820 3339 ab
1830 3319 1871 3340 eo
1893 3305 2166 3348 distabat,videre
2176 3320 2240 3343 non

1252 3350 1371 3392 potui,
1393 3350 1501 3381 multo
1524 3360 1630 3383 autem
1655 3352 1760 3383 minus
1783 3349 2016 3391 subrotundam
2040 3351 2138 3385 ullam
2163 3363 2242 3395 pro-

1251 3393 1468 3469 rutaerantiam
1492 3401 1566 3426 toto
1587 3392 1646 3425 illo
1669 3393 1866 3434 intervallo,
1889 3402 1945 3426 aut
1969 3395 2054 3428 intra
2077 3394 2242 3429 urethram

1251 3447 1289 3470 ex
1318 3446 1388 3468 are.

1304 3488 1354 3511 io.
1377 3478 1620 3512 VETULAM
1645 3478 1779 3512 alteram
1804 3470 1969 3522 pulmonis
1990 3479 2210 3515 inflammatio
2232 3505 2243 3522 ,

1257 3522 1288 3553 &
1311 3521 1348 3568 ad
1373 3520 1455 3555 hanc
1486 3521 1635 3556 accedens
1668 3522 1734 3555 alvi
1767 3520 1971 3563 profluvium
2005 3523 2208 3558 confecerant
2231 3548 2242 3557 .

1257 3564 1367 3607 Hujus
1389 3565 1524 3597 cadaver
1538 3590 1546 3605 ,
1567 3564 1708 3608 demptis
1731 3566 1882 3600 omnibus
1903 3590 1915 3607 ,
1939 3575 2054 3610 preter
2076 3576 2208 3603 uterum
2231 3590 2244 3608 ,

1257 3610 1289 3639 &
1314 3606 1447 3640 vesicam
1471 3608 1665 3647 urinariam‚
1690 3610 1813 3643 ventris
1835 3610 2013 3645 visceribus
2033 3633 2046 3650 ‚
2078 3611 2112 3643 in
2136 3610 2248 3645 Thea·

1256 3658 1345 3685 trum
1377 3651 1504 3685 illatum
1537 3650 1580 3684 est
1603 3675 1611 3684 .
1740 3653 1986 3687 THORAOES
2019 3654 2119 3696 aperti
2154 3653 2246 3687 lateri

2127 3695 2206 3731 dex-

227 3774 2001 3796 mmm—mmm

300 3829 314 3857 (
331 3836 346 3853 a
360 3828 374 3856 )
390 3827 462 3858 Epist.
479 3835 516 3859 3⁹·
531 3835 558 3854 n.
577 3835 613 3859 ¹4·
629 3829 652 3854 ἃ
667 3827 732 3862 ἴτης,
747 3831 771 3855 δι
786 3829 858 3860 Epist.
874 3833 912 3860 65.
927 3837 954 3855 n.
970 3837 1008 3860 ιε,
