2498 4075
394 182 497 222 ‘222

334 260 431 290 tota,
458 244 632 291 praesertim
655 241 835 285 posterior,
859 236 951 271 foedo
974 238 1061 283 intus
1083 237 1192 270 colore
1225 233 1341 268 1010613

335 306 378 327 ex
398 295 493 334 nigro
516 287 720 324 rubescebat,
744 294 857 326 parum
881 291 1007 317 tamen,
1031 282 1053 313 11
1075 279 1251 319 incideres,
1266 288 1342 319 pro-

338 336 463 372 fundo,
486 337 517 366 ὅ(
541 334 605 365 11110
628 327 865 370 graveolentia.

387 391 437 422 17.
461 375 611 410 Mulieris
635 383 763 414 quoque
787 368 1059 401 Observationem
1071 362 1187 400 referre
1197 364 1259 399 huc
1284 376 1342 405 po-

336 433 409 462 tes,
432 431 528 464 quam
553 415 699 458 Epistola
725 413 835 446 XLV.
859 416 927 451 (n)
955 409 1244 453 proposui.Inilla
1256 409 1342 441 enirn

338 470 369 499 ἃ·
394 463 508 502 fundi,
539 463 569 494 &
603 459 798 491 continuatae
836 457 969 488 cervicis
1002 463 1114 486 cavum
1149 461 1245 484 muco
1277 459 1342 483 erat

341 510 470 552 plenum
494 505 639 538 tenuiore
663 511 761 542 quam
783 499 841 540 qui
864 497 902 530 ad
936 495 1079 530 osculum
1103 494 1162 529 esse
1185 494 1263 528 solet
1279 517 1288 530 ,
1311 496 1344 527 in

338 563 437 593 eaque
461 549 593 582 muliere
615 545 712 578 etiam
736 541 822 575 fuit.
848 542 976 574 Scilicet
1001 552 1038 572 cx
1062 537 1165 572 fundo
1189 539 1294 575 uteri,
1310 547 1345 570 ut

337 597 370 626 {n
394 593 564 634 descriptis
587 586 815 629 Virguncula‚
840 593 935 626 atque
968 583 1109 616 Anicula
1143 582 1275 613 materia
1308 592 1346 613 ex

337 639 413 670 albo
439 637 545 672 flava,
573 633 738 673 serumque
774 628 942 663 flavescens
964 649 972 664 ‚
1008 628 1052 659 ita
1089 628 1121 657 in
1156 635 1192 657 ea
1227 625 1346 665 pariter

340 681 470 714 muliere
494 677 637 711 indidem
663 674 788 706 videtur
813 683 922 705 mutus
945 672 998 703 1110
1022 672 1126 703 tenuis
1158 667 1346 708 provenisse,

337 735 440 766 neque
463 723 550 755 enim
573 733 589 754 e
611 719 719 752 Tubis
741 728 820 758 quas
843 715 957 750 frustra
982 716 1015 746 in
1038 713 1190 746 omnibus
1228 715 1346 744 exami-

338 769 438 806 navi,
462 772 675 808 provenerat.
703 763 740 792 In
767 760 905 799 Virgine
930 752 1035 791 aute'm
1060 768 1156 799 quam
1181 755 1255 788 ideo
1280 758 1347 796 pri-

337 823 393 843 mo
416 789 488 842 1000
513 807 602 850 posui
626 805 708 847 (o),
733 803 809 844 quia
831 802 908 834 dum
933 802 1053 833 viveret
1069 827 1076 836 .
1102 799 1200 833 Fluor
1223 799 1255 830 10
1280 801 1345 837 ipsa

338 854 441 887 suerat
466 850 571 893 reapse
599 845 858 881 animadversus,
883 845 1017 878 materia
1040 844 1108 876 alba
1134 853 1198 875 non
1222 853 1261 874 ex
1272 841 1346 876 fun-

337 899 379 930 do
403 896 551 933 uterino,
576 893 626 925 sed
651 903 687 924 ex
713 888 824 921 infima
850 888 948 930 hujus
971 895 1060 930 parte
1076 909 1084 923 ,
1117 897 1157 919 ex
1188 887 1311 920 cervice
1342 911 1351 925 ,

337 946 367 972 &Q
392 940 503 972 osculo
527 935 664 978 expressa
688 933 752 966 est.
788 932 920 976 Quibus
957 943 995 964 ex
1028 930 1239 963 inferioribus
1271 932 1349 964 locis

341 984 510 1016 inaceriam
525 1004 533 1018 ,
557 981 767 1014 humoremve
790 974 956 1009 defluxisse
979 975 1123 1007 arbitror
1145 975 1177 1006 in
1205 974 1246 1006 iis
1269 986 1349 1017 quo.

343 1039 406 1060 11110
432 1025 600 1061 foeminis,
624 1032 761 1064 quarum
786 1020 946 1053 continuo
972 1020 1065 1051 unius
1098 1015 1265 1059 subjiciam
1299 1017 1351 1051 hi-

343 1070 496 1107 11011301,
520 1068 656 1101 aliarum
681 1062 946 1099 commemorabo
961 1086 969 1093 .

388 1115 434 1145 18.
461 1109 694 1146 MULIERIS
718 1106 886 1149 cujusdam
917 1105 1035 1139 viscera
1068 1116 1137 1146 quae
1172 1106 1204 1137 in
1240 1113 1349 1136 ventre

337 1156 431 1196 sunt,
455 1156 524 1198 post
547 1154 690 1187 medium
716 1151 877 1184 Martium
900 1150 944 1183 A.
973 1160 1064 1192 1741.
1089 1148 1121 1179 in
1147 1147 1349 1181 Nosocomio

336 1200 556 1243 inspeRabam
583 1196 758 1230 anatomici
783 1193 879 1227 studii
903 1192 995 1226 causa
1012 1216 1023 1232 ,
1047 1192 1260 1233 quamobrem
1283 1203 1349 1232 quo

337 1243 453 1276 morbo
477 1241 624 1276 confesta
648 1238 748 1279 effet,
772 1248 837 1270 non
862 1235 1015 1270 adnotavi
1037 1259 1043 1265 .
1083 1234 1172 1267 Inter
1208 1245 1241 1266 ea
1275 1245 1347 1276 quae

336 1286 509 1319 secundum
532 1293 680 1318 naturam
691 1290 803 1317 erant,
827 1279 894 1313 liaec
906 1290 977 1320 quaa
991 1279 1219 1316 manserant,
1242 1279 1347 1310 anim-

335 1330 459 1362 adverti
475 1354 484 1363 .‚
610 1328 641 1358 V
657 1328 683 1358 t}
701 1325 732 1357 N
747 1324 777 1358 T
794 1325 825 1357 R
840 1325 855 1356 Ι
867 1324 897 1355 C
911 1322 947 1355 U
961 1324 988 1355 L
1005 1322 1066 1354 US
1091 1320 1128 1354 ad
1154 1321 1349 1355 umbilicum

335 1374 432 1414 usque
459 1373 486 1405 se
510 1369 722 1405 extendebat.
750 1366 949 1400 Duodenum
981 1364 1168 1399 intestinum
1200 1373 1266 1398 erat
1301 1364 1347 1396 la-

335 1417 509 1449 tissimum.
537 1415 659 1448 Uterus
682 1422 771 1445 totus
796 1410 836 1444 sic
860 1411 978 1443 traCtus
1005 1417 1070 1441 erat
1094 1407 1307 1442 finistrorsum
1336 1431 1346 1444 ,

335 1471 370 1494 111
397 1472 490 1493 manu
515 1460 549 1491 in
587 1456 729 1490 medium
765 1465 828 1487 non
863 1453 966 1496 posset
1000 1450 1152 1489 retrahi,
1199 1450 1345 1484 obstante

337 1506 424 1536 Lato
460 1505 657 1545 Ligamento
689 1499 778 1541 quod
812 1496 917 1531 multo
950 1505 1017 1529 erat
1054 1496 1216 1537 angustius
1263 1495 1346 1527 inter

333 1547 404 1589 ejus
428 1547 513 1580 latus
539 1544 722 1581 sinistrum,
749 1546 779 1575 ὃς
804 1541 946 1582 pelvim,
981 1550 1076 1581 quam
1108 1539 1192 1572 inter
1228 1537 1312 1571 hanc
1340 1562 1348 1576 ‚

340 1594 372 1624 ὃ(
396 1591 588 1624 dexterum.
615 1586 722 1622 Fundi
745 1585 936 1618 interiorem
959 1581 1075 1615 faciem
1099 1582 1191 1615 color
1225 1581 1347 1615 inficie-

335 1634 391 1667 bat
427 1632 663 1676 propemodum
694 1629 886 1670 sanguineus
907 1650 918 1666 ,
953 1636 988 1659 ut
1022 1637 1178 1659 coronam
1219 1636 1349 1667 quoque

333 1678 457 1714 osculi3
483 1676 540 1709 nisi
565 1674 653 1719 quod
677 1672 730 1706 1110
757 1672 857 1712 magis
881 1671 914 1703 in
943 1680 1049 1703 atrum
1069 1670 1239 1710 vergebat.
1268 1669 1348 1701 Erat

335 1730 485 1762 praeterea
511 1719 577 1753 haec
601 1728 720 1750 corona
745 1715 831 1757 quali
856 1714 889 1746 in
913 1712 990 1746 duas
1015 1723 1128 1753 parvas
1165 1712 1350 1753 prominen-

336 1767 397 1798 tias
420 1763 542 1797 divisa.
569 1763 659 1794 Tum
686 1772 722 1793 ex
756 1756 890 1796 osculi),
914 1760 944 1789 δι’
969 1757 1116 1795 cervice,
1141 1766 1253 1788 mucus
1276 1766 1351 1795 pro-

333 1809 448 1853 dibat,
472 1818 539 1841 non
562 1805 667 1847 qualis
692 1801 795 1841 solet,
823 1800 874 1833 secl
898 1798 1038 1839 crassuS,
1063 1801 1093 1831 δι
1128 1798 1229 1832 ferme
1250 1799 1350 1840 spuri-

338 1852 475 1887 formis.

384 1908 429 1937 ¹9·
456 1895 599 1938 spectare
624 1893 685 1927 huc
702 1916 710 1930 ‚
732 1891 852 1931 opinor
868 1894 878 1929 ’,“
902 1899 974 1931 quae
999 1886 1034 1919 ad
1061 1894 1091 1919 te
1117 1885 1196 1918 alias
1219 1884 1348 1925 scripsi,

335 1939 428 1974 fuisse
452 1951 468 1972 a
493 1950 543 1971 me
568 1940 599 1970 in
625 1936 815 1970 mulieribus
838 1933 911 1967 aliis
933 1934 1027 1973 (p),
1052 1941 1107 1963 nec
1134 1941 1198 1962 non
1224 1931 1255 1960 in
1273 1930 1350 1960 Vir-

339 1985 412 2026 gine
436 1982 575 2026 quadam
602 1985 611 2020 (
636 1992 654 2022 c]
678 1983 691 2019 )
712 1978 900 2011 observata.
938 1976 1091 2015 Namque
1126 1974 1158 2005 in
1197 1973 1351 2005 Meretri-

334 2028 409 2061 (1113
433 2027 518 2059 uteri
540 2024 688 2057 osculum
712 2023 784 2055 albo
806 2020 972 2062 quodam,
996 2020 1028 2050 &
1052 2016 1254 2050 craffiusculo
1289 2015 1348 2048 hu-

337 2082 427 2105 more
452 2068 612 2103 foedatum
638 2066 707 2100 vidi
724 2091 731 2103 ,
754 2076 823 2098 tum
848 2064 915 2105 ejus
947 2062 1006 2104 qui
1040 2062 1072 2092 in
1105 2059 1213 2092 Tubis
1250 2069 1316 2091 erat
1338 2081 1351 2098 ,

337 2123 409 2148 tum
436 2113 543 2147 virilis
566 2111 694 2144 seminis
719 2108 792 2142 satis
816 2105 982 2141 dissimili.
1008 2104 1047 2137 In
1072 2103 1217 2136 Muliere
1242 2111 1350 2135 autem

337 2160 433 2192 altera
456 2168 531 2190 cum
555 2154 658 2188 osculi
682 2164 826 2190 corona,
850 2153 880 2183 δι
903 2149 1021 2190 vagina
1034 2147 1150 2179 oblitae
1165 2145 1261 2179 essent
1284 2157 1351 2178 ma-

337 2205 416 2235 teria
442 2200 567 2235 albida;
595 2209 658 2231 non
684 2204 808 2238 poterat
832 2195 900 2227 haec
925 2192 1074 2226 altiorem
1099 2200 1195 2232 quam
1229 2189 1268 2221 ab
1301 2189 1351 2221 os-

337 2247 412 2279 culo
427 2268 437 2284 ,
459 2244 623 2285 originem
648 2240 784 2276 habere,
808 2238 904 2280 longe
927 2236 1014 2270 enim
1039 2234 1099 2267 alia
1122 2241 1190 2266 erat
1215 2233 1348 2265 materia

338 2300 436 2332 quam
461 2286 551 2329 supra
574 2285 720 2320 osculum
743 2280 977 2316 animadverti.
1005 2279 1043 2310 In
1070 2277 1207 2317 Virgine
1242 2286 1348 2309 autem

339 2333 430 2374 cnjus
455 2333 571 2373 vagina
596 2328 748 2364 subalbo,
775 2330 804 2359 ὅ(
839 2322 1041 2358 craffiusculo
1078 2320 1223 2353 humore
1247 2319 1349 2360 magis

340 2375 507 2411 madebat,
534 2383 586 2407 aut
611 2373 650 2407 ab
674 2371 785 2405 eadem
807 2380 925 2401 corona
942 2389 951 2404 ‚
978 2374 1032 2398 aut
1057 2375 1072 2395 a
1097 2365 1213 2405 vagina
1248 2363 1348 2395 etiam

340 2421 408 2462 ipsa
433 2417 610 2459 proveniffc
636 2415 749 2453 illum,
783 2411 921 2445 ostendit
957 2408 1160 2451 superiorum
1199 2406 1344 2452 partium

340 2461 586 2498 (11110611οε000
612 2457 738 2493 aliunde
770 2457 869 2496 repeti
904 2451 989 2497 posse
1021 2452 1055 2483 in
1090 2451 1149 2482 alia
1185 2453 1267 2481 visus
1303 2447 1347 2482 est

341 2509 380 2542 de
405 2517 469 2549 qua
494 2505 571 2537 alibi
597 2502 654 2546 (r)
674 2501 851 2535 scribetur.
877 2500 978 2530 Porro
1000 2495 1034 2527 in
1057 2505 1196 2528 corona,
1220 2491 1345 2531 osculo,

344 2552 557 2595 proximaque
580 2547 702 2581 cervice
727 2542 889 2583 interdum
905 2539 1107 2582 prominere,
1131 2535 1353 2569 interdumla-

347 2606 411 2628 tere
436 2591 585 2626 vesiculas
608 2601 679 2633 quae
705 2586 877 2621 secundum
902 2593 1050 2616 naturam
1066 2579 1150 2613 baud
1163 2580 1249 2611 aliud
1273 2589 1351 2611 con-

345 2641 491 2673 tineant,
516 2647 613 2677 quam
639 2632 838 2673 limpidum,
870 2631 899 2661 8<
932 2630 965 2661 in
999 2625 1053 2659 fila
1075 2623 1243 2672 'ductilem
1279 2633 1348 2670 mu-

345 2694 443 2721 curn,
465 2680 569 2722 qualis
594 2678 630 2711 ad
654 2689 687 2709 ea
721 2677 791 2708 loca
826 2671 941 2706 effusus
970 2667 1172 2709 conspicitur
1196 2690 1204 2704 ,
1238 2677 1277 2697 ex
1309 2667 1348 2697 iis

345 2727 418 2761 satis
442 2722 525 2756 nosti
549 2733 620 2764 quae
642 2721 674 2752 in
700 2715 898 2751 Adversariis
922 2713 979 2754 (s)
1002 2712 1082 2744 olim
1108 2708 1286 2755 proposui,
1319 2710 1349 2739 &

346 2766 559 2804 confirmavi:
584 2764 622 2798 de
646 2763 782 2806 quarum
808 2759 1016 2792 vesicularum
1040 2753 1177 2786 fortuita
1200 2753 1352 2785 011011113-

345 2816 434 2848 tione
458 2818 678 2845 commentum
704 2804 891 2839 recentioris
915 2798 1111 2845 Anatomici
1134 2797 1185 2830 1110
1209 2806 1273 2828 non
1308 2795 1351 2827 011

345 2868 426 2899 opus
449 2853 602 2895 rejicere,
625 2862 699 2885 cum
722 2849 786 2891 jam
812 2847 851 2880 ab
878 2846 947 2878 aliis
971 2843 1123 2883 rejectum
1158 2841 1198 2888 sit
1218 2864 1226 2872 .
1252 2838 1352 2888 'Quid

347 2910 452 2934 autem
478 2905 587 2934 vetat,
612 2905 647 2928 ut
672 2896 703 2926 in
727 2892 850 2925 caeteris
875 2888 1018 2921 videmus
1042 2883 1199 2926 glandulis
1215 2904 1224 2919 ,
1249 2891 1294 2914 ita
1320 2883 1352 2913 in

348 2943 399 2978 his
423 2951 553 2983 duoque
576 2938 685 2973 morbi
710 2938 741 2968 vi
769 2947 826 2977 pro
858 2944 896 2965 eo
930 2942 1025 2963 muco
1060 2928 1227 2961 materiam
1261 2926 1354 2957 aliam

349 2985 507 3029 separari,
533 2982 631 3015 modo
644 2979 804 3015 albidam,
829 2970 1235 3011 &craffiusculam,modo
1257 2970 1355 3001 etiam

352 3025 530 3073 aquosam?
554 3025 646 3061 Quin
680 3023 735 3056 ubi
772 3033 882 3055 eorum
919 3018 1041 3057 Scripta
1077 3016 1160 3057 legas
1192 3013 1248 3054 qui
1284 3021 1356 3044 ante

353 3086 402 3108 me
427 3070 576 3103 vesiculas
600 3069 642 3100 iis
667 3068 698 3098 in
724 3065 848 3098 sedibus
870 3060 1118 3102 conspetu-raum
1156 3055 1323 3100 plerosque
1346 3079 1355 3094 ,

354 3129 388 3151 ut
412 3117 445 3147 10
471 3115 498 3145 Ι.
524 3109 732 3146 Adversariis
754 3108 817 3149 (r)
841 3104 949 3146 scripfi
966 3126 974 3139 ,
1010 3100 1183 3144 cognosces
1209 3126 1218 3140 ‚
1252 3110 1292 3132 ex
1324 3110 1356 3130 ea

351 3170 447 3203 quam
473 3155 558 3190 forte
583 3156 616 3187 in
641 3151 784 3185 vesiculis
810 3159 922 3191 praeter
948 3156 1092 3179 naturam
1118 3154 1234 3186 aquam
1268 3144 1357 3174 inve-

352 3211 487 3240 nerant,
512 3200 595 3242 ipsas
621 3208 679 3238 pro
702 3194 913 3237 hydatidibus
937 3188 1230 3231 accepiss'e.Q1am
1242 3195 1356 3227 aquam

352 3261 368 3281 a
395 3258 443 3278 me
467 3254 594 3285 quoque
619 3239 791 3281 aliquando
823 3236 866 3269 ob
899 3235 1028 3268 eandem
1067 3232 1193 3266 causam
1227 3230 1260 3261 in
1293 3229 1356 3261 illis

353 3291 410 3324 0110
434 3285 682 3329 deprehensam,
710 3279 905 3315 Adversaris
944 3279 1005 3309 tv.
1047 3280 1107 3315 (ιι)
1144 3275 1219 3307 satis
1251 3271 1355 3304 osten-

352 3336 433 3366 dunt
449 3357 456 3363 .
485 3331 591 3371 Igitur
615 3337 650 3359 ut
675 3324 845 3358 secundum
876 3330 1035 3355 maturam
1051 3316 1286 3352 mucumillum
1309 3314 1356 3347 ef-

354 3376 516 3410 fundunt,
540 3371 580 3405 sic
604 3371 715 3403 vitiata
742 3370 776 3401 in
809 3360 1079 3399 illisbfecrerione
1103 3385 1110 3398 ,
1148 3365 1177 3394 δέ
1214 3359 1355 3392 albidam

353 3418 547 3459 crassamque
572 3415 738 3447 materiam
756 3438 763 3451 ‚
787 3414 817 3443 &
844 3407 994 3452 aquosam
1020 3404 1146 3448 possunt
1173 3402 1353 3447 effundere.

399 3465 448 3495 30,
473 3460 637 3499 Quoniam
665 3467 739 3491 vero
763 3466 826 3488 non
853 3453 956 3485 solum
980 3452 1012 3483 in
1038 3459 1128 3492 parte
1153 3448 1235 3480 uteri
1269 3447 1353 3478 inse-

436 3692 474 3719 n)
492 3700 516 3714 1-1.
532 3695 570 3715 16.
631 3690 671 3718 (ο
691 3689 698 3717 >
716 3689 799 3717 supra,
816 3694 840 3710 11.
858 3692 893 3709 12.
954 3684 967 3711 (
981 3690 997 3712 p

502 3722 575 3749 Epist.
593 3728 629 3750 50.
646 3727 670 3742 n.
689 3727 725 3748 5¹-
785 3716 847 3746 (s)
869 3719 891 3741 1.
909 3723 932 3738 n.
954 3721 978 3743 3*

415 3693 430 3721 (
1013 3686 1024 3708 >

417 3722 582 3781 {531233-
644 3751 714 3779 (y)
730 3747 803 3777 Epist.
823 3749 860 3776 56.
879 3754 902 3769 n.
920 3752 956 3768 ²0·
1020 3744 1033 3770 (
1049 3751 1066 3770 z
1084 3742 1092 3772 )
1111 3751 1133 3766 n.
1153 3745 1187 3765 16.

1042 3681 1115 3710 Epist.
1133 3684 1169 3704 26.
1187 3688 1211 3703 n.
1230 3686 1266 3707 13.
1285 3678 1306 3701 8(
1325 3677 1394 3705 Epist.
1413 3683 1447 3699 21.
1467 3684 1489 3699 11.
1508 3684 1545 3704 47.

969 3731 991 3737 -.
1010 3713 1032 3736 Et
1051 3714 1094 3736 tv.
1112 3710 1224 3735 Animad.
1241 3715 1279 3738 39.
1299 3711 1319 3732 δι
1337 3716 1373 3734 ao,

1249 3741 1264 3768 (
1279 3747 1293 3762 a
1313 3744 1319 3767 Ι*
1338 3738 1408 3766 Epist.

921 158 1076 211 Liber
1109 156 1201 208 ΙΙΙ.
1236 155 1322 207 De
1357 152 1563 206 Morbis
1600 143 1812 204 Ventris

1393 233 1500 268 fiere,
1525 231 1578 266 sed
1601 232 1634 264 in
1658 228 1758 263 fundo
1780 229 1878 263 etiam
1912 227 2003 270 ipso,
2028 225 2232 268 quantumvis
2265 223 2386 259 rarius,

1392 274 1541 307 vesiculas
1566 274 1706 307 vidimus
1732 273 1865 306 cundem
1887 282 1983 315 quem
2006 270 2044 303 ad
2068 270 2232 305 osculum,
2258 279 2387 301 mucum

1392 316 1566 355 habente55
1588 328 1656 350 eam
1679 318 1713 349 in
1737 316 1978 358 fundoquoque
1991 312 2217 353 scaturiginem
2242 312 2387 352 aliquan-

1392 361 1436 394 do
1460 363 1583 403 poterit
1608 358 1759 401 aquosae,
1782 368 1838 392 aut
1869 356 1974 391 crass‘ae
1997 381 2006 396 ,
2039 356 2181 397 albaeque
2214 359 2354 388 materiae
2378 375 2388 391 ,

1395 413 1449 436 aut
1473 404 1552 436 alius
1575 403 1713 444 denique
1736 402 1855 436 coloris
1879 402 1978 434 Fluor
2002 398 2118 432 habere
2139 421 2146 428 .
2182 399 2283 430 Decet
2317 409 2389 439 quae

1395 447 1495 480 rarius
1520 444 1632 480 vidisse
1654 447 1815 483 diximus,
1839 443 2011 487 propositis
2034 441 2325 474 Observationibus
2340 441 2393 474 1110

1394 491 1609 529 confirmare,
1633 488 1810 532 praesertim
1834 493 1908 521 c'um
1932 487 1978 521 hae
2003 484 2041 518 ad
2064 486 2146 518 uteri
2170 482 2393 518 excrescentias

1396 535 1576 571 attineant,
1598 533 1637 566 de
1662 533 1778 574 quibus
1801 532 1948 573 proxime
1971 528 2135 570 sequitur,
2159 537 2195 560 ut
2226 527 2320 560 verba
2344 528 2394 562 fa-

1395 578 1537 610 ciamus.
1562 576 1614 610 Ad
1639 576 1914 609 Observationem
1937 576 2038 615 igitur
2061 583 2157 617 quam
2171 570 2313 612 Epistola
2338 572 2395 606 ha-

1400 620 1496 653 buisti
1520 619 1677 652 XXXIV.
1702 622 1769 658 (x)
1790 619 2007 651 excrescentiae
2032 630 2101 660 quae
2124 618 2256 660 propius
2287 614 2398 658 supre-

1401 674 1492 696 mum
1514 661 1648 696 fundum
1663 688 1671 702 ‚
1698 661 1841 695 veficulis
1864 660 1958 702 liujus
1983 662 2105 703 generis
2129 659 2320 702 tegebatur,
2364 663 2397 691 &

1402 707 1439 739 ad
1464 706 1595 739 alteram
1618 717 1737 747 quam,
1760 715 1835 738 cum
1857 706 1918 738 erit
1944 705 2045 737 sermo
2077 705 2116 737 de
2150 703 2400 735 claudicatione

1396 752 1464 790 (³1)
1479 771 1487 786 1
1512 749 1662 784 habebis,
1688 749 1848 782 tuberculi
1872 748 1959 790 quod
1982 749 2016 780 in
2041 748 2111 790 ipso
2132 746 2282 787 supremo
2292 745 2396 779 fundo

1395 804 1435 827 ex
1460 794 1588 827 illarum
1612 793 1740 834 aggerie
1763 791 1925 825 constabat
1944 814 1956 831 2
1992 788 2046 823 has
2069 789 2147 825 adde
2168 800 2239 833 quae
2263 787 2403 832 sequun-

1397 847 1452 870 tur
1477 860 1484 868 .

1441 890 1491 913 21.
1516 879 1726 913 VETULAE
1751 879 1927 914 miliarias,
1952 880 1982 910 &
2006 876 2159 920 genitales
2171 878 2277 909 Partes
2291 876 2327 909 ad
2349 888 2401 910 me

1401 924 1599 962 attulerant,
1625 924 1807 954 Anatomen
1831 922 1864 954 111
1884 921 2064 963 Gymnafio
2098 920 2313 962 explicantem
2337 921 2401 953 Fe-

1400 968 1532 1001 bruario
1556 965 1660 998 mense
1684 966 1725 997 A.
1756 975 1847 1007 1740„
1984 964 2099 997 AOR
2114 964 2197 995 TAE
2220 974 2369 996 truncum
2390 986 2401 1003 ‚

1400 1012 1478 1044 dum
1502 1010 1572 1043 illas
1594 1010 1811 1042 examinarem
1827 1030 1836 1046 ,
1861 1007 2071 1044 animadverti
2095 1017 2158 1039 non
2182 1018 2289 1039 carere
2312 1009 2400 1040 intus

1401 1053 1557 1087 ossearum
1582 1052 1819 1094 squamularum
1844 1053 1969 1088 initiis,
1993 1052 2139 1094 quamvis
2163 1051 2400 1092 perpaucis,&

1401 1097 1599 1131 macularum
1633 1096 1730 1129 instar
1766 1095 1794 1128 se
1825 1095 2037 1128 habentibus.
2172 1094 2266 1126 Uteri
2298 1092 2401 1127 fundo

1402 1142 1572 1183 adaperto,
1598 1150 1664 1173 non
1690 1139 1787 1184 modo
1809 1150 1871 1180 qua
1895 1140 2013 1172 cervici
2037 1147 2101 1171 erat
2125 1137 2314 1179 proximus,
2348 1148 2403 1170 ve-

1401 1184 1513 1218 siculas
1535 1183 1709 1224 conspexi,
1735 1184 1783 1214 ied
1807 1184 1837 1213 &
1862 1182 2030 1224 aliquanto
2053 1182 2192 1224 superius
2214 1189 2253 1213 ex
2296 1181 2400 1214 altero

1398 1228 1485 1261 illius
1509 1228 1602 1259 latere
1627 1237 1760 1268 parvum
1783 1225 1870 1266 quafi
1895 1236 2056 1259 racemum
2080 1223 2215 1267 pendere
2241 1223 2306 1256 vidi
2317 1224 2402 1266 ejus.

1399 1271 1563 1304 demmodi
1590 1270 1818 1304 veficularum‚
1843 1278 1920 1310 quas
1942 1272 2027 1302 inter
2051 1268 2081 1301 se
2110 1267 2320 1301 connectebat
2354 1270 2403 1302 al-

1399 1314 1476 1348 bida
1498 1313 1667 1354 interjecta
1690 1311 1887 1350 substantia,
1913 1324 1950 1345 ex
1973 1324 2037 1354 qua
2060 1315 2091 1344 &
2113 1310 2250 1353 petiolus
2273 1311 2369 1344 fiebat
2392 1334 2403 1349 ‚

1401 1369 1456 1392 nec
1481 1357 1704 1399 brevissimus,
1751 1365 1808 1388 nec
1832 1354 2050 1393 tenuiffimus,
2075 1365 2234 1388 racemum
2269 1354 2404 1397 alligans

1401 1403 1438 1436 ad
1460 1402 1610 1434 intimam
1636 1400 1718 1433 uteri
1744 1398 1983 1437 membranam,
2008 1409 2079 1442 quae
2103 1398 2175 1431 sana
2197 1406 2339 1437 erat,ex
2352 1411 2404 1432 ea-

1399 1446 1538 1487 demque
1561 1445 1665 1476 albida
1688 1443 1850 1476 constabat
1874 1442 2069 1476 substantia.

1448 1500 1498 1521 22.
1525 1487 1583 1520 Sed
1606 1489 1760 1533 quoniam
1783 1484 1833 1520 hae
1858 1484 2022 1523 vesiculae,
2049 1484 2107 1518 nisi
2119 1484 2207 1528 quod
2222 1483 2406 1528 nescioquo

1402 1531 1475 1565 casu
1500 1532 1581 1564 olim
1605 1534 1732 1563 inerant
1756 1541 1794 1562 01(
1816 1530 1902 1562 uteri
1926 1531 2109 1566 membrana
2131 1528 2263 1563 divulsae
2283 1541 2292 1565 3
2330 1530 2407 1572 ipsae

1403 1586 1576 1621 earumque
1602 1585 1711 1608 mucus
1735 1573 1773 1606 ad
1796 1581 1921 1606 naturae
1944 1584 2094 1607 normam
2118 1570 2147 1605 se
2168 1571 2330 1606 habebant
2345 1585 2356 1613 ς,
2371 1581 2409 1607 ut

1402 1631 1441 1652 ex
1463 1618 1756 1652 Observationibus
1780 1616 1941 1658 intelligas
1961 1638 1974 1655 ,
1995 1617 2081 1659 posse
2113 1616 2279 1650 interdum
2310 1628 2409 1660 quern

1403 1666 1573 1696 continent
1597 1672 1727 1695 mucum
1752 1659 1791 1692 ab
1815 1672 1848 1693 ea
1872 1671 2005 1696 norma,
2039 1669 2076 1693 ut
2102 1657 2193 1701 supra
2226 1659 2368 1693 indicavi
2392 1683 2404 1699 ‚

1404 1707 1466 1738 11νο
1489 1705 1621 1741 colore,
1647 1705 1708 1737 five
1731 1703 1955 1741 consistentia,
1981 1713 2015 1736 ut
2033 1704 2235 1744 loquuntur,
2257 1704 2409 1737 descisce-

1403 1760 1456 1785 re;
1482 1747 1684 1791 primnmfac
1697 1747 1881 1779 memineris
1895 1768 1903 1782 ,
1927 1757 2051 1779 01101οκ
2065 1748 2146 1779 uteri
2159 1746 2409 1789 osculo,quem-

1405 1791 1580 1825 admodum
1604 1791 1772 1833 aliquanto
1807 1789 1948 1831 superius
1990 1790 2084 1833 (z)
2118 1789 2213 1821 retuli
2239 1809 2249 1826 ,
2286 1792 2408 1831 promi-

1404 1844 1521 1869 nerent
1544 1835 1763 1868 excrescentiae
1786 1833 1876 1870 duae,
1902 1843 1941 1865 ex
1963 1831 2012 1865 his
2037 1832 2181 1865 veficulis
2205 1832 2404 1872 faetaefflm-

1404 1890 1477 1913 cuni
1500 1880 1533 1910 in
1557 1878 1607 1911 his
1628 1876 1702 1919 ipfis
1725 1875 1817 1910 fuisse
1840 1875 1949 1909 colore
1973 1875 2273 1912 flavescente3tum
2297 1878 2409 1919 proxi-

1404 1934 1471 1956 mas
1494 1922 1570 1954 duas
1595 1922 1662 1963 lege
1686 1919 1957 1952 Observationes.

1446 1977 1498 2009 23.
1525 1964 1748 1997 VIRGINJS
1771 1974 1870 1996 annos
1894 1972 1977 1995 natae
2001 1961 2138 2001 triginta
2158 1970 2225 1995 tres
2256 1964 2409 2005 genitalia

1401 2010 1573 2051 diligenter
1601 2008 1683 2041 secui
1708 2006 1777 2047 post
1800 2004 1943 2039 medium
1957 2005 2117 2037 Martium
2142 2005 2182 2038 A.
2201 2016 2294 2049 1717.

1402 2052 1623 2088 UT'ERUS',
1650 2060 1685 2082 ut
1710 2050 1858 2092 pleraque
1882 2049 1964 2084 alia,
1987 2046 2168 2081 ,naturalem
2202 2051 2411 2084 constitutio-

1402 2108 1476 2129 nem
1499 2095 1664 2128 servabat.
1691 2092 1779 2125 Nam
1805 2094 1860 2126 etsi
1885 2093 1954 2125 vasa
1977 2094 2061 2124 cirea
2095 2090 2200 2130 ipsum
2235 2105 2322 2126 erant
2358 2105 2411 2129 tu-

1401 2141 1562 2178 midiora,
1586 2141 1618 2170 Sc
1642 2138 1780 2169 interior
1802 2147 1931 2178 quoque
1956 2135 2024 2176 ejus
2049 2134 2221 2169 substantia
2258 2137 2412 2176 sanguine

1402 2184 1577 2226 turgebat,
1603 2181 1668 2214 haec
1693 2190 1799 2213 tamen
1834 2180 1873 2213 ab
1907 2180 2046 2211 instante
2082 2175 2140 2210 esse
2173 2176 2414 2215 menstruorum

1401 2228 1511 2264 fluxu,
1538 2226 1632 2259 fundi
1656 2225 1771 2257 intima
1795 2221 1892 2256 facies
1917 2222 2123 2261 ostendebat,
2160 2235 2230 2265 quae
2258 2249 2266 2264 ,
2300 2225 2414 2267 digitis

1402 2267 1703 2317 subtus'appreffis,
1739 2267 1905 2308 sanguinis
1928 2273 2038 2309 guttas
2071 2265 2260 2305 emittebat,
2298 2270 2415 2310 quibus

1401 2312 1544 2350 abstersis
1568 2313 1637 2344 aliae
1662 2310 1890 2344 succedebant:
1914 2308 2142 2352 quodsfrustra
2167 2311 2200 2343 in
2224 2314 2412 2351 cervice,&

1401 2360 1516 2399 vagina
1538 2355 1742 2389 tentabatur.
1759 2355 1898 2399 'Interea
1921 2354 1997 2388 dum
2022 2352 2088 2385 haec
2112 2355 2293 2395 experirer.
2318 2361 2349 2389 ὅ(
2374 2358 2415 2389 iis

1399 2404 1455 2443 qui
1481 2399 1634 2438 aderant,
1657 2397 1927 2436 demonstrarem,
1949 2396 2177 2431 excrescendas
2201 2398 2290 2431 binas
2303 2402 2415 2433 anim·
2445 2402 2447 2404 ’

1398 2444 1543 2480 adverti,
1570 2443 1698 2475 alteram
1726 2442 1759 2473 in
1783 2439 1874 2473 fundi
1899 2442 1997 2473 latere
2020 2440 2152 2472 dextero
2186 2444 2304 2475 cervici
2331 2455 2410 2485 pro..

1399 2489 1513 2525 ximo,
1538 2486 1669 2518 alteram
1693 2483 1824 2527 paululo
1847 2483 1932 2518 infra
1955 2486 1988 2516 111
2012 2483 2123 2516 eodem
2146 2487 2278 2519 cervicis
2304 2488 2410 2520 latere.

1404 2533 1503 2563 Parva
1527 2540 1596 2562 erat
1620 2538 1779 2569 utraque,
1803 2530 1835 2559 ὃ(
1860 2537 1897 2559 ex
1921 2527 2064 2559 vesiculis
2102 2529 2266 2569 compacta
2301 2529 2413 2563 11111111-

1404 2574 1481 2607 bus.
1508 2574 1631 2606 Verum
1657 2571 1811 2607 secando,
1836 2581 1907 2612 quae
1935 2569 2121 2602 inferiorem
2147 2570 2330 2611 faciebant,
2356 2586 2413 2607 aa-

1405 2617 1541 2650 ruralem
1564 2627 1693 2649 mucum
1717 2613 1852 2652 dedere5
1869 2617 1980 2657 &quse
1995 2611 2190 2655 superiorem
2206 2637 2215 2651 2
2241 2617 2408 2651 limpidam

1405 2672 1538 2703 aquarn-
2287 2680 2290 2684 -

1449 2717 1498 2745 24.
1524 2703 1712 2736 MULIER
1738 2712 1896 2735 annorum
1919 2702 2313 2746 quinque&septuaginta
2335 2716 2410 2739 cum

1403 2748 1481 2780 bene
1506 2748 1607 2780 valere
1632 2746 1816 2783 videretur,
1840 2746 2003 2786 apoplexia
2030 2745 2198 2785 prehensa,
2224 2759 2322 2790 eaque
2359 2750 2410 2781 in..

1403 2801 1451 2823 tra
1476 2790 1620 2824 triduum
1643 2788 1789 2823 confecta
1812 2788 1875 2821 est.
1912 2788 2045 2820 Ventris
2088 2790 2255 2823 dumtaxat
2291 2791 2411 2825 viscera

1405 2837 1438 2866 in
1463 2833 1678 2876 Gymnasium
1703 2834 1793 2865 illata
1818 2831 1910 2869 sunt,
1935 2843 2007 2865 cum
2045 2834 2226 2866 Anatomen
2260 2833 2410 2868 docerem

1407 2878 1579 2912 Feb'ruario
1603 2873 1705 2908 mense
1728 2877 1769 2908 A.
1795 2885 1887 2917 1735.
2020 2876 2241 2910 MESARAEI
2275 2879 2411 2918 glandu-

1408 2922 1446 2954 1ae
1470 2931 1556 2954 erant
1580 2919 1744 2952 nonnullae
1767 2928 1837 2951 turn
1849 2919 1956 2961 procul
1971 2920 2010 2952 ab
2021 2921 2412 2960 aunestisintestinis,tum

1412 2964 1587 3010 praese-rtim
1601 2962 1685 2996 haud
1703 2963 1838 3005 procul,
1862 2963 1915 2995 ubi
1929 2971 1989 2995 tres
2000 2966 2277 3006 quatuorveinter
2290 2965 2317 2998 se
2330 2967 2411 2999 vici-

1408 3019 1476 3056 nae,
1503 3007 1551 3041 led
1567 3018 1630 3039 non
1647 3009 1871 3047 contingentes
1886 3018 1896 3042 3
1919 3006 2159 3049 quaeglandulae
2182 3009 2319 3041 naturali
2335 3020 2410 3042 cum

1409 3051 1504 3085 essent
1527 3052 1637 3084 colore
1653 3074 1661 3088 ‚
1685 3053 1714 3081 &
1741 3049 1841 3090 specie
1856 3074 1865 3087 ,
1890 3060 1953 3081 non
1980 3061 2112 3091 parvam
2125 3048 2230 3082 fabam
2246 3054 2410 3094 maguitu-

1409 3096 1481 3128 dine
1507 3094 1636 3140 singulae
1660 3098 1840 3135 aequabant,
1852 3092 1937 3134 quod
1964 3095 1994 3125 in
2019 3092 2153 3125 foemina
2178 3094 2208 3127 id
2224 3099 2325 3127 :etatis
2350 3097 2412 3128 mi-

1409 3149 1481 3171 rum
1505 3137 1719 3179 quibusdam,
1743 3138 1773 3167 &
1796 3135 1923 3168 fortasse
1947 3138 2046 3169 ctiam
2069 3145 2181 3177 praetcr
2206 3147 2351 3171 naturam
2364 3141 2411 3171 vi-

1408 3182 1559 3214 debitur.
1586 3179 1811 3222 Appendicula
1837 3180 2090 3218 Vermiformis,
2113 3189 2147 3213 ut
2170 3192 2257 3222 parte
2272 3183 2324 3214 vix
2347 3192 2410 3215 ter-

1408 3227 1452 3258 tia
1473 3237 1553 3258 cava
1579 3224 1652 3257 esset
1671 3249 1679 3263 ,
1705 3224 1737 3255 in
1762 3221 1914 3263 Epistolis
1937 3223 2145 3257 Anatomicis
2167 3227 2235 3267 (a)
2260 3225 2333 3259 satis
2359 3228 2410 3258 in-

1406 3269 1548 3302 dicatum
1574 3267 1633 3299 est.
1664 3265 1752 3300 illud
1784 3266 1837 3299 hic
1872 3278 1936 3298 000
1968 3267 2188 3301 omittendum
2208 3291 2220 3306 ,
2256 3280 2291 3300 ex
2322 3269 2407 3302 oculi

1409 3313 1526 3345 uterini
1552 3322 1670 3344 corona
1695 3311 1727 3341 in
1764 3310 1911 3350 vaginam
1946 3309 2124 3352 pependisse
2161 3312 2405 3345 excrescentiarn

1408 3357 1535 3388 minimi
1562 3357 1654 3386 cerasi
1682 3352 1923 3394 magnitudine,
1958 3354 2098 3386 exterius
2132 3353 2343 3393 subnigram,
2374 3356 2405 3386 &

1408 3398 1614 3435 tuberosam,
1635 3408 1733 3437 quam
1757 3397 1951 3435 incidendo,
1974 3396 2056 3429 nihil
2080 3397 2164 3430 aliud
2190 3391 2269 3437 else,
2294 3398 2404 3439 reperi,

1407 3442 1464 3474 11111
1479 3442 1638 3483 aggeriem
1653 3441 1857 3473 vesicularum
1869 3440 1993 3482 aliquot
2009 3439 2317 3480 grandiuscularum,
2330 3451 2406 3482 qua-

2292 3494 2361 3515 rum

665 3587 2407 3613 ....----—-—-—-—-—-—-—-———-—--—-----

1609 3675 1617 3704 (
1637 3680 1674 3703 ιγ)
1695 3675 1764 3708 Epist,
1784 3682 1862 3704 3111.
1880 3682 1917 3703 33.

1437 3707 1450 3735 (
1467 3713 1477 3729 t
1495 3710 1503 3736 )
1521 3714 1543 3729 n.
1562 3713 1596 3735 32.
1615 3706 1687 3732 modo
1704 3712 1824 3730 indicato.
1888 3707 1902 3733 ς
1918 3712 1932 3726 ιι
1950 3704 1957 3733 )
1976 3703 2089 3729 Animad.
2105 3714 2143 3734 40.
2159 3705 2281 3728 indicata.

1429 3744 1464 3765 14.
1479 3743 1502 3760 n.
1521 3742 1556 3759 ω.
