2498 4075
423 137 491 185 92

358 198 507 240 incidisse
530 201 704 239 rariorem,
721 198 749 236 vli
771 211 844 237 cum
867 203 988 238 caeteris
1003 226 1011 240 ‚
1036 202 1069 232 &
1091 199 1262 241 praesertim
1281 213 1358 235 cum

358 243 527 287 Ryyischio
551 246 617 283 (a)
639 244 695 285 qui
717 246 826 282 multo
847 245 961 288 saepius
996 243 1079 276 vidit
1100 268 1111 283 ,
1144 244 1326 279 conferatur
1346 256 1359 285 ;

353 284 410 323 hic
433 288 517 321 enim
541 286 654 323 diserte
677 287 745 326 ait,
770 298 925 330 nunquam
947 286 987 322 fic
1000 285 1110 320 vidisse
1125 311 1137 328 ,
1162 289 1360 332 atquealiam

355 341 520 373 propterea
544 332 674 365 Iconern
697 329 764 372 (b)
789 330 943 374 subjicit,
964 341 1026 374 qua
1048 328 1193 365 diduetas
1216 331 1319 366 solum
1343 344 1358 365 a

354 383 444 416 tergo
466 371 640 412 vertebras,
667 382 702 406 ut
717 374 901 414 invenerat,
925 385 989 407 non
1001 373 1358 409 etiamafronteosten-

356 415 428 454 dit.-
450 426 585 459 quarum
614 426 752 458 corpora
785 428 838 459 per
867 416 993 451 sulcum
1025 416 1222 459 profundum
1257 418 1356 451 divisa

350 459 519 501 conspexit
544 458 673 500 quidem
698 458 893 496 Theodorus
917 462 1102 502 Zwingerus
1134 464 1147 503 (
1169 473 1185 494 c
1207 465 1220 502 9
1240 485 1253 501 ,
1285 461 1358 502 sed,

351 513 387 539 nt
411 504 443 539 in
469 501 648 537 monstroso
671 501 754 536 foetu
773 525 783 541 ,
807 502 1012 545 posteriorem
1037 501 1138 546 sedem
1148 504 1329 538 obtinentia
1343 529 1356 545 ‚

351 557 407 579 nec
431 543 492 577 fine
516 546 638 587 integra
663 544 797 581 medulla
821 548 963 588 Spinali.
989 546 1088 586 Quod
1112 558 1186 580 vero
1220 547 1259 580 ad
1290 559 1356 581 me-

220 592 229 599 '
349 588 445 626 dullae
468 586 564 630 ipfius
587 586 777 622 divifionem
801 590 941 630 attinet;
963 591 1120 625 Brunneri
1137 585 1267 633 cfiffitiem
1281 592 1354 633 Ob-

349 632 558 665 servationem
582 633 644 672 (d)
666 632 727 673 legi
751 644 821 675 quae
845 631 988 676 hydropi
1011 633 1275 667 corticalisillius
1288 645 1361 671 me-v

346 675 472 711 ditullii
496 673 597 709 favere
621 674 789 710 videntur.
816 678 947 709 Inventa
975 678 1059 710 enim
1081 676 1124 709 est
1137 677 1273 718 spinalis
1287 689 1351 711 me-

350 717 434 753 dulla
459 718 491 751 in
513 717 690 754 meditullio
709 717 896 762 perforata,
921 720 963 753 Θ
985 730 1066 762 aqua
1088 716 1228 763 referta,
1257 724 1351 756 cuni-

345 761 423 800 culo
446 761 523 794 illuc
545 761 649 796 versus
673 761 843 802 tendente,
867 763 922 797 ubi
945 763 1097 796 vertebrae
1120 762 1286 802 hiabant,
1319 769 1351 799 δε

346 803 503 847 aquosus,
526 814 597 839 ante
619 803 918 848 hydmcephafflm,
941 807 975 839 in
997 805 1093 839 dorso
1105 806 1327 841 tumorfuerat
1343 833 1350 840 .

345 849 425 884 Non
450 856 553 883 tamen
578 849 709 885 memini
731 848 922 892 bipartitam
947 848 1103 892 hydropis
1126 850 1159 882 vi
1172 850 1352 884 Medullam

346 889 452 933 legisse
465 916 472 922 .
498 891 586 925 Nam
634 891 696 926 uod
709 891 747 925 ad
759 894 857 928 alium
869 892 1101 936 ejusdemmodi
1113 904 1272 928 tumorem
1283 906 1352 927 ner-

342 945 399 969 vos
423 934 576 976 plurimos
602 936 611 968 i
656 947 687 970 m
708 937 833 970 Aneros
857 941 915 976 (e)
941 936 1351 981 tendentesviditeSpina‚

346 977 552 1021 indidemque
573 978 641 1014 vasa
676 978 682 982 ’
764 979 843 1013 lfera
865 983 1056 1022 emergentia
1079 980 1192 1014 eodem
1215 982 1354 1024 appelle-

344 1033 401 1062 re,
423 1030 458 1059 ut
475 1020 589 1064 subtus
611 1022 787 1058 membrana
805 1022 959 1066 spinalem
981 1024 1148 1058 medullam
1163 1024 1243 1057 alias
1253 1025 1355 1059 invol-

342 1075 421 1099 vens
444 1074 609 1107 appareret
631 1066 757 1107 inanis,
780 1067 854 1101 adeo
874 1076 912 1101 ut
933 1067 986 1102 vel
1007 1068 1107 1101 omnis
1138 1067 1273 1101 medulla
1283 1067 1353 1110 spi-

339 1107 426 1147 nalis
446 1107 505 1143 hac
529 1108 732 1150 exorbitans,
754 1111 788 1146 in
809 1110 927 1145 ditium
950 1119 1110 1149 tumorem,
1125 1111 1289 1146 terminari
1298 1113 1353 1145 vi·-

331 1150 374 1198 [α
388 1148 520 1192 fuerit3
544 1163 617 1185 cave
642 1162 756 1194 putes,
779 1155 812 1187 in
836 1163 886 1187 tot
909 1153 1120 1188 nervisormes
1144 1163 1248 1196 partes
1281 1155 1352 1187 Me-

343 1194 467 1230 dullam
490 1204 579 1236 aquae
601 1196 634 1228 vi
656 1195 748 1232 fuisse
770 1196 927 1231 divisam.
953 1199 1033 1230 Erat
1059 1198 1144 1231 enim
1168 1195 1221 1229 hic
1246 1207 1353 1232 tumor

341 1238 374 1270 in
396 1237 484 1280 dorso
500 1238 598 1280 stipra
622 1250 656 1273 os
672 1239 821 1281 fircrum,
845 1241 907 1275 hoc
931 1240 973 1274 est
1006 1243 1039 1274 in
1073 1240 1212 1274 lumbari
1246 1242 1352 1283 Spinae

340 1280 446 1316 trac-‘tu
471 1281 505 1314 in
529 1292 594 1322 quo
618 1281 797 1316 Medullam
821 1283 888 1326 ipsa
912 1293 1024 1318 natura
1046 1284 1081 1316 in
1094 1284 1353 1327 EquinamCau-

338 1322 433 1361 dam,
457 1321 499 1371 id,
515 1324 557 1360 est
580 1326 613 1357 in
637 1334 687 1358 tot
727 1337 839 1360 nervos
872 1326 1006 1368 divisit,
1030 1338 1109 1369 quos
1132 1338 1205 1361 cum
1228 1327 1353 1371 sangui-

340 1367 417 1403 feris
440 1369 516 1404 valis
539 1368 618 1404 illuc
641 1368 696 1403 ubi
720 1371 825 1402 minor
849 1370 1021 1404 resistentia
1045 1380 1134 1411 erat,
1156 1370 1195 1403 ab
1217 1383 1295 1414 aqua
1317 1373 1353 1405 in

339 1420 502 1447 tumorem
527 1410 619 1447 fuisse
641 1413 824 1455 compulsos
837 1437 848 1453 ‚
873 1426 937 1447 non
950 1413 998 1448 est.
1007 1415 1209 1448 mirandum.
1227 1414 1353 1450 Eodem

339 1455 375 1490 in
399 1455 502 1491 traetu
517 1464 606 1490 erant
625 1464 790 1491 tumoresa
803 1457 930 1500 Tulpio
953 1456 1015 1501 (f)
1027 1481 1039 1498 ,
1063 1469 1079 1491 a
1091 1456 1244 1493 Lechelio
1262 1462 1330 1502 (g)
1343 1485 1353 1499 ,

343 1497 382 1534 ab
403 1498 518 1538 Apino
540 1497 607 1540 (h)
630 1499 804 1542 descripti.
832 1502 1090 1544 Itaqueprimus
1113 1501 1196 1535 vidit
1228 1501 1262 1535 in
1297 1504 1357 1535 tri-

342 1541 401 1577 bus
425 1541 493 1577 illis
517 1540 698 1576 infantibus
723 1553 834 1580 nervos
849 1543 987 1587 spinalis
1010 1544 1148 1578 medulla!
1168 1554 1226 1586 per
1250 1553 1354 1579 tumo-

345 1595 409 1621 rem
429 1584 537 1627 paffim'
560 1585 731 1628 dispersos.
746 1610 815 1626 ...‚
840 1595 988 1629 extraque
1012 1587 1147 1621 orbitam
1165 1586 1259 1630 suam
1268 1589 1351 1622 dela-

342 1637 414 1662 toss
441 1628 544 1669 alter,
568 1638 682 1671 aperto
705 1637 855 1671 tumore,
876 1629 959 1664 nihil
962 1629 1101 1672 spinalis
1112 1630 1251 1665 medulla
1266 1632 1351 1673 repe«

342 1672 408 1709 rit,
428 1671 595 1714 filamenta
618 1673 754 1714 quaedam
778 1672 849 1707 alba
875 1673 917 1705 (ψ
940 1673 1116 1716 tenuiffima
1133 1672 1162 1715 fi
1184 1675 1351 1717 excipias,

338 1726 412 1758 quae
437 1715 549 1753 rudera
570 1716 678 1757 potius
691 1715 872 1751 membranae
886 1740 897 1756 ,
920 1716 1274 1757 investientisffiinalem
1286 1727 1350 1752 me-

337 1757 456 1793 dullam
466 1782 479 1799 ‚
501 1767 595 1800 quam
618 1769 783 1795 nervorum
795 1783 808 1800 ‚
829 1759 894 1803 ipse
917 1759 1045 1802 quidem
1060 1760 1251 1794 existimavit
1267 1771 1351 1794 :ter-

339 1802 406 1840 tius
432 1799 566 1844 denique
590 1801 688 1844 ipsam
712 1802 880 1840 medullam
898 1802 1075 1846 spinalem‚
1099 1815 1138 1837 ex
1151 1805 1291 1838 caritate
1295 1804 1348 1848 se-

341 1845 446 1881 cundae
469 1843 567 1882 adhuc
589 1848 717 1888 integra
748 1845 898 1880 vertebra
930 1845 1084 1880 lumbaris
1112 1848 1313 1888 prodeuntem
1336 1872 1346 1886 ,

341 1888 492 1933 insertam
516 1888 675 1934 conspexit
690 1911 699 1927 ‚
717 1889 834 1932 saltem
857 1890 957 1932 quoad
977 1889 1110 1924 alteram
1147 1891 1349 1925 medietatem

336 1931 429 1977 fitam
445 1957 453 1971 ,
476 1931 577 1967 medio
602 1933 873 1977 tum01·is4rertici
886 1959 893 1967 .
919 1933 1003 1975 Qae
1038 1932 1174 1975 quidem
1207 1934 1353 1969 Medulla

336 1986 413 2014 cum
435 1974 607 2016 secundum
630 1984 776 2011 naturam
799 1987 837 2012 ex
859 1987 892 2008 ea
914 1976 1058 2012 vertebra
1072 1976 1200 2019 prodire
1221 1977 1289 2019 ipsa
1303 1989 1357 2011 ne-

361 2028 458 2060 ueat‚
480 2028 517 2057 ut
541 2027 618 2062 pote
640 2031 711 2063 quae
736 2028 805 2057 tota
826 2018 890 2061 jam
913 2018 952 2056 fit
971 2021 1005 2052 in
1016 2031 1128 2055 nervos
1138 2019 1264 2058 divisa3
1289 2021 1356 2054 hae,

353 2061 438 2100 itaffe
462 2063 495 2098 in
520 2061 578 2101 hac
601 2063 704 2104 Apini
730 2062 967 2099 Observatione
990 2074 1063 2107 me,
1086 2063 1209 2101 fateor,
1233 2074 1297 2097 non
1311 2064 1354 2097 se-

338 2117 393 2142 cus
418 2115 512 2149 atque
536 2107 570 2143 in
594 2106 693 2146 altera
717 2108 854 2149 quadam
878 2106 1046 2143 Schraderi
1069 2107 1127 2148 (i)
1150 2110 1214 2146 (ut
1239 2106 1277 2139 de
1295 2108 1354 2140 illa

339 2150 496 2188 Brunneri
510 2148 721 2192 fileanhquae
736 2149 828 2192 supra
851 2149 911 2189 (k)
933 2150 1072 2186 iudicata
1084 2151 1149 2190 est>
1170 2161 1353 2196 quanquam

343 2195 506 2231 contraria
532 2193 660 2236 Prorsus
682 2193 721 2230 de
742 2192 832 2232 causa
846 2217 853 2226 ι
881 2192 1074 2229 Schrader-us
1094 2196 1181 2229 enim
1204 2195 1238 2226 in
1271 2194 1353 2235 ejus-

339 2236 505 2275 demmodi
531 2245 678 2276 tumore,
703 2237 873 2278 eademque
896 2238 930 2274 in
956 2236 1022 2271 sede
1034 2236 1355 2273 animadvertendum

345 2280 507 2320 credidit,
530 2279 710 2318 Medullam
734 2279 886 2313 haetenus
909 2281 1089 2323 integram,
1112 2292 1187 2315 cum
1211 2280 1248 2315 ad
1280 2280 1352 2314 hia-P

339 2335 411 2363 tum
434 2323 651 2362 vertebrarum
677 2322 897 2365 perveniebat,
919 2323 965 2356 ibi
990 2324 1188 2366 evanescere,
1203 2324 1352 2360 &nilni-

333 2368 361 2412 fi
385 2366 596 2410 membranosa
618 2366 781 2403 involucra
807 2365 975 2407 relinquere
998 2365 1039 2399 fic
1062 2375 1167 2400 tamen
1192 2376 1228 2400 ut
1251 2368 1282 2400 in
1305 2366 1352 2400 la-

340 2409 462 2448 teribus
479 2408 635 2453 soarfim,
651 2410 706 2452 sed
728 2409 854 2446 ordine,
871 2409 907 2451 se
923 2412 958 2449 se
980 2408 1123 2453 offerrent
1133 2420 1299 2443 nervorum
1312 2421 1350 2442 ex

339 2454 406 2497 ipsa
419 2454 646 2495 emergentium
671 2453 765 2497 initia
780 2476 787 2485 .
812 2452 919 2494 Atqui
943 2463 989 2488 res
1020 2451 1147 2486 videtur
1179 2451 1349 2486 secundum

340 2506 486 2533 naturam
514 2495 554 2529 fic
581 2496 739 2536 habuisle.
766 2494 920 2529 Medullae
944 2497 1030 2531 enim
1054 2506 1204 2533 truncus,
1230 2497 1276 2529 uti
1301 2495 1351 2529 di-.

341 2541 471 2580 cebant,
497 2541 582 2574 ultra
606 2539 774 2574 secundam
797 2539 980 2573 lumborum
1006 2540 1182 2573 vertebram
1208 2551 1273 2572 non
1297 2540 1354 2573 de-⁴

340 2584 488 2623 stendit5
517 2583 566 2620 sed
590 2584 656 2618 orti
679 2583 744 2626 jam
769 2594 808 2615 ex
830 2582 896 2625 ipsa
923 2585 1014 2616 nervi
1037 2583 1070 2617 in
1096 2585 1189 2616 latera
1201 2582 1311 2616 ordine
1323 2582 1351 2616 se

339 2628 519 2663 demittunt
534 2651 542 2657 -
568 2627 727 2665 Attamen
749 2637 823 2660 curn
847 2635 1004 2674 tumorem
1023 2624 1114 2661 fuisse
1128 2652 1136 2667 ,
1159 2626 1245 2670 ajat,
1270 2638 1354 2660 circa

340 2673 538 2715 principium
549 2669 766 2705 vertebrarum
779 2668 968 2704 lumbarium
981 2682 991 2710 ς
1015 2669 1084 2704 fieri
1098 2670 1198 2713 potest
1210 2694 1221 2709 ,
1235 2679 1270 2702 ut
1285 2680 1355 2711 pars

341 2714 496 2751 Medullae
521 2713 631 2747 infima
658 2723 712 2753 aut
736 2713 856 2756 liquata
879 2713 973 2753 esset,
999 2724 1053 2747 aut
1067 2713 1186 2747 surium
1198 2715 1352 2746 retracta.

344 2761 381 2792 In
406 2759 512 2800 Apini
537 2767 643 2793 autem
666 2755 791 2794 infante
807 2768 855 2790 res
876 2767 988 2791 contra
1000 2756 1030 2792 se
1041 2756 1177 2792 habebat
1195 2780 1204 2795 ‚
1228 2756 1356 2801 Medul-

341 2801 372 2834 la
395 2801 480 2834 infra
506 2802 597 2836 illam
623 2800 791 2837 secundam
816 2801 992 2835 vertebram
1016 2811 1080 2834 non
1105 2801 1206 2835 solum
1230 2799 1356 2832 descen-

341 2844 456 2881 dente,
482 2844 533 2878 sed
557 2843 738 2881 extrorsum
762 2843 790 2879 se
812 2854 979 2885 vertente,
1004 2847 1036 2880 &
1060 2846 1092 2877 in
1107 2844 1355 2878 mediaminter-

347 2898 420 2921 nam
445 2886 562 2922 faciem
593 2887 760 2927 tumoris,
782 2888 837 2929 qui
863 2888 894 2921 in
920 2890 1039 2931 regione
1072 2898 1137 2921 erat
1170 2888 1355 2922 ultimarum

347 2930 566 2966 vertebrarum
590 2929 780 2967 lumbarium
793 2930 820 2964 se
834 2931 987 2965 inserente
1001 2957 1009 2970 ‚
1033 2930 1303 2973 quemadmodum
1317 2942 1355 2963 ex

345 2973 499 3010 Iconibus
524 2975 617 3016 plane
641 2974 823 3016 intelliges,
847 2974 940 3017 longe
963 2975 1078 3009 clarius
1102 2975 1256 3009 exhibitis
1278 2976 1310 3006 in
1321 2986 1355 3006 ea

341 3018 455 3052 Caroli
481 3017 569 3052 frid.
595 3016 832 3053 Hoechstetteri
857 3016 1086 3052 Dissertatione
1108 3019 1191 3060 (l),
1214 3029 1275 3060 qua
1287 3017 1354 3050 brec

343 3062 410 3104 ipsa
433 3062 642 3105 praeceptoris
666 3061 769 3104 Apini
795 3060 927 3094 historia
950 3060 1092 3105 exposita
1116 3062 1352 3096 efficatior-em

347 3107 487 3138 mirarer
499 3117 514 3146 ,·
535 3104 639 3141 incidi
650 3106 684 3138 in
698 3103 884 3139 Mancharti
894 3108 908 3147 <
919 3116 948 3138 m
959 3109 972 3145 >
983 3104 1250 3140 Observationem
1262 3127 1273 3144 ,
1283 3116 1353 3145 quse

347 3151 381 3181 in
404 3147 588 3184 lumborum
611 3147 758 3186 inferiori
782 3157 895 3191 parte,
916 3150 1036 3191 quippe
1057 3161 1095 3183 ex
1118 3148 1353 3184 dehiscentibus

344 3191 467 3226 duabus
490 3191 614 3229 infimis
637 3202 750 3229 eorum
774 3191 950 3232 vertebris,
973 3201 1134 3226 tumorem
1156 3193 1314 3236 proponit
1338 3217 1346 3231 ,

347 3238 379 3268 &
402 3237 435 3268 in
458 3234 552 3276 hujus
577 3236 675 3273 medio
693 3235 923 3277 prominentem
946 3236 1113 3270 medullam
1129 3236 1284 3280 spinalem
1317 3235 1349 3267 ia

340 3277 555 3313 membranam
578 3282 721 3316 tumoris
738 3279 912 3320 intimam,
937 3291 1006 3322 quse
1030 3279 1087 3313 sub
1109 3278 1214 3313 Crass'a
1227 3279 1349 3312 menin-

341 3333 379 3364 ge
402 3321 613 3363 occurrebat,
628 3322 663 3364 se
684 3333 740 3366 per
755 3320 898 3364 fibrillas
930 3321 1118 3364 tenuiffimas
1150 3323 1350 3356 circumcirca

342 3367 554 3400 extendentem
577 3366 618 3400 Θ*
637 3366 731 3407 plane
754 3364 952 3406 defluentem.
977 3367 1124 3409 Denique
1149 3377 1220 3400 cum
1244 3376 1347 3407 reper-

343 3418 375 3443 ta
400 3408 438 3444 ab
461 3408 670 3444 Solertiffimo
694 3408 829 3445 Trewio
851 3412 915 3453 (n)
937 3411 970 3442 in
993 3417 1118 3446 tumore
1149 3412 1205 3456 qui
1242 3408 1344 3444 hiatui

949 111 1124 173 Liber
1135 117 1177 173 l,
1210 117 1295 173 De
1313 117 1553 173 tMorbiss
1570 117 1776 182 Capitis

1408 199 1613 243 respondebat
1635 202 1737 236 trium
1759 200 1949 236 inferiorum
1963 201 2404 243 vertebrarumlumbarium,

1409 247 1441 278 δε
1464 246 1608 278 omnium
1632 245 1821 284 Sacfioffis,
1844 245 2006 279 novi-[lime
2019 246 2228 289 perlegerem,
2252 245 2406 289 adieetas-

1408 298 1470 330 que
1495 290 1606 321 icones
1632 291 1648 328 <
1667 299 1683 320 o
1705 293 1719 329 )
1740 289 1826 331 prius
1849 288 2055 330 inspicerem,
2081 292 2114 324 &
2138 289 2259 323 interse
2269 296 2402 333 eompa-

1409 342 1531 369 rarem3
1554 329 1746 365 credideram
1770 330 1901 374 quidem
1923 344 1962 365 ex
1985 331 2085 365 forma
2112 334 2252 375 primum
2285 342 2409 373 terete,

1407 372 1522 406 deinde
1543 373 1628 416 quasi
1653 375 1685 406 in
1711 385 1840 409 acumen
1864 373 1973 408 sensim
1984 375 2159 415 desinente,
2182 375 2407 418 corpusculum

1409 417 1545 450 albicans
1568 417 1672 458 c,'-d‚
1692 428 1707 450 e
1730 417 1906 451 Medullam
1922 417 1986 452 esse
2007 429 2182 453 extremam
2204 419 2288 452 infra
2298 430 2406 454 omnes

1408 461 1593 496 lumborum
1615 460 1771 494 vertebras
1795 462 1879 494 intra
1902 473 1937 495 os
1959 464 2092 497 Sacrum
2117 463 2145 496 se
2156 462 2381 498 demittentem
2395 480 2404 494 ι

1407 506 1453 537 Et
1476 503 1544 537 sane
1569 504 1695 537 Aue-tor
1715 516 1842 547 quoque
1857 515 1858 520 ¹
1876 504 1964 539 illudv
1989 505 2156 541 manifesto
2189 505 2273 540 vidit
2301 505 2411 547 pluri-

1406 549 1468 580 mis
1485 546 1580 590 fibris
1595 545 1714 590 sparfis
1735 546 1880 582 cohaerere
1902 558 1973 582 cum
1990 548 2138 590 partibus
2145 547 2383 592 subjacentibus
2395 569 2405 587 ,

1405 590 1564 633 ipsumque
1586 589 1633 623 nil
1652 590 1739 624 aliud
1760 588 1816 633 effi?
1830 614 1843 631 ‚
1866 601 1957 632 quam
1981 592 2121 626 medulla
2136 591 2272 637 spinalis
2308 599 2412 625 extre-

1404 644 1508 670 mum,
1535 633 1615 674 quod
1636 634 1763 667 caudam
1779 633 1825 676 fic
1846 633 1960 667 dic't'am
1983 636 2127 676 equinam
2149 634 2330 675 constit-uit,
2353 633 2419 670 hic,

1404 684 1494 710 extra
1517 675 1654 709 canalem
1670 676 1764 718 suum
1782 675 1896 718 foras,
1919 675 2019 711 idest
2042 679 2128 711 intra
2154 688 2315 713 tumorem
2327 676 2409 717 ‚sub

1402 718 1492 762 cujus
1517 718 1680 762 superficie
1703 720 1966 762 transpiciebat-ur
1978 744 1991 761 ‚
2010 722 2196 762 produft'um
2210 746 2218 753 .
2244 722 2405 755 Verunta-
2428 736 2444 763 κς,

1403 775 1473 797 men
1499 774 1572 796 cum
1595 762 1700 806 postea
1722 764 1860 804 scribat,
1883 762 1974 797 fuisse
1996 764 2077 798 illud
2110 764 2304 807 particulam
2338 774 2426 797 consv
2447 764 2449 766 ’

1396 804 1601 851 formationis
1621 806 1793 848 peculiaris
1808 830 1817 846 ,
1842 810 1873 839 δε
1888 806 2059 849 figillatim
2083 806 2226 851 cohaefiffe
2248 818 2317 840 cum
2354 817 2409 840 ex-

1403 850 1563 884 tremitate
1587 849 1727 883 medulla
1744 849 1881 892 spinalis
1904 849 2025 892 ejusque
2030 851 2280 893 propaginibus:
2308 859 2412 886 extre-

1402 904 1489 927 mum
1512 904 1586 926 vero
1609 892 1746 926 medulla
1769 892 1822 926 hic
1844 893 1883 926 ad
1905 894 2031 927 tertiam
2044 894 2135 936 ufijue
2149 893 2325 928 lumborum
2339 903 2410 927 νεν-

1404 935 1524 970 tebram
1547 935 1760 977 exporreeium
1775 934 1873 980 fuiſje
1887 961 1895 975 ,
1918 945 1990 970 mox
2011 945 2117 970 autem
2150 937 2181 969 in
2210 937 2407 978 particulam

1405 979 1619 1020 illamc-‚‚d,
1642 990 1658 1013 e
1679 978 1813 1026 defiiffi,
1834 980 1877 1013 Θ
1899 980 2042 1023 nervosas
2062 981 2246 1022 propagines
2275 979 2407 1023 sparfis-

1397 1022 1454 1067 se,
1477 1034 1614 1066 cumque
1636 1023 1735 1058 etiam
1758 1023 1892 1056 affirmet
1906 1047 1918 1064 ,
1940 1022 1972 1056 in
1995 1033 2070 1056 cavo
2085 1022 2201 1065 fimilis
2213 1024 2346 1056 tumoris
2356 1034 2405 1056 re-

1401 1067 1503 1107 periri
1525 1074 1651 1100 tantum
1663 1067 1801 1100 medulla
1818 1065 1955 1109 spinalis·
1971 1064 2138 1109 filamenta
2149 1089 2161 1106 ,
2183 1065 2401 1109 vasissaagui-

1396 1108 1480 1153 feris
1502 1110 1699 1149 intertexta,
1722 1109 1848 1150 testante
1869 1109 1930 1143 haec
1954 1108 2005 1145 sua
2029 1120 2156 1152 quoque
2176 1107 2411 1151 observatione5

1404 1152 1518 1186 dubius
1541 1151 1632 1190 haesi,
1650 1162 1732 1185 'num
1758 1153 1831 1186 satis
1847 1153 1923 1193 'ejus
1948 1162 2088 1186 mentem
2112 1151 2303 1198 assequerer,
2326 1155 2415 1188 &an

1404 1197 1491 1229 nervi
1517 1194 1618 1229 solum
1642 1197 1764 1238 equinae
1786 1195 1906 1229 Caudae
1930 1197 1962 1228 in
1987 1206 2084 1230 unum
2107 1197 2195 1240 quasi
2219 1206 2336 1238 corpus
2361 1195 2418 1232 su->

1405 1241 1526 1282 periori
1551 1249 1638 1282 parte
1661 1238 1702 1272 ab
1727 1250 1806 1281 aqua
1828 1239 2009 1281 compulsi,
2032 1239 2087 1272 hic
2110 1245 2356 1281 proponantur3
2372 1240 2412 1272 ab

1404 1285 1445 1316 iis
1470 1292 1575 1316 autem
1596 1294 1676 1327 quos
1700 1283 1792 1324 paulo
1816 1283 2075 1316 antenominavi
2092 1303 2101 1318 ‚
2127 1280 2168 1315 fic
2190 1284 2329 1324 proipso
2340 1283 2412 1315 Me.

1402 1326 1498 1361 dullae
1522 1336 1637 1361 trunco
1654 1326 1748 1360 'forte
1770 1324 1831 1360 lint
1856 1326 1984 1364 habiti,
2007 1322 2139 1368 quando
2161 1324 2227 1368 ejus
2250 1325 2338 1368 quod
2362 1327 2412 1359 vi-

1403 1369 1543 1410 derunt,
1566 1371 1714 1413 corporis
1738 1381 1811 1413 quae
1832 1370 1971 1402 interior
1994 1367 2093 1402 fuerit
2117 1375 2230 1403 natura
2246 1393 2258 1409 ‚
2292 1368 2412 1411 filent,

1404 1424 1565 1454 zan-vero,
1589 1413 1677 1457 quod
1695 1414 1811 1447 malim
1832 1413 1957 1447 credere
1991 1415 2045 1454 (p
2067 1416 2107 1452 )‚
2130 1411 2192 1446 fine
2223 1413 2290 1445 ulla
2322 1411 2414 1445 dece-

1403 1457 1515 1500 ptione
1530 1457 1708 1491 Medullam
1733 1456 1833 1498 ipsam
1845 1456 2069 1499 conspexerint
2084 1480 2091 1487 .
2225 1455 2279 1490 Est
2304 1456 2413 1499 Ruys.

1406 1500 1475 1533 chii
1500 1501 1613 1541 locus,
1636 1502 1904 1542 interpretatione
1928 1499 1997 1533 sane
2020 1499 2136 1541 dignus
2151 1522 2164 1540 ,
2185 1499 2242 1533 ubi
2274 1498 2313 1533 de
2349 1500 2412 1533 hoc

1404 1555 1515 1586 genere
1538 1553 1704 1582 tumorum
1728 1544 1862 1586 loquens
1885 1546 1900 1583 (
1924 1555 1942 1585 q
1962 1546 1997 1584 ),
2023 1541 2107 1586 infra
2131 1553 2201 1576 eum
2226 1550 2381 1577 tumorem
2407 1569 2417 1584 ,

1403 1588 1513 1630 inquit
1527 1610 1539 1627 ‚
1556 1586 1712 1630 spinalem
1734 1587 1899 1620 medullam
1918 1586 1997 1628 slepe
2020 1583 2094 1619 bene
2127 1585 2326 1624 constitutam
2363 1588 2414 1621 in-

1400 1631 1495 1663 venio
1515 1656 1522 1662 .
1548 1632 1587 1663 ffSi
1623 1629 1662 1662 de
1695 1630 1832 1663 lumbari
1865 1639 1992 1664 tumore
2030 1630 2168 1672 accipias
2195 1651 2204 1666 ,
2249 1632 2282 1662 &
2328 1630 2414 1664 idem

1402 1671 1535 1713 vidisse,
1558 1672 1687 1711 credas,
1711 1673 1798 1715 quod
1825 1672 1904 1705 alios
1939 1673 2049 1705 malim
2084 1670 2194 1706 vidisse
2217 1684 2227 1711 3
2262 1673 2419 1716 conjicias

1404 1716 1518 1749 necesse
1542 1717 1610 1756 est,
1632 1726 1695 1748 non
1719 1714 1829 1758 infra,
1854 1715 1904 1749 sed
1928 1716 2013 1749 intra
2037 1726 2107 1748 eum
2130 1720 2282 1749 tumorem
2294 1718 2334 1749 ab
2349 1720 2420 1752 Au-

1404 1761 1494 1793 ἐξω-ιε
1518 1761 1673 1802 {criptum
1696 1757 1950 1800 ess‘e.›Attamen
1976 1760 2051 1802 quia
2076 1758 2172 1801 paulo
2196 1769 2267 1791 ante
2291 1757 2418 1794 dixerat

1407 1802 1562 1845 ejusmodi
1586 1812 1726 1837 tumores
1743 1801 1823 1846 sape
1844 1803 1881 1836 -in
1907 1803 1999 1846 >dorso
2023 1825 2032 1839 ‚
2067 1810 2125 1836 aut
2157 1801 2270 1835 lumbis
2304 1815 2419 1838 occur-

1408 1858 1500 1886 rere5
1525 1848 1629 1880 verius
1654 1845 1783 1880 fortasse
1802 1847 1869 1879 'erit
1892 1846 1930 1879 de
1955 1856 2081 1879 tumore
2106 1844 2187 1879 dorfi
2210 1846 2416 1889 intelligere3

1406 1889 1491 1922 infra
1514 1901 1609 1933 quem
1633 1890 1809 1923 Medullum
1832 1887 1937 1922 videre
1960 1890 2089 1931 potuit,
2112 1900 2245 1931 eamque
2277 1890 2355 1924 bene
2388 1891 2417 1925 se

1406 1931 1594 1966 habentem.
1624 1935 1676 1967 Sic
1700 1944 1783 1966 certe
1807 1932 1892 1966 vidit
1916 1937 1927 1972 (
1952 1944 1968 1965 r
1989 1937 2003 1972 >
2026 1934 2059 1966 in
2081 1931 2281 1975 inferioribus
2314 1943 2419 1968 verte-

1407 1976 1474 2010 bris
1497 1975 1635 2010 thoracis
1658 1978 1800 2020 estiguam
1823 1976 1859 2010 ἐῢ·
1877 1976 1988 2018 sanam
2007 1976 2186 2017 portionem
2202 1976 2342 2017 spinalis
2353 1989 2419 2013 me-

1406 2019 1521 2059 dullae,
1546 2030 1576 2053 m
1600 2023 1738 2053 cavitate
1764 2028 1869 2053 autem
1892 2017 2109 2053 vertebrarum
2121 2017 2294 2052 lumborum
2309 2032 2421 2055 nervos

1406 2072 1521 2104 quoque
1543 2061 1615 2095 bene
1638 2062 1842 2102 constitutos,
1865 2074 1939 2095 cum
1961 2061 2109 2095 vertebrae
2125 2073 2188 2110 99¹1
2202 2062 2301 2095 modo
2311 2076 2419 2099 omnes

1406 2105 1513 2145 colli,
1539 2105 1590 2138 sed
1614 2107 1644 2138 ἃ
1671 2115 1709 2137 ex
1732 2107 1892 2147 proximis
1915 2105 2059 2138 thoracis
2084 2106 2229 2154 totidem
2253 2117 2263 2144 ς
2297 2117 2332 2140 ut
2365 2110 2421 2142 Fi-

1405 2159 1512 2190 gurae,
1534 2159 1611 2191 quas
1622 2146 1786 2190 designat,
1810 2148 2018 2191 Kercl-:ringii
2041 2148 2126 2192 (s)
2150 2149 2343 2189 ostendunt3
2363 2163 2423 2193 po-

1401 2191 1482 2233 stica
1503 2200 1595 2233 parte
1618 2190 1742 2234 bifida,
1767 2192 1912 2235 nullaque
1929 2191 2049 2234 spirali
2081 2192 2217 2225 medulla
2251 2195 2386 2234 praedita}
2408 2219 2418 2233 ‚

1408 2234 1472 2267 hoc
1497 2234 1605 2267 morbi
1629 2245 1741 2276 genere
1765 2245 1834 2268 tum
1858 2238 1892 2268 in
1914 2234 2120 2274 cervicibus,
2142 2245 2212 2268 tum
2225 2237 2257 2268 in
2268 2236 2422 2270 dotsola-

1407 2276 1527 2310 boralse
1550 2276 1689 2316 foetum,
1715 2277 1928 2319 fignificarent
1947 2304 1954 2311 .
1981 2280 2032 2311 Ex
2058 2277 2110 2311 his
2136 2278 2250 2316 habes,
2276 2292 2422 2323 quomo-

1407 2321 1452 2354 do
1475 2319 1657 2360 Ruyschii,
1680 2333 1696 2352 a
1718 2332 1782 2363 quo
1804 2324 1865 2359 (ut
1889 2321 1927 2354 de
1950 2323 2060 2362 Apino
2083 2325 2150 2362 (t)
2173 2321 2303 2365 fileam)
2339 2326 2421 2367 ejus-

1405 2362 1573 2398 demmodi
1595 2373 1737 2399 tumores
1760 2363 1843 2396 dorfi
1868 2365 1902 2396 in
1937 2365 2007 2397 aliis
2044 2377 2174 2408 quoque
2208 2367 2290 2401 visos
2325 2368 2381 2402 effe
2406 2393 2418 2409 ‚

1404 2418 1469 2441 non
1491 2406 1634 2447 dubito,
1658 2406 1857 2449 propositum
1882 2408 2010 2446 locum,
2026 2409 2072 2440 -in
2096 2420 2162 2450 quo
2186 2408 2257 2442 sunt
2281 2413 2336 2453 qui
2351 2412 2414 2445 hae..

1404 2460 1493 2484 reant
1507 2472 1515 2486 ‚
1541 2451 1759 2492 interpreteris
1770 2474 1782 2490 ,
1804 2454 1836 2484 δε
1849 2449 1939 2484 fimul
1954 2450 2121 2493 quomodo
2134 2451 2231 2494 ipfius
2250 2476 2263 2492 ‚
2287 2458 2318 2486 &c
2332 2456 2414 2487 Ker-

1403 2493 1544 2535 ckringii
1589 2492 1819 2536 descriptiones
1854 2494 1992 2537 ejusdem
2029 2494 2128 2528 foetus
2161 2493 2386 2538 conjungendo
2404 2521 2417 2539 ‚

1403 2538 1596 2579 alteramque
1633 2549 1678 2570 ⁴ex
1720 2537 1818 2570 altera
1850 2539 1904 2570 ubi
1946 2549 2026 2580 opus
2068 2538 2106 2570 sit
2128 2562 2139 2578 ‚
2178 2540 2377 2574 emendando
2401 2565 2414 2582 ‚

1406 2579 1631 2614 illustrandove
1651 2605 1663 2622 ‚
1709 2591 1805 2616 unam
1838 2580 2011 2627 perfeetam
2034 2591 2126 2626 atque
2152 2583 2331 2617 absolutam
2363 2584 2413 2619 ef-

1407 2623 1511 2658 ficias.
1934 2648 1937 2651 .

1457 2679 1503 2700 12.
1531 2666 1588 2700 Sed
1613 2666 1634 2700 fi
1659 2666 1799 2702 medulla
1824 2669 1982 2711 Spinalis,
2007 2678 2043 2702 ut
2066 2669 2164 2711 paulo
2187 2680 2258 2703 ante
2281 2669 2376 2713 posui
2399 2696 2412 2713 ,

1407 2721 1460 2747 aut
1484 2722 1500 2744 c
1521 2719 1567 2743 rte
1589 2722 1656 2752 ejus
1680 2713 1791 2752 nervi,
1816 2715 1847 2745 δ(
1873 2712 1940 2745 vasa
1964 2715 2053 2751 (non
2078 2712 2162 2746 secus
2185 2725 2222 2746 ac
2254 2714 2417 2750 cerebrum

1407 2757 1440 2787 in
1465 2754 1509 2796 hy
1532 2754 1704 2796 rocephalo
1726 2754 1781 2788 Cl.
1813 2755 1974 2789 Waltheri
2000 2760 2011 2795 (
2034 2767 2054 2789 u
2077 2759 2115 2796 ),
2140 2758 2363 2801 aliorumque,
2385 2762 2420 2793 &

1407 2809 1479 2840 pars
1503 2797 1648 2830 cerebelli
1673 2799 1705 2830 in
1730 2797 1972 2843 hydrocephalo
1997 2799 2142 2835 Lechelii
2168 2804 2259 2841 (x))
2285 2812 2414 2835 extror-

1405 2841 1472 2875 sum
1497 2843 1581 2874 intra
1605 2852 1764 2875 tumorem
1786 2844 2048 2886 compelluntur5
2073 2855 2191 2886 quaeres
2214 2856 2251 2877 ex
2272 2856 2417 2889 me,qua

1407 2887 1530 2918 ratione
1554 2886 1657 2927 igitur
1679 2886 1842 2929 intelligas
1865 2886 1951 2930 quod
1975 2897 1993 2919 a
2018 2888 2110 2920 Viris
2132 2887 2333 2922 Dostiffimis
2366 2891 2417 2922 in-

1405 2928 1548 2963 dicatum
1575 2928 1640 2968 est,
1665 2929 1750 2963 hunc
1774 2931 1878 2972 Spina?
1904 2928 2052 2963 officiium
2077 2930 2162 2973 posse
2185 2932 2281 2964 etiam
2314 2932 2415 2966 tribui

1406 2984 1494 3016 aqua:
1519 2974 1552 3005 in
1576 2973 1700 3005 cellulis
1733 2971 1917 3015 stagnanti,
1952 2985 2022 3017 quae
2056 2972 2198 3007 Craffam
2231 2976 2415 3017 meningem

1405 3017 1554 3059 plurimae
1578 3017 1717 3054 exterius
1741 3016 1910 3058 ambiunt,
1934 3028 2052 3059 pingue
2077 3018 2160 3051 illud
2173 3017 2343 3065 secundum
2359 3030 2415 3053 na-

1406 3070 1510 3093 turam
1534 3061 1755 3105 continentes,
1779 3059 1865 3102 qnod
1889 3061 2041 3103 viscosum
2066 3074 2081 3094 a
2107 3061 2279 3095 Veteribus
2304 3061 2414 3096 humo-

1405 3115 1467 3137 rem
1492 3105 1672 3136 vocitatum
1694 3103 1752 3136 esse
1767 3126 1776 3141 ‚
1800 3102 1868 3137 dixi
1894 3108 1947 3145 (y
1971 3110 1984 3143 )
2005 3118 2014 3143 3
2038 3114 2074 3139 ut
2099 3104 2154 3138 hic
2178 3105 2309 3138 morbus
2343 3117 2413 3148 per-

1403 3146 1518 3180 similis
1541 3145 1579 3179 fit
1593 3145 1735 3188 hydropi
1750 3148 1938 3189 peritonoei.
1964 3147 2121 3192 Hydrops
2132 3150 2238 3186 enim,
2262 3149 2413 3191 inquies,

1401 3191 1569 3233 peritonaei
1593 3201 1626 3236 ea
1648 3200 1717 3231 quae
1739 3191 1944 3232 circumdat,
1969 3191 2083 3225 viscera
2107 3191 2279 3227 introrsum
2292 3203 2411 3235 ιιι-ἕεις

1402 3246 1467 3267 non
1491 3236 1669 3267 extrorsum
1694 3232 1824 3272 trudit3
1848 3246 1903 3268 nec
1925 3246 1968 3268 eae
1993 3237 2114 3269 cellulae
2146 3234 2218 3269 sunt
2249 3235 2290 3269 ab
2322 3246 2410 3269 ante·
2451 3244 2454 3248 ·

1404 3279 1505 3318 riori,
1540 3276 1590 3311 sed
1616 3289 1630 3309 a
1655 3275 1824 3318 posteriori
1864 3281 2002 3312 maxime
2043 3279 2159 3313 canalis
2195 3278 2409 3314 vertebrarum

1403 3333 1514 3365 parte,
1537 3329 1573 3354 ut
1595 3319 1775 3362 fiturgeant
1795 3344 1804 3359 ,
1828 3322 1974 3356 Caudam
1993 3323 2155 3365 Equinam
2169 3322 2410 3358 extrorsumne-

1401 3374 1515 3407 queant
1527 3364 1715 3406 compellere
1728 3388 1734 3394 .
1747 3365 1790 3398 At
1801 3374 1835 3398 tu
1849 3367 1915 3398 noli
1930 3376 2034 3401 tamen
2047 3366 2169 3399 credere
2180 3390 2191 3406 ,
2220 3367 2295 3400 huic
2308 3368 2408 3401 etiarn

1402 3419 1554 3451 aquarum
1563 3431 1575 3447 ‚
1592 3417 1820 3455 tumorumque
1832 3410 1953 3455 origini
1964 3410 2136 3456 aliquando
2147 3410 2254 3445 locum
2267 3410 2408 3487 aliqtsiem

2306 3456 2333 3487 es
2348 3467 2363 3487 e

402 3602 447 3631 (a
577 3603 659 3634 '.34.
724 3604 858 3634 (b)Fig.

401 3631 467 3661 (a)
547 3635 1337 3669 .-(f)(g)(bJObficitatishocn.&9-8t10-

404 3662 413 3694 (
432 3663 441 3686 Ι
457 3662 470 3691 )
486 3665 522 3697 De
540 3665 611 3693 spina
629 3665 719 3699 Bis-ida.
783 3665 834 3694 (m
849 3668 858 3697 J
872 3666 915 3692 cix.
933 3666 998 3696 supra
1015 3671 1042 3693 ad
1061 3670 1086 3692 n.
1107 3676 1144 3693 10.
1206 3670 1220 3697 (
1237 3677 1252 3692 n
1270 3668 1284 3696 )

405 3695 414 3718 (
429 3700 445 3723 p
461 3693 474 3720 )
490 3695 536 3718 Vid
564 3702 587 3716 n.
606 3698 641 3718 16.
658 3696 733 3719 infra.
796 3697 811 3725 ζ
827 3706 841 3726 q
859 3700 868 3727 )
885 3697 941 3722 Obs.
962 3705 997 3726 34.
1015 3699 1056 3723 cit.
1072 3698 1139 3727 supra
1155 3700 1185 3724 ad
1203 3708 1224 3723 n.
1247 3707 1267 3726 9-

403 3724 416 3753 (
433 3731 442 3749 t
461 3737 469 3752 Ι
484 3724 545 3755 apud
562 3725 767 3751 Hoechstetterum
789 3734 814 3751 n.
834 3734 853 3757 9.
873 3728 930 3754 Diis.
947 3729 992 3754 cit.
1009 3730 1038 3754 ad
1055 3736 1079 3753 η.
1099 3730 1164 3762 super
1175 3732 1190 3755 .’

880 3614 917 3635 37·
958 3620 960 3622 ·
981 3607 995 3636 (
1011 3615 1022 3631 c
1038 3607 1051 3635 )
1069 3607 1131 3636 Eph.
1148 3609 1181 3632 N.
1198 3609 1227 3633 C.
1247 3608 1318 3632 Cent.
1335 3614 1358 3635 7.
1376 3604 1434 3630 Obs.
1453 3612 1493 3633 29.

1302 3669 1439 3692 Commerc.
1458 3666 1519 3692 ibid.
1539 3667 1580 3692 cit.
1598 3664 1668 3689 hebd.
1684 3673 1723 3691 ²0.
1743 3666 1764 3691 ἃ
1782 3673 1818 3690 21.

1330 3699 1337 3725 (
1358 3705 1369 3720 r
1387 3698 1395 3726 )
1411 3697 1480 3722 Thes.
1499 3701 1570 3723 Anat.
1589 3698 1610 3720 8.
1630 3704 1655 3719 n.
1674 3706 1694 3720 r.

1244 3731 1258 3761 <
1276 3737 1290 3753 u
1311 3728 1319 3759 )
1336 3731 1420 3755 Partus
1437 3729 1538 3755 Monstr.
1556 3727 1671 3757 Descript.

1561 3606 1572 3629 <
1587 3603 1602 3629 d
1620 3603 1633 3631 )
1652 3611 1687 3628 12.
1706 3603 1731 3628 in
1749 3603 1832 3628 Addit.
1849 3604 1878 3628 ad
1896 3603 1956 3629 Sest.
1974 3603 2035 3629 hanc
2052 3602 2174 3631 Sepulchra
2193 3606 2229 3627 16„

1402 3637 1416 3665 (
1431 3637 1442 3660 i
1457 3636 1470 3664 )
1488 3639 1546 3661 Dec.
1563 3642 1586 3658 2-
1608 3634 1667 3659 Obs.
1685 3638 1756 3658 Anat.
1774 3636 1842 3659 Med.
1859 3644 1881 3661 ι..
1944 3635 1957 3663 ζ
1975 3634 1991 3657 k
2009 3634 2022 3661 )
2039 3641 2061 3659 n.
2081 3642 2109 3667 9:
2122 3633 2202 3662 primo
2220 3636 2275 3658 loco
2287 3652 2292 3656 r

1882 3663 1919 3692 (o
1934 3665 1948 3694 )
1963 3663 2065 3688 Tab.1.
2085 3665 2135 3692 Frg.
2157 3672 2191 3687 11.
2211 3664 2233 3687 δε
2251 3673 2287 3690 12,

1756 3695 1818 3727 (s)
1834 3695 1946 3729 Spieileg.
1965 3697 2037 3718 Anat.
2056 3695 2118 3718 Tab.
2137 3703 2158 3723 9.

1734 3725 1743 3757 (
1760 3735 1774 3752 x
1792 3732 1802 3755 9
1819 3726 1873 3751 Obs
1892 3733 1933 3751 cit.
1950 3724 2017 3756 supra
2034 3733 2059 3749 n.
2079 3732 2102 3753 9.
2164 3725 2209 3755 (y
2228 3724 2234 3753 l
2252 3733 2276 3750 n.
2297 3733 2333 3754 to..
