2498 4075
2000 297 2096 350 373

136 408 660 477 EPNISTOLA
730 410 1250 479 ANATOMI
1275 410 1902 476 CO—MEDICA
1947 411 2125 473 LIX.

493 547 670 603 Verba
701 549 837 604 fiunt
869 548 937 603 de
960 528 1186 601 ¹Morbis
1214 563 1247 600 a
1284 547 1507 602 Veneno
1536 544 1766 601 induetis
1784 585 1801 598 ..

196 733 237 767 ad
261 733 401 767 Morbos
421 731 541 775 spe-&at
562 733 744 772 Occultos,
771 734 800 764 ἃ
813 730 1018 772 Chronicos,
1034 743 1104 773 par-

198 778 261 810 tim
285 776 323 809 ad
345 787 399 809 eos
418 776 479 817 'qui
503 785 521 806 a
547 776 682 811 Veneno
704 775 903 809 inducuntur
917 799 927 807 .
949 777 1024 809 Plus
1048 787 1103 809 au-

101 832 169 856 tem
194 821 287 854 affert
310 819 465 853 utilitatis
488 818 521 850 in
545 818 615 859 his,
637 831 734 861 quam
759 821 794 852 in
818 818 884 851 1'111s
906 816 961 852 hic
985 829 1107 860 propo-

101 864 218 899 nendis
241 888 249 895 .
297 863 351 895 Illi
382 865 469 896 enim
512 870 568 894 aut
615 862 710 895 nullis
755 872 828 896 cum
873 858 969 904 signis
993 886 1004 902 ‚
1048 871 1106 896 aut

101 919 177 943 cum
210 905 403 949 quibusdam
434 918 453 939 a
489 904 545 939 suo
575 904 712 947 quisque
748 904 968 939 Observatore
1000 906 1105 938 tradi-

103 952 132 984 ti
178 950 248 984 sunt
273 963 283 982 :
327 948 350 982 fi
380 950 479 983 nullis
513 959 588 982 curn
618 948 750 990 fignis3
783 949 839 981 vix
877 948 1000 991 aliquid
1033 946 1103 981 fru-

99 995 169 1027 ἃυς
201 994 244 1026 est
276 991 365 1035 quod
396 995 503 1034 capias
534 1002 573 1025 ex
606 990 750 1038 apposita
792 990 979 1026 diffeffione
1013 1003 1022 1023 .·
1056 990 1102 1024 fin

101 1036 223 1071 habent
257 1036 383 1078 signum
413 1035 589 1079 quodpiam
622 1035 812 1077 adjuntfftum
835 1059 846 1075 ,
878 1044 913 1070 ut
946 1043 1023 1077 puta
1055 1032 1104 1067 fe-

102 1080 192 1114 brem
206 1105 216 1121 ,
237 1082 401 1113 vomitum
416 1103 431 1118 ,>
449 1079 615 1112 difficilem
638 1078 883 1122 respirationem
899 1100 912 1117 ‚
934 1078 997 1112 alia
1021 1077 1106 1121 ejus-

103 1123 216 1161 modi;
240 1122 310 1156 sane
334 1124 439 1157 multo
462 1122 574 1156 utilius
596 1124 630 1155 in
651 1133 704 1155 eas
715 1122 877 1157 Seffiones
888 1123 980 1156 relati
993 1121 1104 1161 essent,

101 1168 137 1200 in
159 1167 279 1208 quibus
301 1165 422 1209 singula
447 1165 518 1199 sunt
541 1178 575 1200 ea
598 1164 686 1208 signa
709 1166 917 1208 peculiariter
940 1164 1100 1207 spefhta.

102 1210 204 1246 Quod
227 1219 263 1243 ut
286 1210 325 1244 de
347 1209 537 1253 quibusdam
559 1208 681 1242 fastum
705 1209 749 1242 est
771 1232 783 1249 ,
813 1211 847 1243 in
870 1209 1019 1242 Sestione
1041 1208 1103 1242 hac

101 1252 254 1286 indicatis
275 1275 285 1291 ,
317 1251 360 1287 fic
383 1254 482 1287 etiam
513 1253 551 1286 de
575 1253 647 1286 aliis
669 1252 852 1286 faciendum
886 1251 993 1286 fuerat
1017 1273 1027 1290 ,
1061 1251 1101 1286 de

102 1296 221 1340 quibus
239 1296 377 1339 <quidem
399 1297 525 1330 licebat·
545 1320 554 1328 .
589 1296 690 1331 Vides
721 1298 823 1338 igitur
842 1317 853 1334 ,
887 1307 943 1329 cur
975 1295 1033 1329 hac
1066 1297 1101 1328 in

101 1348 190 1383 parte
211 1340 457 1382 Sepulchretum
483 1351 547 1373 non
569 1339 679 1382 sequar
701 1362 711 1378 ‚
744 1344 811 1372 imo
834 1349 893 1372 nec
916 1338 1004 1382 sequi
1028 1339 1102 1381 pos-

103 1384 187 1424 sim,
208 1394 284 1417 cum
307 1383 404 1426 huju-s
427 1385 551 1426 generis
573 1384 827 1416 Observationes
851 1381 908 1417 suo
940 1393 1101 1426 quamque

102 1430 177 1461 loco
200 1428 233 1459 in
257 1427 331 1461 alias
353 1427 516 1470 Epistolas
538 1426 750 1468 conjecerim.

149 1481 179 1502 2.
203 1470 242 1504 In
269 1470 367 1504 altera
392 1481 499 1504 autem
523 1479 611 1512 parte
632 1482 704 1512 quae
728 1468 767 1503 ad
790 1469 924 1503 Venena
947 1470 1064 1502 attinet
1086 1492 1100 1509 ‚

101 1513 243 1548 libenter
268 1514 453 1555 secuturus,
477 1525 633 1557 perpauca
657 1526 673 1547 a
698 1525 748 1548 me
772 1513 789 1555 (
809 1524 882 1546 nam
905 1525 922 1545 a
946 1512 1098 1547 Valsalva

104 1557 191 1590 nulla
213 1556 317 1591 habeo
340 1562 354 1598 )
377 1567 432 1591 aut
455 1569 472 1590 a
496 1556 661 1590 Mediavia
673 1558 784 1591 nostro
795 1558 945 1590 adnotata
956 1556 1099 1598 exempla

103 1610 210 1635 tecum
236 1602 386 1641 protinus
408 1600 681 1634 communicabo.
706 1600 785 1641 Ejus
797 1601 840 1633 est
851 1599 911 1634 hoc
936 1601 1096 1642 primum.

147 1656 179 1687 3.
205 1644 398 1678 MULIER
423 1656 521 1678 annos
546 1653 619 1677 nata
645 1644 683 1677 ad
706 1644 892 1685 sexaginta,
916 1641 980 1685 jam
1005 1655 1100 1685 pran-

103 1687 158 1728 sa,
180 1687 322 1729 pastillos
344 1687 500 1729 quosdam
524 1697 562 1719 ex
587 1687 764 1729 amygdalis
787 1710 797 1726 ,
819 1687 852 1718 in
876 1685 1035 1728 superiore
1058 1697 1100 1719 ae-

100 1731 193 1765 dium
217 1739 308 1772 parte
330 1729 485 1773 sepositos
505 1754 518 1771 ,
552 1730 636 1763 clam
659 1731 800 1763 domino
821 1751 833 1769 ‚
863 1731 921 1772 qui
953 1729 1099 1772 seposue-

100 1783 176 1812 rat,
199 1773 370 1807 devoravit
392 1798 399 1807 .
424 1774 547 1807 Exat'fta
571 1774 627 1806 vix
649 1772 728 1807 hora
752 1794 761 1810 ‚
796 1771 931 1805 molesto
953 1773 1096 1815 quodam

100 1818 275 1851 ventriculi
289 1817 380 1850 sensu
391 1818 516 1860 corripi
525 1817 632 1858 coepit
646 1837 655 1852 ⁷
666 1814 753 1859 quasi
767 1814 902 1848 flatibus
914 1825 1095 1849 vexaretur.

98 1861 180 1899 Quo
202 1861 328 1894 diutius
351 1861 533 1901 perstante,
556 1862 589 1892 &
611 1859 686 1893 dein
698 1859 801 1901 magis
811 1857 976 1902 magisque
990 1861 1098 1901 ingra-

99 1902 269 1940 vescente,
293 1903 384 1944 plura
409 1905 441 1935 δε
465 1904 615 1944 vomuit,
641 1904 672 1935 &
695 1902 810 1943 dejecit
825 1914 835 1934 .·
868 1901 974 1945 sicque
997 1903 1097 1936 levari

100 1947 169 1980 visa
190 1946 259 1980 est.
283 1947 343 1980 Sed
367 1956 445 1980 mox
467 1947 617 1989 graviore
639 1945 783 1979 molestia
805 1967 816 1983 ,
847 1956 905 1979 nec
928 1945 991 1979 fine
1014 1945 1097 1979 deli-

98 1992 211 2032 quiis,
233 1989 401 2030 redeunte,
425 1990 555 2024 tandem
577 1989 752 2031 aliquando
774 1988 853 2031 quid
875 1988 1063 2023 comedisset
1084 2012 1097 2029 ‚

100 2033 181 2068 sassa
202 2033 268 2070 -est3
291 2032 390 2066 serius
414 2042 543 2072 tamen,
565 2043 665 2075 quam
687 2031 903 2074 oportuisset.
927 2031 983 2066 Illi
1009 2034 1095 2066 enirn

100 2076 220 2121 pastilli
240 2075 282 2111 ad
302 2076 545 2110 >interficiendos
570 2087 674 2110 mures
698 2076 825 2117 parati,
847 2075 1024 2110 arsenicum
1048 2076 1106 2110 ad-

100 2120 234 2155 mistum
257 2120 438 2154 habebant.
465 2120 581 2163 Itaque
603 2121 689 2152 intra
713 2118 826 2152 horam
850 2120 890 2153 ab
913 2131 1028 2153 eorum
1050 2120 1105 2155 esu

101 2164 328 2199 duodecimam
361 2164 482 2196 virium
516 2165 622 2205 potius
645 2161 732 2205 lapsu
756 2183 765 2199 ‚
799 2173 897 2203 quam
921 2164 1105 2198 acrioribus

98 2207 294 2248 doloribus,
319 2216 373 2241 aut
397 2206 571 2240 manifestis
594 2204 857 2239 convulfionibus
868 2204 1104 2246 affe&a‚mor-

96 2262 130 2286 te
164 2250 218 2284 sua
251 2249 432 2284 miserrima
466 2261 543 2284 anus
578 2250 709 2292 puerilis
741 2248 825 2290 gulae
859 2260 971 2291 peenas
1004 2252 1067 2285 luit
1089 2265 1103 2286 .’

230 2293 474 2328 CADAVER
507 2292 641 2336 publico
677 2291 759 2334 jussu
794 2292 952 2333 postridie
989 2294 1100 2338 inspe-

96 2338 186 2372 &tum
203 2362 218 2379 ,
251 2336 438 2379 festumque
462 2337 533 2377 este,
564 2338 623 2378 qui
647 2336 714 2369 dies
738 2333 803 2369 fuit
834 2337 962 2370 circiter
985 2336 1099 2372 Nonas

94 2380 182 2424 Maji
207 2384 248 2414 A.
275 2390 370 2421 1727.
411 2382 516 2413 Facies
549 2381 694 2422 corporis
729 2377 885 2421 posterior
908 2405 917 2419 ,
953 2391 991 2413 ne
1016 2381 1098 2415 suris

96 2425 250 2467 quidem,
275 2425 305 2456 δι
329 2423 472 2457 calcibus
496 2425 660 2466 exceptis,
685 2432 757 2456 tota
781 2431 848 2455 erat
871 2424 984 2465 nigra.
1009 2426 1096 2458 Cor-

96 2480 156 2511 pus
179 2467 284 2510 ipsum
310 2478 374 2500 non
399 2466 559 2509 rigidum.
586 2468 711 2500 Venter
734 2476 797 2498 non
819 2467 983 2500 tumidus:
1008 2479 1091 2510 quo,

97 2514 129 2545 &
155 2511 342 2544 ventriculo
368 2510 546 2552 adaperto,
568 2508 664 2551 hujus
688 2510 825 2542 interior
855 2508 952 2543 facies
975 2510 1030 2544 hic
1053 2512 1094 2545 il-

95 2557 139 2589 lic
163 2554 251 2588 erosa
280 2575 289 2591 ‚
323 2553 501 2597 praesertim
526 2553 563 2587 ad
588 2563 717 2587 antrum
749 2553 858 2594 pylori
878 2575 892 2593 ‚
925 2553 1093 2596 conspefla

93 2599 159 2637 est,
186 2596 366 2632 adhaerente
390 2598 487 2631 erosis
510 2598 675 2639 partibus,
699 2597 783 2629 inter
807 2597 1007 2630 membranea
1025 2597 1094 2632 fru-

95 2643 164 2682 ssa,
189 2642 332 2675 arsenico
355 2640 427 2684 ipso
447 2665 455 2675 .
490 2640 561 2674 Nec
585 2640 780 2674 Duodenum
815 2641 1001 2674 intestinum
1026 2653 1096 2675 ero-

93 2685 237 2719 {ionibus
258 2684 411 2718 carebat.
544 2685 582 2717 In
608 2683 760 2717 Thorace
794 2683 988 2725 nigricantes
1023 2686 1096 2726 pul-

96 2739 207 2762 mones
230 2741 238 2762 :
269 2729 304 2760 in
329 2727 424 2762 corde
448 2727 614 2770 polyposae
637 2727 707 2761 duae
740 2728 964 2761 concretiones
997 2727 1095 2770 digiti

94 2771 226 2809 forma,
249 2773 279 2803 δι
301 2771 527 2813 longitudine-3
551 2782 625 2804 cum
649 2771 845 2812 caeteroquin
856 2769 978 2804 fluidus
1002 2772 1037 2804 in
1060 2783 1095 2806 o-

94 2815 225 2847 mnibus
249 2811 346 2852 vasis,
367 2816 399 2847 δε
421 2815 590 2849 coccineus
612 2814 738 2856 sanguis
762 2823 966 2848 occurreret.

136 2870 168 2899 4.
193 2857 245 2889 Ut
268 2857 303 2889 in
326 2858 449 2890 caeteris
472 2879 484 2896 ‚
518 2857 559 2890 fic
581 2860 679 2890 etiam
703 2859 737 2890 in
761 2858 882 2891 morbis
918 2858 976 2900 qui
1000 2870 1016 2891 a
1041 2870 1095 2892 ve-

95 2911 179 2935 neno
200 2897 286 2933 fiunt
310 2922 321 2938 ,
354 2910 456 2942 neque
490 2899 577 2942 signa
602 2922 611 2937 ‚
645 2911 747 2943 neque
780 2900 890 2935 effecta
924 2900 1031 2935 eadem
1056 2914 1094 2935 o-

92 2946 207 2978 mnino
233 2944 266 2976 in
289 2943 441 2977 omnibus
465 2943 536 2977 sunt
568 2944 763 2985 expestanda
787 2969 795 2976 .
829 2945 915 2977 Aliae
949 2946 983 2977 in
1020 2945 1091 2979 aliis

93 2987 288 3029 corporibus
313 2996 383 3020 tum
406 2985 584 3020 fluidarum
608 3011 617 3026 ,
651 2995 722 3020 tum
755 2987 923 3021 firmarum
948 2991 1091 3031 partium

92 3042 166 3074 quae
190 3030 228 3064 ad
253 3029 468 3063 ventriculum
493 3029 668 3072 praesertim
691 3032 855 3069 attinent,
880 3032 1092 3066 constitutio-

92 3085 169 3115 nes,
192 3073 321 3116 ejusque
346 3082 495 3116 praeterea
518 3074 676 3117 inanitas,
700 3083 754 3107 aut
777 3074 944 3116 plenitudo
966 3097 977 3118 ,
1008 3076 1090 3110 haec-

91 3129 156 3161 que
188 3118 227 3150 ab
249 3118 344 3150 unius
366 3139 376 3155 ,
403 3125 456 3149 aut
481 3116 614 3150 alterius
636 3118 764 3159 generis
787 3118 949 3151 alimentis
972 3142 980 3157 ,
1007 3118 1091 3153 face.

91 3172 126 3194 re
159 3161 316 3195 nimirum
348 3157 476 3201 possunt
500 3180 509 3196 ‚
544 3170 580 3193 ut
614 3172 732 3194 venena
755 3182 767 3200 ‚
791 3160 913 3194 etiamsi
947 3164 1055 3196 eadem
1077 3186 1089 3203 ,

93 3205 271 3246 eodemque
295 3204 434 3245 pondere
456 3213 561 3236 revera
585 3202 646 3237 sint
672 3205 687 3246 (
708 3206 814 3238 eadem
838 3206 926 3238 enim
962 3206 1090 3247 possunt

93 3247 153 3281 esse
176 3248 307 3281 nomine
329 3257 342 3286 ,-
367 3246 415 3279 sed
439 3246 529 3278 aliter
556 3256 728 3290 praeparata
750 3250 764 3286 >
797 3259 859 3281 non
895 3249 1007 3282 iisdem
1040 3259 1090 3282 ta-

94 3302 169 3325 men
191 3290 288 3333 fignis
311 3313 324 3329 ,
346 3287 572 3331 effeffibusque
596 3289 624 3323 se
661 3291 798 3334 prodant
824 3316 832 3324 .
863 3293 1054 3327 Arsenicum
1079 3318 1089 3333 ,

94 3346 159 3377 qua
182 3345 262 3368 voce
286 3332 366 3365 illud
402 3332 599 3378 potiffimum
630 3335 830 3377 intelligitur
862 3335 950 3376 quod
976 3337 1085 3371 album

93 3378 138 3411 est
161 3398 171 3414 ,
194 3381 225 3410 δι
251 3376 426 3418 crystallini
447 3375 598 3417 adjuneto
624 3376 836 3419 saepenumero
867 3379 1052 3422 defigi-tatur
1074 3405 1083 3420 ‚

93 3420 203 3463 ipsum
236 3430 366 3462 quoque
390 3444 399 3459 ,
439 3418 554 3457 diserte
578 3421 855 3455 ‘confirmantibus
889 3424 1085 3458 Doffiffimis

94 3465 191 3496 Viris
216 3463 351 3496 Meadio
384 3463 436 3505 (a
459 3465 472 3501 )
496 3487 504 3501 ,
537 3465 569 3495 δι
601 3462 804 3498 Boerhaavio
834 3469 849 3505 (
870 3464 889 3498 b
910 3470 925 3506 )
946 3490 956 3506 ‚
991 3467 1087 3501 faeti-

93 3510 179 3542 tium
202 3506 248 3540 est
272 3528 282 3543 ‚
305 3508 415 3548 itaque
438 3505 532 3538 aliter
553 3505 594 3538 ab
618 3506 687 3539 aliis
711 3508 813 3550 potest
833 3508 895 3543 esl‘e
919 3521 1088 3553 paratum,

94 3561 132 3585 ut
153 3562 229 3584 cum
254 3549 336 3592 apud
370 3549 536 3583 Meadium
556 3548 644 3591 legas
668 3570 676 3586 ,
710 3560 815 3586 totum
852 3565 935 3596 aqua
968 3555 1049 3588 solvi
1070 3567 1084 3595 ;

93 3596 197 3637 legere
219 3593 303 3637 apud
325 3591 405 3626 alios
426 3592 520 3635 poffis
541 3616 552 3633 ,
574 3604 639 3625 non
663 3595 761 3629 modo
783 3596 848 3639 ejus
877 3599 1051 3640 particulas
1075 3623 1086 3640 ,

100 690 286 802 SEstio
309 699 380 733 quae
404 690 439 722 in
460 686 673 729 Sepulchreto
706 686 850 724 succedit
871 710 885 728 9
916 688 957 721 X.
984 688 1105 731 partim

1158 697 1198 722 ut
1220 689 1254 721 in
1277 688 1444 732 proposita
1465 686 1627 727 Munere,
1649 690 1684 723 in
1706 688 1892 723 ventriculo
1907 686 2000 723 fuisse
2014 685 2163 721 animada

1161 731 1341 766 madversas
1365 755 1378 772 ,
1412 730 1464 764 sed
1496 733 1593 765 etiam
1625 733 1700 767 inde
1733 731 1826 767 fuisse
1857 733 2009 774 ‚agnitum
2044 729 2164 764 arseni-

1156 787 1234 809 cum
1262 799 1271 814 ‚
1303 774 1392 818 quod
1416 774 1473 808 sub
1496 786 1575 818 aqua
1598 776 1702 810 calida
1725 774 1909 809 restitissent
1945 773 2015 817 ejus
2038 772 2163 807 frustu-

1158 820 1190 853 la
1213 819 1310 852 instar
1332 819 1479 852 alborum
1501 819 1712 862 lapillorum,
1733 829 1770 853 ut
1795 818 1828 852 in
1855 819 1910 852 illa
1936 817 2033 851 habes
2058 816 2162 857 Wep-

1158 861 1222 896 feri
1245 861 1378 895 historia
1401 885 1414 902 ,
1437 872 1506 903 quae
1530 864 1617 897 inter
1641 863 1877 897 Additamenta
1914 862 1952 895 ad
1976 861 2161 893 Sectionem

1159 906 1242 939 hanc
1265 905 1464 949 Sepulchreti
1489 928 1498 944 ‚
1529 908 1636 948 prima
1656 905 1706 940 est
1740 908 1772 939 in
1796 905 2035 939 Observatione
2057 900 2162 936 XIII.

1154 949 1298 983 Exhibet
1320 962 1354 982 ea
1378 948 1510 984 historia
1535 951 1679 991 puellum
1700 950 1852 984 biennem
1873 960 1892 982 a
1914 945 2088 991 vpraegreffis
2112 944 2162 978 fe-

1158 993 1275 1026 bribus
1297 1001 1492 1027 maceratum
1516 1015 1529 1032 ‚
1560 993 1798 1036 adultioresque
1828 993 1954 1034 puellas
1974 992 2055 1024 duas
2079 989 2160 1022 bene

1158 1036 1300 1070 valentes
1325 1063 1334 1076 ‚
1357 1046 1498 1080 quorum
1522 1035 1577 1069 ille
1601 1039 1657 1071 vix
1680 1038 1750 1071 duo
1769 1036 1951 1071 cochlearia
1975 1059 1984 1074 ,
2008 1032 2058 1066 hae
2085 1032 2163 1066 reli-

1152 1091 1258 1122 ·quum
1283 1079 1480 1122 sumpserant
1503 1078 1541 1112 de
1563 1080 1748 1124 pulticula,
1772 1080 1915 1114 arsenico
1936 1076 2055 1111 inseeta
2070 1097 2079 1112 ‚
2104 1086 2164 1112 va-⁴

1152 1134 1220 1156 -cuo
1242 1122 1298 1156 ille
1321 1122 1503 1156 ventriculo
1528 1147 1537 1162 ,
1575 1124 1623 1157 hae
1642 1125 1727 1157 cibis
1760 1124 1853 1167 pleno
1878 1136 1893 1157 :.
1920 1122 1975 1156 ille
2012 1130 2077 1166 non
2102 1130 2162 1152 vo-

1156 1167 1241 1200 muit
1266 1177 1277 1204 3
1308 1164 1358 1199 hae
1382 1167 1489 1200 statim
1512 1186 1522 1202 ,
1553 1169 1585 1200 &
1609 1167 1715 1209 postea
1746 1190 1758 1208 ‚
1792 1176 1860 1201 arte
1882 1167 1981 1200 etiam
2004 1163 2164 1212 adjutae)

1151 1210 1297 1244 multum
1319 1232 1328 1248 ‚
1353 1212 1384 1242 &
1409 1210 1521 1252 saepius
1546 1221 1741 1244 vomuerunt
1764 1236 1773 1244 .
1797 1209 1995 1252 Discrimina
2018 1206 2085 1240 haec
2109 1204 2164 1238 di-

1151 1253 1262 1287 versus
1285 1253 1391 1286 exitus
1413 1253 1464 1299 eli:=
1477 1253 1686 1288 consecutus.
1712 1252 2007 1287 Puellaeevaserunt
2034 1273 2041 1281 .
2067 1250 2163 1282 Puel-

1149 1296 1202 1330 lus
1235 1306 1344 1330 autem
1367 1319 1379 1336 ,
1410 1306 1503 1338 cujus
1536 1298 1631 1332 nullae
1665 1296 1890 1331 convulsiones
1922 1296 2011 1329 inter
2045 1301 2162 1326 caetera

1156 1339 1243 1382 signa
1268 1340 1465 1374 adnotantur
1488 1362 1499 1377 ,
1523 1341 1646 1374 viribus
1670 1342 1770 1384 magis
1795 1340 1960 1383 magisque
1983 1337 2166 1371 deficienti-

1155 1383 1216 1417 bus
1239 1384 1337 1425 periit
1354 1405 1364 1421 ,
1390 1384 1573 1418 ventriculo
1596 1386 1683 1418 intus
1707 1383 1890 1418 exulcerato
1911 1405 1923 1420 ,
1947 1382 2101 1425 pulmone
2124 1390 2164 1413 ex

1156 1436 1229 1460 atro
1252 1426 1422 1461 livescente
1437 1453 1446 1461 .
1581 1428 1726 1462 Proferri
1749 1428 1871 1461 ibidem
1895 1426 2020 1460 videbis
2044 1434 2165 1466 puero-

1148 1481 1225 1504 rum
1248 1470 1394 1513 exempla
1418 1472 1480 1506 alia
1501 1496 1513 1513 ,
1535 1473 1593 1515 qui
1617 1483 1633 1505 a
1656 1472 1811 1506 devorato
1836 1471 1979 1505 arsenico
2003 1479 2079 1502 cum
2103 1466 2165 1500 sta-

1148 1515 1215 1547 *tim
1241 1539 1250 1553 ,
1274 1523 1419 1560 autnon
1442 1517 1591 1557 pluribus
1614 1515 1682 1558 post
1706 1515 1795 1549 horis
1817 1513 2034 1552 vomuissent,
2057 1514 2089 1545 &
2112 1520 2164 1543 re-

1154 1557 1270 1591 mediis
1293 1558 1398 1600 adJuti
1423 1557 1542 1600 essent,
1565 1560 1816 1593 convaluerunt.
1844 1561 1933 1591 Inter
1957 1556 2163 1604 symptoma-

1155 1610 1188 1633 ta
1210 1610 1339 1635 artuum
1363 1611 1487 1636 tremor
1511 1604 1544 1636 in
1569 1613 1636 1636 uno
1657 1604 1671 1640 (
1692 1613 1710 1635 c
1733 1605 1747 1642 )
1768 1610 1984 1634 memoratur.
2010 1599 2082 1635 Qui
2107 1608 2164 1630 au-

1155 1654 1223 1677 tern
1249 1644 1419 1679 arsenicale
1443 1647 1649 1689 pigmentum
1666 1667 1675 1682 ,
1700 1643 1927 1679 sandaracham
1942 1668 1952 1684 ,
1976 1643 2162 1677 delinxerat

1152 1698 1234 1729 puer
1258 1688 1312 1729 (d
1332 1692 1367 1727 >³
1390 1688 1479 1731 isque
1502 1689 1741 1723 undecimestris
1762 1712 1772 1728 ,
1803 1700 1861 1722 >nec
1886 1686 1943 1721 nisi
1970 1685 2040 1729 post
2064 1695 2162 1734 quar-

1157 1739 1229 1763 tum
1254 1731 1339 1764 diem
1366 1734 1608 1767 medicamentis
1632 1732 1726 1769 usus,
1749 1743 1814 1765 non
1837 1731 1903 1769 fine
1933 1727 2164 1764 convulsioni-

1152 1774 1214 1806 bus
1238 1773 1362 1817 periisse
1384 1785 1533 1809 narratur
1557 1801 1566 1810 .
1602 1776 1673 1809 Nec
1699 1775 1812 1818 puellae
1836 1777 1858 1817 -(
1882 1777 1934 1814 e)
1967 1784 2038 1816 quae
2062 1770 2163 1805 serius

1154 1816 1284 1851 v⁰omuit
1307 1817 1347 1850 ab
1371 1818 1552 1861 assumpto,
1578 1828 1614 1853 ut
1639 1819 1885 1862 suspicabantur
1903 1840 1917 1858 .,
1940 1827 2063 1850 veneno
2089 1825 2161 1848 ero-

1146 1860 1248 1893 dente
1262 1883 1272 1899 ‚
1296 1861 1520 1896 convulsiones
1543 1863 1703 1896 terribiles
1725 1864 1949 1900 omittuntur,
1972 1871 2043 1903 quae
2065 1869 2159 1892 mor-

1151 1911 1218 1937 tem
1243 1904 1448 1940 anteceffere.
1471 1906 1652 1940 Evaserunt
1675 1907 1732 1949 qui
1753 1907 1855 1941 citius
1889 1915 2044 1938 vomuere
2078 1913 2164 1946 qua-

1152 1946 1297 1994 driennis
1321 1960 1396 1991 puer
1422 1947 1529 1992 (f),
1551 1952 1581 1982 δι
1607 1949 1803 1992 supergressa
1826 1960 1948 1983 annum
1973 1946 2157 1986 sororcula,

1147 2000 1246 2032 ‘culus
1270 2014 1280 2029 ,
1306 2002 1370 2024 non
1392 1992 1479 2027 illius
1502 2018 1514 2034 ,
1536 1993 1758 2029 convulfiones
1781 1994 1974 2028 adnotantur
1989 2019 1996 2025 .
2022 1991 2078 2025 Sed
2105 1991 2167 2025 ho-

1159 2045 1232 2067 rum
1254 2046 1385 2078 quoque
1408 2047 1589 2076 venenum,
1612 2038 1744 2072 erodens
1769 2039 1936 2080 alioquin,
1959 2046 1996 2070 ut
2021 2036 2164 2074 videtur,

1159 2077 1313 2119 ignotum
1336 2077 1400 2113 fuit
1422 2103 1434 2119 ‚
1467 2089 1502 2114 ut
1528 2082 1627 2115 etiam
1652 2080 1796 2116 foeminae
1827 2085 1841 2121 (
1861 2092 1882 2124 g
1902 2083 1918 2120 )
1945 2082 1986 2115 de
2007 2091 2072 2123 qua
2095 2079 2162 2114 illae

1160 2131 1227 2155 non
1252 2122 1449 2168 adnotantur
1467 2146 1481 2164 ,
1503 2136 1576 2166 quae
1597 2148 1610 2166 ‚
1644 2124 1665 2157 fi
1692 2126 1777 2159 alind
1804 2136 1868 2159 non
1893 2124 2037 2158 attendas
2060 2149 2069 2165 ‚
2102 2121 2163 2158 nisi

1159 2175 1310 2198 cruorem
1333 2177 1388 2199 ore
1411 2168 1571 2209 rejecisse,
1596 2167 1698 2202 videri
1722 2169 1817 2212 possit
1841 2180 1857 2201 a
1880 2167 2055 2203 sublimato
2079 2178 2163 2200 mer-

1159 2209 1254 2258 curio
1278 2219 1407 2243 mortua
1424 2232 1435 2248 ,
1467 2212 1599 2254 quando
1632 2223 1698 2246 non
1730 2212 1836 2248 solum
1862 2213 2038 2256 Ardoynus
2071 2214 2085 2250 (
2106 2210 2125 2244 h
2150 2214 2161 2248 )

1157 2261 1322 2285 vomitum
1345 2254 1519 2296 aliquando
1551 2256 1765 2298 sanguineum
1795 2259 1880 2290 inter
1916 2256 2006 2289 illius
2038 2255 2160 2288 indicia

1154 2294 1328 2337 proposuit
1351 2320 1364 2337 ‚
1396 2297 1446 2330 sed
1481 2300 1512 2331 &
1536 2299 1704 2341 Wepferus
1736 2304 1884 2343 proxima
1919 2298 2162 2333 observatione

1156 2339 1255 2371 XIV.
1288 2340 1370 2382 (i)
1401 2341 1476 2375 inde
1500 2341 1583 2376 vidit
1617 2345 1648 2375 δε
1682 2345 1826 2379 vomitus
1848 2369 1860 2385 ‚
1895 2345 1927 2376 &
1956 2342 2159 2385 *dejefflones

1148 2385 1165 2421 ,ζ
1190 2393 1268 2424 quas
1291 2394 1349 2416 nec
1373 2384 1548 2427 Ardoynus
1571 2387 1775 2428 praetermifit
1799 2392 1810 2427 )
1834 2396 1980 2421 cruentas
2004 2388 2038 2419 in
2062 2399 2161 2427 cane,

1151 2436 1250 2468 quem
1275 2437 1442 2469 nunquam
1464 2428 1657 2463 convulsum
1678 2454 1688 2470 ,
1724 2442 1780 2465 nec
1805 2444 1820 2464 a
1844 2441 1951 2464 morte
1976 2431 2088 2472 rigidis
2111 2442 2163 2465 ar-

1149 2469 1248 2502 tubus
1270 2469 1383 2508 fuisse,
1406 2472 1522 2506 diserte
1546 2473 1716 2508 admonuit
1742 2501 1751 2515 ,
1785 2472 1991 2509 inflammata
2015 2484 2121 2508 autem
2146 2499 2156 2514 ,

1147 2520 1185 2544 ut
1209 2524 1247 2545 ex
1272 2522 1361 2555 parte
1387 2513 1523 2549 foemina
1548 2518 1602 2550 illa
1620 2539 1632 2555 2
1667 2518 1818 2552 intestina
1840 2542 1850 2557 ‚
1879 2522 1912 2553 -&
1937 2519 2156 2557 ventriculum

1130 2555 1258 2601 pintus,
1285 2566 1439 2601 extraque
1465 2559 1631 2601 habuisse,
1654 2560 1841 2607 sanguinem
1865 2571 1972 2596 autem
1996 2574 2098 2605 neque
2121 2565 2157 2597 in

1142 2599 1245 2649 ,corde
1267 2625 1278 2641 ‚
1303 2611 1402 2651 neque
1424 2603 1497 2637 ullis
1520 2605 1553 2637 in
1577 2603 1656 2638 vasis
1679 2607 1811 2649 usquam
1837 2617 2024 2641 concretum
2040 2631 2047 2638 .
2073 2608 2157 2646 Quae

1148 2652 1245 2684 attigi
1268 2655 1334 2677 non
1358 2655 1507 2688 ignaruS,
1531 2657 1690 2691 quantum
1714 2649 1767 2683 Cl.
1794 2649 1927 2684 Meadio
1946 2653 1964 2689 ..(
1987 2650 2005 2691 l<
2025 2654 2038 2690 )
2063 2676 2072 2690 ‚
2097 2652 2156 2693 qui

1147 2686 1302 2726 globulos
1336 2690 1573 2725 mercurialium
1610 2692 1709 2725 instar
1732 2695 1765 2726 in
1798 2694 1944 2727 arsenico
1973 2695 2117 2736 pervidit
2141 2717 2152 2731 ‚

1145 2729 1213 2778 hoc
1236 2741 1311 2764 curn
1336 2731 1511 2767 sublimato
1536 2736 1695 2769 mercurio
1718 2737 1750 2770 in
1775 2737 1874 2770 modo
1899 2736 2074 2770 inferendae
2099 2748 2155 2772 ne-

1145 2783 1195 2823 cis
1217 2779 1391 2823 convenire
1415 2777 1578 2823 videatur.
1710 2779 1770 2813 Sed
1795 2780 1832 2813 ad
1857 2791 1891 2812 ea
1914 2792 1986 2821 quae
2004 2781 2043 2814 de
2068 2781 2148 2814 arse-

1149 2826 1227 2849 nico
1253 2818 1323 2860 ipso
1348 2831 1447 2862 porro
1472 2820 1673 2863 adjiciuntur
1696 2824 1728 2856 in
1753 2822 1991 2857 Observatione
2012 2849 2020 2864 ‚
2058 2834 2153 2860 antea

1145 2870 1326 2910 memor-ata
1342 2889 1350 2901 ‚
1375 2864 1472 2896 XIII.
1497 2864 1679 2899 redeamus.
1706 2867 1798 2904 Quid
1821 2866 2006 2901 adevorato
2031 2868 2153 2902 arseni-

1147 2916 1187 2937 co
1209 2905 1341 2955 canibus
1363 2905 1488 2940 duobus
1512 2909 1528 2950 (
1548 2907 1560 2940 l
1581 2912 1595 2948 )
1619 2909 1772 2943 acciderit
1794 2933 1803 2948 ,
1842 2911 1900 2943 vix
1921 2919 2037 2953 praeter
2063 2923 2151 2945 mor-

1145 2957 1212 2980 tem
1235 2948 1399 2982 indicatur
1420 2975 1428 2982 .
1464 2953 1502 2983 In
1542 2954 1681 2986 mortuis
1707 2963 1813 2986 tamen
1836 2963 1993 2995 quatenus
2015 2955 2149 2989 inflam-

1145 3001 1251 3025 matus
1276 2991 1441 3035 utriusque
1465 2996 1684 3033 ventriculus,
1708 2996 1865 3039 hujusque
1888 3000 2009 3032 tunicae
2043 3001 2076 3032 in
2101 2999 2148 3031 al-

1146 3043 1444 3084 terolextenuatae,
1468 3039 1619 3072 intestina
1644 3049 1751 3073 autem
1775 3040 1924 3082 petrosa,
1948 3044 1979 3075 δε
2004 3042 2148 3084 perfora-

1147 3087 1200 3115 ta,
1224 3089 1256 3111 in
1281 3078 1457 3128 eodemque
1482 3083 1594 3124 niger,
1615 3085 1645 3116 δι
1668 3085 1836 3126 grumosus
1860 3084 1989 3126 sanguis
2012 3086 2112 3119 fuerit
2136 3108 2147 3123 ,

1145 3132 1210 3154 non
1235 3132 1404 3172 omittitur
1429 3150 1436 3158 .
1471 3125 1622 3172 Denique
1645 3137 1682 3160 ut
1705 3128 1911 3161 circulatores
1935 3129 2030 3171 pleno
2054 3130 2147 3162 cibo-

1141 3176 1215 3214 rum
1239 3176 1409 3207 pinguium
1435 3170 1465 3202 &
1497 3169 1682 3204 oleolorum
1715 3172 1898 3205 ventriculo
1923 3196 1933 3209 ,
1962 3172 2146 3206 arsenicum

1138 3220 1274 3259 impune
1297 3210 1473 3257 devorent,
1500 3223 1576 3246 mox
1600 3223 1705 3248 tamen
1729 3215 1811 3247 clam
1833 3215 1987 3249 omnibus
2010 3227 2064 3257 per
2088 3227 2145 3249 vo-

1140 3262 1280 3302 mitoria
1306 3255 1487 3295 rejicientes
1506 3267 1520 3295 ,·
1551 3260 1715 3293 vomitum
1741 3268 1847 3291 autem
1879 3268 1994 3300 praeter
2018 3270 2144 3294 morem

1139 3294 1268 3329 *differre
1291 3298 1394 3346 coacti
1417 3320 1428 3336 ‚
1465 3309 1595 3340 pereant
1621 3324 1632 3341 ‚
1663 3306 1678 3341 (
1699 3312 1730 3334 m
1751 3305 1766 3340 )
1789 3312 1853 3334 non
1878 3303 2033 3337 reticetur
2053 3328 2059 3335 .
2084 3303 2144 3338 Sed

1137 3338 1206 3373 haec
1228 3350 1336 3372 omnia
1360 3342 1393 3373 in
1420 3342 1681 3382 Additamentis‚
1706 3345 1760 3377 ubi
1785 3347 1816 3376 &
1841 3344 1941 3379 illud:
1964 3346 2060 3379 felem
2073 3347 2140 3389 (n)

1138 3384 1178 3416 ab
1203 3383 1342 3432 arsenico
1366 3384 1490 3425 peffime
1512 3387 1687 3421 habentem
1704 3410 1712 3425 ‚
1739 3389 1867 3422 vomitu
1892 3392 2060 3423 concitato
2086 3402 2141 3431 pet·

1137 3427 1261 3460 tabacci
1284 3425 1455 3462 frustulum
1479 3442 1551 3463 cum
1576 3432 1651 3464 cibo
1675 3430 1852 3468 intrusum,
1881 3435 1989 3467 vivam
2014 3433 2142 3468 mansis-

1139 3469 1187 3502 se.
1319 3472 1357 3503 In
1384 3473 1528 3506 Sectione
1552 3483 1660 3507 autem
1684 3473 1751 3517 ipsa
1775 3475 1818 3507 est
1850 3475 1905 3509 illa
1936 3476 2139 3520 potissimum

1139 3513 1331 3547 attendenda
1355 3515 1554 3550 Observatio
1578 3519 1629 3560 (o
1653 3521 1663 3556 )
1688 3539 1697 3555 ‚
1732 3529 1803 3559 quae
1825 3521 1924 3554 modo
1945 3521 2034 3553 dicta
2059 3533 2141 3554 con-

1138 3555 1245 3606 firmat
1270 3582 1276 3589 .
1304 3558 1432 3592 Scilicet
1454 3571 1529 3594 cum
1552 3562 1586 3594 in
1610 3561 1766 3595 convivio
1789 3562 1930 3596 edulium
1956 3563 2140 3606 appositum

1135 3599 1213 3633 esset
1236 3611 1269 3633 m
1294 3601 1408 3635 ultima
1432 3603 1536 3639 mensa
1559 3629 1570 3646 ,
1601 3617 1668 3648 quo
1688 3606 1724 3638 in
1747 3605 1855 3639 edulio
1878 3617 1938 3649 pro
1959 3606 2064 3641 farina
2089 3619 2140 3642 ar—

2016 3651 2098 3685 seni-

102 3743 2145 3767 Ἣ

151 3812 167 3840 (
180 3821 197 3837 a
215 3814 223 3842 J
241 3812 328 3848 Eypos.
343 3812 452 3839 mechan.
468 3816 586 3850 Venenor.
601 3816 678 3840 Tent.
692 3824 719 3846 4.
771 3846 776 3850 ⁴

151 3842 210 3902 st.
225 3843 619 3903 2³÷÷a.⁹.·21..2‘÷2130151a¹as.
635 3848 671 3908 3}
683 3856 702 3878 ἓ
719 3847 728 3877 ’
745 3847 804 3870 ¹⁴¹³·

777 3818 791 3841 <
805 3816 820 3841 b
834 3818 848 3847 )
864 3821 988 3843 Element.
1005 3819 1093 3843 Chem.
1108 3821 1186 3845 Tom.
1199 3827 1225 3844 ε..
1244 3823 1269 3845 P.
1286 3828 1311 3846 2.
1329 3822 1371 3847 ubi
1389 3824 1418 3849 de
1434 3825 1522 3854 sulph.
1584 3824 1596 3856 (

811 3877 817 3881 -
920 3850 934 3877 (
951 3850 965 3872 h
981 3849 994 3876 )
1012 3852 1045 3876 De
1063 3852 1154 3875 Venen.
1172 3851 1188 3874 l.
1204 3860 1226 3875 2.
1242 3859 1263 3875 c.
1284 3861 1305 3880 ς.

721 3878 729 3907 (
746 3886 764 3903 η
780 3878 793 3907 )
807 3886 835 3904 m
848 3880 903 3906 eod.
920 3879 1003 3906 schol.
1022 3906 1032 3912 Δ
1062 3881 1078 3912 ζ
1095 3889 1108 3906 o
1125 3880 1140 3911 )
1156 3880 1182 3911 §0
1198 3890 1222 3912 ς.
1238 3882 1264 3907 in
1279 3883 1340 3909 ebs.
1356 3893 1378 3915 ς.

1370 3851 1407 3883 (¹
1479 3857 1482 3860 ι
1611 3824 1774 3853 c)ffist.2.
1834 3828 2055 3864 (mmsis.-

1396 3864 1406 3879 ι
1421 3856 1435 3885 )
1451 3856 1512 3882 Hrst.
1527 3863 1550 3881 2.
1611 3857 1626 3886 ζ
1641 3855 1657 3881 k
1674 3858 1689 3887 J
1702 3858 1817 3885 Teutam.
1833 3865 1876 3885 ert.
1939 3862 1954 3890 ζ
1967 3862 1978 3885 Ι
1993 3862 2007 3891 )
2024 3860 2084 3887 Hist.
2095 3867 2131 3886 ιι,
