2498 4075
379 147 382 149 ’
437 142 533 197 218

402 232 448 256 uae
472 229 546 255 ante
566 217 764 252 osso-annos
786 218 968 259 pepererat!
993 215 1081 257 quafi
1106 227 1181 250 vero
1204 217 1245 250 sic
1269 225 1379 250 natam

376 232 471 301 suiss‘e
494 285 504 301 ,
539 261 665 296 credere
689 269 853 303 oporteret
876 282 887 298 ‚
925 269 980 291 nec
1005 261 1111 299 potius
1137 271 1152 292 a
1176 258 1291 293 morbo
1315 268 1380 291 non

379 309 516 350 antiquo
538 305 577 338 iis
600 304 767 345 particulis
791 303 978 337 muletatam
1001 299 1081 339 esse,
1107 302 1283 345 praeiertim
1306 312 1381 335 cum

377 351 490 386 bulbus
522 347 636 389 aliquis
662 344 850 388 pyrzformis
872 368 881 384 ,
918 344 1049 378 materia
1076 343 1242 388 subalbida
1280 342 1380 387 fluida

377 403 527 435 turgens,
548 401 645 432 quam
668 401 725 432 pus
748 387 838 424 fuisse
857 410 869 430 ,
892 388 1045 423 credibile
1068 387 1110 421 est
1133 409 1142 425 ‚
1175 389 1379 424 fimbriarum

378 437 485 471 locum
507 442 681 475 occuparet
705 457 713 467 .
753 434 798 465 At
822 432 911 468 enim
929 430 1072 473 fibiiones
1096 431 1289 466 intellecffum
1312 432 1379 473 qui-

376 481 446 514 dem
469 477 643 518 adjuvant,
665 476 798 518 inquit‚·
820 475 866 508 rei
887 474 1055 508 veritatem
1074 484 1132 506 non
1155 474 1378 514 demonstrant.

377 521 436 556 Sed
463 521 520 553 ubi
553 518 882 555 demonstrationibus
906 528 970 551 non
1003 518 1045 549 est
1069 517 1157 550 locus
1181 541 1189 556 ‚
1226 517 1379 554 sententia

376 574 483 599 autern
517 573 589 604 quae
613 561 793 596 istiusmodi
818 562 1029 603 impugnatur
1054 561 1250 602 argumentis
1269 584 1281 600 ‚
1316 560 1380 602 jam

376 608 453 642 satis
478 607 588 643 multis
612 605 694 644 fulta
716 605 758 640 est
780 606 961 639 rationibus
983 625 994 642 ‚
1025 612 1122 646 atque
1144 604 1381 638 observationi-

376 651 458 688 bus3
481 649 560 692 quid
582 661 657 686 curn
681 649 730 683 his
753 647 953 681 verisimilius
978 657 1136 689 congruat
1164 668 1173 684 ,
1206 647 1381 681 videndum

374 694 440 731 est,
463 693 561 735 idque
586 691 826 737 reponendum.
853 692 964 732 Atque
988 700 1025 723 ut
1048 691 1227 732 intelligas,
1256 700 1381 735 quanto

378 737 472 773 aliter
496 735 578 772 mihi
604 745 699 780 atque
721 737 794 775 illi,
818 733 991 771 videatur;
1014 734 1065 777 illi
1089 744 1128 766 ne
1151 735 1227 766 octo
1250 734 1382 776 quidem

377 783 453 815 anni
477 780 515 815 ad
539 777 729 819 hujusmodi
753 779 836 815 vitia
860 776 1040 810 inducenda
1065 775 1140 811 satis
1164 786 1275 811 erant:
1302 778 1383 811 mihi

377 833 611 864 nonnunquam
635 820 709 854 satis
731 821 774 854 est
797 820 901 863 ipsum
924 818 1058 861 alicujus
1091 830 1200 862 partus
1221 821 1383 856 difficilio-

377 868 441 905 ris,
466 868 496 898 δι
516 864 652 901 insecuti
679 876 742 898 non
767 864 870 897 felicis
895 864 1056 906 puerperii
1078 872 1203 905 tempus
1222 889 1231 897 .
1266 865 1305 899 In
1326 864 1383 898 tali

375 911 462 943 enirn
487 917 581 951 partu
604 907 808 943 vehementes
829 930 838 945 ‚
861 906 1030 949 crebrique
1053 906 1138 940 nisus
1161 918 1290 949 gravem
1314 917 1384 941 ute-

376 963 448 987 rum
483 960 596 993 urgent
632 956 642 990 (
665 951 752 993 quod
777 950 855 984 alibi
879 952 977 984 etiam
1003 951 1099 993 attigi
1126 955 1136 990 (
1161 961 1181 983 n
1204 954 1218 992 )
1240 955 1254 993 )
1276 953 1308 985 in
1335 961 1383 983 te-

375 996 432 1030 stes
449 1020 457 1035 ,
481 993 638 1038 tubasque
662 994 842 1036 subje&as,
865 1006 937 1037 quae
959 995 1127 1037 particulae
1153 993 1191 1027 ad
1204 995 1306 1036 pelvis
1330 994 1381 1027 os-

375 1041 406 1072 ia
428 1039 658 1082 apprimuntur
684 1063 692 1078 ,
723 1040 754 1070 δέ
778 1036 1051 1072 inflammationis
1084 1037 1218 1071 initium
1250 1047 1380 1072 contra-

373 1081 458 1120 hunt
481 1106 495 1123 ,
526 1092 625 1125 quam
650 1091 768 1122 augent
806 1093 882 1114 mox
904 1080 1010 1117 lochia
1033 1104 1045 1120 ,
1079 1082 1218 1123 exempli
1242 1084 1344 1124 gratia
1368 1104 1380 1121 s

373 1127 499 1169 parcius
513 1125 649 1163 fluentia
661 1150 668 1158 ,
693 1126 806 1160 Tanto
817 1135 924 1158 autem
946 1123 1074 1162 facilius
1088 1126 1277 1166 contingere
1291 1125 1357 1158 haec
1369 1147 1381 1163 ,

375 1170 543 1209 arbitror,
564 1178 689 1211 quanto
715 1168 814 1211 magis
837 1169 871 1200 in
905 1167 1071 1211 praegreffa
1096 1168 1180 1201 uteri
1204 1167 1381 1209 gestatione

374 1213 536 1252 violenti,
560 1211 810 1255 frequentesque
834 1213 976 1249 vomitus
998 1210 1069 1244 illas
1101 1211 1273 1251 particulas
1296 1211 1383 1253 pres-

374 1253 495 1296 serint,
519 1265 615 1298 atque
637 1253 852 1290 concusserint
867 1278 875 1292 ,
899 1263 953 1288 aut
976 1255 1047 1288 aliae
1059 1252 1157 1286 causae
1182 1255 1297 1296 aliquae
1316 1254 1382 1296 jam

373 1299 485 1334 laedere
509 1299 688 1341 inceperint
703 1320 712 1334 ‚
738 1301 768 1332 δι’
793 1297 831 1331 ad
854 1297 1048 1340 capiendum
1072 1297 1192 1333 vitium
1216 1297 1384 1341 disposue-

372 1343 460 1376 rint.
488 1341 546 1376 Sed
569 1340 620 1378 his,
634 1341 753 1378 miffis‚
777 1340 816 1374 ad
831 1340 985 1377 historias
997 1349 1223 1381 revertamur,
1245 1343 1276 1374 &
1299 1353 1383 1384 quoa

372 1387 461 1422 niam
483 1384 521 1421 de
545 1385 696 1419 tubarum
723 1383 939 1427 peculiaribus
961 1407 973 1425 ‚
1006 1387 1036 1420 &
1059 1383 1097 1422 de
1120 1383 1170 1418 his
1192 1409 1202 1424 ,
1235 1396 1270 1419 ac
1296 1384 1384 1420 testi-

371 1428 430 1466 bus
455 1429 684 1467 communibus
707 1429 795 1462 vitiis
818 1429 968 1470 quaedam
992 1428 1160 1468 attigimus
1185 1439 1195 1467 ς
1227 1429 1382 1464 nonnulla

371 1472 498 1510 testium
520 1483 652 1515 quoque
676 1472 854 1513 peculiaria
876 1472 958 1505 vitia
981 1471 1118 1508 strictim
1142 1482 1360 1514 proponamus
1375 1497 1383 1505 .

414 1527 466 1557 29.
489 1515 739 1553 FOEMINAM
763 1516 982 1560 quadraginta
1006 1515 1138 1549 circiter
1150 1525 1248 1550 annos
1270 1524 1382 1550 natam

373 1559 542 1603 apoplexia
566 1560 647 1595 olim
673 1567 856 1595 tentaverat
879 1579 890 1596 ,
929 1558 1094 1594 noviffime
1119 1568 1225 1593 autem
1257 1558 1382 1595 rediens

371 1601 536 1641 confecit.
563 1603 615 1639 Ex
638 1613 674 1635 ea
696 1625 709 1644 ,
740 1613 815 1637 cum
840 1601 986 1646 publicas
1008 1602 1221 1638 Anatomicas
1243 1602 1380 1636 demon-

370 1647 537 1681 strationes
569 1644 722 1683 haberem
746 1647 788 1681 A.
816 1654 908 1689 1725.
932 1645 1031 1683 ,nullae
1065 1645 1134 1679 aliae
1159 1647 1192 1679 in
1228 1646 1381 1687 Gymna-

370 1690 452 1728 fium
473 1691 574 1726 illatae
598 1688 671 1724 sunt
698 1691 829 1730 Partes,
851 1688 908 1721 nifi
933 1700 1005 1733 quae
1028 1688 1101 1723 lotii
1118 1690 1301 1723 excretioni
1317 1715 1325 1729 ‚
1350 1693 1382 1725 <Sc

369 1733 590 1776 generationis
622 1733 714 1774 operi
746 1732 925 1768 inserviunt
947 1756 955 1764 .
1088 1732 1301 1768 RENIBUS
1332 1733 1381 1765 in.

370 1776 522 1819 terjen‘tus
545 1776 681 1818 Magnae
705 1777 832 1812 arteriae
844 1785 978 1810 truncus
1000 1775 1095 1807 initia
1110 1798 1119 1812 ‚
1143 1775 1194 1811 sed
1206 1775 1382 1816 levisiima‚

368 1822 457 1856 intus
478 1820 665 1856 ostendebat
688 1814 846 1854 oisearum
870 1818 1108 1863 squammarum
1122 1842 1129 1850 .
1156 1820 1266 1852 Renes
1287 1818 1347 1860 ipsi
1370 1842 1383 1861 ³.

368 1867 427 1911 qui
451 1875 515 1901 non
539 1864 586 1897 ita
610 1863 711 1900 multa
736 1861 929 1907 pinguedine
952 1871 1041 1895 erant
1065 1863 1206 1896 exterius
1231 1863 1357 1904 praediti
1370 1884 1383 1902 ,

369 1908 479 1945 eadem
502 1908 586 1946 ,inter
611 1907 745 1950 papillas
769 1919 802 1944 ea
824 1907 921 1947 copia
947 1904 1038 1939 farffi
1063 1912 1153 1939 erant
1175 1928 1188 1945 ,
1218 1913 1255 1938 ut
1279 1904 1381 1946 majo-

362 1964 438 1993 rem
457 1962 527 1991 >non
551 1951 777 1988 meminerim.
802 1948 913 1986 Testes
935 1948 1031 1984 ambo
1043 1949 1175 1991 quidem
1200 1956 1289 1982 erant
1305 1949 1380 1982 stri-

371 1996 437 2031 <rofi
460 2008 471 2036 τ,
495 1993 546 2030 sed
570 1995 682 2028 dexter
705 1993 813 2027 multo
837 2004 887 2028 ma
914 1994 940 2027 is
964 1992 1149 2027 contrariius
1174 2005 1182 2026 :
1214 2003 1254 2024 ex
1276 2003 1380 2034 eoque

369 2024 503 2082 liydatis
536 2038 678 2074 exstabat
701 2037 855 2074 castaneae
915 2047 996 2080 gura
1020 2061 1032 2077 ,
1064 2039 1095 2071 δι
1131 2036 1380 2078 magnitudine,

371 2082 553 2120 subfuscam
577 2092 693 2125 aquam
716 2082 803 2119 intra
827 2081 953 2117 tunicas
976 2081 1145 2116 continens
1170 2077 1305 2118 crassas,
1327 2080 1380 2111 in-

370 2128 489 2162 teriore
512 2125 593 2160 facie
617 2125 752 2168 aequales
774 2147 785 2163 ‚
824 2127 855 2157 Sc
879 2125 972 2160 laeves
996 2148 1004 2157 .
1038 2124 1076 2158 In
1100 2122 1225 2160 finistro
1249 2122 1377 2166 penitus

369 2170 501 2205 condita
528 2169 733 2211 eratffcellula
757 2166 918 2206 rotunda,
941 2169 1061 2204 minori
1088 2178 1158 2200 uvae
1173 2167 1265 2202 acino
1291 2165 1377 2200 haud

371 2213 474 2256 major
497 2234 507 2251 ‚
541 2212 638 2256 quam
662 2213 727 2250 albi
751 2214 785 2246 &
813 2210 1008 2245 craffiusculi
1035 2212 1171 2252 parietes
1194 2209 1378 2246 efficiebant

370 2261 460 2296 intus
483 2257 654 2299 inaequales
676 2279 686 2296 ,
719 2259 748 2291 Sc
771 2255 917 2290 humoris
940 2255 1065 2297 aliquid
1090 2254 1343 2297 complectentes
1367 2276 1375 2285 .

501 2302 666 2335 Caeterurn
687 2300 720 2336 in
745 2309 858 2334 neutro
882 2310 921 2336 ex
943 2298 1145 2337 naturalibus
1157 2297 1303 2332 vesiculis
1326 2296 1385 2330 ula„

375 2347 405 2383 la
429 2344 516 2380 fuit.

415 2401 469 2436 30.
494 2386 583 2423 Cum
606 2387 654 2421 hae
678 2385 822 2423 vesiculae
848 2385 887 2422 ad
910 2386 1129 2429 generandum
1153 2383 1215 2418 fint
1240 2381 1378 2419 necessa-

976 155 980 157 *
1008 137 1165 191 Libet·
1200 137 1306 190 HI.
1340 138 1425 189 De
1462 137 1668 188 Morbis
1709 136 1919 189 Ventris

1431 216 1508 253 riae,
1534 214 1682 256 fiveipsae.
1700 240 1708 254 ‚
1732 224 1768 249 ut
1792 215 1938 256 plerique
1951 211 2147 249 credebant,
2171 211 2232 247 fint
2255 224 2338 254 ova,
2362 214 2426 256 live·

1431 259 1540 301 potius
1564 259 1599 290 in
1622 259 1745 291 luteum
1767 269 1884 299 corpus
1906 265 2093 296 mutentur;
2116 257 2245 298 perinde
2268 258 2328 292 esse
2343 280 2352 295 ,
2378 262 2427 293 vi-

1431 301 1504 338 des,
1530 300 1593 333 sive
1619 301 1748 343 prorsus
1770 301 1870 334 desint
1884 324 1896 341 ‚
1920 299 1982 333 live
1995 311 2059 332 nou
2082 311 2154 333 eum
2176 310 2272 341 quem
2286 301 2427 343 debent,

1430 345 1601 379 humorem
1624 347 1812 378 contineant
1833 369 1841 378 .
1866 345 1982 386 Itaque
2006 341 2186 377 mirandum
2211 354 2274 377 non
2297 346 2338 379 est
2361 369 2370 384 ,
2404 346 2428 380 fi

1431 388 1566 423 mulier,
1590 388 1661 420 sana
1684 388 1830 429 alioqui,
1852 389 1883 420 δε
1904 388 2051 429 juvenis,
2073 385 2272 430 juvenique,
2294 391 2323 422 δι
2349 390 2430 422 vali-

1428 430 1471 464 do
1495 432 1611 464 marito
1635 441 1734 472 nupta
1751 455 1759 470 ‚
1784 431 1896 464 sterilis
1920 430 2020 465 fuerat
2043 453 2050 466 ‚
2075 431 2106 462 in
2131 440 2194 472 qua
2221 430 2430 468 Vallisnerius

1429 477 1442 513 (
1463 485 1480 506 o
1503 477 1513 513 )
1537 474 1689 510 vesiculas
1711 485 1824 508 omnes
1848 473 2000 512 turbida,
2022 476 2054 505 &
2078 471 2255 515 fuliginosa
2278 478 2431 517 materia,

1431 528 1607 561 parumque
1632 517 1730 554 fluida
1756 518 1862 558 plenas
1885 515 2023 551 offendit
2050 541 2056 549 .
2083 515 2198 558 Neque
2221 527 2285 550 non
2310 521 2431 552 timen-

1429 560 1507 593 dum
1530 572 1619 597 erat,
1645 571 1683 594 ne
1706 560 1892 595 infoecunda
1916 560 2005 595 fieret
2028 582 2036 596 ,
2062 558 2083 592 fi
2108 558 2233 593 vixisset
2258 586 2268 603 ‚
2298 562 2431 605 Juvenis

1432 604 1531 638 altera
1547 627 1555 642 ‚
1580 606 1666 639 intra
1691 603 1804 639 horam
1830 616 1845 637 a
1869 604 1974 645 primo
1999 613 2091 645 partu
2112 611 2237 637 mortua
2253 626 2262 641 ‚
2283 606 2317 637 in
2339 606 2431 647 cujus

1432 657 1569 690 utroque
1592 647 1666 681 teste
1691 671 1702 686 ,
1736 647 1915 682 Alexander
1942 647 2038 680 Bonis
2063 646 2101 679 ad
2128 657 2178 679 me
2203 647 2325 691 scripsit
2348 672 2361 689 ,
2384 651 2435 682 vi-

1432 690 1507 724 diffe
1531 691 1560 725 se
1583 703 1657 724 cum
1682 691 1857 726 Santorino
1880 692 2131 732 quamplurimas
2156 691 2251 724 variae
2271 694 2436 733 magnitu-

1432 734 1518 768 dinis
1542 733 1693 768 veficulas
1716 760 1724 773 ,
1760 733 1955 775 pellucidum
1978 733 2110 776 quidem
2135 732 2304 768 humorem
2327 737 2437 770 conti-

1434 786 1546 811 nentes
1569 800 1577 814 ,
1602 778 1651 812 sed
1675 779 1708 810 in
1731 788 1797 819 quo
1822 788 1956 820 parvum
1979 777 2205 819 corpusculum
2227 777 2399 814 candidum
2423 802 2436 821 ,

1434 832 1656 863 quamcunque
1691 823 1887 855 examinares
1911 820 2078 854 vesiculam
2103 848 2109 860 ,
2144 818 2404 862 conspiciebatur
2427 848 2435 860 ,

1435 865 1548 908 Quam
1581 863 1913 898 desideratiffimorum
1937 865 2130 898 Amicorum
2163 863 2435 901 Observationem

1434 910 1498 942 tibi
1522 908 1675 942 libentius
1700 909 1899 947 memoravi,
1924 917 1959 941 ut
1983 908 2087 941 morbi
2113 905 2262 942 effeetum
2285 909 2344 943 efle
2365 908 2437 952 pos-

1433 951 1464 985 se
1487 976 1498 992 ,
1532 952 1692 993 intelligas
1715 974 1728 993 ‚
1760 951 1848 993 quod
1873 962 1984 993 graves
2009 951 2169 986 Aufiores
2195 962 2253 995 pro
2275 951 2436 987 foecundae

1433 994 1525 1029 fac'tae
1551 996 1695 1029 veficulae
1718 995 1844 1030 indicio
1868 993 2127 1037 proposuerunt.

1477 1049 1526 1077 31·
1552 1040 1644 1076 Quot
1667 1037 1731 1073 huc
1756 1047 1909 1080 praeterea
1934 1037 2048 1074 addere
2074 1037 2192 1079 poffem
2215 1061 2223 1076 ‚
2249 1040 2281 1072 ni
2306 1040 2436 1081 longior

1430 1081 1491 1115 effe
1515 1082 1660 1120 nollem,
1686 1092 1771 1116 meas
1794 1082 1955 1114 vitiorum
1980 1081 2106 1116 testium
2132 1082 2342 1119 muliebrium
2365 1083 2438 1117 Ob-

1433 1125 1624 1160 servationes
1639 1151 1647 1166 ‚
1672 1127 1721 1160 vel
1745 1137 1784 1160 ex
1806 1126 1848 1158 iis
1870 1123 2024 1168 conjicies
2047 1135 2119 1170 quae
2142 1124 2180 1158 de
2203 1126 2280 1168 ipsis
2304 1127 2437 1162 illorum

1435 1170 1543 1207 vitiis,
1569 1170 1638 1203 aliis
1660 1169 1791 1212 quidem
1816 1169 1915 1202 rarius
1931 1192 1938 1205 ‚
1962 1169 2031 1201 aliis
2055 1177 2161 1203 autem
2186 1169 2322 1213 persaepe
2346 1183 2363 1205 a
2386 1181 2437 1204 me

1434 1213 1586 1254 repertis,
1612 1212 1739 1255 preffius
1762 1212 1843 1247 olim
1867 1213 1900 1244 in
1924 1213 1952 1247 Ι.
1980 1211 2179 1249 Adversariis
2204 1217 2257 1255 (p
2280 1217 2291 1253 )
2316 1215 2439 1252 indica-

1434 1257 1468 1290 vi
1493 1279 1500 1286 .
1536 1256 1645 1299 Qem
1669 1257 1778 1293 locum
1802 1279 1810 1293 ‚
1844 1265 1880 1289 ut
1903 1255 2007 1297 plures
2028 1279 2041 1295 ,
2064 1254 2149 1289 idern
2174 1256 2405 1292 confirmantes
2426 1278 2439 1297 ‚

1435 1309 1764 1342 commemorarunt3
1797 1300 1841 1332 {ic
1864 1297 1971 1333 nescio
2006 1310 2064 1333 cur
2101 1299 2157 1331 vix
2189 1303 2373 1342 perpauci,
2404 1301 2441 1334 in

1434 1342 1553 1386 quibus
1564 1345 1725 1388 praecipue
1750 1343 1813 1379 fuit
1837 1343 1889 1374 Cl.
1903 1343 1966 1375 Vir
1989 1343 2141 1376 Paitonus
2164 1348 2175 1383 (
2200 1354 2218 1386 q
2241 1347 2277 1386 ),
2303 1345 2441 1379 alterum

1436 1387 1466 1419 se
1487 1386 1599 1421 locum
1623 1385 1753 1429 legisse,
1777 1384 1997 1425 ostenderint,
2022 1386 2078 1421 ubi
2101 1386 2135 1419 in
2147 1386 2351 1424 Adversariis
2364 1388 2438 1423 ·1V.

1434 1429 1485 1472 (r
1509 1433 1522 1468 )
1546 1431 1624 1475 quid
1653 1456 1661 1470 ‚
1698 1435 1729 1465 δε
1752 1442 1808 1464 cur
1835 1428 1916 1463 mihi
1940 1432 2106 1463 videretur
2129 1432 2168 1467 de
2193 1431 2406 1467 veficularum
2428 1457 2442 1474 ,

1435 1476 1466 1507 &
1490 1474 1651 1509 luteorum
1664 1485 1839 1517 corporum
1853 1484 1990 1512 natura,
2016 1472 2113 1511 &usu
2128 1498 2139 1514 ‚
2163 1474 2341 1519 proposui5
2364 1486 2443 1511 cum

1436 1516 1541 1558 plures
1574 1527 1683 1552 tamen
1707 1518 1779 1561 post
1812 1528 1933 1551 annum
1957 1529 2024 1560 quo
2063 1517 2118 1550 illa
2144 1519 2215 1554 sunt
2239 1519 2325 1554 edita
2348 1530 2442 1566 ¹719·

1435 1558 1545 1610 eadem
1569 1561 1664 1597 essent
1691 1562 1752 1598 suis
1777 1563 1809 1595 in
1836 1560 1965 1602 scriptis
1979 1563 2169 1601 repetituri.
2198 1562 2256 1598 Sed
2279 1565 2316 1599 ad
2331 1563 2443 1615 locum

1433 1605 1526 1638 illum
1550 1606 1689 1646 primum
1714 1615 1749 1638 ut
1775 1604 1901 1639 redeam
1927 1615 1937 1642 5
1972 1605 2029 1646 qui
2054 1606 2132 1638 meis
2156 1606 2222 1639 illis
2247 1631 2255 1646 ‚
2281 1617 2335 1642 aut
2361 1608 2444 1642 alio-

1433 1659 1506 1681 rum
1529 1648 1750 1684 conlimilibus
1773 1647 2067 1682 observationibus
2091 1650 2178 1683 abuli
2202 1649 2299 1691 sunt,
2326 1660 2361 1684 ut
2387 1660 2443 1684 aut

1432 1691 1523 1739 testes
1547 1691 1608 1725 effe
1633 1693 1785 1730 inutiles,
1811 1700 1866 1726 aut
1888 1690 2039 1727 mulieres
2063 1701 2098 1725 ut
2124 1693 2299 1734 plurimum
2325 1694 2443 1730 steriios

1434 1737 1524 1772 iore,
1549 1738 1802 1775 contenderent,
1826 1736 1852 1769 ii
1876 1736 2010 1768 minime
2032 1737 2328 1771 animadverterunt
2351 1761 2364 1778 ‚
2386 1749 2447 1772 ne·-

1433 1789 1495 1819 que
1518 1787 1556 1812 ut
1580 1778 1758 1823 plurimum
1784 1803 1794 1819 ,
1827 1777 1850 1813 fi
1874 1777 2004 1821 juvenes
2027 1802 2034 1816 ,
2058 1777 2207 1821 sanasque
2230 1779 2411 1817 incidamus
2434 1806 2444 1821 ‚

1433 1831 1469 1853 ea
1492 1822 1572 1856 vitia
1595 1834 1768 1858 occurrere
1791 1844 1803 1861 ,
1836 1831 1940 1863 neque
1965 1820 2084 1855 necesse
2108 1820 2169 1855 esse
2194 1822 2231 1856 ad
2255 1824 2445 1865 concipien-

1432 1863 1534 1903 dum,
1558 1875 1593 1898 ut
1616 1877 1726 1899 omnes
1748 1863 1915 1906 utriusque
1938 1864 2025 1898 teliis
2050 1866 2219 1908 particulae
2242 1865 2321 1901 sanae
2345 1865 2408 1901 fint
2428 1891 2442 1909 ,

1432 1916 1537 1949 neque
1561 1908 1690 1944 demum
1704 1932 1712 1946 ‚
1734 1919 1808 1943 cum
1822 1917 1937 1949 praeter
1961 1908 2049 1947 testes
2063 1930 2077 1947 ‚¹
2097 1918 2147 1943 tot
2176 1910 2245 1942 aliae
2270 1910 2443 1946 muliebres

1431 1958 1557 1992 partes,
1581 1964 1653 1995 quae
1676 1952 1751 1993 ipiae
1775 1962 1905 1994 quoque
1929 1949 2009 1993 saepe
2034 1952 2122 1986 vitiis
2159 1953 2312 1988 obnoxiae
2336 1953 2441 1994 sunt„

1432 1994 1470 2026 ad
1494 1996 1671 2036 gignendos
1694 1997 1813 2031 liberos
1835 1994 1896 2029 fint
1921 1992 2124 2037 neceffiariae,
2147 2007 2255 2031 revera
2280 2008 2345 2030 non
2371 2009 2446 2039 per-

1432 2048 1531 2078 ram,
1554 2038 1605 2072 sed
1629 2049 1732 2082 neque
1757 2047 1792 2072 ut
1819 2038 2018 2079 plurimum,
2045 2050 2146 2081 neque
2157 2040 2200 2072 ob
2223 2040 2355 2073 eandem
2367 2047 2444 2076 c‘au-

1432 2079 1521 2120 sam,
1546 2083 1694 2119 mulieres
1718 2092 1771 2119 aut
1796 2080 1943 2116 infoecun
1964 2081 2011 2117 ias
2037 2082 2115 2120 effe,
2141 2092 2196 2116 aut
2220 2083 2290 2117 fieri
2315 2106 2324 2121 ,
2359 2095 2447 2118 vere-

1431 2135 1493 2166 que
1518 2125 1599 2160 olim
1622 2125 1688 2162 haec
1714 2126 1753 2160 ab
1777 2125 1962 2166 Hippocrai
1982 2136 1999 2159 e
2021 2125 2100 2168 (s)
2123 2124 2239 2169 scripta
2263 2126 2319 2161 effe
2343 2139 2353 2159 .·
2374 2130 2447 2164 At.

1430 2177 1487 2209 que
1510 2176 1581 2209 tot,
1605 2180 1640 2203 ac
1663 2170 1743 2206 talia
1764 2167 1951 2204 mulieribus
1975 2184 1987 2203 ι
2001 2169 2169 2212 ontingunt
2189 2193 2198 2208 ‚
2228 2177 2357 2212 propter
2381 2183 2446 2214 quae

1428 2221 1487 2245 non
1506 2214 1640 2255 pariunt
1661 2237 1671 2252 ,
1696 2221 1863 2256 antequam
1885 2220 2032 2248 curentur
2059 2234 2068 2250 ,
2110 2217 2151 2249 (9
2171 2221 2304 2255 propter
2326 2225 2390 2255 quae
2411 2229 2445 2251 0-

1427 2255 1533 2288 mnino
1548 2255 1671 2295 steriles
1689 2255 1795 2301 fiunt.
1819 2258 1928 2301 Qare
1962 2256 2085 2292 mirari
2105 2255 2251 2291 mulieres
2274 2266 2333 2290 non
2357 2269 2445 2301 opor.

1429 2304 1497 2375 zeti,
1520 2299 1639 2344 quando
1660 2306 1770 2337 coeunt
1792 2302 1915 2342 quidem
1929 2323 1939 2343 ‚
1972 2308 2031 2334 non
2053 2308 2162 2335 autem
2179 2300 2258 2346 saepe
2275 2310 2409 2345 parcunt
2436 2328 2445 2337 .

1466 2351 1482 2375 a
1499 2353 1514 2375 e
1527 2366 1536 2376 .

1739 2376 1756 2403 ,ί

2015 2501 2447 2513 ιι-ο-*ἀ-ψ--η

395 2581 914 2648 EPISTOLA
969 2556 2083 2647 ANATOMICO-MEDICA
2139 2584 2409 2650 XLVII.

701 2716 899 2786 Agitur
932 2714 998 2768 de
1035 2715 1516 2834 Menllruli‘iflpxgls
1546 2717 1715 2778 vitiis,
1749 2718 1802 2771 &
1837 2715 1899 2768 de
1933 2713 2114 2768 Fluore

1338 2800 1369 2834 u
1393 2798 1438 2834 ie
1477 2798 1552 2834 ri.

481 2913 557 2949 TSI
581 2915 724 2949 Bonetus
748 2911 880 2954 singulis
901 2910 987 2945 hisce
1012 2910 1208 2953 argumentis
1244 2909 1380 2952 singulas

492 2959 652 2992 Sec-'tiones
678 2956 833 2993 attribuit
858 2955 998 2988 XXXV.
1022 2957 1055 2987 δε
1086 2954 1251 2993 XXXVI;
1273 2963 1379 2988 tamen

492 3012 556 3035 non
580 3011 642 3035 una
677 2999 759 3034 mihi
782 2999 872 3034 causa
897 2997 940 3032 est
962 3020 972 3036 ‚
1007 3009 1065 3031 cur
1088 2998 1185 3031 ambo
1228 2997 1276 3032 his
1306 3000 1378 3032 unis

375 3047 512 3080 Litteris
558 3044 752 3087 complectar
783 3067 792 3076 .
846 3043 939 3076 Nam
984 3041 1066 3077 illud
1112 3044 1253 3083 primum
1309 3043 1378 3074 ani-

373 3088 534 3125 madverti
556 3111 570 3129 ‚
613 3087 637 3122 fi
683 3088 778 3129 longa
803 3111 815 3127 ‚
867 3087 899 3117 &
941 3085 1054 3119 crebra
1099 3083 1229 3118 Scholia
1271 3082 1378 3117 detra-

374 3133 460 3172 has,
505 3143 602 3176 eaque
643 3141 684 3165 ex
727 3142 794 3174 quo
839 3129 972 3162 meliora
1007 3131 1044 3163 in
1090 3127 1230 3162 Medicis
1254 3127 1378 3161 Scholis

375 3177 494 3211 tradita
526 3174 600 3210 funt
622 3198 635 3216 ‚
677 3174 762 3209 haud
796 3183 869 3207 raro
904 3173 1035 3206 inutilia
1056 3194 1069 3212 ,
1113 3182 1179 3205 non
1222 3171 1267 3205 ita
1290 3171 1376 3204 mul-

374 3222 480 3255 tasin
524 3219 590 3253 istis
635 3218 787 3253 brevibus
832 3216 979 3258 alioquin
1004 3215 1209 3250 Seffionibus
1254 3213 1378 3248 Obser-

373 3264 522 3298 vationes
565 3261 720 3304 superesse
742 3286 750 3295 .
798 3259 924 3294 Deinde
956 3270 995 3293 ex
1041 3259 1091 3293 his
1131 3255 1190 3293 effe
1235 3258 1378 3305 aliquas,

375 3316 413 3342 ut
435 3307 577 3341 Bonetus
610 3305 676 3348 ipse
710 3303 830 3343 fatetur
851 3325 864 3344 ‚
910 3302 951 3336 ab
983 3314 1021 3336 eo
1054 3302 1132 3335 alibi
1166 3302 1343 3345 propositas
1365 3323 1378 3340 ,

377 3352 446 3384 imo
467 3352 499 3384 &
533 3349 703 3383 nonnullas
733 3358 804 3391 quae
825 3369 838 3387 ,
882 3345 953 3389 ipso
997 3357 1062 3379 non
1107 3345 1264 3379 sentiente
1286 3366 1300 3384 ,
1344 3345 1379 3393 in

375 3404 438 3427 una
481 3392 655 3434 eademque
698 3393 845 3425 Seetione
889 3398 1078 3432 repetuntur
1100 3410 1113 3429 ‚
1156 3397 1192 3422 ut
1222 3397 1301 3431 puta
1345 3397 1379 3420 in

375 3436 518 3471 XXXV.
553 3434 826 3470 Observationem
859 3434 923 3468 IV.
956 3433 991 3465 in
1034 3445 1068 3467 ea
1111 3433 1263 3466 iteratam
1308 3441 1380 3473 quae

378 3479 436 3515 sub
479 3478 717 3514 Observatione
762 3478 846 3513 VII.
879 3476 998 3511 ultimo
1040 3477 1115 3510 loco
1147 3474 1190 3510 est
1210 3499 1220 3517 ,
1268 3484 1382 3516 nempe

1429 2912 1458 2952 §.
1485 2921 1536 2949 10;
1561 2911 1594 2943 in
1629 2910 1778 2943 Seffione
1802 2917 1909 2943 autem
1942 2912 2100 2946 XXXVI.
2125 2923 2196 2947 eam
2218 2924 2291 2957 quae
2314 2911 2437 2948 Obser-

1430 2955 1572 2989 vationis
1606 2954 1633 2986 I.
1658 2955 1685 2994 §.
1714 2963 1740 2985 1.
1765 2955 1887 2997 legitur
1910 2977 1923 2994 ,
1957 2956 2129 2996 repetitam
2154 2963 2184 2993 §.
2209 2969 2236 2989 2.
2267 2957 2350 2999 Qae
2385 2968 2439 2991 re-

1430 2999 1604 3041 petitiones
1628 3009 1666 3031 eo
1691 2998 1799 3032 minus
1822 2995 1958 3031 ferenda:
1982 2999 2055 3034 sunt
2081 3023 2091 3038 ‚
2118 3000 2207 3043 quod
2246 3010 2300 3034 aut
2325 2999 2440 3034 secun·

1428 3041 1472 3076 do
1506 3041 1579 3075 loco
1602 3039 1790 3081 imperfecta
1823 3039 1954 3074 historia
1978 3045 2022 3076 est
2047 3067 2057 3082 ,
2091 3052 2127 3076 ut
2151 3045 2184 3076 in
2210 3045 2359 3084 exemplo
2393 3044 2442 3077 al-

1428 3095 1501 3119 tero
1525 3107 1534 3122 ‚
1559 3096 1613 3118 aut
1637 3085 1735 3117 etiam
1759 3083 1934 3131 utrobique
1959 3109 1967 3123 ‚
1994 3097 2028 3120 ut
2051 3087 2084 3118 in
2110 3088 2217 3129 primo
2241 3111 2248 3119 .
2286 3087 2359 3120 Nec
2387 3097 2442 3120 ve-

1428 3140 1467 3162 ro
1488 3127 1575 3162 dicas
1599 3150 1609 3165 ‚
1645 3129 1796 3169 utrinque
1818 3128 1906 3167 rejici
1941 3129 2073 3163 lefiores
2095 3130 2133 3164 ad
2169 3131 2223 3164 tit.
2248 3131 2283 3164 de
2316 3130 2437 3163 ventris

1429 3178 1550 3205 tumore
1580 3170 1635 3204 lib.
1660 3180 1691 3212 3.
1715 3170 1886 3205 Versandae
1921 3174 2010 3207 enim
2034 3172 2106 3208 sunt
2141 3173 2275 3217 grandes
2312 3174 2439 3217 paginae

1427 3224 1561 3249 centum
1593 3214 1764 3256 octoginta
1798 3212 1850 3247 sex
1872 3237 1885 3255 ,
1929 3226 1964 3249 ut
2001 3218 2034 3248 in
2070 3228 2139 3250 eam
2163 3216 2302 3260 denique
2334 3214 2436 3251 histo-

1429 3259 1510 3294 riam
1531 3256 1709 3291 incidamus
1731 3279 1741 3294 ,
1768 3257 1864 3299 longe
1887 3258 1959 3292 aliis
1983 3259 2088 3294 verbis
2111 3261 2321 3302 incipientem
2343 3282 2354 3299 ‚
2379 3268 2434 3290 eo-

1428 3313 1491 3344 que
1515 3305 1620 3335 minus
1641 3300 1734 3334 facile
1756 3301 1971 3343 reperiendam
1985 3327 1993 3342 ‚
2017 3303 2074 3336 sub
2097 3302 2336 3337 observatione
2357 3301 2435 3334 LV.

1429 3346 1457 3385 §.
1483 3355 1535 3388 23⁵
1562 3344 1611 3378 sed
1635 3355 1673 3377 ne
1696 3345 1743 3377 ibi
1778 3345 1912 3386 quidem
1937 3356 2082 3380 accurate
2105 3346 2298 3389 descriptam
2325 3368 2349 3383 „J
2377 3355 2434 3376 ne-

1430 3399 1492 3430 que
1527 3388 1600 3421 ullis
1625 3413 1634 3427 ‚
1677 3388 1796 3430 quibus
1840 3400 1918 3431 opus
1964 3399 2030 3423 erat
2053 3412 2062 3428 ‚
2109 3387 2435 3424 animadve1·fionibus

1433 3431 1636 3465 emendatam
1660 3455 1667 3462 .
1714 3431 1890 3473 Scripserat
1922 3434 2007 3466 enim
2040 3433 2183 3467 historiae
2218 3434 2341 3467 Aucior
2364 3432 2434 3475 Do-

1433 3473 1564 3508 donaeus
1586 3484 1626 3508 eo
1648 3474 1719 3517 ipso
1753 3476 1841 3518 quod
1863 3475 2026 3510 indicatur
2047 3499 2061 3518 ,
2093 3477 2197 3519 capite
2220 3487 2273 3520 34.
2298 3484 2436 3550 ρξ’-ωας

2350 3528 2393 3550 ir-

387 3634 2430 3652 ww

547 3724 597 3758 pist.
613 3732 650 3754 39.
666 3731 691 3748 n.
708 3725 745 3756 38.

436 3725 480 3783 ((ἰτ
494 3725 508 3786 3
524 3726 640 3781 {nimuh
656 3756 697 3780 ²8.
755 3755 771 3786 ζ
782 3755 819 3786 [J
836 3756 871 3780 De
886 3752 1014 3780 sterilibus
1030 3760 1055 3778 n.
1076 3761 1097 3782 ,5-

803 3724 821 3754 <
835 3731 848 3748 o
863 3723 878 3751 )
895 3722 936 3747 ln.
953 3722 1019 3747 della
1033 3721 1150 3748 Generaz.
1167 3723 1196 3746 Ρ.
1214 3728 1236 3746 2,
1252 3727 1274 3745 c.
1294 3728 1314 3755 5„-
1333 3727 1357 3744 n.
1376 3727 1410 3747 ιι»,

1473 3719 1488 3748 (
1502 3725 1518 3750 p
1534 3723 1545 3746 >
1561 3726 1585 3743 n.
1602 3725 1641 3749 3⁰·
1701 3720 1709 3748 (
1730 3727 1745 3749 q
1759 3718 1773 3748 )
1791 3719 1861 3744 Delia
1878 3720 1996 3744 Gener-u.
2012 3719 2162 3745 doll’Uomo
2178 3718 2240 3742 Disc.
2260 3725 2279 3746 3-
