2498 4075
384 237 556 276 censione,
579 241 672 275 atque
695 232 840 265 examine
863 226 1043 267 abduxisse3
1066 228 1159 270 longe
1183 228 1267 259 enim
1291 227 1393 258 minus

388 281 504 320 triste,
528 287 622 321 atque
645 274 835 309 horrificum
859 274 901 306 est
923 274 956 305 in
981 280 1168 305 vexatorum
1192 281 1246 312 per
1268 270 1393 311 experi-

391 335 497 360 menta
521 331 659 359 canum,
682 330 777 361 quam
803 321 835 349 in
859 314 1128 355 strangulatorum
1150 312 1318 347 hominum
1338 324 1394 345 co-

391 371 556 412 gitatione
581 363 733 396 detineri.
759 360 812 395 Ad
837 359 917 392 hanc
940 358 1005 401 jam
1029 367 1223 391 revertamur
1249 379 1263 396 ,
1295 366 1393 398 opor-

389 421 436 445 tet
454 434 462 448 ‚
487 410 524 442 de
548 407 645 441 causis
661 428 670 443 ,
693 417 762 448 quae
787 402 890 436 afferri
914 401 1014 434 solent
1040 424 1052 440 ,
1084 399 1255 434 eorundem
1277 399 1394 432 mortis

387 452 626 490 existimaturi,
649 447 777 492 quando
799 446 854 478 illa
877 457 948 488 quae
979 443 1018 477 ad
1039 444 1074 477 id
1098 442 1263 477 necessaria
1295 451 1358 474 erat
1384 465 1396 482 ,

391 498 687 540 experimentorum
710 501 780 524 tum
805 498 948 521 veterum
965 511 977 529 ,
1000 497 1071 521 tum
1096 487 1268 520 recentium
1292 485 1395 518 conli-

386 541 553 576 deratione
576 536 737 580 perfunCti
764 533 868 565 sumus
883 558 891 565 .
1026 530 1076 564 Ad
1090 541 1202 563 nervos
1227 530 1327 571 igitur
1339 530 1396 571 qui

388 596 444 629 per
465 583 590 618 collum
614 575 872 619 vasalanguifera
896 574 1116 614 comitantur,
1139 574 1251 616 laqueo
1261 572 1397 606 constri-

388 630 458 663 ἂος
473 654 481 668 ,
506 637 569 659 non
591 623 688 656 video
711 621 772 654 hoc
796 628 937 661 tempore
959 620 1016 660 qui
1043 616 1178 649 referant
1201 616 1333 649 celerem
1357 616 1397 647 il-

388 673 495 706 lorum
518 677 678 702 mortem?
703 668 734 698 &
758 663 780 696 si
806 662 943 696 viderem
964 672 974 698 3
1010 660 1048 693 ad
1071 671 1104 692 ea
1127 658 1289 702 rejicerem
1312 668 1398 692 anti-

387 728 473 759 qua,
497 716 529 746 &
553 721 634 744 nova
658 709 874 751 experimenta
889 729 900 745 ,
923 716 993 746 quae
1017 704 1108 745 supra
1130 705 1186 744 (y
1210 706 1223 742 )
1246 703 1318 735 sunt
1342 704 1393 734 in-

385 760 514 793 dicata.
647 753 719 787 Nec
754 750 824 783 sane
847 749 949 792 plures
979 745 1060 787 esse,
1090 745 1240 779 existimo
1263 747 1321 789 qui
1354 744 1393 778 ad

384 797 647 844 compressionem
671 794 809 827 referant
842 793 1027 824 arteriarum
1049 788 1244 823 Carotidum
1269 801 1276 822 .·
1310 800 1392 832 quos

386 855 493 879 tamen
515 844 556 876 iis
579 835 735 883 perpensis
758 861 770 877 ,
802 847 873 879 quae
896 834 962 868 fuse
993 841 1082 866 antea
1104 836 1119 872 (
1140 834 1198 876 z)
1232 833 1394 875 proposita

384 889 456 923 sunt
471 911 482 927 ,
507 896 600 927 atque
625 882 807 924 explicata,
831 879 923 912 valde
945 877 1007 920 jam
1031 886 1111 920 puto
1134 877 1172 909 de
1197 876 1248 909 sua
1273 876 1394 909 senten-

383 934 431 966 tia
459 931 684 964 dubitaturos.
818 923 876 957 Sed
899 931 1010 955 contra
1028 947 1036 959 ,
1062 920 1228 963 plerosque
1251 919 1318 953 scio
1331 921 1395 953 Vi-

387 988 424 1009 ro
447 972 643 1010 Doffiffimo
679 966 820 1002 affentiri
845 991 853 1006 ,
884 967 940 1009 qui
974 964 1044 1006 post
1083 963 1276 1006 Wepferum
1306 966 1359 1002 (a
1384 966 1394 1001 )

386 1030 450 1054 non
474 1028 540 1051 uno
563 1017 596 1048 in
621 1015 697 1047 loco
720 1011 833 1045 docuit
855 1034 868 1051 ,
891 1008 1094 1042 adstrictione
1112 1008 1319 1052 Jugularium
1343 1017 1396 1039 ve-

383 1073 496 1097 narum
520 1057 686 1103 prohiberi
712 1055 875 1098 sanguinis
899 1052 1040 1086 reditum
1065 1076 1073 1091 ,
1096 1054 1152 1095 qui
1187 1062 1241 1093 per
1262 1052 1395 1084 Caroti-

384 1107 438 1141 des
463 1104 591 1138 arterias
614 1112 678 1134 non
702 1100 836 1132 omnino
858 1094 1048 1138 compressas
1069 1118 1078 1133 ,
1111 1098 1143 1128 &
1166 1095 1271 1128 multo
1295 1094 1396 1135 magis

382 1161 439 1194 per
460 1146 663 1183 Vertebrales
687 1145 806 1176 interea
829 1143 862 1174 in
884 1140 1048 1173 cerebrum
1071 1141 1267 1180 importatur
1287 1149 1298 1176 5
1331 1140 1395 1170 ita-

385 1205 447 1237 que
467 1189 637 1225 confestim
662 1187 866 1230 apoplexiam
891 1183 1042 1217 lethalem
1067 1182 1157 1221 fieri,
1180 1192 1274 1223 neque
1297 1180 1395 1213 aliam

384 1237 441 1283 effe
465 1235 618 1269 rationem
642 1231 754 1264 mortis
773 1228 1013 1272 suspensorum3
1037 1225 1079 1259 fic
1101 1227 1184 1259 enim
1208 1223 1392 1267 congestum

381 1283 418 1314 in
443 1277 571 1312 cerebro
594 1275 779 1316 sanguinem
805 1272 867 1305 hoc
883 1295 895 1311 ,
920 1270 1007 1312 ajunt
1029 1294 1041 1310 ,
1062 1269 1281 1302 vehementius
1302 1279 1393 1301 com,-

383 1326 523 1368 primere
538 1346 545 1360 ‚
568 1320 616 1352 vel
641 1318 793 1359 disruptis
816 1318 914 1348 etiarn
939 1314 1119 1347 tenerrimis
1143 1310 1244 1352 vasis,
1267 1313 1300 1344 in
1316 1323 1391 1344 ven-

379 1367 521 1401 triculos
545 1387 554 1402 ‚
586 1365 621 1396 δε
645 1360 804 1395 anfractus
828 1356 965 1391 effundi.
1101 1356 1225 1390 Verum
1251 1355 1391 1398 potestne

383 1413 457 1456 plus
481 1407 643 1450 sanguinis
665 1406 699 1438 in
722 1403 888 1437 cerebrum
911 1400 1014 1441 ferri,
1036 1410 1134 1444 quam
1157 1399 1245 1433 nulla
1256 1400 1390 1432 Caroti-

381 1456 477 1490 dibus
501 1452 624 1486 arteriis
648 1446 875 1490 compressione
898 1445 1043 1479 adhibita
1063 1468 1074 1484 ,
1099 1452 1152 1477 aut
1176 1445 1276 1486 magis
1300 1443 1388 1476 illius

382 1497 504 1534 reditus
527 1492 698 1538 impediri,
722 1502 817 1535 quarn
841 1490 977 1522 vinculis
1000 1498 1077 1522 tunc
1113 1487 1203 1521 simul
1232 1486 1387 1520 adstrictis

381 1543 516 1580 singulis
538 1542 660 1573 circum
693 1535 829 1577 singulas
848 1533 1017 1579 Jugulares
1041 1542 1134 1564 venas
1158 1558 1164 1570 ,
1199 1542 1255 1564 nec
1286 1530 1388 1563 modo

380 1581 447 1626 auf
462 1588 626 1621 internas,
650 1589 703 1614 aut
727 1581 897 1615 Externas,
925 1586 961 1610 ut
984 1578 1017 1609 in
1041 1576 1159 1609 Caleni
1178 1599 1191 1616 ,
1223 1586 1276 1609 aut
1303 1575 1388 1608 Har-

379 1630 473 1669 deri,
499 1627 618 1662 Oederi
641 1649 653 1666 ,
686 1628 717 1658 ὃ(
741 1620 868 1656 fortasse
893 1622 991 1654 etiam
1014 1620 1142 1653 Loweri
1164 1620 1389 1662 experimentis

381 1674 508 1709 saffirum
531 1671 598 1711 est,
622 1667 673 1702 sed
700 1669 843 1700 Internas
867 1663 957 1698 fimus
985 1688 996 1704 ,
1023 1666 1055 1697 &
1080 1665 1238 1697 Externas
1261 1686 1271 1701 ‚
1309 1661 1388 1696 sicut

380 1713 561 1753 Novesium
584 1710 715 1752 fecisse,
737 1707 905 1743 diximus?
931 1708 1024 1741 Num
1046 1706 1148 1753 ullam
1170 1717 1275 1740 tamen
1290 1730 1301 1746 ,
1325 1717 1389 1740 non

381 1762 583 1805 apoplexiam
606 1757 704 1795 dico,
727 1753 777 1787 sed
802 1752 984 1794 soporosam
1008 1750 1210 1785 affectionem
1224 1751 1306 1783 vidit
1330 1750 1389 1783 ho-

381 1818 453 1840 rum
475 1803 643 1847 quisquam
658 1823 666 1837 ‚
691 1810 762 1843 quae
786 1797 943 1830 continuo
966 1794 1005 1828 fit
1027 1818 1039 1835 ‚
1061 1804 1114 1828 aut
1140 1806 1217 1828 mox
1241 1794 1390 1828 consecu-

383 1849 441 1884 ta?
470 1848 584 1887 uere—‚qe
598 1869 608 1886 ‚
632 1842 739 1888 quaeso
758 1867 767 1882 ‚
789 1852 899 1874 eorum
922 1840 1138 1880 experimenta
1160 1864 1167 1877 ,
1202 1850 1272 1881 quae
1297 1835 1389 1881 supra

380 1898 396 1936 (
419 1894 436 1928 b
463 1897 476 1933 )
499 1903 515 1924 a
541 1887 632 1924 nobis
657 1888 728 1922 sunt
751 1883 917 1919 recensita.
943 1882 1043 1915 Nihil
1066 1891 1149 1914 certe
1172 1880 1327 1923 ejusmodi
1344 1883 1391 1914 vi-

380 1939 448 1973 sum
473 1935 633 1970 invenies:
658 1941 712 1965 aut
736 1928 757 1962 si
781 1927 970 1972 quibusdam
995 1926 1066 1959 aliis
1084 1935 1315 1967 nonnunquam
1340 1936 1389 1958 ac-

376 1983 480 2019 cidit,
505 1990 540 2014 ut
565 1991 580 2011 a
603 1986 770 2010 venatum,
796 1982 849 2006 aut
875 1971 1067 2004 arteriarum
1089 1992 1102 2009 ,
1137 1977 1190 2002 aut
1215 1979 1390 2002 nervorum

371 2030 407 2061 in
431 2026 520 2060 collo
541 2022 705 2055 vinctione
723 2018 818 2051 aliter
841 2015 1009 2053 viderent5
1034 2013 1084 2046 fac
1098 2012 1280 2057 memineris
1297 2034 1305 2049 ,
1331 2022 1388 2045 nos

370 2070 425 2106 hic
450 2071 486 2103 de
510 2064 728 2108 suspensorum
753 2069 854 2093 morte
879 2059 1079 2101 loquentes,
1094 2058 1199 2089 causas
1224 2065 1386 2100 quaerere,

370 2127 435 2149 non
460 2124 531 2156 quae
555 2109 714 2142 interdum
729 2129 738 2144 ,
760 2103 808 2137 sed
833 2114 904 2145 quae
917 2102 1063 2142 semper,
1087 2108 1141 2132 aut
1155 2097 1218 2130 fere
1242 2100 1387 2139 semper,

374 2162 406 2193 ὃς
432 2158 500 2190 cito
525 2154 732 2187 interimant.
759 2147 850 2186 Quid
874 2157 952 2188 ergo
976 2143 1042 2177 est?
1066 2154 1107 2177 an
1131 2142 1200 2175 aliae
1227 2164 1239 2181 ,
1272 2151 1386 2183 praeter

375 2200 477 2237 modo
501 2197 697 2232 examinatas
716 2217 728 2233 ,
761 2191 831 2225 sunt
856 2189 956 2223 causae
978 2210 988 2225 ‚
1021 2198 1099 2230 quas
1123 2187 1231 2227 potius
1266 2184 1387 2218 accuse-

373 2243 471 2282 mus?
495 2253 531 2276 ut
556 2246 770 2281 supremarum
794 2231 1172 2269 vertebrarumluxatio,
1196 2240 1293 2272 quam
1304 2240 1386 2262 nune

374 2297 500 2335 ponunt
524 2285 622 2326 aliqui
649 2283 698 2325 (c
722 2284 755 2320 )‚
780 2276 950 2319 Wepferus
975 2284 1082 2308 autem
1114 2276 1127 2313 (
1150 2273 1170 2305 d
1191 2276 1204 2312 )
1239 2282 1314 2306 tunc
1340 2272 1388 2305 su-

376 2333 488 2377 spicari
514 2327 681 2361 videbatur
705 2351 710 2358 ,
745 2333 820 2354 cum
845 2318 1062 2362 suspensorum
1085 2316 1227 2350 humeris
1252 2315 1385 2349 insultat

377 2374 540 2412 carnifex,
566 2383 599 2403 ac
626 2367 701 2410 pede
724 2374 818 2406 caput
843 2366 876 2396 in
900 2362 1111 2395 transversum
1134 2361 1224 2401 agit.
1250 2359 1307 2392 Sed
1332 2370 1385 2391 ne-

378 2432 439 2464 que
465 2420 496 2451 in
522 2414 577 2449 usu
602 2413 634 2446 id
661 2411 780 2452 ubique
802 2406 865 2445 est,
890 2408 921 2438 δι
946 2406 1000 2437 ubi
1026 2402 1067 2436 est
1089 2425 1098 2438 ,
1132 2403 1177 2433 ibi
1204 2402 1386 2435 Columbus

378 2469 393 2505 (
416 2475 430 2497 e
453 2467 466 2503 )
490 2457 620 2502 negabat
646 2455 748 2493 adeo,
772 2450 799 2483 se
825 2449 1023 2483 luxationem
1046 2443 1196 2478 invenisse
1214 2468 1226 2485 ,
1252 2454 1286 2478 ut
1312 2445 1390 2477 faci-

382 2510 500 2542 liorem
523 2501 738 2535 vertebrarum
763 2493 936 2527 fracturam
961 2489 1041 2530 effe,
1064 2488 1206 2528 diceret,
1229 2489 1393 2531 quamlu-

382 2551 571 2587 xationem,
595 2546 626 2577 &
655 2540 783 2574 tandem
804 2535 863 2569 sive
887 2534 968 2571 hanc
988 2558 998 2572 ,
1024 2532 1085 2565 {ive
1111 2530 1286 2565 fracturam
1311 2530 1390 2568 effe,

385 2594 492 2630 malles
514 2615 525 2631 ,
557 2586 639 2623 unde
662 2584 767 2626 ipsum
802 2579 947 2613 medullae
972 2577 1112 2619 Spinalis
1135 2575 1304 2608 vitiaretur
1327 2575 1393 2606 ini-

384 2641 492 2674 tium5
517 2634 592 2667 hinc
617 2639 722 2663 tamen
748 2633 858 2668 potius
882 2632 968 2656 mors
991 2621 1087 2655 illico
1112 2644 1120 2658 ‚
1144 2629 1241 2661 quam
1267 2618 1397 2661 apople-

384 2684 437 2718 xia
489 2684 687 2720 sequeretur.
713 2672 757 2703 Et
781 2679 818 2700 ne
842 2666 925 2700 forte
935 2674 1084 2708 oportere
1107 2662 1397 2705 apoplexiamtunc

387 2705 499 2769 seqiii,
523 2721 609 2755 dicas
623 2740 635 2757 ,
659 2725 731 2749 cum
752 2712 966 2746 vertebrarum
979 2708 1030 2741 seu
1053 2706 1218 2739 laxatione
1234 2727 1243 2742 ,
1270 2705 1320 2739 seu
1332 2705 1397 2737 fra-

387 2772 476 2805 &ura
501 2764 541 2798 sic
563 2758 760 2796 Vertebralia
785 2766 913 2798 quoque
934 2751 1004 2784 vasa
1027 2750 1286 2792 comprimuntur
1308 2773 1318 2788 ‚
1342 2757 1396 2781 aut

389 2812 553 2848 laeduntur
575 2830 586 2846 ,
618 2814 654 2838 ut
679 2815 717 2836 ne
741 2811 795 2843 per
820 2799 878 2832 hos
901 2794 1033 2840 quidem
1058 2795 1144 2826 rivos
1177 2794 1210 2825 in
1234 2794 1398 2826 cerebrum

390 2855 516 2892 sanouis
539 2848 674 2887 inferri,
697 2849 729 2879 &
753 2844 793 2876 ab
815 2841 886 2884 ipso
909 2838 1017 2873 referri
1032 2836 1149 2882 poffit5
1170 2837 1335 2882 mittamus
1348 2835 1401 2868 de-

392 2884 488 2941 niqiie
513 2889 667 2936 ejusmodi
690 2887 799 2926 casus,
821 2896 903 2928 quos
927 2892 1113 2916 communes
1137 2878 1284 2922 suspensis
1295 2880 1401 2912 omni-

392 2944 451 2976 bus
474 2948 537 2971 non
560 2933 617 2968 esse
632 2955 641 2969 ‚
664 2932 828 2968 diximus,
853 2939 908 2960 nec
931 2936 1013 2960 certe
1037 2925 1077 2957 iis
1100 2922 1227 2958 fuerunt
1251 2923 1305 2966 qui
1332 2922 1401 2965 post

394 2980 597 3027 suspendium
622 2977 660 3009 ab
684 2974 854 3017 apoplexia
876 2995 885 3010 ,
921 2971 968 3003 vel
995 2970 1104 3012 potius
1130 2968 1167 3000 ab
1199 2966 1309 3008 sopore
1342 2966 1402 2999 illo

397 3040 463 3073 quo
485 3021 624 3064 correpti
650 3018 795 3053 fuerant,
820 3016 946 3048 liberati
971 3013 1042 3047 sunt
1067 3037 1075 3051 ‚
1099 3014 1130 3044 δι’
1154 3010 1317 3043 videamus
1343 3009 1402 3042 sal-

396 3082 464 3107 tem
487 3080 546 3113 qua
572 3065 704 3097 ratione¹
722 3061 866 3102 soporem
881 3059 993 3094 illum,
1018 3055 1165 3088 omnibus
1177 3065 1402 3092 communem,

399 3115 503 3153 eflici,
527 3111 669 3143 dicamus
691 3118 703 3146 ;
734 3102 817 3136 nihil
841 3106 927 3134 enim
953 3100 1042 3134 dubii
1077 3098 1118 3132 est
1140 3122 1151 3137 ,
1182 3099 1260 3141 quin
1293 3098 1402 3129 cadem

399 3158 488 3194 causa
511 3166 582 3198 quae
607 3150 710 3192 ipsum
734 3146 854 3186 efficit,
877 3145 898 3178 si
918 3146 987 3177 cito
1008 3145 1103 3176 etiam
1127 3151 1219 3185 atque
1230 3142 1328 3174 etiam
1350 3153 1404 3174 au-

399 3211 529 3248 geatur,
553 3199 622 3230 cito
646 3193 682 3228 sit
707 3191 871 3225 hominem
895 3188 1096 3231 jugulatura-

452 3248 500 3285 36.
526 3240 726 3281 Caesalpinus
748 3233 852 3277 (f),
876 3229 1036 3274 referunt,
1061 3231 1168 3273 inquit
1191 3252 1203 3268 ,
1225 3229 1279 3272 qui
1299 3227 1403 3271 laqueo

403 3285 537 3334 suspensi
560 3295 618 3317 non
642 3279 853 3322 interjerunt‚
878 3278 908 3309 ιιι
933 3272 1142 3313 εοηβνίᾶίοηε
1165 3272 1266 3314 laquei
1282 3271 1403 3313 stupore

408 3337 563 3372 correptos
588 3325 642 3370 effe
664 3348 676 3364 ,
708 3331 744 3356 ut
767 3320 889 3354 tandem
913 3317 992 3350 nihil
1016 3316 1173 3358 sentirent
1195 3340 1202 3347 .
1240 3315 1408 3356 Wepferus

404 3384 532 3419 quoque
556 3366 645 3412 (g‘)
670 3366 837 3400 mulierem
853 3386 866 3404 ,
888 3364 919 3394 &
944 3362 1049 3394 virum
1071 3369 1321 3393 commemorans
1347 3357 1410 3392 sus-

407 3418 524 3463 pendio
549 3412 748 3455 superstites,
772 3409 860 3440 illam
885 3403 1179 3438 omniumoblitam
1195 3426 1208 3443 ,
1231 3400 1410 3443 instarapo-

408 3462 544 3504 plefficae
567 3454 713 3500 jacuisse,
739 3451 877 3485 ostendit
902 3460 914 3488 ;
946 3446 1030 3481 hunc
1053 3447 1211 3488 constristo
1244 3445 1352 3486 laqueo
1375 3456 1412 3479 ne

411 3504 576 3538 minimum
599 3499 729 3533 dolorem
751 3491 921 3539 perpessum
933 3488 986 3535 effe
999 3514 1012 3531 ,
1038 3492 1138 3524 ..μεῖν’
1151 3490 1216 3532 fine
1239 3489 1323 3522 omni
1337 3487 1412 3529 sen-

979 151 1135 206 Liber
1169 151 1231 202 11.
1265 149 1349 201 De
1385 145 1591 209 Morbis
1623 143 1879 198 Thoracis

1437 224 1477 268 su
1493 247 1504 264 ,
1524 222 1645 263 aliquot
1668 220 1758 254 horas
1776 219 1930 265 profundo
1954 219 2038 262 quasi
2054 211 2161 261 fhpore
2178 216 2337 261 sepultum
2374 221 2446 261 {xe-

1442 266 1539 310 giffe.
1563 264 1684 299 Audivi
1707 275 1765 306 ego
1788 264 1825 298 de
1847 265 1960 306 gravi,
1984 265 2016 296 δε
2039 273 2145 296 verace
2170 263 2257 295 Viro
2279 284 2289 300 ‚
2311 253 2450 292 furcife-

1445 321 1515 344 rum
1538 310 1593 352 qui
1616 308 1659 341 ob
1683 308 1832 347 eandem,
1857 317 1893 341 ut
1915 305 2125 346 credebatur,
2148 303 2273 339 causam
2288 301 2331 335 ob
2354 307 2450 344 quam

1444 353 1494 386 illi
1518 352 1556 386 de
1579 352 1703 397 quibus*
1721 351 1754 383 in
1779 350 1988 393 Sepulchteto
2009 352 2023 388 (
2045 349 2065 382 h
2087 353 2101 388 )
2125 356 2228 381 narrat
2251 344 2415 379 Car-danus
2436 362 2450 379 ι

1446 396 1573 439 prorsus
1596 396 1736 429 interfici
1766 393 1927 427 carnificis
1951 392 2025 426 teste
2049 403 2115 425 non
2139 400 2287 434 potuerat
2303 411 2316 429 ‚
2349 390 2449 421 intet-

1447 439 1638 482 rogantibus
1661 436 1822 477 retulisse,
1845 439 1987 480 primum
2010 434 2067 468 sibi
2093 433 2179 478 quasi
2203 433 2360 467 scintillas
2377 440 2450 465 ante

1446 484 1559 517 oculos
1582 480 1639 515 esse
1662 481 1840 514 obversatas
1853 504 1864 520 ,
1888 492 1965 514 mox
1981 478 2087 516 nihil,
2115 477 2263 522 nihilque
2277 484 2425 519 praeterea
2439 500 2449 516 ,

1445 525 1532 570 quasi
1559 525 1738 560 dormiret,
1761 525 1896 557 omnino
1921 523 2059 557 sensisse.
2085 523 2155 562 Qi
2166 523 2251 556 casus
2274 520 2339 562 ejus
2362 520 2451 553 simi-

1447 571 1486 603 lis
1510 569 1585 603 satis
1607 568 1670 606 est,
1694 579 1789 611 quern
1811 577 1917 600 narrat
1942 569 2087 600 Bacurius
2110 569 2124 606 (
2146 567 2160 599 i
2181 571 2216 607 )‚
2239 564 2295 598 nisi
2313 563 2399 607 quod
2422 564 2450 596 is

1446 616 1502 656 qui
1527 613 1555 646 se
1579 611 1779 654 suspenderat
1813 609 1882 652 post
1897 610 2031 653 speciem
2065 610 2147 652 ignis
2167 633 2181 650 ,
2211 620 2284 642 cum
2308 608 2450 643 tenebras

1446 657 1509 700 jam
1534 656 1566 689 id
1590 655 1632 688 est
1655 654 1737 687 nihil
1761 654 1908 693 videret,
1930 653 2106 686 breviffimo
2130 654 2180 686 illi
2205 653 2374 695 suspendio
2396 664 2451 695 per

1446 702 1601 734 Amicum
1623 698 1806 740 praesentem
1829 698 1985 731 continuo
2008 705 2131 738 ereptus
2151 719 2160 734 ‚
2183 698 2328 729 colorem
2351 708 2451 740 quen-

1442 743 1516 777 dam
1541 742 1746 786 pallidiorem
1769 740 1875 774 videre
1886 741 2010 783 coepit:
2035 741 2163 774 nullum
2176 750 2281 773 tamen
2306 741 2450 775 dolorem

1444 787 1556 821 sensit.
1585 787 1732 827 Denique
1755 784 1821 826 ipse
1845 783 2013 817 foeminam
2036 783 2127 824 vidi,
2150 786 2204 818 cui
2223 785 2373 818 noc'turni
2397 785 2452 820 fu-

1446 843 1515 872 res,
1537 840 1574 865 ut
1598 829 1706 862 securo
1731 829 1838 861 animo
1860 828 2037 869 expilarent
2060 827 2193 862 domum
2215 851 2228 868 ,
2250 830 2375 863 collum
2399 830 2451 865 su-

1445 875 1572 909 dariolo
1604 881 1760 906 contorto
1782 869 1823 904 fic
1856 870 2089 904 obstrinxerant
2112 898 2120 911 ,
2153 881 2191 906 ut
2224 873 2451 916 interemptam

1445 917 1530 959 esse,
1552 927 1615 951 non
1637 915 1840 949 dubitarent.
1868 916 1917 948 Ea
1931 916 2058 948 inventa
2082 914 2125 949 est
2138 915 2218 949 facie
2242 917 2367 950 tumida
2384 940 2392 954 ‚
2418 922 2451 953 &

1446 963 1565 1000 livida,
1590 971 1646 994 ore
1670 958 1921 1002 spumofiffim0‚
1945 957 2033 1001 quod
2056 957 2129 991 ideo
2142 959 2283 997 adnoto,
2308 963 2451 994 utintel-

1447 1007 1527 1048 ligas
1546 1028 1558 1046 ,
1583 1003 1801 1047 aphorismum
1825 1000 1862 1035 de
1884 1013 1951 1044 quo
1974 1001 2064 1044 supra
2086 1002 2167 1045 (k)
2189 1006 2314 1038 mentio
2334 1003 2451 1038 intera

1446 1049 1514 1090 est,
1536 1048 1593 1083 esse
1603 1058 1675 1081 cum
1686 1046 1896 1089 exceptione,
1919 1054 1954 1079 ut
1975 1044 2053 1087 saepe
2064 1046 2165 1084 alios,
2189 1047 2347 1081 admitten
2374 1059 2451 1088 um5

1447 1093 1565 1127 servata
1587 1092 1673 1124 enim
1697 1090 1739 1124 est
1763 1089 1966 1123 Medicorum
1979 1088 2134 1122 industria
2157 1089 2308 1133 sanguine
2319 1091 2358 1125 de
2379 1093 2453 1125 bra-

1445 1136 1546 1173 chio,
1572 1139 1601 1168 &
1628 1134 1703 1177 pede
1728 1132 1845 1173 misso,
1867 1132 2013 1175 datisque
2030 1156 2041 1173 ,
2064 1144 2138 1166 cum
2163 1136 2303 1177 primum
2317 1138 2451 1178 potuit,

1446 1179 1599 1214 cardiacis
1616 1201 1627 1218 ,
1651 1187 1687 1212 ut
1710 1187 1852 1216 vocant,
1876 1175 2115 1211 medicamentis
2138 1189 2149 1215 3
2182 1190 2247 1220 quo
2273 1178 2373 1211 ferme
2396 1191 2453 1213 cu-

1446 1223 1581 1257 rationis
1605 1232 1714 1265 genere
1740 1220 1952 1261 strangulatos
1977 1220 2057 1252 alios
2080 1220 2200 1255 evafiss'e
2221 1245 2229 1260 ‚
2256 1221 2374 1258 additis
2399 1223 2454 1256 fo..

1446 1267 1562 1301 mentis
1577 1290 1586 1305 ,
1609 1264 1768 1299 balneisve
1778 1263 1892 1296 calidis
1906 1286 1914 1301 ,
1941 1263 2022 1304 apud
2039 1264 2218 1298 Riolanum
2239 1265 2322 1306 (l),
2347 1271 2378 1300 &
2391 1268 2455 1300 Ba-

1442 1322 1563 1345 conum
1583 1312 1662 1349 (m)
1684 1307 1804 1341 videbis
1818 1318 1835 1354 ς.
1851 1317 1885 1339 ea
1908 1307 2011 1348 igitur
2034 1309 2150 1340 mulier
2173 1308 2340 1351 postquam
2364 1334 2377 1351 ,
2401 1310 2455 1345 su-

1441 1355 1571 1389 dariolo
1593 1352 1761 1391 detracto,
1784 1349 1928 1393 adjuvari
1954 1360 2061 1392 coepta
2085 1349 2127 1384 est
2147 1374 2160 1391 ,
2193 1354 2368 1394 permultas
2392 1352 2455 1388 ho-

1442 1411 1490 1432 ras
1512 1399 1612 1431 etiam
1634 1405 1702 1429 tum
1725 1394 1825 1437 jacuit
1850 1393 2037 1436 priusquam
2062 1393 2141 1428 adse
2163 1395 2300 1429 rediret.
2326 1397 2455 1439 Vides,

1440 1454 1489 1476 me
1513 1442 1603 1484 plura
1626 1439 1770 1481 exempla
1792 1448 2066 1477 commemorare,
2089 1449 2126 1470 ne
2150 1438 2230 1480 quid
2252 1439 2454 1484 strangulatis

1440 1496 1609 1519 commune
1620 1481 1658 1516 sit
1671 1506 1684 1523 ,
1706 1482 1853 1522 dubites,
1876 1480 2031 1524 simulque
2044 1481 2136 1524 poffis
2150 1484 2361 1526 recogitando
2376 1498 2455 1528 pro-

1442 1529 1542 1572 posita
1575 1530 1609 1560 in
1633 1526 1765 1560 canibus
1799 1526 2013 1567 experimenta
2040 1548 2053 1565 ,
2087 1537 2161 1559 num
2185 1526 2265 1570 quid
2297 1528 2455 1572 ejusmodi

1442 1572 1624 1606 constrictis
1648 1571 1680 1603 in
1705 1569 1793 1602 collo
1817 1577 1870 1602 aut
1895 1569 2001 1600 nervis
2020 1591 2032 1608 ,
2056 1578 2110 1601 aut
2134 1573 2256 1604 arteriis
2280 1599 2287 1612 ,
2321 1583 2376 1607 aut
2399 1585 2456 1607 ve..

1442 1618 1491 1650 nis
1504 1640 1511 1653 ,
1532 1625 1643 1649 eorum
1664 1612 1821 1655 plerisque
1831 1612 2007 1654 contigerit
2021 1637 2030 1650 ‚
2055 1612 2326 1649 animadvertere.
2353 1617 2455 1657 Qiod

1442 1659 1465 1693 fi
1490 1671 1552 1693 non
1565 1658 1731 1698 contigit3
1757 1654 1884 1689 aliunde
1895 1654 2077 1689 reicausam
2089 1667 2229 1698 quaeras,
2258 1659 2375 1694 necesse
2391 1661 2454 1695 est,

1487 1715 1537 1747 37⁴
1566 1703 1610 1735 Et
1634 1698 1716 1748 mihi
1749 1699 1880 1741 quidem
1901 1698 1969 1731 haec
1995 1701 2104 1731 omnia
2139 1705 2303 1741 reputanti
2341 1705 2455 1739 restare

1442 1750 1570 1781 videtur
1594 1742 1785 1787 quidpiam,
1808 1742 1845 1774 de
1869 1753 1935 1784 quo
1960 1753 2013 1782 per
2036 1744 2250 1783 experimenta
2270 1748 2371 1790 quaeri
2397 1760 2457 1791 po-

1442 1792 1548 1827 tuisset
1563 1814 1570 1826 ,
1595 1787 1629 1822 id
1653 1786 1695 1820 est
1719 1797 1756 1819 an
1779 1785 1911 1819 canibus
1936 1785 2027 1818 aliter
2051 1786 2208 1820 accideret
2223 1812 2235 1829 ‚
2258 1789 2279 1823 fi
2306 1801 2370 1823 non
2394 1793 2458 1825 fin.

1441 1837 1516 1880 gula
1540 1834 1593 1867 illa
1616 1833 1649 1866 in
1672 1841 1782 1880 eorum
1804 1830 1914 1867 collo,
1941 1827 1991 1863 sed
2015 1829 2157 1863 universa
2174 1853 2183 1868 ‚
2207 1830 2455 1877 injestisutrjn-

1442 1893 1502 1922 que
1525 1878 1663 1912 vinculis
1688 1874 1957 1918 adstringerentur
1981 1897 1988 1905 .
2026 1872 2131 1907 Aliud
2154 1876 2241 1909 enim
2272 1877 2456 1912 constriffis

1442 1924 1593 1966 singulis,
1618 1920 1705 1954 aliud
1729 1918 1905 1959 universis,
1929 1915 2068 1950 accidere
2095 1916 2180 1960 posl‘e
2199 1942 2210 1959 ,
2233 1931 2309 1954 cum
2333 1923 2457 1956 indicat

1443 1969 1551 2006 ratio,
1574 1973 1645 1998 tum
1668 1963 1837 1997 confirmat
1860 1963 2077 2004 experientia.
2106 1962 2194 1995 Nam
2217 1964 2298 2007 quid
2325 1969 2457 2006 nervis,

1442 2009 1521 2053 quid
1545 2011 1623 2042 item
1649 2008 1771 2040 arteriis
1797 2006 1871 2039 solis
1897 2006 2054 2048 obligatis
2078 2003 2134 2038 fiat
2157 2031 2166 2045 ,
2200 2018 2276 2041 cum
2300 2009 2392 2052 poffis
2416 2022 2456 2043 ex

1441 2054 1522 2090 hac,
1548 2055 1580 2085 &
1610 2062 1649 2084 ex
1683 2050 1840 2091 Epistola·
1861 2049 1962 2082 nostra
1984 2050 2181 2083 Anatomica
2205 2053 2302 2085 XIII.
2328 2064 2458 2091 cosmo-

1440 2096 1545 2134 scere3
1569 2093 1690 2127 ibidem
1713 2096 1781 2133 (n)
1804 2092 1950 2133 videbis,
1972 2103 2071 2136 quam
2094 2092 2280 2136 dissimilia,
2304 2091 2454 2140 &quan-

1437 2149 1475 2173 to
1498 2140 1598 2172 etiam
1620 2137 1765 2179 graviora
1789 2135 1987 2175 acciderint,
2010 2135 2155 2178 utrisque
2176 2138 2342 2182 colligatis
2356 2166 2363 2173 .
2390 2143 2452 2174 Fac

1438 2185 1540 2223 item,
1563 2190 1599 2215 ut
1625 2191 1737 2213 eorum
1759 2178 1823 2212 tibi
1847 2180 1954 2212 veniat
1977 2180 2011 2211 in
2035 2189 2174 2212 mentem
2197 2193 2268 2224 quae
2292 2182 2386 2226 supra
2408 2187 2456 2223 (ρ)

1437 2228 1475 2262 de
1499 2226 1730 2259 circulatorum
1755 2233 1846 2265 capra
1869 2245 1882 2262 ,
1906 2225 1936 2256 &
1961 2221 1999 2256 de
2024 2222 2276 2259 adolescentibus
2299 2236 2370 2261 tum
2395 2227 2459 2260 As.

1440 2271 1535 2313 syriis
1551 2291 1559 2305 ‚
1584 2279 1654 2302 tum
1680 2266 1794 2312 Pisano
1816 2267 2140 2300 commemoravimus
2165 2291 2173 2305 ‚
2210 2278 2247 2302 ut
2272 2270 2325 2303 illi
2361 2280 2457 2314 atque

1437 2314 1472 2347 hi
1498 2315 1683 2353 intercepto
1707 2311 1794 2342 sensu
1810 2332 1818 2346 ‚
1843 2312 1876 2342 &
1901 2319 1994 2342 motu
2016 2310 2249 2353 conciderent,
2274 2316 2308 2348 δε
2331 2314 2459 2348 obdor-

1433 2353 1621 2390 miscerent.
1644 2353 1750 2394 Atqui
1774 2353 1830 2384 illa
1855 2362 1938 2384 certe
1962 2351 2003 2385 sic
2027 2355 2218 2388 concidebat
2245 2378 2254 2393 ‚
2288 2368 2361 2391 cum
2386 2358 2459 2391 vin-

1441 2401 1512 2434 cula
1537 2400 1578 2431 iis
1601 2408 1670 2440 quae
1695 2407 1748 2437 per
1759 2396 1882 2428 collum
1905 2395 1995 2428 simul
2010 2394 2181 2436 feruntur,
2207 2399 2309 2440 vasis,
2334 2404 2366 2433 &
2381 2412 2461 2433 ner..

1441 2446 1488 2476 vis
1512 2441 1626 2483 injesta
1638 2438 1932 2476 contrahebantur,
1958 2450 2020 2471 non
2035 2439 2077 2473 est
2100 2449 2205 2475 autem
2217 2444 2454 2477 circulatorum

1446 2488 1601 2523 arterias,
1624 2482 1777 2525 venasque
1798 2481 1994 2520 discernere;
2015 2493 2050 2516 ut
2077 2484 2141 2516 veri
2167 2484 2301 2521 similius
2325 2486 2363 2519 fit
2386 2510 2398 2526 ,
2423 2499 2462 2520 o-

1447 2531 1533 2563 mnia
1556 2527 1646 2561 simul
1671 2524 1762 2559 fuisse
1785 2524 1958 2567 compressa
1985 2549 1992 2557 .
2032 2526 2146 2569 Neque
2167 2527 2241 2570 ipsis
2267 2531 2344 2562 licet
2370 2532 2461 2563 Ana-

1447 2574 1580 2607 tomicis
1604 2572 1636 2603 in
1661 2579 1750 2602 tanta
1774 2580 1962 2608 nervorum,
1986 2572 2017 2602 &
2042 2570 2186 2605 vasorum
2209 2573 2379 2617 utriusque
2405 2586 2463 2606 oe-

1450 2619 1531 2650 neris
1557 2615 1749 2653 vicinitate,
1772 2614 1841 2659 imo
1863 2610 2037 2645 cohaefione
2061 2613 2124 2647 hoc
2149 2617 2279 2658 potius,
2305 2602 2461 2661 quassavi]-

1449 2660 1503 2694 lud
1518 2685 1529 2701 ‚
1553 2658 1763 2700 comprimere
1787 2655 1843 2689 sub
1866 2655 2064 2689 illaesacute:
2091 2668 2145 2692 nec
2170 2660 2265 2692 aliter
2278 2660 2386 2694 feciffe
2410 2663 2463 2694 vi.

1450 2703 1543 2737 detur
1566 2701 1746 2736 Columbus
1770 2702 1860 2739 (p)·
1886 2698 2038 2742 Idemque
2062 2702 2123 2733 etit
2145 2700 2284 2747 denique
2317 2704 2461 2737 sentien..

1451 2747 1528 2781 dum
1550 2745 1587 2779 cle
1611 2743 1837 2787 experimentis
1861 2741 2046 2777 Aristotelis
2071 2744 2121 2786 (¹’‘
2142 2749 2174 2786 )‚
2198 2749 2253 2790 qui
2279 2747 2332 2781 etsi
2359 2748 2463 2782 verbis

1446 2790 1617 2835 jugulares
1643 2799 1757 2826 venas,
1780 2785 1890 2829 easque
1916 2788 2058 2820 Internas
2071 2787 2210 2830 designat
2228 2802 2238 2828 ,-
2254 2788 2341 2833 foris
2352 2800 2464 2825 tamen

1452 2830 1653 2876 apprehensas
1676 2830 1777 2866 dicit,
1796 2829 2017 2879 ‚corruentibus
2041 2828 2240 2871 homibibus,
2263 2833 2404 2876 sensibus
2428 2846 2465 2868 e-

1452 2878 1550 2920 reptis
1564 2899 1574 2914 ‚
1598 2876 1640 2909 a&
1659 2873 1817 2916 palpebris
1840 2872 2028 2915 comprtffis.
2056 2876 2133 2908 Sane
2155 2878 2250 2910 etiam
2266 2878 2370 2912 Salius
2393 2881 2466 2920 (q)

1453 2921 1490 2954 de
1513 2921 1564 2954 his
1584 2919 1661 2961 ‘ipsis
1684 2919 1840 2960 loquens,
1862 2927 1926 2948 non
1950 2917 2102 2959 dubitat,
2125 2918 2217 2953 simul
2241 2932 2356 2962 venas,
2381 2932 2465 2955 arte-

1454 2967 1536 2999 rias,
1560 2973 1670 2996 nervos
1693 2960 1787 2994 fuisse
1809 2958 1999 2993 consti-ictos
2014 2986 2021 2993 .
2049 2964 2093 2994 Et
2118 2965 2277 2996 Riolanus
2300 2968 2366 3004 (r)
2402 2965 2465 2998 illo

1453 3007 1638 3042 Aristotelis
1653 3003 1811 3048 producto
1823 3003 1897 3035 loco
1908 3026 1915 3039 ‚
1938 3014 1994 3036 non
2007 3006 2138 3044 constare
2150 3033 2158 3047 ,
2184 3009 2228 3039 ait
2241 3030 2251 3046 ,
2276 3009 2360 3041 inter
2375 3009 2464 3041 anti..

1452 3063 1528 3094 quos
1540 3049 1685 3083 authores
1698 3049 1734 3081 de
1745 3046 1827 3088 vasis
1838 3068 1845 3082 ‚
1872 3057 1935 3087 quae
1947 3046 2064 3089 laqueis
2076 3051 2247 3092 intercepta
2255 3049 2398 3092 soporem
2415 3053 2466 3085 in—

1454 3097 1570 3128 ducunt
1581 3117 1590 3132 ‚
1615 3092 1760 3134 quoniam
1775 3090 1836 3122 haec
1847 3090 1922 3131 vasa
1933 3100 2017 3124 venae
2035 3118 2044 3131 ‚
2055 3095 2178 3126 arteriae
2194 3119 2203 3132 ‚
2216 3093 2259 3125 Θ
2270 3095 2359 3127 nervi
2368 3117 2380 3134 ,
2388 3094 2467 3139 funt

1453 3140 1500 3173 ita
1521 3137 1687 3178 contigua,
1709 3141 1745 3167 ut
1763 3143 1859 3166 unum
1880 3143 1938 3174 pro
1959 3134 2056 3168 altero
2068 3145 2228 3178 acceptum
2239 3134 2349 3178 fuerit
2365 3163 2372 3171 .

1501 3182 1553 3223 38.
1581 3182 1731 3212 Praeterea
1755 3178 1788 3209 in
1811 3175 2011 3218 strangulatis
2026 3202 2037 3218 ‚
2061 3178 2100 3212 de
2123 3180 2240 3223 quibus
2265 3179 2318 3213 hic
2344 3180 2468 3224 potiffi-

1454 3236 1544 3258 mum
1566 3223 1744 3266 quaeritur,
1768 3231 1843 3253 cum
1865 3220 1999 3255 obvium
2023 3222 2061 3255 fit
2082 3247 2094 3263 ,
2128 3234 2191 3256 non
2216 3222 2314 3256 modo
2338 3226 2469 3258 univer-

1455 3269 1485 3302 sa
1511 3269 1564 3301 illa
1579 3292 1587 3307 ,
1612 3263 1662 3298 sed
1686 3267 1717 3297 ἃ
1741 3264 1894 3305 Asperam
1920 3267 2066 3299 arteriam
2089 3266 2204 3299 eodem
2219 3276 2363 3310 tempore
2386 3279 2469 3302 con-

1462 3312 1595 3353 stringi;
1618 3320 1674 3342 cur
1696 3319 1759 3340 non
1791 3306 1871 3340 hanc
1896 3320 2055 3351 praecipue
2089 3310 2212 3343 causam
2237 3311 2274 3342 ad
2315 3312 2386 3345 illas
2412 3311 2468 3345 ad-

1461 3355 1595 3389 dendam
1619 3351 1700 3392 esse,
1725 3353 1909 3393 putabimus
1931 3351 1943 3376 Ρ
1976 3354 2047 3386 Nec
2071 3351 2139 3384 sane
2175 3365 2257 3396 opus
2281 3354 2323 3388 est
2345 3356 2470 3397 experi-

1461 3409 1567 3432 menta
1591 3395 1752 3429 instituere
1776 3395 1814 3428 ad
1838 3396 2008 3438 proprium
2030 3394 2220 3430 occlufionis
2233 3397 2327 3440 hujus
2350 3399 2468 3432 canalis

1464 3441 1611 3487 effectum
1631 3441 1701 3472 cito
1724 3437 1910 3472 lethiferum
1933 3440 2209 3481 comprobandum
2234 3466 2241 3472 .
2283 3440 2381 3475 Casus
2404 3441 2470 3485 ipse

1465 3498 1528 3519 nori
1553 3495 1623 3517 raro
1644 3483 1766 3518 obtulit
1787 3495 1794 3517 :
1827 3492 1863 3516 ut
1886 3494 1960 3517 cum
1982 3483 2106 3517 Drusus
2127 3508 2136 3524 ,
2172 3483 2308 3519 Claudii
2332 3486 2471 3518 Caesaris

2323 3539 2430 3571 impu-

409 3606 2476 3635 w

536 3681 550 3709 )
567 3689 589 3704 n.
606 3688 642 3709 23.
705 3679 720 3708 (
735 3686 754 3705 z
773 3679 820 3707 Jn.
838 3684 876 3704 ²4-
895 3676 917 3698 ὃς
932 3673 1038 3706 quinque
1056 3672 1119 3701 seqq.

541 3714 550 3741 )
566 3709 673 3735 Exercit.
693 3709 735 3732 cit.
797 3710 808 3733 <
825 3715 837 3730 e
853 3709 863 3735 )
880 3713 902 3728 n.
921 3711 955 3733 ¹⁴·
972 3709 1015 3727 cit.
1079 3704 1086 3732 (
1105 3702 1121 3731 f

509 3742 542 3769 ⁴)
562 3741 620 3764 Hist.
638 3740 687 3764 Vit.
707 3741 729 3763 ἃ
746 3739 822 3761 Mort.
887 3735 893 3763 (
913 3734 929 3758 k
946 3736 960 3763 )
977 3741 1001 3756 η-
1019 3741 1042 3763 9.
1103 3734 1111 3762 (

535 3773 548 3801 )
564 3771 622 3795 ibid.
685 3770 699 3798 Ε
714 3770 728 3782 '‘
740 3768 757 3796 )
776 3769 828 3793 vid.
846 3765 913 3796 supra
930 3773 955 3790 n.
973 3772 1012 3788 21.
1073 3765 1088 3794 ζ
1103 3771 1118 3793 q

1180 3671 1194 3698 (
1210 3678 1224 3693 a
1240 3670 1254 3697 )
1271 3668 1381 3694 Exci-cit,
1397 3668 1426 3692 de
1443 3670 1498 3692 loco
1514 3666 1556 3691 aff.
1573 3665 1598 3689 in
1613 3664 1693 3693 apopl.

1133 3701 1147 3730 )
1163 3700 1179 3725 l.
1197 3709 1218 3725 2.
1237 3699 1325 3730 Qiaest.
1344 3700 1410 3723 Med.
1429 3707 1463 3728 ις.

1126 3733 1165 3793 1))
1182 3733 1342 3758 Anthropogr.
1360 3730 1374 3753 l.
1395 3737 1415 3752 1.
1433 3737 1455 3753 c.
1475 3729 1510 3753 18.
1573 3727 1587 3755 (
1601 3734 1625 3750 m
1641 3730 1651 3752 )
1668 3726 1726 3750 Hist.
1744 3726 1817 3750 modo
1833 3732 1875 3749 cit.

1161 3764 1196 3788 De
1212 3761 1261 3788 ΑΗ.
1281 3761 1369 3785 Panic.
1386 3767 1406 3785 c.
1423 3768 1445 3784 2.

1687 3696 1689 3699 Α
1757 3665 1771 3694 (
1785 3665 1799 3688 b
1815 3665 1828 3693 )
1846 3672 1868 3688 η.
1884 3671 1925 3693 29·
1943 3671 1981 3693 31-
2000 3671 2037 3693 3²·
2098 3664 2112 3693 ζ
2128 3672 2139 3688 c
2154 3663 2168 3692 )
2184 3663 2239 3687 vid.
2256 3664 2341 3693 supi-a,
2359 3672 2383 3689 n.
2402 3651 2444 3694 14.⁷

1526 3696 1567 3727 (g
1585 3697 1594 3725 j
1609 3697 1711 3720 Exercut.
1731 3698 1801 3724 paulo
1817 3702 1872 3719 ante
1887 3701 1929 3719 cit.
1990 3695 2003 3724 (
2019 3695 2034 3717 h
2050 3697 2060 3721 )
2077 3695 2096 3718 1.
2112 3703 2135 3723 4.
2156 3696 2180 3718 S.
2200 3701 2233 3717 12.
2253 3695 2311 3719 obs.
2331 3703 2365 3719 ιι.

1937 3725 2105 3756 (σι)η.3ι.
2168 3725 2334 3755 (0)n.22.

1508 3758 1517 3788 (
1533 3767 1544 3782 r
1559 3762 1570 3785 >
1591 3756 1753 3787 Anthropogr.
1770 3757 1785 3781 l.
1804 3764 1826 3785 3.
1843 3763 1864 3780 c.
1883 3763 1906 3785 9.
