2498 4075
438 231 589 301 Epist,
628 233 792 287 Anat.
827 232 1039 287 Medica
1073 232 1169 286 111.
1202 230 1321 284 Art.
1353 246 1433 297 ²7·
1457 232 1538 287 28.
1570 234 1723 298 29&
1743 249 1826 301 30.

95 311 245 353 sanguine
270 310 432 354 turgidis:
455 313 511 354 qui
535 309 701 354 grumosus
725 311 959 353 prodiit,dum
971 321 1096 353 cor‚ut

93 355 281 399 diligentius
302 363 393 388 extra
414 355 544 390 cadaver
565 354 801 400 examinarem,
825 367 840 387 a
865 355 941 389 vasis
965 355 1097 398 majori-

94 400 154 433 bus
175 397 398 440 amputabatur
413 411 423 431 .-
446 397 609 441 grumoius
632 408 758 439 quoque
782 407 875 441 atque
899 408 964 432 ater
988 398 1098 432 fuitin

94 441 285 477 ventriculis
305 442 432 479 cordis,
455 452 509 474 nec
532 448 636 473 tamen
661 440 835 481 plurimus.
862 443 999 476 Valvula
1032 443 1102 475 Mi-

94 485 185 519 tralis
208 482 335 518 dextera
358 485 445 518 alba:
474 483 550 517 albae
562 493 691 526 quoque
705 484 1102 518 Semilunariurnnonnul-

94 530 157 567 1³23
180 527 233 561 sed
255 528 311 561 illa
334 528 460 567 multo,
482 525 531 560 hae
555 526 649 569 paulo
670 524 833 564 duriores,
856 528 1103 571 quamsoleant:

93 574 128 605 in
152 570 293 614 utrisque
316 581 421 605 tamen
443 578 552 604 natura
576 569 774 603 membranea
797 572 831 604 in
857 581 999 605 naturam
1043 570 1105 605 uafi

95 616 264 658 ligamenti
276 613 515 658 degeneraverat
528 638 535 644 .
552 615 590 646 In
606 613 711 647 media
724 614 1010 656 posteriorecordis
1037 615 1102 647 acie

96 658 312 694 membranula
335 656 481 700 quaedam
504 656 572 690 alba
595 656 742 696 extabat,
768 656 854 701 quasi
878 668 980 700 ruptae
1003 657 1105 701 hyda-

95 701 176 737 tidis
200 701 383 742 vestigium.
408 701 560 735 Exterius
582 709 709 743 quoque
731 711 786 743 per
809 702 983 735 auriculam
998 701 1105 735 dexte-

94 757 164 781 ram
185 744 317 778 macula>
327 744 404 777 albae
419 766 427 773 .
452 745 615 778 Caeterum
628 743 742 776 arteria
759 743 901 785 Magna,
922 755 1016 788 atque
1028 746 1103 783 alia,

95 798 252 833 quantum
274 787 430 832 inspicere
453 788 570 830 potui,
592 786 664 820 vasa
689 785 860 821 secundum
892 796 1040 822 naturam
1074 788 1103 822 se

97 831 276 867 habebant.

142 887 192 917 27.
217 875 273 907 Me
297 885 361 908 non
396 874 562 916 praeterit,
584 874 688 908 videri
711 871 795 917 posse
817 875 879 908 tibi
913 874 952 907 ad
985 874 1099 917 synco-

95 930 156 963 pen
179 917 306 951 foi-tasse
331 919 437 959 potius
459 928 555 960 quam
581 917 621 950 ad
645 918 869 961 apoplexiam,
892 915 984 951 fuisse
1018 918 1098 950 hanc

93 971 233 997 nim-tem
257 960 450 994 referendam
466 987 474 1000 ‚
498 959 651 1003 spectanti
674 959 845 1001 videlicet,
870 970 983 1004 praeter
1006 960 1100 1003 hujus

93 1007 314 1044 celeritatem,
337 1014 406 1038 tum
430 1005 554 1044 citam,
576 1004 625 1037 vel
648 1016 682 1038 ea
706 1004 910 1046 tempestate,
934 1007 966 1037 &
989 1005 1022 1037 in
1055 1004 1101 1036 le-

94 1053 171 1089 ἃο,
195 1046 474 1091 refrigerationem
501 1071 510 1086 ,
544 1057 616 1081 tum
648 1060 719 1091 quae
751 1049 785 1080 in
819 1048 915 1081 corde
951 1047 1101 1081 adnotata

92 1094 166 1128 sunt
183 1118 191 1124 .
217 1091 364 1131 Verum,
389 1100 425 1125 ut
449 1091 488 1125 ab
498 1092 549 1126 his
562 1091 1017 1134 ultimisincipiamus,atque
1027 1103 1101 1126 cum

90 1146 184 1170 tanta
205 1134 260 1168 illa
284 1136 444 1179 sanguinis
463 1135 556 1178 copia
568 1136 734 1177 quceintra
746 1136 891 1168 cranium
906 1136 1032 1168 inventa
1041 1135 1101 1174 est,

92 1189 336 1220 comparemus3
361 1179 412 1212 his
435 1179 505 1212 sane
529 1176 634 1211 cordis
657 1178 746 1212 vitiis
770 1188 842 1225 quae
855 1176 996 1221 exposita
1007 1179 1077 1213 sunt
1092 1203 1102 1219 ‚

94 1223 181 1257 haud
208 1232 278 1254 raro
299 1222 515 1265 conspicimus
539 1221 704 1264 aliquanto
727 1233 849 1264 majora
871 1223 905 1255 in
928 1222 969 1255 iis
1002 1224 1101 1256 etiarn

92 1267 129 1301 in
153 1264 272 1309 quibus
293 1276 332 1297 ne
355 1266 431 1300 levis
453 1265 583 1309 quidem
607 1266 720 1298 animae
741 1265 901 1305 defectio,
921 1264 1038 1300 nedum
1050 1279 1102 1298 ve-

94 1309 328 1344 hementiffima
340 1308 496 1352 syncope,
521 1307 676 1341 acciderit
697 1333 703 1339 .
731 1307 918 1342 Illiusmodi
933 1318 1038 1342 autem
1050 1309 1104 1343 ab·

92 1352 248 1387 undantia
271 1352 434 1394 sanguinis
457 1354 540 1385 intra
562 1352 732 1385 calvariam
750 1375 763 1391 ,
797 1352 952 1395 quoniam
975 1353 1007 1385 in
1030 1353 1104 1386 nul-

95 1397 129 1430 lo
152 1405 301 1438 praeterea
324 1396 391 1428 alio
416 1394 524 1429 vidisse
548 1396 704 1435 memini,
726 1394 807 1428 effici
832 1395 1055 1437 apoplexiam,
1070 1398 1102 1429 &

94 1440 240 1473 Galenus
262 1438 377 1472 docuit
399 1442 413 1478 ζ
426 1443 470 1479 n)
493 1438 547 1472 hoc
573 1438 667 1479 pasto
698 1437 879 1480 apoplexias
902 1440 1067 1480 provenire
1089 1462 1102 1479 ,

93 1483 233 1517 scribens
245 1505 258 1522 ,
281 1481 381 1516 multo
402 1483 550 1515 nimirum
557 1481 709 1523 sanguine
717 1481 750 1514 in
759 1479 949 1523 principium
960 1482 1102 1515 animan-

96 1526 143 1559 tis
165 1524 330 1569 confertim
353 1526 512 1564 irruente,
535 1535 593 1555 nec
619 1525 727 1557 Petrus
751 1524 852 1557 Salius
875 1526 938 1564 (o)
971 1525 1028 1568 qui
1064 1525 1102 1558 de

94 1568 265 1612 apoplexia
290 1580 305 1600 a
331 1566 480 1610 sanguine
504 1568 646 1609 primus,
666 1575 702 1600 ut
725 1565 940 1608 superioribus
966 1569 1100 1602 Litteris

93 1615 162 1653 (p)
184 1612 382 1650 memoravi,
406 1610 561 1650 peculiare
583 1619 680 1651 caput
705 1607 902 1651 conscripsit,
928 1610 991 1643 fere
1009 1612 1102 1645 aliter

94 1654 180 1688 hanc
203 1654 271 1687 fieri
284 1677 295 1694 ,
321 1653 504 1694 intellexit,
528 1664 626 1696 quarn
649 1663 687 1686 ex
707 1653 828 1686 cerebri
850 1663 1025 1694 venarum,
1049 1666 1102 1688 ar-

94 1699 271 1737 teriarum,
287 1695 471 1738 finuumque
495 1697 595 1730 nimia
611 1695 776 1738 sanguinis
799 1695 989 1738 repletione,
1011 1697 1102 1740 cujus

96 1741 222 1773 ratione
238 1739 329 1783 faita
352 1739 531 1782 constipatio
556 1738 1031 1781 constrictior‚undesoirituum
1042 1750 1102 1775 non

98 1791 227 1816 tantum
251 1781 400 1825 transitus
419 1781 645 1824 prohibeatur,
663 1782 719 1824 scd
741 1783 836 1816 ctiam
860 1783 901 1815 (Τ
924 1783 980 1826 ipfi
996 1783 1103 1823 stran-

92 1825 241 1869 gulentur
262 1826 305 1858 eb*
321 1823 534 1869 suffimentum
550 1825 595 1868 fit
617 1826 649 1858 in
670 1824 783 1867 causa,
807 1834 843 1858 ut
858 1825 964 1867 subito
995 1835 1102 1860 motus

92 1870 137 1902 effi*
155 1868 265 1911 scansus
288 1878 349 1901 una
372 1879 444 1901 rum
467 1869 640 1902 detentione
659 1869 839 1910 principum
856 1867 1054 1913 facultatum
1065 1881 1101 1903 a-

92 1912 265 1946 mittatur:
285 1911 386 1955 ficque
408 1921 483 1944 vera
508 1911 545 1946 4'9‘
567 1911 674 1945 exacta
691 1909 838 1953 succedat
861 1912 1023 1954 apoplexia
1037 1938 1044 1944 .
1058 1914 1104 1946 Et

95 1955 167 1989 sane
184 1956 316 1987 tantum
340 1954 503 1997 san‘guinis
525 1956 560 1987 in
584 1955 736 1988 omnibus
759 1966 828 1998 quae
852 1956 997 1989 cranium
1016 1967 1106 1989 com-

94 1998 273 2041 pleffltur,
295 1996 373 2030 vafis
395 1999 526 2041 congeri
549 2009 615 2030 non
641 1999 773 2040 potuit,
804 1999 883 2041 quin
919 2011 992 2032 cum
1029 2000 1105 2033 hinc

93 2039 158 2075 ossa
178 2040 439 2081 circumstarent,
461 2053 532 2085 quae
557 2041 638 2074 nihil
665 2041 800 2074 omnino
822 2041 967 2076 cederent
990 2067 1001 2082 ,
1032 2043 1106 2077 inde

91 2096 169 2117 vero
191 2085 301 2118 mollis
323 2083 470 2125 cerebri,
494 2088 527 2118 δε
549 2084 694 2117 cerebelli
720 2084 910 2125 substantia,
934 2097 995 2119 non
1008 2086 1107 2119 modo

93 2127 176 2162 hanc
200 2131 315 2168 intus,
339 2127 481 2172 forisque
504 2127 771 2163 vehementiffime
792 2128 1030 2171 compresserit,
1055 2129 1107 2163 sed

93 2172 194 2205 etiam
216 2172 388 2206 coar&atis
411 2171 546 2206 vasculis
569 2171 626 2205 sub
648 2170 770 2204 sensum
793 2182 858 2204 non
891 2171 1076 2206 cadentibus
1099 2197 1108 2212 ,

94 2225 226 2249 motum
248 2215 353 2257 ipsum
377 2215 561 2257 sanguinis,
585 2217 616 2247 δι
640 2225 709 2256 quae
735 2212 797 2246 fine
821 2214 883 2246 hoc
908 2215 995 2247 nulla
1031 2215 1073 2248 est
1096 2240 1109 2256 ,

95 2258 270 2301 spirituum
296 2257 503 2291 secretionem
527 2257 750 2298 interceperit.
776 2257 857 2290 Haec
883 2258 1110 2291 autemviden-

94 2311 152 2335 tur
176 2301 314 2334 accidere
336 2299 492 2334 cerebello
515 2311 579 2333 non
603 2298 711 2342 posse,
734 2308 770 2333 ut
793 2300 870 2333 alias
893 2303 959 2342 (q)
981 2300 1106 2343 scripsi-

95 2356 188 2382 mus,
212 2345 274 2378 fine
299 2345 365 2377 cita
392 2343 628 2385 respirationis,
653 2346 684 2376 &
708 2352 814 2375 motus
825 2343 933 2376 cordis
948 2343 1106 2378 sufflami-

95 2390 253 2427 natione,
275 2386 312 2419 id
333 2386 374 2420 est
396 2385 458 2419 fine
482 2386 576 2418 celeri
601 2395 702 2418 morte
716 2410 727 2426 ‚
751 2388 784 2418 &
811 2385 893 2427 hac,
926 2386 949 2419 fi
971 2388 1016 2419 ita
1040 2399 1111 2421 ma-

97 2433 170 2471 vis,
194 2443 209 2463 a
234 2430 394 2472 syncope,
418 2427 468 2462 sed
490 2440 560 2470 quae
584 2440 599 2461 a
622 2429 751 2471 capite,
774 2440 839 2462 non
863 2429 1005 2468 acm-cle,
1032 2442 1110 2473 pro-

75 2475 245 2511 evenerit,
273 2481 327 2505 aut
350 2471 372 2505 fi
396 2482 410 2503 a
434 2472 530 2504 corde
555 2483 682 2515 quoque
705 2471 748 2505 ob
773 2483 805 2504 ea
832 2484 902 2514 quae
913 2473 999 2507 dieta
1012 2474 1109 2515 finit,

95 2518 198 2555 vitia,
222 2525 326 2550 tamen
352 2527 368 2547 a
390 2516 496 2557 capite
520 2516 627 2548 multo
651 2516 781 2558 potius,
804 2528 899 2558 quam
931 2529 947 2550 a
980 2518 1074 2550 corde
1098 2542 1107 2549 .

97 2560 167 2595 Ubi
193 2571 266 2593 vero
290 2558 429 2601 syncope
455 2557 518 2598 est,
540 2558 750 2601 undecunque
773 2558 839 2592 haec
863 2559 902 2592 sit
921 2583 935 2600 ,
968 2572 1031 2594 non
1066 2562 1110 2595 est

79 2610 154 2638 'cur
177 2605 275 2637 citam
299 2601 574 2644 refrigerationem
597 2604 773 2642 miremur5
795 2614 976 2646 quanquam
1017 2605 1108 2638 illam

98 2649 214 2691 potius
235 2646 350 2679 caloris
374 2646 639 2679 imminutionem
663 2644 778 2685 fuisse,
801 2645 1014 2687 crediderim,
1037 2660 1107 2690 quae

97 2691 204 2734 frigus
228 2689 343 2722 calenti
368 2689 497 2722 mulieri
520 2688 584 2722 visa
606 2687 668 2722 est.
693 2688 892 2732 Huiusmodi
914 2700 1019 2724 autem
1034 2691 1108 2733 syn-

99 2746 217 2778 copes,
239 2744 318 2775 quas
342 2732 540 2775 potiffimum
562 2731 711 2766 indicasse
743 2732 869 2766 videtur
902 2734 1106 2775 Herophilus

98 2781 187 2818 (r),
210 2787 285 2809 cum
309 2776 505 2819 repentinam
527 2783 660 2809 mortem
674 2797 684 2814 ,
709 2775 794 2809 nulla
818 2787 856 2810 ex
865 2775 1024 2820 manifesta
1034 2790 1108 2811 cau-

93 2821 132 2865 sa
154 2820 348 2859 venientem,
368 2818 461 2861 fieri,
485 2820 618 2862 inquit,
635 2818 772 2862 paraivfi
795 2821 919 2859 cordis,
943 2821 1108 2864 fiapople-

100 2865 169 2899 xias
191 2862 320 2895 vocabis
342 2874 358 2895 a
380 2862 560 2901 cerebello,
584 2873 633 2895 me
657 2861 786 2904 quidem
811 2862 936 2906 judice,
961 2876 1024 2897 non
1041 2865 1107 2897 val-

100 2908 139 2940 de
162 2905 304 2939 errabis:
327 2905 414 2948 quod
438 2907 524 2939 enim
547 2908 579 2938 in
613 2905 737 2948 reliquo
769 2917 901 2947 corpore
937 2909 1106 2951 apoplexia

101 2951 184 2985 facit
208 2960 276 2991 quae
300 2961 315 2981 a
338 2949 465 2982 cerebro
487 2949 555 2989 est,
578 2948 612 2982 id
637 2950 671 2982 in
692 2949 786 2982 corde
811 2949 888 2983 facit
910 2961 979 2992 quae
1014 2951 1055 2985 est
1091 2963 1107 2985 a

101 2993 279 3031 cerebello,
302 2992 409 3026 utrobi
436 3003 475 3026 ue
499 3001 603 3026 autem
625 3004 695 3034 quae
720 2993 868 3035 utrinque
891 2993 933 3027 est
944 3018 957 3035 ,
980 2995 1109 3037 qualem

102 3036 194 3071 istam
218 3033 334 3072 fuisse,
357 3047 414 3068 cen
432 3048 489 3075 eo,
514 3034 643 3078 quando
665 3034 790 3069 causam
823 3045 999 3081 utrumque
1031 3039 1107 3071 illo-

102 3092 176 3116 rum
197 3079 462 3120 comprimentem
484 3079 623 3122 spectavi
634 3103 647 3119 ,
669 3090 723 3112 nec
735 3078 800 3113 ulla
810 3080 1014 3114 incommoda
1028 3091 1109 3124 prae-

101 3122 213 3159 ceffiffe
235 3122 405 3170 invenipx
428 3123 493 3156 illis
515 3135 586 3166 quae
609 3122 769 3166 syncopen
793 3134 862 3165 quae
886 3123 925 3156 ab
945 3123 1017 3167 ipso
1039 3136 1110 3158 cor-

103 3168 142 3202 de
154 3191 165 3207 ‚
188 3175 242 3199 aut
267 3167 422 3207 promens
445 3165 522 3199 valis
545 3166 605 3207 est,
631 3166 733 3200 solent
758 3165 955 3200 antecedere.

148 3211 199 3243 28.
223 3208 324 3250 Qod
347 3206 369 3241 fi
394 3207 478 3241 forte
502 3208 564 3252 ajas
579 3235 588 3250 ‚
612 3211 700 3243 nulla
722 3221 849 3253 quoque
872 3221 910 3243 ex
933 3211 974 3244 iis
984 3212 1110 3245 incom-

104 3253 211 3288 modis
236 3253 387 3286 adnotata
409 3250 464 3285 esse
487 3264 557 3296 quae
581 3252 660 3297 saepe
685 3254 867 3296 praecedunt
887 3255 1109 3296 apoplexiam,

105 3296 254 3340 equidem
277 3293 428 3329 fatebor:
453 3294 503 3328 sed
525 3295 616 3331 simul
641 3297 853 3333 contendam,
878 3298 911 3330 id
935 3298 1040 3331 minus
1051 3300 1110 3331 ob-

103 3341 181 3375 stare
204 3339 309 3380 mihi,
333 3349 397 3371 non
422 3337 460 3370 ab
483 3342 634 3381 organico
656 3340 796 3380 cerebri,
819 3349 872 3374 aut
895 3341 1040 3374 cerebelli
1062 3344 1109 3374 vi-

104 3386 155 3417 tio
179 3383 259 3416 hanc
283 3382 484 3425 apoplexiam
507 3384 685 3425 repetenti,
707 3383 758 3417 sed
781 3383 819 3417 ad
841 3383 1024 3426 congestum
1033 3395 1109 3419 con-

106 3427 322 3470 stipatumque
347 3428 379 3458 in
404 3423 483 3457 vasis
505 3427 668 3471 utriusque
701 3426 887 3469 sanguinem
920 3427 1072 3461 referenti
1097 3453 1105 3460 .

105 3472 221 3504 Homo
245 3468 393 3511 sanguine
415 3467 620 3514 abundabat,
642 3470 734 3514 quod
756 3470 883 3504 habitus
893 3474 1038 3513 corporis
1050 3474 1107 3511 ,δε

107 3513 263 3557 plenioris
285 3513 390 3546 vidtus
412 3512 606 3556 consuetudo
627 3512 701 3547 satis
723 3513 910 3547 ostendunt.
950 3516 1108 3548 Coenatus

107 3557 217 3600 plene,
240 3557 337 3589 citius
359 3566 456 3599 quam
479 3555 622 3596 iolebat,
643 3556 871 3596 decumbit,id
883 3558 925 3592 est
935 3567 1027 3591 tanto
1040 3569 1111 3601 gra-

195 3600 360 3642 Morgagni
371 3600 405 3633 de
415 3599 482 3633 Sed.
495 3598 537 3631 &
548 3597 636 3641 Caus.
648 3600 750 3633 Morb.
763 3602 863 3634 Tom.
879 3603 905 3634 Ι.

230 3745 241 3778 )
257 3747 312 3772 vid.
329 3747 392 3777 apud
409 3747 503 3772 Salium
518 3747 547 3772 de
563 3747 645 3772 Affest.
662 3748 747 3777 partie.
762 3756 786 3773 c.
802 3757 827 3774 2.

221 3778 311 3839 {apud
327 3779 387 3803 Cael.
406 3779 529 3803 Aurelian.
547 3778 660 3803 chronic.
678 3779 695 3802 1.
713 3787 737 3802 2.
753 3787 776 3804 e.
793 3788 816 3805 1.
882 3781 947 3811 (s)
964 3790 987 3806 n.
1006 3789 1032 3811 ¹3

231 3843 239 3867 )

254 3808 352 3832 Advers.
368 3813 390 3833 6.
406 3810 492 3833 Anim.
508 3812 531 3833 6.
592 3809 606 3837 (
617 3816 635 3839 1
651 3808 665 3837 )
680 3817 705 3832 n.
723 3817 761 3838 ¹3·
823 3812 838 3840 (
853 3818 871 3839 z
885 3811 899 3840 )
915 3814 946 3837 A.
967 3818 1032 3840 1711.
1048 3813 1086 3836 Μ.

253 3839 318 3864 Dell'
335 3840 442 3865 Infermo
460 3839 554 3864 Istruito
566 3857 573 3864 ,
589 3841 618 3863 P.
635 3846 648 3863 2
677 3841 760 3870 veglia
774 3849 812 3867 22.
831 3841 853 3866 8<
869 3849 906 3872 ²5·

888 3752 902 3781 (
918 3759 930 3775 0
946 3751 961 3780 )
978 3750 1040 3775 lbid.

2023 252 2085 297 25

1146 311 1236 344 viore
1258 310 1437 344 ventriculo
1458 311 1646 355 comprimit
1668 312 1812 347 arteriam
1825 312 2004 356 Magnam,
2026 314 2153 358 sangui-

1149 365 1220 389 nem
1243 353 1283 387 ad
1305 352 1457 388 inferiora
1479 355 1668 394 ducentem,
1690 363 1727 387 ut
1750 354 1852 397 major
1873 357 1940 390 e'us
1969 358 2062 399 copia
2095 370 2150 400 pe-

1151 407 1199 430 tat
1218 397 1401 440 superiora,
1421 409 1521 441 eoque
1544 400 1641 432 etiam
1663 396 1788 439 major,
1812 410 1876 441 quo
1911 398 1977 441 ipse
1987 402 2044 441 ‚in
2058 399 2151 435 decu-

1152 442 1246 477 bitu,
1269 442 1414 482 corporis
1437 441 1512 475 fitus
1536 450 1656 484 quanto
1688 441 1729 475 est
1761 444 1979 483 opportunior
2013 443 2151 478 ascensui

1153 484 1314 527 sanguinis
1336 481 1374 516 ad
1396 482 1577 525 superiora,
1602 494 1691 516 tanto
1713 483 1755 516 est
1778 485 2017 519 incommodior
2039 487 2154 528 regres—

1156 527 1203 561 sui
1228 526 1264 561 ad
1287 526 1461 563 inferiora,
1486 529 1582 561 veluti
1607 529 1702 560 ctiam
1716 535 1803 559 antea
1825 526 1882 570 (s)
1904 529 2151 570 comprobatum

1156 570 1220 604 est.
1245 568 1344 612 Qod
1365 569 1388 602 si
1410 580 1475 603 non
1499 571 1604 612 ipsum
1627 572 1738 604 Aortae
1760 579 1908 604 truncum
1920 570 2071 606 distentus
2081 584 2154 607 ven-

1157 614 1294 648 triculus
1318 615 1458 655 premit3
1483 622 1514 645 at
1540 625 1645 647 ramos
1669 615 1787 656 premit
1809 614 2061 654 tumluos‚tum
2075 617 2153 650 alios

1157 658 1195 690 ab
1219 657 1285 700 ipsa
1306 665 1396 689 ortos
1415 681 1428 696 „
1450 659 1483 689 &
1506 658 1611 691 motui
1636 656 1737 691 obstat
1747 655 1999 698 diaphragmatis
2014 680 2026 698 ,
2047 668 2082 692 ut
2094 660 2155 693 mi-

1156 711 1214 734 nus
1238 699 1343 734 facilis
1365 700 1555 742 respiratio,
1578 701 1682 734 minus
1706 710 1833 743 quoque
1856 698 1981 732 facilem
1995 700 2156 743 sanguinis

1156 756 1171 776 a
1195 745 1298 786 capite
1322 742 1513 776 seditionem
1536 743 1672 776 efficiat.
1699 742 1753 777 Ad
1776 745 1959 776 memoriam
1972 755 2054 777 nunc
2077 756 2156 778 voca

1155 799 1225 829 quae
1247 796 1360 820 natura
1383 785 1581 826 instituerit,
1606 796 1641 820 ut
1665 787 1788 819 minore
1810 787 1958 828 impetu,
1979 790 2011 820 &
2025 809 2037 827 ‚
2060 788 2150 830 quod

1154 829 1379 873 consequitur,
1400 830 1582 867 celeritate,
1609 832 1640 862 &
1663 830 1763 872 copia
1782 828 1909 871 sanguis
1933 830 1966 863 in
1989 830 2155 864 cerebrum

1153 872 1291 908 serretur
1304 886 1314 904 .·
1335 884 1473 917 quorum
1489 873 1561 906 sunt
1573 873 1721 916 pleraque
1739 873 1858 906 anobis
1872 873 1962 915 supra
1982 876 2043 913 (t)
2066 885 2156 907 com·-

1150 925 1342 950 memorata.
1368 918 1419 949 Sic
1443 917 1528 950 enim
1551 916 1665 949 melius
1687 916 1869 959 intelliges,
1892 925 1984 951 tanto
2007 915 2159 958 facilius,

1150 961 1191 993 iis
1213 960 1362 994 omnibus
1386 960 1497 1003 politis
1520 972 1590 1003 quae
1613 959 1714 993 modo
1736 959 1922 994 dicebamus
1938 986 1947 1000 ,
1979 961 2159 1004 congestio-

1152 1005 1201 1037 nis
1224 1003 1384 1046 sanguinis
1407 1003 1454 1036 ibi
1477 1003 1534 1038 effe
1557 1005 1754 1046 periculum,
1779 1013 1900 1047 quanto
1918 1006 2019 1046 magis
2032 1006 2093 1039 hoc
2105 1016 2162 1039 na-

1153 1057 1224 1080 tura
1247 1046 1351 1081 voluit
1373 1046 1549 1080 declinare.
1578 1047 1676 1083 Quod
1700 1046 1722 1080 fi
1745 1058 1807 1083 una
1830 1047 1935 1091 aliqua
1961 1059 1999 1082 ex
2021 1048 2088 1083 illis
2111 1060 2161 1081 re-

1153 1091 1212 1124 bus
1235 1101 1311 1132 quas
1334 1099 1445 1124 natura
1469 1090 1515 1123 vel
1540 1089 1579 1123 ab
1602 1089 1934 1132 ortuipsoinstituir,
1957 1101 2100 1131 mutata,
2122 1101 2162 1126 ut

1153 1145 1227 1168 cum
1250 1134 1374 1177 sanguis
1396 1134 1441 1167 ob
1463 1133 1590 1166 brevius
1614 1134 1677 1166 iter
1701 1132 1814 1176 majori
1837 1135 2049 1176 cumimpetu
2061 1134 2162 1168 adce-

1156 1178 1283 1211 rebrum
1307 1178 1449 1220 pervenit
1471 1202 1478 1215 ,
1513 1175 1783 1253 quemadmodum
1806 1177 1840 1210 in
1873 1178 1913 1210 iis
1935 1178 1991 1220 qui
2014 1177 2164 1211 breviore

1155 1222 1225 1256 sunt
1248 1221 1336 1253 collo
1358 1219 1522 1261 (parvicol
1536 1231 1567 1253 es
1577 1220 1698 1253 Caelius
1720 1222 1788 1259 (u)
1810 1219 1970 1260 vocabat)
1994 1229 2164 1263 propterea

1154 1265 1329 1308 sanguineae
1352 1264 1499 1297 obnoxiis
1523 1263 1721 1306 apoplexiae,
1745 1261 1842 1296 facile
1865 1262 2014 1297 accidunt
2034 1265 2066 1296 in
2079 1274 2164 1297 cere-

1154 1308 1205 1341 bri
1227 1307 1303 1341 vasis
1325 1306 1562 1349 disruptiones,
1588 1317 1653 1339 non
1677 1305 1777 1340 modo
1800 1306 1963 1349 sanguinis
1985 1306 2164 1349 congestio-

1154 1363 1233 1390 nes;
1255 1360 1377 1393 quanto
1399 1349 1448 1384 hae
1472 1348 1599 1383 facilius
1622 1351 1837 1391 contingent,
1860 1361 1934 1383 curn
1968 1359 2097 1393 repente
2129 1351 2165 1382 in

1154 1395 1288 1429 homine
1311 1394 1437 1437 qualern
1459 1391 1704 1436 descripsimus,
1726 1394 1831 1436 plures
1855 1392 1946 1427 simul
1977 1405 2023 1426 res
2057 1402 2168 1427 muta-

1151 1437 1292 1472 buntur!
1315 1437 1371 1471 Ad
1394 1448 1444 1470 eas
1466 1438 1551 1469 enim
1575 1448 1651 1478 quas
1674 1437 1841 1477 diximus,
1865 1436 1944 1469 hanc
1976 1438 2074 1470 etiam
2108 1435 2170 1469 ad-

1152 1482 1211 1520 de,
1233 1491 1303 1523 quse
1326 1492 1364 1514 ex
1385 1481 1452 1514 illis
1474 1480 1645 1521 colligitur
1670 1482 1699 1512 ἃ
1723 1480 1880 1522 Ridleyi,
1903 1482 1933 1512 &
1960 1480 2074 1513 nostris
2098 1480 2173 1512 ani-2

1154 1522 1423 1558 madverlionibus
1445 1524 1525 1556 olim
1549 1522 1700 1556 indicatis
1723 1525 1819 1562 (x),
1843 1525 1876 1555 &
1899 1521 1939 1555 ab
1951 1522 2086 1556 Sinuum
2096 1524 2172 1565 qui-

1153 1568 1286 1602 busdam
1310 1566 1396 1610 quafi
1418 1565 1640 1606 diverticulis,
1662 1569 1695 1599 δε
1717 1565 1997 1608 duplicationibus
2011 1588 2020 1603 ‚
2053 1568 2085 1599 δέ
2108 1564 2173 1599 {itu

1154 1612 1331 1655 praesertim
1354 1611 1388 1642 in
1421 1612 1520 1643 cranii
1553 1608 1616 1642 bafi
1649 1610 1793 1651 repetitis
1814 1634 1822 1640 .
1860 1610 1948 1642 Cum
1980 1610 2066 1642 enirn
2101 1609 2169 1642 haec

1155 1657 1267 1689 omnia
1281 1680 1289 1694 ,
1313 1662 1406 1696 atque
1430 1654 1512 1692 alia,
1537 1652 1654 1696 quibus
1675 1655 1709 1686 δε
1725 1651 1928 1694 infignisilla
1941 1652 2119 1695 adjicienda
2129 1652 2173 1685 est

1156 1698 1195 1732 ad
1206 1699 1338 1731 initium
1349 1700 1486 1730 Internae
1495 1696 1753 1740 venaeJugularis
1764 1695 1915 1729 dilatatio
1926 1719 1939 1736 ,
1950 1708 1988 1728 eo
2001 1696 2142 1737 spetftent
2158 1722 2170 1735 .,

1155 1752 1193 1777 ut
1204 1741 1326 1775 tardius
1338 1752 1353 1774 e
1364 1739 1494 1774 cerebro
1509 1739 1633 1783 sanguis
1648 1739 1751 1772 redeat
1761 1750 1774 1779 ,⁴
1786 1749 1858 1773 tum
1869 1751 1944 1773 vero
1953 1741 2059 1772 multo
2072 1742 2179 1782 magis

1157 1795 1315 1827 augentur
1326 1808 1337 1825 ,
1348 1793 1383 1817 ut
1394 1792 1470 1816 tunc
1479 1782 1604 1829 diffitum
1615 1783 1657 1816 est
1670 1807 1680 1823 ,
1693 1792 1785 1816 certae
1799 1783 1945 1826 quaedam
1956 1783 2057 1817 causae
2071 1783 2173 1817 tardi-

1159 1831 1239 1862 tatis
1249 1829 1287 1861 ab
1310 1827 1381 1870 ipso
1391 1827 1490 1859 cranii
1505 1828 1610 1869 politu
1625 1827 1658 1858 in
1675 1826 1790 1868 supino
1801 1828 1950 1869 corporis
1965 1826 2050 1866 situ,
2074 1837 2177 1870 eoque

1161 1872 1268 1915 major
1291 1869 1550 1912 congestionibus
1575 1869 1737 1911 sanguinis
1758 1869 1881 1903 occasio
1904 1869 2178 1909 datur-,undeet-

1159 1917 1226 1949 iam
1251 1914 1420 1956 repetenda
1443 1913 1534 1947 causa
1557 1912 1621 1953 es't,
1644 1922 1680 1947 ut
1703 1913 1850 1955 opinor,
1873 1924 1931 1947 cur
1953 1915 2010 1956 qui
2042 1923 2176 1956 propter

1159 1960 1250 1992 illius
1272 1957 1488 1992 difficiliorem
1511 1966 1635 1989 motum
1659 1955 1721 1989 sive
1746 1968 1762 1990 a
1786 1955 1987 1991 craffitudine
2002 1958 2176 1995 ,&lent0-

1160 2014 1213 2039 re,
1238 2001 1299 2035 five
1324 2012 1341 2034 a
1366 1999 1567 2043 plenitudine
1590 2012 1624 2032 ea
1648 2001 1771 2034 reditus
1792 2000 1963 2034 difficultas
1977 1999 2038 2040 lit,
2063 2012 2176 2042 repen-

1161 2056 1192 2080 te
1203 2047 1406 2084 moriuntur,
1419 2056 1528 2077 eorum
1542 2044 1644 2087 plures
1658 2045 1689 2077 in
1702 2044 1786 2078 letho
1809 2045 1932 2077 mortui
1944 2045 2150 2079 inveniantur
2165 2072 2173 2078 .

1207 2100 1257 2129 29.
1282 2090 1328 2121 At
1352 2089 1460 2127 enim,
1484 2088 1629 2130 inquies,
1654 2099 1711 2125 cur
1734 2088 1768 2120 in
1792 2087 1852 2121 isto
1877 2087 2010 2122 homine
2033 2099 2108 2122 cum
2123 2100 2175 2120 ca-

1162 2131 1234 2166 dem
1257 2132 1353 2165 etiarn
1377 2141 1464 2165 antea
1486 2129 1603 2169 essent,
1629 2141 1693 2163 non
1716 2129 1801 2164 idem
1825 2140 1930 2170 tamen
1955 2141 2045 2164 antea
2069 2135 2178 2166 conti-
2200 2165 2203 2167 ,

1162 2178 1211 2218 git
1225 2199 1236 2215 ,
1256 2176 1403 2218 quamvis
1426 2178 1459 2208 &
1483 2175 1573 2218 plene
1594 2171 1742 2207 coenasset
1757 2176 1875 2215 toties,
1899 2177 1931 2208 &
1945 2186 2177 2219 nonnunquam

1163 2230 1247 2252 certe
1272 2219 1426 2251 maturius
1450 2219 1569 2259 pariter
1591 2216 1774 2251 cubuisset?
1797 2219 1970 2252 Nimirum
1993 2221 2070 2262 quia
2081 2229 2177 2253 antea

1165 2270 1254 2295 crant
1276 2260 1403 2304 quidem
1428 2261 1574 2303 pleraque
1597 2261 1726 2299 eadem,
1752 2260 1802 2293 secl
1814 2273 1879 2294 non
1890 2263 2019 2295 omnia.
2034 2263 2105 2296 Nec
2123 2275 2179 2303 ve-

1162 2317 1200 2339 ro
1222 2304 1368 2338 vasorum
1391 2303 1617 2338 tantummodo
1640 2304 1735 2338 robur
1759 2303 1860 2346 dico,
1882 2304 1970 2346 quod
1983 2306 2017 2338 in
2029 2305 2096 2340 dies
2110 2316 2181 2339 ma-

1165 2350 1239 2391 gis,
1264 2347 1427 2390 magisque
1450 2348 1483 2380 in
1506 2346 1631 2380 senibus
1653 2356 1844 2388 enervatur,
1868 2348 2052 2389 sedetiam,
2080 2360 2178 2393 atque

1168 2392 1247 2424 adeo
1271 2391 1465 2432 potissimum
1491 2390 1705 2432 tempestatem
1729 2391 1820 2423 illam
1844 2390 1941 2431 dico,
1963 2391 2054 2435 cujus
2079 2394 2112 2426 vi
2124 2403 2175 2427 tot

1166 2436 1221 2468 alii
1247 2444 1313 2468 tarn
1337 2434 1447 2466 crebro
1471 2444 1525 2475 per
1549 2445 1602 2465 eos
1625 2433 1692 2467 dies
1703 2433 1934 2476 dez-improviso
1946 2436 2172 2478 rapiebantur.

1165 2479 1255 2511 Nam
1276 2477 1345 2520 post
1368 2475 1471 2519 frigus
1496 2488 1558 2508 non
1583 2476 1682 2509 modo
1705 2477 1844 2519 hyeme,
1870 2477 2014 2512 reducem
2026 2481 2080 2521 qui
2094 2491 2179 2523 prae..

1165 2519 1292 2554 cesserat
1308 2544 1319 2560 ,
1343 2529 1525 2559 autumnt),
1548 2522 1578 2552 δε
1604 2531 1642 2552 co
1667 2522 1755 2564 quod
1779 2520 1979 2561 successerat,
2005 2534 2075 2556 vere
2101 2524 2181 2557 diu--

1164 2574 1282 2604 turna,
1307 2567 1338 2597 δε
1363 2575 1428 2596 rara
1452 2564 1698 2597 continuatione
1724 2566 1924 2607 proti-aetum
1946 2590 1953 2603 ‚
1979 2566 2066 2599 calor
2099 2576 2175 2602 tunc

1166 2610 1330 2651 primum,
1355 2610 1386 2640 &
1411 2608 1438 2639 is
1462 2617 1526 2639 non
1550 2606 1710 2649 gradatim
1726 2629 1736 2645 ‚
1762 2607 1813 2641 sed
1837 2618 1926 2642 totus
1948 2608 2040 2644 fimul
2066 2610 2095 2644 se
2118 2623 2172 2645 ex-

1164 2651 1305 2691 tulerat,
1329 2660 1365 2684 ut
1389 2660 1515 2692 repente
1540 2660 1704 2693 propterea
1729 2650 1757 2684 ie
1780 2652 1978 2693 expandente
2001 2653 2182 2696 sanguiue,..

1165 2693 1297 2737 perinde
1308 2692 1380 2727 esset
1392 2693 1540 2727 acsivasa
1554 2715 1563 2730 ‚
1582 2692 1678 2736 hujus
1699 2693 1784 2737 quafi
1809 2694 1973 2737 duplicata
1997 2692 2177 2740 improviso

1160 2739 1260 2781 copia
1281 2736 1545 2771 distenderentur.
1571 2738 1672 2775 Quod
1686 2749 1758 2771 cum
1771 2738 1910 2781 superius
1933 2743 1998 2782 (y)
2019 2740 2089 2783 jam
2100 2742 2182 2776 satisv

1161 2782 1450 2824 explicaverimus,
1476 2781 1528 2814 bic
1553 2791 1692 2823 repetere
1713 2792 1777 2814 non
1803 2781 1846 2815 est
1869 2794 1968 2824 opus.

1204 2836 1258 2867 30.
1285 2824 1433 2861 Praestat,
1459 2824 1553 2867 fiquae
1577 2833 1694 2865 praeter
1715 2836 1764 2858 eas
1787 2837 1864 2868 quas
1889 2826 2020 2861 subinde
2033 2827 2084 2862 his
2097 2828 2173 2865 dua-

1158 2867 1220 2902 bles
1244 2867 1399 2911 ,Epistolis
1423 2867 1656 2907 indicavimus,
1679 2867 1927 2903 Observationes
1951 2870 2140 2914 prodierunt
2164 2900 2174 2915 ‚

1162 2911 1202 2944 ad
1224 2911 1428 2954 sanguineam
1451 2911 1655 2953 apoplexiam
1679 2913 1897 2953 pertinentes,
1919 2926 1968 2947 eas
1990 2926 2119 2959 quoque
2131 2920 2176 2951 ti-

1160 2953 1195 2986 bi
1217 2953 1394 2996 significare
1408 2978 1419 2995 ,
1441 2965 1505 2987 non
1529 2964 1639 2996 omnes
1662 2954 1794 2997 quidem
1808 2980 1820 2996 ,
1845 2956 2022 3001 sedquaein
2037 2960 2172 3001 praesen-

1160 2999 1189 3030 ti
1213 2999 1374 3030 memoriae
1399 3007 1572 3032 occurrunt
1589 3022 1596 3029 .
1689 2999 1726 3030 In
1750 3000 1936 3041 Principum
1957 3001 2097 3044 personis
2111 3015 2173 3039 tres

1162 3040 1358 3083 suppetunt,
1379 3040 1448 3075 duae
1471 3053 1542 3084 quae
1564 3053 1603 3075 ex
1624 3041 1778 3076 Dionifio
1801 3044 1833 3075 in
1858 3043 2070 3086 Lipsienfibus
2088 3049 2172 3082 Eru-

1162 3084 1308 3118 ditorum
1331 3084 1426 3118 Actis
1448 3088 1521 3127 (z)
1543 3094 1783 3127 memorantur,
1808 3099 1822 3119 a
1847 3086 1997 3131 sanguine
2029 3093 2061 3122 in
2095 3102 2171 3124 ven..

1163 3128 1298 3161 tricuios
1321 3129 1438 3161 cerebri
1463 3127 1585 3169 effuso,
1610 3129 1704 3161 tertia
1726 3141 1796 3172 quae
1820 3131 1852 3163 in
1864 3134 2072 3165 Commercio
2096 3136 2171 3168 Lit-

1162 3172 1280 3204 terario
1303 3171 1369 3213 (a)
1390 3195 1402 3212 ,
1424 3183 1440 3203 a
1464 3171 1624 3213 sanguinis
1649 3173 1682 3204 in
1706 3173 1795 3206 illius
1829 3176 1914 3208 venis
1935 3199 1948 3216 ,
1978 3179 2010 3209 &
2042 3181 2172 3212 arteriis.

1162 3212 1388 3257 congestione,
1410 3215 1454 3247 ob
1476 3226 1571 3258 quam
1594 3225 1703 3250 totum
1727 3216 1784 3250 sub
1807 3218 1913 3251 Tenui
1938 3220 2085 3261 meninge
2117 3233 2169 3254 ce-

1164 3257 1290 3291 rebrum
1313 3257 1453 3291 lividum
1475 3268 1561 3297 erat,
1584 3263 1618 3292 &
1642 3259 1896 3302 turgidum.Ad
1907 3259 1982 3295 duas
1995 3263 2067 3296 illas
2079 3267 2168 3307 prio-

1161 3312 1208 3334 res
1232 3304 1346 3334 attinet
1368 3313 1437 3344 quae
1460 3300 1500 3334 de
1524 3303 1682 3345 opilionis
1717 3314 1816 3336 uxore
1848 3303 1966 3346 legitur
2000 3308 2034 3339 in
2070 3309 2165 3341 Astis

1159 3344 1230 3384 (b)
1252 3344 1401 3377 Caesareae
1423 3345 1631 3387 Academiae,
1656 3349 1687 3379 δε
1710 3345 1779 3379 duae
1803 3346 1956 3388 fortasse‚
1979 3361 2057 3392 quas
2094 3353 2169 3384 Do·-

1159 3389 1297 3421 minicus
1319 3388 1515 3430 Gagliarelus
1538 3393 1600 3429 (c)
1625 3390 1756 3429 attigit,
1780 3390 1880 3423 altera
1904 3392 1936 3425 in
1960 3391 2028 3425 sene
2051 3394 2167 3433 obeso,

1159 3434 1190 3464 δε
1215 3433 1270 3463 vix
1291 3431 1370 3463 colli
1393 3431 1563 3474 vestigium
1587 3434 1746 3472 habente,
1769 3433 1837 3466 vini
1862 3434 1990 3476 spiritui
2004 3437 2100 3470 nimis
2111 3438 2166 3469 de-

1159 3474 1251 3511 dito,
1280 3475 1372 3506 altera
1397 3476 1429 3506 in
1454 3476 1519 3508 alio
1552 3476 1596 3508 ob
1629 3474 1822 3517 suppressum
1853 3488 1908 3520 per
1939 3477 2169 3521 adstringentes

1162 3517 1304 3560 pulveres
1335 3517 1520 3559 sanguinem
1541 3529 1557 3551 e
1580 3519 1708 3552 naribus
1742 3520 1954 3561 profluentem
1974 3534 1984 3554 .-
2020 3534 2081 3557 nna
2112 3535 2165 3558 au-

1162 3570 1227 3593 tem
1250 3568 1357 3601 certe,
1381 3562 1500 3604 quippe
1523 3563 1562 3594 ab
1597 3573 1636 3595 eo
1682 3563 1740 3604 qui
1785 3562 1881 3597 refert
1903 3587 1916 3603 ,
1950 3563 2061 3599 habita
2084 3589 2099 3607 ,
2129 3569 2165 3601 in

2037 3606 2128 3643 'Pres-

1187 3761 1211 3777 n.
1231 3760 1253 3778 x.
1317 3752 1326 3781 s
1343 3761 1357 3781 q
1377 3751 1470 3782 )Epist.
1487 3763 1508 3778 2.
1526 3764 1550 3779 n.
1569 3763 1605 3781 ²2-

1135 3790 1146 3807 ι
1161 3784 1175 3812 )
1191 3791 1214 3807 n.
1231 3791 1257 3813 ²3
1329 3783 1374 3811 (u
1392 3785 1401 3813 )
1418 3785 1434 3808 l.
1451 3794 1471 3809 ιι.
1491 3786 1530 3809 εῖτ,
1550 3788 1619 3814 paulo
1635 3786 1720 3816 supra,
1736 3796 1756 3813 c.
1777 3796 1810 3814 12.

1135 3814 1229 3843 ptembr
1305 3814 1319 3842 (
1335 3821 1349 3836 a
1365 3813 1374 3843 )
1390 3815 1421 3839 A.
1441 3822 1507 3846 1744.
1525 3816 1603 3841 Hebd.
1623 3824 1644 3847 3.
1660 3825 1685 3842 n.
1699 3825 1723 3842 ι.
1788 3822 1800 3849 (
1817 3819 1831 3844 b
1848 3820 1858 3851 )
1873 3822 1947 3846 Tom.
1965 3829 1987 3852 3.
2004 3820 2062 3846 ΟΜ.
2080 3827 2131 3847 ιιι.
