2498 4075
601 148 602 151 ¹
778 160 782 161 ν
1197 182 1199 185 ,
1999 126 2054 182 lv

397 246 552 495 IQ
676 243 810 480 Ity
888 424 948 482 A
1030 243 1160 481 ΙΞ
1283 417 1342 477 Τ
1380 243 1544 478 Eu
1677 243 1813 477 ΒΧ

464 555 805 622 Nominum,
837 559 894 614 ec
924 559 1128 642 Rerum
1159 555 1332 625 magis
1363 554 1722 620 notabilium.

337 686 541 748 Romani.
571 691 732 739 numeri
767 687 976 757 Epistolas
994 707 1014 746 ,-
1045 686 1210 738 barbari
1244 700 1385 738 autem
1415 684 1613 736 articulos
1645 685 1874 740 denotant.

509 822 602 907 A

166 952 311 988 Bdomen
335 963 400 987 non
422 951 550 986 tensum
570 951 630 985 effe
653 951 781 995 potest,
802 952 928 988 tametsi
952 956 1076 989 ventrIs

64 1016 65 1019 =
156 1007 295 1075 LcaVunfii
316 996 421 1032 effuso
443 995 600 1038 sanguine
622 993 663 1029 fit
696 996 827 1039 plenum
848 1021 859 1032 .
890 995 987 1032 LIII.
1019 1010 1074 1041 40.

68 1085 265 1126 Abdominis
286 1085 458 1119 dumtaxat
482 1092 592 1117 tumor
604 1093 618 1123 ,⁴
639 1083 789 1125 quamvls
811 1085 843 1117 δε
867 1083 1022 1120 viscerum
1036 1086 1082 1121 es-

158 1128 189 1162 se
214 1127 405 1163 vildebatur.
429 1127 468 1160 L.
492 1137 546 1169 49.
814 1169 824 1174 ι
1006 1163 1007 1166 ¹

201 1171 427 1206 Musculorum
450 1171 484 1203 in
507 1170 541 1202 vi
563 1168 746 1205 :estimanda
769 1170 932 1213 cujusdam
945 1170 1082 1207 halluci-

243 1216 355 1249 natio.
378 1214 472 1248 LIV.
501 1222 560 1248 12..

72 1256 261 1293 Abdomine
283 1256 557 1293 vehementiffime
579 1256 722 1299 perculso
745 1280 758 1297 ‚
791 1257 961 1300 quomodo
993 1270 1081 1294 mors

159 1300 288 1341 subita,
313 1302 363 1336 vel
386 1300 474 1335 nulla
497 1301 592 1334 Parte
624 1302 712 1334 intus
744 1310 840 1344 rupta
860 1325 874 1342 ‚
905 1302 1080 1345 aliquando

162 1344 350 1379 secutafit.
375 1345 470 1378 LIV.
492 1353 545 1385 42.

74 1387 262 1423 Abdomine
285 1390 439 1431 integro,
461 1387 579 1420 viscera
603 1398 660 1428 per
684 1387 791 1428 ἱᾶυε,
817 1387 1085 1430 compreffiones.

162 1443 202 1467 ve
222 1430 364 1467 discissa.
389 1429 485 1481 LIV.
513 1440 570 1479 14..
586 1432 617 1462 &
635 1430 728 1481 ‘se-qq.

75 1472 642 1553 Abortuffula‘ttiectirciufflargrigritilrii3¹cctirr⁴¹
652 1474 1083 1562 giiirzgoiigzgntssljgniiin

164 1562 247 1596 fint.
269 1560 431 1596 XLVIII.
458 1572 488 1599 9.
516 1570 565 1593 10.

76 1605 228 1641 Abortus
250 1630 259 1639 .
291 1607 343 1639 De
377 1603 448 1648 ejus
477 1600 673 1647 quibusdam
698 1603 818 1638 caufis.
843 1604 1009 1642 XLVIII.
1036 1614 1086 1649 17.

165 1659 180 1680 2
208 1673 215 1680 .

73 1658 279 1726 Abstin{ntia
305 1691 346 1725 ab
366 1691 459 1725 omni
480 1690 577 1731 cibo,
600 1698 745 1734 potuque
757 1690 796 1726 ad
807 1690 859 1725 sex
869 1690 935 1725 dies
952 1715 960 1723 .
974 1692 1081 1727 XVII.

161 1745 215 1777 25.
240 1735 320 1768 Vid.
344 1737 375 1769 δι
394 1734 591 1779 Jejunium.

74 1777 328 1814 Abstinentibus
349 1779 510 1818 omnino,
533 1787 588 1812 aut
609 1776 675 1813 fere
689 1778 834 1812 ‘omnino
857 1789 914 1812 cur
936 1778 1011 1813 bilis
1043 1780 1080 1814 in

160 1821 242 1865 cysti
266 1821 319 1855 sua
343 1822 445 1856 multa
468 1821 524 1855 fit.
551 1823 670 1854 XXIX.
699 1830 747 1863 13.
772 1824 871 1852 XXX.
896 1832 929 1864 7,

69 1865 253 1944 ‚Acadbemia
277 1866 383 1908 Regia
406 1864 615 1900 Berolinenfis
638 1863 787 1899 laudata.
812 1864 941 1900 Praefat.
965 1865 1004 1901 ad
1036 1866 1080 1899 li-

183 1921 209 1943 r.
240 1918 271 1950 5.

199 1950 414 1986 Bononiensis
459 1952 610 1986 Instituti
657 1952 788 1989 laudata
804 1975 812 1984 .
838 1951 969 1987 Praefat.
993 1964 1025 1987 n.
1048 1955 1082 1990 6.

259 1998 365 2037 15..&
389 1995 492 2039 Epist.
517 1996 626 2028 XVII.
652 2000 704 2031 26.
727 1998 801 2033 LV.
826 1998 878 2030 26.

204 2040 311 2081 Regia
336 2038 548 2074 Londinenfis
571 2038 717 2073 laudata.
744 2036 837 2073 Praef.
862 2039 901 2074 ad
925 2039 1002 2075 libr.
1027 2050 1058 2074 z.

203 2084 351 2159 Caeifgrea
384 2084 464 2118 Nat.
499 2082 672 2117 Curioior.
709 2084 841 2119 lundata
864 2108 872 2115 .
908 2082 1005 2119 Praef.
1040 2083 1080 2118 ad

264 2137 272 2159 ι
300 2138 326 2160 r.
355 2138 382 2159 1.

204 2171 312 2213 Regia
333 2169 382 2203 Sc.
407 2168 585 2204 Parifienfis
609 2168 760 2204 laudata.
782 2167 924 2203 Praefat.
947 2168 987 2204 ad
1007 2169 1081 2204 libr.

249 2224 280 2256 3-
303 2215 335 2248 δι
357 2212 459 2255 Epist.
482 2213 570 2246 LXI.
597 2222 647 2252 13.

207 2256 389 2298 Imperialis
416 2255 660 2296 Petropolitana
684 2254 813 2289 laudata
828 2279 836 2287 .
859 2254 957 2291 Praef.
981 2255 1020 2291 ad
1044 2256 1087 2289 li-

251 2299 301 2334 br.
323 2310 354 2341 4.
378 2300 411 2332 &
435 2298 537 2340 Epist.
563 2288 665 2331 xtrr.
688 2309 743 2341 30.

77 2340 228 2376 Achores
249 2341 439 2383 retropulfi.
467 2339 548 2374 Vid.
573 2342 629 2374 ubi
652 2341 690 2375 de
714 2341 847 2375 Scabie.

76 2384 223 2428 Adiposa
245 2385 439 2420 Membrana
453 2409 462 2418 .
485 2385 535 2417 De
557 2383 653 2425 hujus
676 2383 859 2426 strufimra,
881 2384 1087 2420 &struc‘fturae

164 2428 387 2471 Scriptoribus
409 2427 575 2470 quaedam.
602 2428 642 2460 L.
666 2437 716 2468 25.

294 2471 375 2513 Ejus
395 2469 648 2505 Excrescentiae.
673 2470 755 2505 Vid.
781 2471 1019 2506 Excrescentiae
1036 2497 1044 2505 .

76 2512 249 2556 Adolphus
265 2536 274 2551 2
297 2513 420 2548 Christ.
446 2513 551 2547 Mich.
577 2526 616 2548 ex
639 2514 721 2548 Caes.
745 2513 849 2548 Acad.
876 2515 923 2548 N.
947 2516 989 2550 C.
1015 2515 1086 2549 lau-

165 2556 282 2592 datus,
310 2558 497 2589 XXXVIII.
521 2567 571 2599 25.
597 2559 704 2591 XLII.
727 2568 780 2601 42.
805 2559 874 2591 LV.
902 2568 952 2600 15.

78 2603 146 2637 Aet
171 2600 215 2635 est
236 2602 271 2634 in
295 2600 447 2651 sanguine
469 2599 642 2635 secundum
665 2611 836 2639 naturam,
853 2604 971 2635 &cur.
985 2602 1084 2635 v.18.

78 2691 176 2725 Aeris
198 2644 674 2730 bffiiaeqilrisssiiiguiiisseriatuitiit(
691 2646 1086 2733 gffgitrncitciiszglsezgnos-

168 2732 251 2768 fint.
279 2732 319 2765 V.
345 2731 394 2765 18.
418 2742 469 2773 25.
496 2736 546 2764 26.
574 2731 624 2764 28.
651 2743 703 2770 29·
733 2734 847 2763 XXXI.
872 2742 902 2774 3.

211 2775 376 2818 quomodo
399 2774 575 2815 plurimum
598 2784 756 2809 noceant.
783 2777 823 2810 V.
850 2777 1075 2822 18.20.21.23

258 2829 308 2861 24-
334 2820 455 2851 XXIII.
483 2821 530 2851 16.

211 2873 283 2905 quae
309 2871 414 2895 tamen
440 2862 593 2896 animalia
616 2872 667 2895 eas
688 2860 830 2897 habeant
855 2864 1091 2900 secundumna-

258 2914 386 2939 turam.
414 2905 457 2936 V.
484 2916 534 2940 22-

83 2948 202 2985 Aeris,
225 2948 259 2980 in
284 2960 377 2982 venas
400 2950 582 2983 viventium
604 2948 850 2992 quadrupedum
876 2950 1010 2991 injeffl,
1036 2951 1088 2985 ef-

170 2992 272 3027 fectus
293 2994 446 3034 quinam,
469 2995 500 3026 ἃ
525 2992 626 3026 curin
639 2992 709 3025 aliis
731 2994 806 3027 alii.
828 2996 868 3026 V.
896 3004 944 3026 21.
971 3005 1020 3028 ει.
1036 3005 1089 3037 23.

216 3035 286 3072 Qui
311 3036 408 3078 primi
430 3035 465 3070 id
487 3037 749 3079 experimentum
781 3037 982 3072 instituerint
1006 3064 1016 3073 .
1051 3040 1091 3071 V.

262 3089 313 3112 21.

86 3121 252 3165 AEthiopis
274 3120 419 3155 dissectio
432 3145 440 3152 .
468 3122 507 3156 V.
524 3132 571 3164 17.

86 3165 275 3207 AEthiopes.
301 3164 352 3197 Ad
377 3175 487 3199 eorum
511 3165 713 3214 nigredinem
737 3166 914 3210 speffitantia
928 3168 1095 3209 quaedam.

87 3210 339 3296 Agrigojlcleffi.
361 3217 458 3285 Igilii.
472 3251 591 3287 Medic.
604 3253 780 3288 Ratisbon.
794 3253 940 3289 laudatus
952 3278 959 3286 .
973 3257 1095 3289 XXIII.

87 3296 246 3415 Albeigi,
273 3337 378 3373 Mich.
405 3339 439 3372 P.
464 3337 552 3373 Prof.
576 3339 700 3374 Halens
718 3365 726 3374 .
771 3340 920 3376 laudatus
946 3369 953 3376 .
1004 3345 1090 3376 XIX.

172 3394 195 3426 4

87 3426 299 3466 Albertinus,
323 3426 463 3467 Hiopol.
488 3426 598 3459 Franc.
623 3426 754 3461 Bonon.
787 3429 867 3462 olim
912 3428 949 3463 P.
998 3428 1085 3462 Prof.

174 3470 341 3504 laudatus.
364 3471 422 3501 IX.
447 3480 476 3511 3.
503 3470 591 3500 XVI.
614 3481 667 3511 42.
691 3472 795 3502 XVII.
820 3482 849 3514 5.
877 3482 925 3505 21.
956 3474 1084 3506 XVIII,

178 3523 225 3553 19.
253 3514 338 3545 XXI.
361 3523 414 3556 31.
438 3513 561 3544 XXIII.
589 3523 638 3546 22.
674 3515 793 3548 XXXI.
825 3515 874 3548 28.
919 3516 990 3549 XL.
1039 3516 1088 3548 28.

174 3556 279 3591 XLII.
307 3559 356 3589 16.

221 3599 360 3634 Medicae
384 3598 639 3633 Observationes
656 3624 665 3640 ‚
688 3599 728 3635 ab
752 3601 826 3643 ipso
862 3602 1091 3635 communica-

263 3652 324 3676 tae,
351 3643 388 3672 V.
418 3652 465 3684 13.
491 3643 546 3674 VI.
574 3653 603 3684 5.
631 3646 668 3676 X.
713 3654 764 3680 21.
814 3648 970 3679 XXV1.6.
1000 3646 1089 3681 XLI.

265 3697 293 3729 5.
320 3686 474 3720 XLVIII.
505 3697 553 3728 14.
578 3686 617 3720 L.
640 3686 693 3729 38.

1257 821 1289 854 δι
1311 818 1690 854 Anatomico-Medicae.
1714 820 1773 851 IX.

1299 874 1353 905 42.
1380 864 1478 896 XXV.
1506 874 1556 906 17.
1580 863 1735 896 XXVIII.
1757 873 1789 906 3..

1258 917 1331 949 quae
1355 904 1478 943 facere.
1503 916 1558 941 aut
1581 908 1682 941 vitare
1704 907 1738 939 in
1765 906 1954 950 epilepticis
1984 903 2135 941 curandis

1301 948 1433 983 soleret.
1460 951 1517 985 IX.
1543 954 1575 983 6.

1259 1002 1332 1067 qu}
1355 992 1393 1026 acl
1415 994 1604 1028 arthriticos
1627 991 1756 1028 dolores
1779 992 1992 1029 mulcendos.
2027 990 2137 1025 LVII.

1260 1078 1378 1121 quibus
1401 1090 1440 1112 ex
1462 1080 1558 1122 signis
1579 1079 1757 1121 conjiceret
1780 1080 1935 1114 latentem
1957 1078 2141 1113 inflamma-

1307 1122 1452 1162 tionem,
1475 1126 1508 1157 &
1530 1122 1714 1167 {phacelum
1736 1123 1966 1158 intestinorum
1982 1147 1990 1155 .
2015 1119 2142 1152 XXXV.

1306 1175 1357 1200 21.

1261 1208 1296 1242 in
1319 1208 1444 1251 hepatis
1469 1208 1657 1244 absceffibus
1680 1208 1751 1254 ejus
1774 1210 1964 1248 monitum,
1983 1210 2016 1243 δε
2047 1215 2140 1242 curaa

1303 1255 1429 1287 tiones.
1455 1255 1601 1288 XXXVI.
1624 1255 1657 1286 6.
1905 1268 1907 1270 ·

1267 1295 1404 1336 scirrhi,
1428 1307 1463 1330 ut
1487 1296 1678 1335 videbatur,
1722 1298 1811 1332 uteri
1857 1295 1938 1331 felix
1981 1295 2145 1331 curati03

1311 1341 1458 1373 XXXIX,
1487 1351 1536 1383 35·

1265 1380 1421 1429 phthisim
1444 1383 1671 1419 confirmatam
1694 1392 1743 1418 ter
1786 1382 1827 1417 ab
1871 1381 1903 1417 se
1947 1381 2145 1427 persanatam

1306 1426 1433 1469 ajebat.
1460 1429 1644 1459 XXXVIII.
1660 1438 1713 1470 32.

1135 1467 1302 1505 Albinus,
1324 1470 1418 1503 Bern.
1442 1471 1547 1512 Siegr.
1571 1471 1658 1511 Prof.
1685 1473 1720 1505 P.
1743 1469 1851 1513 Lugd.
1875 1470 1946 1504 Bar.
1971 1467 2120 1503 laudatus
2136 1490 2143 1498 0

1226 1514 1314 1547 XIV.
1338 1513 1391 1556 38.
1419 1515 1540 1548 LXVI.
1568 1524 1618 1557 13.

1138 1554 1321 1595 Albrecht,
1338 1556 1394 1600 J0.
1422 1558 1491 1590 Seb.
1515 1557 1603 1591 Prof.
1629 1559 1663 1589 P.
1709 1556 1913 1600 Coburgens.
1960 1555 2108 1591 laudatus
2136 1577 2145 1585 .

1227 1601 1322 1633 XIII.
1343 1611 1375 1643 4.
1400 1602 1524 1634 XXIII.
1551 1602 1600 1634 18.
1629 1601 1794 1633 XXXVII.
1822 1611 1871 1643 19.
1894 1610 1948 1644 45.
1984 1597 2145 1632 XLVIII.

1224 1653 1237 1676 1
1267 1668 1273 1676 .
1301 1654 1317 1680 2
1344 1667 1352 1677 .

1134 1654 1263 1722 Alvus?
1285 1655 1414 1728 In5ejus
1436 1686 1580 1723 fluxibus
1603 1687 1763 1732 glandulae
1798 1688 2028 1723 intestinorum
2068 1684 2147 1724 saepe

1216 1730 1432 1773 grandescunt
1446 1754 1459 1771 ‚
1484 1741 1540 1766 aut
1562 1733 1740 1767 ereduntur
1751 1757 1761 1774 ‚
1783 1734 1814 1767 ὰ
1825 1732 1994 1775 quomodo
2007 1755 2014 1763 .
2027 1729 2147 1760 XXXI.

1221 1784 1258 1817 15

1798 830 1831 861 4.
1856 819 1928 851 XV.
1965 820 2014 852 112
2048 815 2132 851 XVI.

1258 1818 1383 1861 semper
1408 1817 1532 1852 lubrica
1555 1818 1727 1860 quomodo
1748 1820 1862 1853 noxia.
1891 1818 2009 1849 XXXI.
2027 1826 2057 1860 3-

1261 1861 1408 1897 adstritsta
1433 1874 1450 1895 a
1475 1862 1595 1904 quibus
1620 1863 1701 1904 fiat,
1723 1865 1755 1896 &
1779 1875 1796 1896 a
1836 1863 1962 1905 quibus
2006 1859 2150 1894 innoxie

1305 1905 1470 1939 solvatur.
1496 1907 1630 1939 XXXII.
1658 1917 1707 1940 11.

1259 1950 1387 1984 occlusa
1399 1949 1463 2025 Ixiel
1486 1949 1525 1983 ad
1550 1950 1691 1984 mensem
1715 1960 1953 1994 nonnunquam
1977 1948 2115 1984 innoxia
2140 1970 2149 1979 ·

1308 1995 1394 2021 XXX
1439 2017 1448 2025 .
1474 2002 1502 2026 Ι.

1259 2036 1294 2069 in
1317 2035 1511 2077 quibusnam
1532 2036 1633 2071 fuerit
1659 2046 1736 2072 toto
1749 2037 1827 2073 vitae
1839 2046 1984 2082 tempore
1995 2034 2124 2071 occlusa
2141 2059 2149 2068 .

1307 2080 1443 2112 XXXII.
1470 2090 1499 2111 2.
1527 2082 1560 2113 &
1583 2081 1670 2124 seqq.

1262 2124 1360 2157 variae
1381 2122 1573 2157 occlufionis
1595 2125 1714 2160 causae.
1739 2124 1826 2159 Ibid.
1852 2126 1884 2159 &
1909 2134 1937 2166 5.
1964 2124 2066 2158 LXV·
2092 2125 2124 2154 6·

1263 2165 1550 2243 qugdz‘rgcmfharum
1575 2169 1682 2203 minus
1705 2170 1740 2203 in
1764 2169 1879 2211 vulgus
1892 2179 1993 2204 nota.
2011 2168 2150 2200 XXXII.

1331 2234 1340 2244 .
1430 2221 1501 2252 eqq.

1136 2252 1326 2289 Amaurofis
1349 2255 1457 2294 potest
1481 2255 1582 2288 etiam
1606 2255 1720 2289 sensim
1742 2256 1918 2298 ingruere.
1944 2254 2040 2285 XIII·
2065 2265 2097 2296 5-

1269 2298 1430 2345 potest·&
1453 2307 1586 2340 propter
1608 2298 1862 2333 obstruffionem
1884 2320 1896 2338 ‚
1930 2308 2035 2340 neque
2081 2307 2152 2330 eam

1309 2339 1430 2381 opaci
1456 2342 1568 2375 nervi.
1593 2342 1681 2377 Ibid.

1270 2384 1341 2421 Qui
1363 2381 1445 2416 olim
1469 2385 1579 2426 potius
1602 2398 1619 2418 a
1643 2384 1936 2420 convulsionibus‚
1959 2382 2155 2418 laedentibus

1312 2427 1480 2468 Opticum
1502 2439 1661 2469 nervum,
1686 2428 1777 2461 illam
1799 2428 2018 2462 deduxerint.
2043 2428 2129 2461 Ibid.

1270 2470 1322 2503 De
1344 2470 1453 2503 eadem
1469 2495 1477 2510 ‚
1489 2472 1622 2505 vulnera
1633 2471 1799 2515 supercilii
1810 2471 2028 2514 consequente
2043 2494 2052 2509 ‚
2064 2471 2157 2514 Hip-

1313 2515 1451 2555 pocratis
1475 2514 1564 2548 locus
1588 2517 1786 2558 explicatus.
1801 2515 1890 2548 Ibid.

1268 2556 1318 2591 De
1342 2557 1450 2591 eadem
1474 2557 1514 2592 ab
1537 2558 1609 2593 aliis
1634 2560 1759 2593 causis.
1785 2559 1880 2591 XIII.
1903 2560 1935 2592 6.
1961 2568 2009 2592 11.
2041 2569 2086 2591 12.

1268 2599 1350 2675 Ea?
1392 2601 1582 2677 ΞΓζιῗιῐιῖὼηπεε
1626 2602 1795 2647 quomodo
1819 2601 1881 2635 fint
1913 2601 2156 2645 deprehenden-

1335 2655 1366 2676 ι.
1481 2669 1487 2675 .
1517 2656 1526 2677 1
1557 2670 1564 2678 .

1139 2686 1387 2730 Amputationis
1410 2689 1511 2721 cruris
1533 2657 1702 2728 {ancrolh
1725 2691 1757 2724 δι
1777 2699 1894 2724 eorum
1917 2699 1989 2732 quae
2012 2688 2154 2724 insecuta

1231 2729 1331 2770 sunt,
1353 2730 1502 2765 historia.
1530 2735 1569 2764 V.
1592 2744 1624 2775 4.

1141 2774 1499 2850 Amy}}d>{¹⁵’gcl³¹³d'
1525 2777 1589 2819 Eq.
1614 2778 1645 2809 &
1668 2776 1711 2810 R.
1736 2774 1921 2819 Chirurgus
1964 2776 2116 2811 laudatus
2143 2800 2151 2809 0

1140 2862 1301 2895 Anasarca
1323 2862 1492 2901 quomodo
1516 2873 1555 2896 ex
1577 2863 1721 2905 gelatina
1744 2862 1885 2907 quadarn
1898 2861 2153 2898 fierivideatur.

1231 2905 1415 2939 XXXVIII.
1441 2908 1491 2937 26.
1518 2916 1569 2946 27.

1270 2950 1577 3027 cuffbmtagsib'gst'
1602 2961 1668 2984 non
1700 2950 1806 2985 solum
1843 2950 1902 2984 sub
1936 2959 2013 2985 cute
2046 2949 2151 2984 sedern

1336 3004 1348 3024 ἃ
1377 3004 1391 3025 C
1420 3017 1428 3025 ·
1497 3005 1504 3025 1
1532 3019 1539 3026 .

1271 3032 1313 3068 In
1340 3049 1373 3068 ea
1398 3036 1539 3077 proficua
1586 3036 1653 3072 fuit
1698 3047 1795 3080 epota
1838 3036 1983 3080 juvencae
2028 3038 2154 3071 urina.

1322 3081 1505 3113 XXXVIII.
1533 3091 1580 3115 10.

1146 3123 1323 3159 Anatomes
1346 3123 1383 3157 ad
1407 3123 1541 3158 latentes
1564 3125 1755 3159 morborum
1778 3123 1884 3159 causas
1922 3123 2154 3167 dignoscendas

1235 3169 1384 3202 utilitas.
1415 3168 1574 3201 XLVIII.
1599 3171 1651 3211 64.

1279 3214 1311 3245 &
1329 3211 1368 3245 ad
1392 3220 1541 3245 externos
1562 3211 1787 3245 discernendos
1802 3234 1810 3242 .
1836 3212 1875 3242 L.
1901 3213 1952 3243 26.

1275 3255 1311 3287 ad
1338 3262 1497 3287 recentem
1519 3265 1703 3290 ozaenarum
1717 3254 1915 3298 quarundam
1927 3254 2130 3288 curationem
2144 3278 2153 3287 .
2216 3267 2220 3270 “

1145 3299 1568 3382 Αηεῑοωεὲζὲζῐὶῖςὲῗιὶὶονὶε
1593 3343 1630 3374 ad
1656 3340 1894 3383 praedicendum
1908 3362 1917 3378 ‚
1941 3340 2023 3374 &ad
2038 3351 2154 3375 curan«-

1230 3386 1308 3419 dum
1332 3384 1477 3417 utilitas.
1503 3386 1687 3416 XXXVIII.
1712 3398 1743 3427 7.

1272 3427 1432 3505 nef-egra?
1455 3427 1494 3461 ad
1518 3430 1707 3463 Anatomen
1734 3428 1910 3463 Prafflcam
1937 3453 1945 3461 .

1144 3516 1310 3564 Anatome·
1328 3482 1472 3548 ¹Pra‘cti'ca
1494 3513 1650 3557 quando,
1674 3517 1704 3548 3<
1737 3515 1793 3549 ubi
1828 3514 1986 3556 inceperit
2011 3537 2020 3546 .
2054 3514 2151 3548 Praef.

1229 3558 1462 3643 adalsslribuzgin
1476 3601 1570 3634 Italia
1584 3603 1723 3643 primurn
1738 3627 1746 3640 ,
1758 3604 1788 3634 δε
1806 3600 1887 3634 alibi
1900 3600 2028 3634 exculta
2044 3623 2051 3631 ·
2065 3600 2152 3634 Ibid.

1268 3655 1407 3689 quorum
1434 3645 1578 3686 plurimae
1603 3645 1670 3688 ejus
1694 3647 1818 3687 generis
1843 3646 2002 3688 perierint
2027 3643 2153 3678 Obser-

1316 3688 1460 3722 vationes
1474 3713 1482 3721 .
1507 3689 1594 3723 Ibid.

1976 3425 2077 3482 'Praef-
2114 3427 2154 3461 ad

2021 3741 2107 3773 quon
