2498 4075
447 122 544 190 298

378 212 435 245 per
458 205 568 239 urbem
592 202 767 246 vagabatur
794 228 803 243 ‚
831 213 868 237 ut
891 204 1014 237 nemini
1047 204 1178 245 quidem
1212 214 1342 240 noceret
1365 229 1374 245 ,

378 246 430 282 sed
453 247 681 291 improborum
704 245 909 289 injuriisipsa
931 245 1007 280 esset
1030 257 1232 287 opportuna.
1258 251 1373 291 Itaque

376 300 592 334 praeterquam
615 290 704 331 quod
728 299 800 323 ante
823 291 950 333 aliquot
974 289 1094 324 menses
1119 292 1266 331 peperisse
1288 292 1374 325 dice-

378 335 495 374 batur,
520 332 685 367 noviffirne
711 345 728 366 a
752 332 884 367 scelesto
905 333 1046 375 quodam
1059 332 1296 369 adolescentulo
1308 334 1376 378 ejus

373 387 471 420 caput
495 376 599 411 ferreo
622 375 745 421 pessulo
766 377 868 411 stium
891 375 1019 414 fuerat,
1044 387 1119 409 cum
1141 375 1269 412 decimo
1293 400 1302 415 ‚
1336 389 1376 412 an

372 420 542 455 undecimo
566 420 604 453 ab
627 419 694 452 ἱᾶιι
718 418 792 456 die,
815 430 880 453 non
903 418 967 453 fine
988 418 1126 454 concuffi
1149 422 1269 455 cerebri
1292 421 1376 455 indi-

372 465 455 502 ciis,
477 465 511 496 in
534 461 738 496 Nosocomio
762 471 889 496 mortua
913 463 973 497 est.
1107 464 1373 499 CADAVERE

375 507 410 539 in
433 504 647 547 Gymnasium
671 504 825 548 postridie
849 506 965 546 illato,
989 515 1026 541 ut
1048 515 1122 541 ante
1142 507 1308 542 Februarii
1332 508 1372 543 fi-

372 560 446 583 nem
469 550 655 584 Anatomen
678 547 873 583 absolverem
898 551 940 584 A.
969 550 1062 592 1728.
1088 551 1145 584 vix
1168 553 1217 585 uti
1240 552 1337 586 licuit
1363 576 1372 584 .

369 592 459 626 Nam
482 591 540 626 etsi
563 604 638 627 cum
661 591 807 627 intestina
820 590 947 628 detrahi
972 593 1226 637 juffi‚idoneum
1238 594 1312 629 satis
1325 595 1374 628 vi-

371 634 440 671 sum
464 635 529 672 est3
553 637 736 678 insequenti
768 647 873 671 tamen
895 637 948 669 die
972 637 1118 671 virebant
1135 637 1201 681 jam
1224 638 1374 681 pleraque

369 678 505 716 Ventris
519 679 640 716 viscera
652 703 659 711 .
676 680 757 714 Haec
769 680 981 716 nihilominus
994 681 1221 715 animadverti.
1232 682 1375 716 Craffior

370 718 437 761 erit
461 732 549 758 totus
573 724 657 757 uteri
679 722 818 758 fundus:
842 722 1026 766 grandiores
1049 723 1161 763 testes,
1193 726 1225 757 δι
1258 735 1375 758 rotun-

367 765 496 801 diores:
519 777 594 800 cum
617 766 736 801 horum
761 767 862 801 altero
883 777 1062 801 connatum
1085 776 1151 801 erat
1163 768 1289 810 penitus
1313 768 1374 802 suae

371 809 458 843 tubae
481 809 667 844 orificium.
693 809 808 843 Testes
831 819 936 844 autem
951 811 1008 853 ipsi
1019 810 1144 845 disseffi
1168 810 1253 845 nihil
1275 822 1372 853 pecu-

369 853 449 888 liare
472 853 696 893 ostenderunt,
719 852 779 888 nisi
805 852 892 896 quod
915 853 986 896 plus
1008 853 1171 889 habebant
1203 854 1370 895 humoris,

369 907 468 938 quam
492 896 633 932 soleant.
770 896 935 933 Thoracis
948 899 1077 941 utrique
1101 909 1204 932 caveae
1227 899 1371 940 aquain-

369 950 455 975 erat.
480 940 600 977 Cordis
623 939 779 985 posterior
801 939 899 976 facies
930 942 1032 976 virere
1063 940 1129 985 jam
1161 942 1336 983 incipiebat
1357 969 1370 975 -

426 1017 430 1019 r
499 985 609 1026 Caput
634 992 740 1017 autern
751 983 900 1027 pessime,
924 993 961 1018 ut
983 996 1040 1029 par
1052 994 1141 1023 erat,
1165 986 1250 1018 inter
1260 996 1371 1020 omnes

369 1034 478 1071 partes
515 1026 545 1060 se
577 1026 691 1060 habuit
719 1052 726 1060 .
759 1028 849 1064 Nam
882 1027 937 1060 etsi
981 1030 1131 1062 cranium
1173 1038 1242 1062 erat
1287 1030 1373 1062 inte-

370 1081 488 1113 grum3
512 1082 570 1117 pus
590 1081 696 1104 tamen
718 1073 803 1105 inter
824 1070 949 1114 ipsum,
973 1072 1160 1106 &Crassam
1171 1073 1373 1113 meningem‚

369 1119 417 1192 &st
436 1114 503 1151 liaec
545 1124 697 1161 praeterea
732 1115 819 1160 quasi
851 1114 1000 1161 sphacelo
1032 1114 1144 1151 astech
1184 1115 1375 1158 deprehensa

373 1171 389 1192 e
430 1183 439 1195 .
1026 1176 1040 1184 s

370 1220 374 1221 ν
416 1212 446 1246 ς.
471 1203 735 1238 Vulneratorum
756 1214 896 1246 corpora
907 1201 1044 1243 foetida3
1068 1202 1204 1242 viridia,
1230 1202 1373 1244 &putri-

369 1245 410 1279 da
437 1257 502 1279 non
526 1247 630 1281 multo
654 1247 723 1287 post
746 1257 885 1280 mortem
910 1246 1047 1289 persaepe
1070 1246 1140 1280 fieri
1155 1269 1168 1286 ‚
1191 1246 1374 1280 mirandum

369 1300 435 1324 non
459 1289 524 1328 est,
547 1301 621 1323 cum
645 1290 710 1323 ieta
744 1301 816 1332 pars
841 1289 907 1333 jam
940 1300 1017 1331 pure
1040 1313 1052 1330 ‚
1082 1292 1114 1323 &
1139 1289 1223 1323 sanie
1256 1288 1375 1323 scatere

367 1333 489 1375 coepit,
514 1335 544 1365 ὃ(
569 1333 674 1369 multo
698 1335 799 1376 magis
825 1332 971 1376 sphacelo
994 1333 1115 1375 corripi
1136 1355 1146 1373 ,
1184 1334 1270 1367 velut
1295 1332 1349 1366 hic
1365 1355 1372 1364 .

368 1379 476 1410 Pravae
500 1377 586 1411 enim
602 1400 613 1417 ,
636 1387 861 1420 corruptaeque
886 1377 1052 1420 particulae
1076 1388 1131 1419 per
1154 1376 1294 1419 venosa,
1318 1384 1373 1409 aut

369 1420 572 1464 lymphatica
597 1420 741 1465 disrupta
763 1420 889 1454 vascula
904 1420 1091 1463 sanguinem
1117 1420 1275 1460 subeunt,
1298 1431 1374 1453 cum

368 1476 470 1507 eoque
493 1475 548 1507 per
571 1476 666 1498 omne
688 1475 804 1506 corpus
828 1463 997 1499 feruntur.
1020 1463 1059 1497 ld
1093 1465 1128 1498 in
1152 1465 1268 1506 capitis
1290 1475 1374 1506 quo-

368 1520 431 1550 que
454 1509 641 1542 vulneribus
665 1508 775 1544 locum
798 1508 937 1544 habere,
960 1519 1026 1541 non
1051 1506 1143 1542 semel
1157 1508 1316 1547 vidimus,
1338 1508 1373 1540 in

369 1555 447 1585 Anu
470 1551 646 1593 praesertim
670 1563 791 1593 quarn,
814 1551 852 1585 de
876 1552 1053 1585 Sterilitate
1084 1552 1121 1585 ad
1145 1560 1177 1585 te
1201 1550 1373 1585 scribentes

369 1595 423 1637 (b
448 1598 457 1634 )
482 1596 827 1631 commemoravimus.
853 1595 1058 1636 Tempestate
1089 1596 1175 1629 enim
1207 1593 1374 1637 frigidiss-

370 1652 420 1676 ma
439 1664 449 1679 ,
473 1643 503 1672 &
526 1642 648 1674 ventris
671 1639 847 1673 visceribus
858 1639 927 1672 cito
937 1638 1109 1674 detratfitis,
1133 1638 1258 1681 septum
1271 1637 1375 1679 ipsum

367 1683 598 1719 Transversum
622 1684 719 1727 paulo
742 1681 811 1724 post
834 1682 1012 1715 virescebat
1036 1706 1043 1716 .
1084 1682 1167 1715 Haec
1190 1690 1295 1715 autern
1320 1693 1375 1714 eo-

366 1738 439 1762 rum
462 1727 669 1763 cadaveribus
693 1725 820 1761 facilius
844 1725 1017 1764 accidunt,
1041 1726 1099 1766 qui
1122 1724 1185 1758 five
1210 1725 1279 1758 aliis
1303 1735 1375 1767 par-

369 1771 480 1811 tibus,
502 1779 538 1805 ut
551 1772 657 1805 Aorta
680 1770 749 1805 erat
772 1769 904 1803 Vetulae
927 1768 1036 1805 illius,
1060 1766 1124 1802 sive
1146 1767 1222 1811 ipsis
1245 1766 1374 1801 dumta-

367 1825 424 1850 xat
448 1814 639 1852 humoribus
663 1823 736 1848 ante
761 1821 928 1855 acceptum
951 1811 1066 1845 vulnus
1102 1810 1139 1845 ad
1172 1810 1375 1852 putredinem

369 1859 467 1894 essent
490 1857 659 1902 dispositi.
684 1858 795 1899 Qem
819 1857 852 1889 in
877 1854 1142 1889 numerumhaud
1166 1855 1252 1888 secus
1265 1866 1299 1888 ac
1311 1856 1375 1889 Vi-

369 1914 441 1937 rum
464 1904 497 1939 in
521 1902 608 1938 oculi
633 1902 740 1935 orbita
751 1900 928 1933 sauciatum
946 1923 954 1937 ‚
977 1899 1094 1940 dequo
1119 1898 1279 1940 superiore
1293 1899 1373 1941 Epi-

371 1946 452 1982 stola
475 1951 488 1986 (
511 1959 526 1980 c
549 1951 562 1986 )
585 1946 741 1988 scripturn
765 1943 806 1977 est
821 1966 834 1984 ,
858 1941 1111 1986 agrestemillagn
1129 1943 1314 1975 Foeminam
1325 1952 1375 1977 re-

371 1991 452 2027 feres
473 1989 565 2033 cujus
589 1990 685 2034 paulo
709 1996 781 2021 ante
805 1991 815 2026 (
838 1985 891 2030 cl)
915 1984 1139 2020 dissec‘tionem
1151 1985 1374 2032 protulimus;

373 2045 473 2071 tantae
497 2035 584 2069 enim
595 2032 704 2069 odoris
715 2031 871 2074 gravitati
885 2041 949 2064 non
963 2028 1084 2063 satisin
1107 2030 1213 2071 capite
1236 2028 1373 2070 ejusmo-

370 2082 405 2115 di
430 2078 517 2113 laefio
540 2076 771 2120 respondebat:
796 2085 981 2117 quanquam
1006 2072 1073 2105 haec
1107 2083 1164 2107 cur
1198 2073 1305 2105 minor
1335 2082 1375 2105 ex

371 2134 460 2169 parte
485 2132 580 2165 quam
604 2121 693 2164 prius
716 2117 837 2156 fuerit,
863 2116 1039 2160 aliquando
1049 2115 1151 2149 videri
1167 2115 1278 2158 poffit,
1303 2126 1378 2148 curn

371 2180 409 2203 ex
434 2167 531 2203 modo
553 2165 648 2199 dictis
672 2163 783 2207 colligi
795 2162 894 2201 licet,
918 2171 988 2196 turn
1000 2159 1176 2194 dilucidius
1186 2158 1270 2193 infra
1292 2161 1307 2198 (
1330 2168 1345 2191 e
1366 2162 1380 2199 )

372 2213 591 2248 indicabitur.
1213 2236 1216 2241 ,
1298 2214 1301 2217 ’

416 2259 447 2290 6.
472 2253 688 2291 FcffiMlMAE
715 2252 807 2286 alteri
830 2249 940 2284 eadem
966 2255 1083 2286 aetate,
1106 2247 1156 2282 sed
1180 2247 1261 2280 bene
1294 2247 1379 2281 mul-

371 2304 414 2337 tis
448 2309 520 2335 ante
544 2299 652 2335 annis,
679 2295 713 2330 id
736 2296 779 2329 est
802 2296 847 2328 A.
876 2295 968 2340 17o6.
991 2293 1123 2326 vulnera
1153 2289 1280 2323 inflieta
1306 2290 1377 2324 fue-

376 2355 447 2381 rant
471 2344 537 2377 duo
559 2342 651 2375 brevi
674 2342 705 2373 ἅτ
727 2339 893 2373 incidente
918 2338 1027 2375 ἀει-το,
1051 2346 1116 2369 non
1149 2336 1246 2368 multi
1268 2343 1376 2368 tamen

373 2388 547 2433 ponderis,
572 2395 712 2428 quorum
736 2384 838 2416 altero
860 2380 928 2414 laesa
952 2390 1019 2414 erat
1043 2391 1077 2414 ea
1101 2390 1173 2421 pars
1195 2380 1377 2428 Temporaf

372 2435 412 2467 lis
435 2429 572 2464 musculi
595 2428 717 2461 dexteri
742 2437 813 2468 quae
838 2436 921 2465 pone
944 2424 1144 2465 Angularem
1166 2423 1377 2464 Zygomattci

373 2474 446 2510 offis
468 2471 678 2516 apophyfim‚
704 2479 740 2503 ut
765 2468 930 2502 vocabulis
953 2477 1024 2500 utar
1046 2466 1120 2500 Cel.
1153 2465 1340 2514 Winslowii
1365 2487 1378 2504 ‚

372 2518 508 2554 'condita
531 2516 599 2553 est·,
621 2514 758 2547 alterum
783 2513 951 2554 aliquanto
975 2518 1041 2543 erat
1065 2508 1201 2542 inferius
1224 2533 1231 2540 .
1267 2507 1380 2540 Ambo

374 2560 625 2597 tamenvulnera
649 2556 715 2601 jam
739 2554 839 2589 ferme
864 2553 902 2588 ad
913 2555 1095 2587 cicatricem
1108 2551 1260 2597 perdufia
1272 2561 1380 2587 erant,

377 2618 454 2641 cum
478 2605 594 2637 mulier
616 2604 646 2634 &
671 2600 784 2642 frigidi
808 2599 887 2632 aeris
910 2597 1039 2639 injuriis
1063 2596 1092 2629 se
1125 2595 1285 2636 objiciens
1309 2618 1321 2634 ,
1350 2596 1380 2627 &

374 2651 448 2685 duri
473 2648 539 2682 cibi
551 2644 775 2680 masticatione
788 2642 1021 2684 Temporalem
1036 2641 1160 2682 agitans
1172 2637 1353 2671 musculum
1371 2662 1380 2676 ,

375 2704 447 2728 tota
482 2701 560 2725 mox
582 2688 663 2723 facie
686 2687 777 2720 valde
809 2686 970 2719 extumuit
997 2709 1006 2723 ,
1039 2681 1200 2725 rigoribus
1233 2679 1381 2715 concussa

376 2738 418 2772 est
435 2759 443 2774 ,
468 2738 498 2769 δὲ
520 2732 715 2768 convulfivis
726 2730 764 2764 ad
787 2737 883 2771 caput
908 2728 1075 2764 motibus:
1100 2725 1164 2759 levi
1188 2725 1284 2757 etiam
1309 2725 1379 2757 sub-

374 2779 450 2815 inde
472 2785 618 2820 correpta
642 2775 758 2809 delirio
772 2797 784 2814 ,
805 2772 909 2807 donec
932 2774 1062 2805 stertens
1083 2792 1093 2808 ,
1125 2770 1159 2802 in
1183 2767 1378 2802 Bononiensi

375 2824 584 2858 Nosocomio
609 2821 637 2852 S.
664 2816 839 2852 Mariae-de
861 2817 976 2851 Morte
1008 2814 1151 2848 extincsta
1184 2811 1247 2859 est:

377 2867 542 2902 CAPUT
566 2875 630 2897 non
656 2862 780 2899 solum,
805 2858 856 2894 sed
879 2863 909 2893 &
934 2858 1010 2892 alias
1036 2857 1179 2891 mulieris
1190 2855 1284 2897 hulus
1305 2867 1376 2898 par.

377 2922 425 2946 tes
448 2907 601 2952 postridie
624 2904 776 2939 dissecans
801 2929 811 2945 ,
842 2905 900 2947 qui
932 2901 998 2936 dies
1022 2899 1086 2935 fuit
1119 2899 1158 2934 ad
1192 2899 1276 2932 VII.
1299 2900 1375 2934 Kal.

379 2954 532 2995 Apriles,
555 2951 623 2984 haec
643 2950 785 2991 primum
807 2948 842 2980 in
865 2946 1057 2989 genitalibus
1080 2954 1193 2985 praeter
1228 2951 1376 2976 naturam

380 2994 612 3031 animadverti.
637 2992 784 3026 Testium
808 2992 899 3024 alteri
910 2990 1007 3032 cystis
1019 2999 1116 3030 parva
1139 2988 1242 3020 inerat
1264 2997 1302 3019 ex
1314 2986 1376 3036 fla-

377 3053 422 3075 vo
446 3041 575 3076 virens,
598 3037 631 3069 in
654 3048 717 3078 qua
742 3035 892 3078 globulus
915 3031 1004 3076 quasi
1028 3031 1191 3074 sanguinis
1213 3039 1375 3069 concreti,

381 3083 491 3119 nescio
513 3079 594 3124 quid
617 3080 710 3113 rutili
734 3082 767 3112 in
790 3087 901 3112 centro
911 3076 1080 3111 habentis.
1106 3076 1229 3108 Uterus
1250 3072 1377 3107 craffio-

379 3129 469 3164 ribus
491 3134 560 3159 erat
583 3123 782 3165 parietibus,
805 3123 959 3155 interiore
982 3120 1091 3153 tunica
1115 3118 1186 3151 laxa
1207 3139 1216 3156 ,
1235 3115 1291 3151 sub
1313 3128 1376 3159 qua

378 3172 505 3213 aliquot
531 3169 610 3202 locis
633 3165 811 3210 sanguineae
844 3173 944 3206 guttae
976 3162 1269 3210 transpiciebantur
1292 3184 1302 3200 ,
1338 3171 1377 3194 an

380 3213 470 3258 quod
494 3211 648 3246 menstrua
673 3211 824 3253 purgatio
849 3204 1060 3241 adventaret?
1083 3216 1121 3238 an
1155 3213 1263 3247 potius
1287 3204 1377 3246 quod

381 3268 491 3292 uterus
515 3266 578 3288 non
601 3255 681 3288 bene
705 3253 849 3287 valeret?
873 3263 946 3284 nam
970 3251 1061 3289 alba,
1085 3247 1126 3281 fic
1151 3249 1223 3281 satis
1249 3246 1377 3285 fluida,

379 3301 511 3335 materia
523 3297 630 3341 passim
653 3299 738 3330 inter
759 3296 901 3329 valvulas
912 3292 1265 3328 cervicisoccurrebat,
1289 3289 1375 3333 quasi

379 3344 495 3379 mulier
520 3344 647 3376 uterino
670 3341 774 3374 fluore
796 3341 973 3372 laboraret:
1000 3340 1030 3370 ὅ(
1054 3337 1122 3369 sane
1144 3334 1292 3372 osculum
1307 3343 1379 3383 ute.

379 3391 405 3423 ri
430 3388 532 3420 laxius
555 3394 621 3419 erat
644 3395 742 3427 quam
764 3383 902 3425 subjerfta
928 3381 1043 3422 vagina
1068 3378 1199 3421 ejusque
1212 3377 1376 3427 orificium

378 3431 600 3475 requirerent,
623 3429 774 3469 idemque
798 3424 960 3470 superficie
982 3434 1072 3472 tenus
1082 3433 1236 3463 tanquam
1262 3422 1377 3454 abacti

375 3474 505 3509 materia
518 3470 664 3505 nonnihil
678 3471 785 3503 laesum
798 3494 806 3501 .
938 3468 1090 3500 Calvaria
1103 3474 1209 3508 aperta
1222 3491 1232 3506 ‚
1256 3466 1377 3515 Duram

377 3519 561 3559 meningem
584 3514 762 3549 crassiorem
783 3512 920 3553 fassam,
941 3513 972 3543 δέ
997 3509 1086 3553 quasi
1109 3521 1126 3543 a
1149 3509 1288 3552 guttulis
1312 3506 1379 3542 san.

676 121 833 176 Liber
865 121 954 176 IV.
975 122 1072 176 'De
1093 121 1315 177 Morbis
1341 122 1697 195 chirurgicis,
1729 125 1785 177 δι
1821 123 2214 181 Universalibus

1424 206 1555 247 guinis,
1580 217 1657 248 quas
1682 216 1789 240 tamen
1812 205 1987 248 abstergere
2011 212 2074 240 non
2099 207 2198 248 posses
2221 229 2231 244 ,
2265 208 2319 243 hic
2351 207 2420 241 illic

1425 249 1591 282 rubentem
1615 249 1880 292 deprehendimus
1915 260 1979 282 non
2012 260 2079 283 uno
2101 249 2174 284 loco
2205 261 2268 294 qua
2297 253 2422 287 cerebri

1426 292 1491 325 basi
1515 292 1710 334 subjicitur,
1736 302 1773 326 ut
1796 293 1834 326 ad
1858 294 1955 326 latera
1980 291 2060 326 sellae
2092 293 2242 328 Turcicae
2263 317 2276 335 ,
2308 298 2339 328 ὃ(
2363 294 2420 327 sub

1426 334 1494 377 ipsa
1517 335 1667 377 glandula
1691 337 1862 370 l’ituitaria
1887 360 1897 375 ,
1930 335 1980 369 sed
2003 335 2157 379 nusquam
2189 342 2290 379 magis
2320 349 2421 380 quarn

1428 378 1486 412 sub
1507 380 1641 413 dextero
1663 380 1821 413 anteriore
1842 379 1964 413 cerebri
1986 378 2081 412 lobo.
2108 380 2173 413 Sub
2194 391 2260 423 quo
2283 402 2306 418 2,
2328 384 2359 414 δε
2383 381 2424 414 ad

1427 423 1510 456 latus
1532 434 1662 467 quoque
1685 432 1854 460 externum
1876 421 2015 464 ejusdem
2039 422 2109 455 lobi
2132 424 2219 463 inter
2251 432 2421 468 utramque

1427 466 1609 508 meningem
1632 477 1691 507 pus
1714 475 1781 499 erat
1803 476 1844 501 ex
1865 463 2012 499 subflavo
2035 465 2073 499 ad
2096 467 2258 501 cinereum
2277 468 2421 503 colorem

1422 520 1573 551 vergens.
1599 508 1782 544 Substantia
1796 518 1900 542 tamen
1912 509 2057 546 cerebri,
2080 511 2110 542 δι
2132 519 2245 543 caetera
2267 520 2338 552 quae
2350 510 2422 546 sunt

1423 553 1509 586 intra
1532 555 1676 586 cranium
1700 576 1713 593 ,
1746 562 1837 586 erant
1859 552 1957 585 illaesa
1981 564 1991 590 3
2023 551 2080 586 etsi
2111 553 2208 594 paulo
2241 553 2423 595 turgidiora.

1427 596 1622 638 apparebant
1644 595 1822 639 sanguifera
1845 596 1915 629 vasa
1938 606 2009 638 quae
2039 607 2093 638 per
2125 597 2273 630 Tenuem
2296 598 2423 631 menin÷

1427 651 1500 683 gem
1522 640 1718 677 decurrunt,
1741 641 1771 672 δι
1796 638 1853 672 sub
1875 638 1935 673 hac
1959 650 2039 682 aqua
2049 648 2117 672 erat
2139 651 2259 682 pauca,
2285 650 2320 673 ut
2345 651 2423 682 pau—

1425 694 1460 715 ca
1484 695 1612 725 quoque
1627 705 1635 719 ‚
1660 687 1691 716 &
1714 682 1870 716 subrubra
1884 683 1917 715 in
1934 682 2132 716 Lateralibus
2155 683 2274 717 cerebri
2298 685 2424 716 ventri-

1426 727 1528 764 culis,
1553 730 1583 760 &
1606 726 1763 769 polyposa
1787 726 1954 760 concretio
1977 727 2010 758 in
2045 726 2213 768 superiore
2247 726 2350 759 Falcis
2373 729 2424 759 Si-

1425 775 1473 804 nu‘
1493 794 1500 801 .
1532 772 1618 803 Cum
1653 771 1738 803 viam
1761 781 1816 813 per
1837 780 1935 812 quarn
1968 780 2026 811 pus
2048 779 2087 801 ex
2110 769 2238 803 vulnere
2270 769 2422 811 potuisset

1427 815 1572 847 cranium
1597 813 1701 846 subire
1723 836 1733 851 ‚
1766 814 1939 853 diligenter
1959 822 2172 856 quaererernus
2196 826 2206 850 ς
2239 812 2303 847 ossa
2326 812 2423 856 hujus

1425 858 1536 890 omnia
1560 856 1598 890 ab
1620 857 1772 890 interiore
1795 856 1876 890 facie
1898 864 2062 898 comperta
2086 854 2166 889 sunt·
2183 856 2309 898 prorsus
2341 857 2424 890 illae-

1425 901 1454 933 sa
1469 925 1476 932 .
1501 901 1600 934 Tunc
1623 911 1700 933 vero
1723 900 1761 933 ad
1785 900 1943 934 exteriora
1968 898 2183 942 perlustranda
2197 899 2421 935 transivimus.

1423 944 1488 977 Sub
1510 944 1637 977 vulnere
1661 942 1843 986 superiore3
1865 942 1999 978 inferius
2022 944 2125 980 enim,
2150 944 2254 977 minus
2286 942 2424 986 profun-

1422 986 1522 1026 dum,
1545 986 1698 1021 aliorsum
1721 987 1895 1025 tendebat3
1919 997 2033 1020 cavum
2054 996 2122 1019 erat
2144 989 2267 1020 circum
2296 987 2389 1029 ,quod
2411 1010 2424 1026 ,

1424 1034 1455 1063 &
1477 1033 1510 1063 in
1533 1042 1598 1072 quo
1623 1041 1682 1072 pus
1706 1030 1894 1073 stagnabat:
1917 1042 1973 1073 per
1997 1029 2082 1070 quod
2095 1040 2230 1066 cavum,
2253 1040 2328 1063 cum
2353 1041 2425 1064 mu-

1425 1074 1483 1107 lier
1505 1075 1653 1114 viveret,
1677 1073 1809 1115 specillo
1831 1073 1974 1107 immisso
1985 1073 2166 1114 Chirurgus
2178 1074 2310 1114 quidam
2333 1073 2420 1108 intra

1425 1119 1572 1151 cranium
1595 1117 1624 1150 se
1647 1118 1839 1159 pervenisse,
1863 1117 2010 1151 dicebat.
2035 1117 2078 1149 Et
2109 1117 2160 1150 via
2185 1117 2256 1150 sane
2279 1128 2334 1160 per
2356 1128 2392 1150 os
2415 1142 2425 1157 ‚

1427 1173 1442 1194 a
1467 1161 1594 1194 vulnere
1620 1160 1842 1202 perforatum,
1866 1172 1905 1195 ex
1927 1172 1966 1194 eo
1989 1169 2067 1193 cavo
2091 1169 2158 1193 erat
2182 1162 2276 1203 puri,
2301 1170 2366 1193 non
2389 1161 2425 1194 in

1424 1206 1570 1237 cranium
1592 1213 1720 1242 tamen,
1745 1203 1796 1238 sed
1819 1206 1855 1238 in
1879 1204 1966 1238 oculi
1990 1201 2150 1238 orbitam:
2174 1215 2244 1245 quae
2262 1215 2309 1237 res
2333 1205 2424 1238 tenui

1425 1247 1613 1281 discrimine
1636 1248 1839 1289 Chirurgurn
1864 1247 2029 1288 deceperat
2053 1270 2062 1278 .
2095 1248 2146 1279 Ex
2176 1247 2285 1281 orbita
2310 1258 2387 1280 vero
2414 1273 2424 1288 ‚

1426 1291 1481 1324 ubi
1505 1302 1635 1334 quoque
1653 1302 1711 1333 pus
1734 1300 1897 1334 repertum
1920 1290 1986 1331 est,
2009 1301 2077 1332 quo
2099 1290 2215 1322 itinere
2236 1289 2424 1323 tradustum

1426 1334 1498 1368 esset
1521 1336 1553 1367 in
1578 1336 1746 1374 cranium,
1768 1336 1894 1368 nullum
1905 1334 2043 1368 omnino
2066 1342 2132 1366 erat
2156 1332 2337 1373 indicium,
2359 1333 2423 1367 five

1425 1378 1583 1412 naturalia
1604 1377 1852 1421 inspeetaremus
1864 1378 1934 1411 fora
1942 1379 2049 1416 mina,
2074 1376 2137 1410 five
2151 1388 2221 1419 quae
2234 1376 2321 1410 forte
2334 1387 2424 1410 mor-

1422 1421 1457 1455 bi
1482 1424 1515 1454 vi
1539 1430 1645 1464 aperta
1669 1420 1819 1458 fuissent,
1844 1422 2120 1464 perquireremus;
2147 1419 2325 1462 praesertim
2348 1430 2425 1457 cum

1425 1466 1516 1498 Dura
1541 1465 1672 1498 meninx
1693 1464 1848 1508 nusquam
1869 1464 1960 1498 erosa
1972 1464 2209 1505 conspiceretur
2225 1487 2233 1495 .
2258 1463 2343 1500 Quae
2354 1466 2425 1497 ani.

1425 1507 1601 1542 madversio
1625 1507 1707 1543 adid
1719 1509 1819 1542 etiam
1831 1509 1955 1547 valuit,
1979 1520 2016 1541 ne
2029 1518 2083 1549 per
2095 1507 2308 1541 tenuiffimam
2320 1519 2425 1550 quan-

1424 1551 1496 1585 dam
1521 1554 1637 1585 rimam
1649 1563 1707 1594 pus
1721 1551 1894 1590 transiisse,
1917 1551 2136 1589 crederemus,
2161 1561 2232 1593 quae
2256 1551 2425 1593 postquam

1426 1594 1548 1637 scalpro
1571 1596 1709 1638 denique
1730 1595 1842 1629 adacto
1858 1618 1867 1634 ‚
1891 1595 2005 1629 orbitae
2028 1592 2187 1628 fornicem
2203 1593 2408 1630 elevassemus

1426 1639 1460 1672 in
1485 1639 1548 1673 hoc
1574 1638 1674 1673 videri
1706 1639 1773 1673 visa
1796 1639 1860 1672 est.

1474 1695 1504 1726 7.
1531 1684 1688 1715 Attamen
1712 1682 1745 1716 in
1770 1681 1949 1718 istiusmodi
1972 1679 2341 1725 perquisitionibu'squae
2363 1680 2427 1716 sive

1426 1729 1462 1761 in
1487 1726 1699 1764 viventibus,
1724 1726 1787 1759 five
1808 1726 1843 1759 in
1868 1727 2005 1759 mortuis
2028 1725 2131 1763 fiunt,
2156 1735 2191 1758 ut
2212 1727 2246 1758 in
2278 1726 2344 1760 illis
2381 1728 2425 1758 vi.

1427 1770 1567 1805 dendum
1590 1767 1656 1806 est,
1680 1779 1720 1801 ne
1743 1769 1801 1802 ubi
1825 1768 1896 1803 duae
1919 1769 2077 1801 naturales
2101 1775 2203 1802 caveae‘
2214 1770 2304 1802 tenui
2325 1770 2428 1802 inter-

1426 1814 1516 1856 septo
1537 1812 1787 1856 disjunguntur,
1812 1812 1978 1854 specillum
1990 1812 2078 1854 quod
2101 1813 2135 1844 in
2160 1810 2291 1844 alteram
2315 1823 2426 1854 perve-

1426 1861 1500 1897 nit,
1524 1856 1656 1889 alteram
1681 1854 1830 1893 subiisse,
1853 1865 2055 1898 praepropere
2079 1853 2316 1893 existimemus;
2337 1856 2382 1888 ita
2394 1857 2429 1889 in

1426 1902 1477 1935 his
1499 1899 1623 1941 praestat
1648 1898 1772 1939 scalpro
1796 1899 1974 1940 malleoque
1986 1897 2161 1936 abstinere,
2187 1909 2225 1932 ne
2247 1898 2337 1941 fiqua
2359 1897 2430 1933 for-

1425 1954 1459 1979 te
1482 1945 1564 1976 rima
1592 1941 1620 1976 se
1645 1942 1785 1985 prodat,
1808 1942 1872 1975 ulla
1895 1941 1955 1975 esse
1979 1940 2070 1983 poffit
2103 1942 2290 1980 dubitatio,
2311 1942 2429 1976 nostrae

1428 1986 1619 2023 violentiae,
1643 1997 1681 2019 an
1707 1994 1839 2027 accepto
1862 1986 1944 2018 ictui
1966 1984 2138 2023 debeatur3
2163 1993 2198 2018 ut
2222 1985 2309 2019 nulla
2342 1995 2430 2019 certe

1429 2031 1615 2064 alterutrius
1637 2030 1761 2075 generis
1784 2029 1818 2061 in
1841 2040 1880 2063 eo
1902 2027 1966 2062 fuit
1989 2039 2087 2070 quem
2105 2030 2212 2072 paucis
2235 2026 2305 2072 post
2316 2028 2430 2063 diebus

1429 2074 1550 2108 ibidem
1574 2073 1713 2114 periecui
1729 2096 1736 2104 .

1474 2117 1504 2150 8.
1529 2115 1682 2149 SENEX
1704 2124 1772 2148 erat
1796 2126 1915 2158 magno
1926 2123 2086 2157 corpore,
2110 2112 2199 2149 flavo
2221 2116 2348 2155 colore,
2371 2117 2430 2159 qui

1424 2162 1506 2196 alias
1530 2171 1588 2201 pro
1611 2158 1800 2204 asthmatico
1821 2169 1950 2193 curatus
1973 2158 2075 2192 fuerat
2100 2182 2108 2189 .
2146 2160 2178 2193 Is
2200 2171 2275 2193 cum
2301 2159 2340 2193 ab
2363 2162 2430 2193 alto

1430 2205 1542 2240 cadens
1568 2201 1705 2237 allifisset
1726 2202 1768 2236 ad
1791 2202 1898 2236 saxum
1923 2202 2060 2244 finciput
2071 2202 2263 2242 dexterum3
2288 2204 2432 2237 vulneris

1428 2246 1518 2292 quod
1540 2246 1613 2279 inde
1625 2247 1799 2284 retulerat,
1822 2247 2036 2279 curatiobene
2060 2246 2228 2286 procedere
2239 2247 2432 2286 videbatur,

1428 2303 1503 2326 cum
1526 2291 1611 2331 circa
1635 2291 1843 2324 undecimum
1865 2290 1951 2323 diem
1975 2288 2246 2331 acceffitspirandi
2261 2290 2432 2324 difficultas

1429 2347 1503 2369 cum
1527 2336 1680 2368 stertore.
1708 2333 1830 2366 Nullus
1853 2335 1886 2366 in
1910 2333 2042 2367 thorace
2065 2332 2159 2366 dolor
2183 2358 2192 2367 .
2225 2334 2432 2377 Qerebatur

1430 2379 1540 2421 potius
1563 2376 1676 2410 affidue
1699 2377 1737 2411 de
1762 2375 1896 2410 molesto
1918 2376 2060 2420 quodam
2082 2376 2171 2409 sensu
2205 2377 2290 2411 infra
2324 2377 2430 2420 ipsum

1430 2419 1715 2465 hypochondrium
1739 2419 1905 2453 dexterum
1930 2445 1937 2452 .
1970 2421 2078 2458 Quem
2102 2419 2139 2453 ad
2169 2419 2276 2454 locum
2298 2422 2430 2456 admota

1430 2476 1527 2498 manu
1547 2485 1557 2501 ,
1590 2463 1845 2507 percipiebamus
1879 2462 1966 2506 quasi
2001 2463 2157 2497 bullulam
2189 2475 2228 2497 ex
2250 2465 2316 2498 istis
2350 2476 2431 2507 quas

1431 2509 1541 2551 pluvia
1564 2507 1598 2539 in
1622 2507 1785 2550 superficie
1809 2519 1824 2539 a
1851 2518 1897 2540 uae
1922 2507 2064 2545 excitat,
2086 2518 2159 2550 quae
2186 2507 2305 2540 alterne
2328 2507 2357 2541 se
2381 2518 2431 2540 at-

1431 2551 1582 2588 tolleret,
1606 2563 1641 2584 ac
1665 2549 1772 2584 statim
1805 2518 1998 2589 siiissideret,
2024 2562 2164 2592 moxque
2196 2550 2312 2584 rediret
2327 2576 2335 2591 ‚
2359 2552 2431 2584 abi-

1431 2604 1562 2637 retque‚
1588 2594 1698 2628 eodem
1720 2594 1843 2636 semper
1866 2593 1939 2626 loco
1950 2595 2093 2627 servato.
2119 2592 2243 2626 Interea
2267 2594 2430 2635 caputbc-

1432 2650 1471 2672 ne
1497 2639 1599 2671 valere
1621 2637 1811 2671 videbatur:
1837 2635 1887 2669 sed
1899 2637 2001 2670 homo
2024 2636 2166 2671 dormire
2189 2647 2252 2670 non
2278 2648 2405 2680 poterat
2420 2661 2430 2678 ,

1432 2684 1463 2715 δε
1484 2679 1664 2715 convulfivi
1686 2681 1723 2715 ad
1747 2691 1860 2722 carpos
1883 2679 2044 2714 subsultus
2076 2679 2202 2720 pulsum
2228 2681 2430 2723 exploranti-

1432 2727 1492 2760 bus
1505 2725 1733 2759 occurrebant.
1751 2724 1820 2764 Qi
1831 2745 1840 2761 ,
1864 2732 1900 2757 ut
1913 2722 2035 2765 semper
2046 2746 2058 2763 ,
2080 2722 2231 2769 ¹frequens
2243 2747 2255 2765 ,
2278 2735 2361 2757 nunc
2375 2737 2430 2758 ve-

1431 2780 1469 2802 ro
1490 2770 1588 2802 etiam
1613 2779 1727 2808 parvus
1751 2767 1852 2801 faetus
1875 2775 1962 2800 erat.
1987 2769 2098 2809 Itaque
2122 2767 2207 2800 intra
2231 2779 2331 2801 unum
2352 2791 2365 2808 ,
2397 2771 2429 2801 δί

1428 2812 1564 2846 alterurn
1585 2811 1673 2846 diem
1698 2812 1737 2844 ab
1760 2810 1900 2845 difficilis
1924 2808 2145 2850 respirationis
2169 2810 2310 2845 adventu
2343 2823 2429 2845 mors

1428 2856 1550 2890 acceffit
1574 2876 1583 2886 -
1712 2853 1988 2888 CADAVERIS
2011 2862 2077 2886 erat
2107 2852 2280 2888 distentum
2313 2855 2429 2889 Abdo-

1427 2911 1519 2934 men.
1545 2898 1645 2938 Quod
1668 2909 1741 2932 cum
1763 2896 1977 2933 diduxiffem;
2001 2896 2218 2935 ventriculus,
2243 2900 2275 2930 &
2308 2898 2429 2932 intesti-

1427 2955 1467 2977 na
1492 2954 1561 2976 aere
1582 2943 1712 2984 turgida
1735 2942 1764 2976 se
1788 2940 1817 2975 se
1841 2938 2069 2980 ostenderunt,
2094 2942 2127 2973 &
2158 2952 2196 2974 ex
2218 2940 2267 2974 his
2299 2942 2428 2975 Tenuia
2461 2978 2463 2980 ,

1427 2986 1569 3029 quodam
1592 2985 1666 3020 loco
1687 2984 1775 3028 quasi
1799 2984 2003 3019 inflammata
2018 3006 2027 3022 ,
2051 2995 2109 3017 nec
2132 2983 2197 3018 fine
2220 2985 2331 3025 aliquo
2364 2985 2430 3018 foe-

1427 3029 1638 3073 tore-Jecur
1661 3028 1899 3063 duriusculum.
1924 3028 2005 3060 Lien
2029 3026 2108 3060 adeo
2140 3027 2255 3068 laxus,
2278 3037 2313 3061 ut
2338 3029 2429 3062 nullo

1427 3074 1561 3115 negotio
1582 3072 1696 3115 digitis
1720 3071 1819 3114 posset
1840 3070 2000 3112 discerpi.
2024 3071 2185 3110 Hernias,
2207 3073 2238 3105 δε
2261 3069 2398 3106 laceram
2412 3088 2429 3107 a

1428 3118 1537 3159 pylori
1561 3116 1678 3150 annulo
1689 3115 1879 3159 pendentem
1901 3115 2071 3152 laciniam,
2096 3114 2216 3157 quippe
2239 3116 2316 3148 alibi
2341 3114 2428 3158 (f)

1429 3161 1502 3194 satis
1524 3159 1718 3202 descriptas,
1739 3168 1775 3192 ut
1799 3158 1937 3192 undenas
1959 3169 2089 3200 quoque
2112 3157 2243 3199 singulis
2265 3159 2300 3191 in
2324 3160 2429 3192 lateri-

1428 3204 1491 3237 bus
1514 3202 1633 3242 costas,
1659 3204 1693 3236 in
1719 3201 1917 3235 Adversariis
1940 3204 1993 3244 (g
2014 3204 2028 3241 )
2059 3210 2269 3239 memoratas,
2296 3212 2429 3245 praeter-

1427 3248 1547 3284 mitto,
1572 3258 1645 3280 curn
1664 3246 1743 3283 ,satis
1766 3245 1817 3278 hic
1840 3245 1878 3278 sit
1901 3245 2063 3282 indicare,
2087 3245 2121 3277 in
2141 3242 2203 3277 hoc
2215 3244 2347 3279 homine
2373 3248 2428 3280 illa

1430 3289 1541 3324 fuisse.
1565 3289 1605 3323 In
1629 3287 1829 3332 Thyroidaea
1854 3297 1961 3322 autem
1983 3286 2132 3333 glandula
2156 3287 2224 3321 lobi
2237 3289 2365 3323 alterius
2380 3292 2426 3322 in-

1430 3334 1582 3367 feriorem
1606 3342 1728 3376 partem
1743 3332 1915 3373 globulum
1927 3331 2157 3373 majusculum,
2180 3331 2324 3374 duosque
2347 3334 2425 3366 item

1430 3378 1509 3411 alios
1533 3375 1672 3410 habuisse
1695 3377 1775 3409 lenti
1798 3375 1943 3408 humoris
1953 3375 2085 3417 plenos,
2108 3373 2231 3407 idcirco
2255 3385 2425 3418 praetereo,

1427 3420 1516 3461 quod
1528 3421 1559 3452 in
1572 3420 1641 3452 aliis
1653 3419 1763 3461 saepius
1777 3418 1933 3461 ejusmodi
1956 3428 2003 3451 res
2024 3420 2295 3453 commemoravi.

1429 3463 1580 3497 Thorace
1597 3473 1668 3505 quae
1681 3464 1926 3496 continerentur
1937 3486 1947 3501 ‚
1971 3459 2097 3504 praestat
2110 3459 2287 3496 adscribere
2299 3485 2306 3493 .
2320 3464 2426 3496 Ante-

1430 3507 1495 3540 rior
1520 3507 1712 3549 pulmonum
1735 3507 1828 3540 sacies
1850 3514 1917 3539 erat
1940 3516 1996 3547 per
2028 3504 2229 3539 membranas
2254 3506 2291 3540 ad
2315 3505 2425 3547 peetus

2286 3558 2381 3581 anne-

372 3639 2413 3662 fflffl——ffl

500 3709 764 3768 {apimaffimaffi
825 3707 992 3737 (c)n.572
1052 3703 1204 3733 (d)n.2.
1264 3700 1408 3731 (elma

562 3756 567 3763 .
585 3740 698 3763 Animad.
716 3747 753 3768 3²·
772 3738 795 3762 'm
812 3738 853 3763 fin.

1471 3698 1515 3730 (f
1527 3700 1537 3733 )
1554 3699 1628 3731 Epist·
1643 3705 1683 3730 43„
1701 3706 1726 3724 n·
1745 3706 1780 3730 31·
1798 3700 1820 3724 Bc
1838 3697 1913 3728 Epist·
1929 3705 1967 3731 ²9·
1983 3707 2006 3726 n.
2024 3706 2061 3729 17·
