2498 4075
359 192 519 238 plurimas
542 214 551 229 ,
576 189 676 223 foetus
698 191 756 232 qui
781 188 1006 233 expectabatur
1029 210 1039 224 ,
1063 189 1135 224 loco
1158 211 1168 226 ‚
1192 193 1224 223 Sc
1247 191 1366 224 A-lber-

363 240 470 270 tinum
502 235 558 268 sub
591 234 725 266 initium
760 236 803 266 A.
831 243 921 274 1724-
957 231 1050 264 semel
1076 253 1084 268 ‚
1118 241 1214 273 atque
1246 234 1365 267 iteruin

362 280 477 314 mensis
501 277 673 311 intervallo
696 288 712 309 a
736 276 870 310 foemina
894 274 1031 317 quadam
1058 285 1123 308 non
1157 275 1220 310 sine
1244 276 1333 309 febre
1357 302 1366 316 ,

363 322 518 365 iaevil'que
541 319 708 354 doloribus
731 319 888 353 exclusam
914 316 1026 351 vidisse
1059 321 1218 360 aggeriem
1244 319 1370 354 vesicu-

361 370 467 403 hrum
488 387 498 403 ,
521 376 592 406 quae
615 363 706 395 rubri
729 361 836 397 ribesii
860 361 997 404 majores
1019 362 1126 394 acinos
1152 388 1162 402 ,
1197 363 1256 396 nisi
1280 364 1368 405 quod

363 412 472 446 colore
496 416 586 440 erant
609 406 706 449 paulo
727 406 884 441 dilutiore
906 428 915 443 ,
947 403 1050 446 figura
1073 429 1081 443 ‚
1103 407 1133 437 δι
1156 405 1368 449 dispofitione

364 454 548 488 referebant
572 463 583 482 .·
617 461 673 483 nec
699 461 774 482 vero
796 449 887 482 color
919 447 995 482 alias
1017 446 1110 481 fuisse
1132 449 1204 482 istas
1235 461 1270 485 ac
1295 451 1368 483 alias

364 499 403 531 de
427 496 546 539 quibus
578 493 744 534 loquimur
771 513 781 529 ,
817 491 968 525 vesiculas
991 513 1001 528 ‚
1036 490 1172 526 ostendit
1196 516 1208 533 ‚
1238 494 1368 535 quando

364 551 429 574 non
453 538 599 579 Tulpius
622 536 720 570 modo
748 537 799 578 (q
823 539 833 573 )
857 535 1012 578 quasdam
1034 545 1105 577 quae
1130 547 1210 577 aqua
1231 548 1335 571 crocea
1357 560 1366 576 ‚

362 582 412 617 sed
436 584 467 614 δέ
492 580 655 614 Lancisius
679 580 730 622 (r
752 584 765 618 )
787 579 862 612 alias
883 590 955 621 quae
977 579 1011 611 in
1035 589 1100 610 uno
1124 579 1299 627 eodemque
1324 592 1371 613 ra-

362 637 455 661 cemo
477 626 562 657 inter
583 634 714 657 caeteras
737 623 877 665 limpido
895 645 907 661 ‚
940 631 994 654 aut
1019 619 1164 655 subflavo
1187 622 1283 656 latice
1307 625 1370 666 ple-

362 681 437 707 nas,
458 665 613 711 sub-rubro
636 666 739 700 veluti
761 677 868 699 cruore
889 663 1152 701 distendebantur
1171 690 1180 703 ‚
1204 665 1266 700 huc
1293 669 1371 701 atti-

364 712 488 749 nuiffe,
515 722 579 744 non
602 710 796 743 dubitarunt
819 730 828 746 ‚
861 717 898 742 ut
922 719 1025 751 neque
1049 708 1103 740 ci.
1127 709 1204 742 Viri
1227 710 1371 754 Magne-

363 760 436 790 uius
459 755 516 797 (s
531 758 541 792 )
556 777 567 793 ‚
592 751 783 795 Dechiappa
806 757 819 792 (
842 759 856 784 t
879 755 920 791 )‚
938 754 974 797 ¹&
988 751 1234 800 Gutei·mannus
1257 756 1271 792 (
1292 766 1311 787 u
1335 758 1366 793 ),

360 810 501 843 quorum
526 797 579 831 hic
603 798 636 829 in
660 795 856 837 quibusdam
879 794 1077 836 majoribus,
1103 796 1182 829 alter
1204 797 1238 828 in
1261 801 1368 834 onini-

360 844 442 880 bus3
465 851 579 875 omnes
602 841 689 873 enim
713 849 803 872 erant
827 838 988 881 majorem
1005 839 1231 880 sanguineam,
1255 841 1306 874 vel
1319 853 1367 874 νιι-

359 886 473 920 bellam
495 885 583 917 intus
613 882 767 916 maculam
790 882 1025 924 conspexerunt
1048 903 1058 919 ‚
1094 882 1287 924 Magnenius
1312 896 1368 918 au-

359 940 426 963 tem
452 930 485 962 in
510 928 608 961 altera
631 928 717 960 mola
741 926 911 959 nonnullas
928 924 1132 967 flavescentes
1155 947 1165 963 ,
1196 925 1273 959 duas
1297 937 1366 960 tan-

358 983 452 1009 tum,
477 980 530 1005 aut
554 980 619 1003 tres
641 971 781 1003 exterius
804 968 1017 1011 rubescentes,
1041 968 1074 1001 in
1101 968 1200 1002 altera
1224 968 1365 1010 eiusdem

359 1016 505 1049 mulieris
527 1024 637 1047 omnes
657 1026 666 1049 ·‚
699 1025 771 1053 ψη
795 1022 884 1046 erant
918 1013 1095 1045 innunierae
1110 1037 1118 1051 ,
1142 1014 1172 1044 δέ
1195 1013 1334 1047 miliares
1357 1029 1366 1051 ;

357 1056 622 1100 rltbicundzffimas
644 1056 876 1098 deprehendit.
899 1055 1031 1095 Qibus
1042 1054 1181 1101 deniqne
1206 1056 1299 1090 addes
1311 1059 1362 1090 ΙΙΙ.

357 1103 533 1136 Hallerum
558 1123 567 1138 ,
603 1100 660 1133 ubi
683 1104 697 1140 <
719 1111 740 1134 x
761 1103 774 1139 )
798 1099 942 1134 vesiculis
975 1099 1056 1132 albis
1080 1099 1248 1140 descriptis
1273 1124 1282 1138 ‚
1314 1104 1372 1143 qui

355 1147 486 1188 petiolis
511 1156 550 1179 ex
572 1143 716 1187 placenta
741 1143 855 1177 emiffls
879 1142 1083 1177 adhaerebant
1106 1165 1115 1179 ,
1141 1144 1174 1174 in
1198 1142 1263 1185 ipsa
1289 1156 1372 1184 quo-

355 1201 419 1232 que
444 1188 588 1231 placenta
615 1210 627 1227 ,
658 1191 701 1220 ait
724 1210 733 1225 ,
767 1186 919 1228 veficulas
942 1184 1127 1218 rubicundas
1160 1187 1261 1228 magis
1277 1185 1372 1231 fueffe

355 1234 479 1274 pariter
498 1232 560 1275 fibi
582 1232 731 1265 innexas.
757 1231 863 1263 Mitto
887 1230 963 1262 alias
987 1229 1021 1260 in
1044 1229 1162 1270 quibus
1187 1228 1370 1273 nihilquod

356 1278 394 1309 ad
422 1276 558 1308 rubrum
582 1274 726 1308 colorem
755 1274 897 1313 ἷρεξὶεῑ,
920 1270 1110 1305 adnotatum
1135 1273 1178 1306 est
1205 1298 1215 1313 ,
1238 1285 1277 1306 ex
1301 1285 1370 1307 ute-

353 1331 391 1353 ro
416 1318 533 1359 ejestas
555 1316 671 1351 vesicas
696 1341 704 1354 ‚
744 1316 807 1349 five
832 1315 943 1349 solutae
974 1316 1112 1348 exierint
1133 1337 1146 1355 ,
1180 1326 1217 1350 ut
1240 1316 1367 1351 fortaffe

353 1371 426 1406 (με
453 1365 486 1395 in
509 1363 722 1396 Commercio
749 1360 930 1393 Litterario
955 1361 995 1391 A.
1023 1369 1115 1401 1745·
1139 1363 1190 1404 (y
1212 1364 1227 1400 >
1246 1383 1255 1398 ‚
1280 1373 1366 1395 cer-tc

346 1416 460 1440 -autem
488 1431 496 1445 ,
530 1409 562 1440 ni
587 1405 684 1439 fallor
703 1428 714 1445 ‚
750 1415 822 1446 quae
846 1415 863 1436 a
887 1403 994 1436 Praecl.
1023 1403 1103 1436 Phil.
1127 1401 1283 1438 Conrado
1306 1406 1365 1437 Fa-

352 1450 458 1484 bricio
483 1444 542 1493 (z
565 1454 575 1487 )
598 1457 819 1483 memorantur
840 1472 848 1485 ‚
884 1446 947 1480 sive
971 1457 1035 1479 non
1062 1446 1171 1480 solutae
1196 1447 1327 1489 quidem
1351 1474 1363 1489 ,

342 1493 407 1528 'sed
430 1492 565 1527 confuso
589 1492 703 1526 ordine
725 1489 885 1532 dispositae
906 1513 918 1529 ‚
954 1499 989 1524 ut
1014 1501 1085 1533 quae
1110 1502 1124 1522 a
1152 1490 1205 1523 Cl.
1231 1492 1363 1533 Wogau

350 1542 363 1577 (
387 1549 403 1569 a
428 1541 441 1578 )
463 1536 709 1572 describuntur,
734 1533 796 1567 sive
821 1533 951 1567 demum
977 1544 1044 1567 uivae
1068 1533 1161 1571 instar
1172 1545 1362 1569 racemorum

351 1581 483 1615 colleffae
505 1605 517 1621 ‚
552 1592 586 1614 ut
611 1591 683 1621 quae
720 1591 736 1611 a
767 1577 821 1610 Cl.
848 1577 940 1610 Viris
969 1577 1024 1621 JO-
1049 1577 1165 1611 sebast.
1199 1578 1360 1613 Albreclit

349 1629 360 1664 <
385 1624 405 1658 b
429 1627 463 1662 ),
488 1627 519 1657 δε
540 1625 593 1667 Jo.
614 1623 685 1666 Jac.
711 1620 874 1662 Treyling
896 1623 911 1660 (
931 1632 947 1653 c
971 1625 1004 1660 ):
1028 1621 1115 1663 quod
1141 1620 1179 1655 ad
1203 1632 1300 1664 genus
1314 1622 1360 1656 fe-

347 1680 381 1702 re
416 1679 528 1702 omnes
561 1666 742 1709 speciabant
775 1665 813 1698 de
845 1665 963 1705 quibus
996 1665 1091 1705 paulo
1114 1674 1186 1698 ante
1219 1666 1358 1700 relatum

347 1711 391 1746 est
409 1738 417 1746 .
452 1711 506 1745 Ad
531 1723 582 1745 me
616 1720 746 1752 quoque
769 1707 874 1741 allatae
900 1708 970 1740 sunt
994 1707 1158 1741 interdum
1184 1720 1221 1742 ex
1244 1711 1357 1744 eodeni

345 1768 458 1800 genere
480 1754 727 1797 quamplurimae
750 1774 758 1788 ‚
797 1749 976 1793 praesertim
997 1751 1039 1783 A.
1068 1755 1165 1794 1716.
1189 1764 1267 1794 quas
1290 1754 1359 1796 post

345 1800 466 1834 foetum
503 1798 643 1831 violenta
666 1797 838 1830 abortione
870 1794 1032 1828 exclusum
1056 1794 1250 1828 Veronensis
1284 1809 1354 1831 mu.

346 1844 406 1877 lier
428 1843 581 1885 ejecerat.
611 1842 672 1874 Eas
696 1839 788 1873 simul
812 1849 887 1872 cum
911 1851 950 1871 eo
964 1839 1030 1880 ‘qui
1054 1838 1204 1877 miserat,
1231 1840 1353 1874 Vallis-

345 1889 436 1921 nerio
459 1887 641 1920 examinavi
663 1910 669 1916 .
706 1882 764 1917 Sed
786 1882 831 1916 ob
854 1882 985 1915 eandem
1007 1905 1018 1921 ‚
1044 1892 1124 1923 puto
1139 1908 1148 1921 ‚
1172 1894 1243 1923 quae
1266 1885 1352 1917 dista

344 1931 411 1968 est,
436 1929 564 1964 causam
584 1952 594 1967 ,
630 1939 745 1971 nempe
767 1927 910 1968 ingentis
933 1924 1000 1966 jam
1026 1935 1095 1958 tum
1118 1925 1276 1967 ejusmodi
1299 1929 1351 1960 hi-

346 1975 519 2008 storiarum
532 1973 681 2012 numeri,
703 1981 779 2005 curn
804 1969 870 2011 ipse
883 1970 1009 2011 postea,
1031 1969 1119 2010 quod
1133 1969 1251 2006 sciam,
1276 1971 1350 2003 Ob-

345 2019 560 2053 servationem
591 2016 673 2050 hanc
696 2025 762 2049 non
783 2012 920 2047 ediderit
940 2038 948 2051 ,
983 2023 1044 2053 ego
1068 2014 1186 2054 pariter
1221 2025 1352 2054 praeter-

346 2066 480 2096 mittam
506 2087 514 2096 .
546 2060 674 2094 Addam
708 2059 816 2099 potius
840 2080 848 2094 ‚
882 2057 975 2099 quale
998 2057 1133 2090 initium
1167 2056 1350 2090 vesicularis

346 2108 440 2140 mnlae
473 2108 506 2139 in
529 2106 615 2138 canis
649 2113 742 2138 utero
764 2099 1025 2146 deprehenderim
1048 2102 1090 2133 A.
1119 2110 1214 2143 17233
1249 2112 1351 2144 neque

346 2151 430 2184 enim
456 2159 507 2184 tot
531 2148 674 2193 prostant
699 2145 839 2180 historiae
865 2145 958 2177 molae
981 2142 1176 2185 ejuscemodi
1201 2145 1234 2176 in
1257 2153 1350 2178 utero

348 2195 445 2230 visae,
467 2203 549 2236 quot
574 2190 680 2233 ejeetae
704 2202 713 2228 ς
749 2188 852 2222 multo
876 2196 985 2220 autem
1010 2191 1147 2221 rariores
1170 2186 1231 2220 sint
1256 2189 1350 2221 molae

343 2240 378 2273 in
403 2239 506 2273 brutis
530 2235 747 2270 animantibus
770 2239 901 2273 oportet
923 2257 932 2270 ,
955 2230 1084 2272 quando
1108 2242 1173 2264 non
1198 2231 1357 2265 Aristote-

345 2285 387 2317 les
412 2282 515 2315 solum
540 2286 549 2320 (
574 2279 626 2320 d)
648 2278 682 2311 in
706 2274 891 2310 mulieribus
916 2274 985 2307 illas
1008 2283 1063 2307 aut
1082 2273 1182 2317 solis,
1206 2282 1263 2308 aut
1287 2286 1354 2308 ma—

344 2327 428 2362 xime
451 2326 542 2367 gigni
557 2348 568 2364 ,
592 2321 737 2363 scripsit,
764 2317 923 2352 sedetiam
947 2319 1031 2350 inter
1046 2318 1353 2351 RecentioresHar-

345 2371 438 2403 derus
463 2370 479 2411 (
497 2379 512 2401 e
535 2372 548 2408 >
571 2365 719 2408 ejusmodi
743 2364 907 2406 quicquam
931 2372 968 2394 ex
981 2361 1068 2394 bruti
1092 2369 1180 2394 utero
1192 2370 1350 2395 excretum

346 2424 443 2456 negat
469 2411 499 2444 se
523 2406 724 2452 conspexisse,
751 2414 908 2446 rogatque
932 2415 1062 2437 caeteros
1085 2427 1094 2441 ,
1117 2412 1153 2437 ut
1168 2404 1197 2446 fi
1221 2404 1294 2446 quid
1315 2405 1350 2437 de

345 2457 395 2491 his
419 2463 609 2497 compertum
634 2451 787 2488 habeant,
812 2447 861 2481 vel
886 2447 959 2480 olim
982 2449 1204 2488 experiantur,
1224 2446 1350 2487 publico

340 2501 461 2544 {ibique
483 2508 540 2531 non
564 2496 726 2529 invideant
747 2518 753 2524 .
788 2492 868 2523 Non
893 2503 942 2523 me
967 2490 1078 2532 sugit,
1101 2491 1133 2522 in
1157 2492 1349 2532 gallinarum

345 2537 417 2577 ovis
451 2540 512 2575 sive
534 2539 669 2573 exclusis
690 2562 698 2576 ,
730 2536 792 2569 sive
815 2537 848 2567 in
884 2535 998 2566 ovario
1023 2533 1218 2567 haerentibus
1251 2533 1350 2566 molas

346 2586 438 2620 fuisse
462 2594 621 2625 repertas,
644 2590 678 2613 ut
704 2592 719 2613 a
745 2577 940 2611 Vallisnerio
964 2574 1018 2617 (f
1036 2580 1045 2615 >
1061 2602 1069 2616 ‚
1095 2581 1125 2609 ἃ
1150 2577 1351 2610 aGottwal-

344 2631 400 2664 dio
425 2628 511 2672 (g)
537 2654 544 2662 ,
584 2627 623 2657 In
649 2622 797 2666 perfeciis
832 2631 936 2654 autem
962 2631 1032 2662 quae
1063 2631 1209 2657 vocant,
1246 2621 1350 2652 brutis

347 2671 560 2709 animalibus,
583 2669 621 2703 de
643 2667 761 2710 quibus
786 2664 948 2697 Harderus
974 2662 1101 2697 videtur
1124 2663 1216 2706 loqui
1238 2687 1247 2702 ‚
1283 2674 1347 2695 non

345 2717 476 2750 inficior
496 2739 509 2755 ,
542 2712 601 2748 esse
634 2709 763 2744 fortasse
796 2708 938 2749 exempla
964 2707 1046 2750 posie
1081 2706 1142 2740 hoc
1165 2706 1254 2750 quod
1287 2717 1348 2747 ego

346 2759 560 2803 producturus
585 2756 653 2790 sum
669 2778 677 2791 ‚
701 2751 1184 2787 incho-amentoluculentiora:
1209 2750 1242 2782 in
1267 2760 1349 2790 prae-

346 2806 446 2837 {entia
471 2811 577 2836 tamen
601 2797 708 2841 legisse
733 2807 796 2829 non
823 2796 981 2829 memini.-
1005 2798 1035 2827 δι’
1058 2796 1204 2835 quamvis
1229 2793 1351 2825 Erudi-

346 2848 482 2881 tiffimus
507 2847 573 2878 Vir
597 2843 661 2885 ajat
683 2864 692 2879 ‚
718 2841 750 2872 in
773 2850 869 2873 vacca
892 2839 988 2872 etiam
1014 2838 1128 2871 molam
1149 2835 1351 2878 veficzilm‘cm

347 2890 563 2932 l'allifiierium
587 2881 766 2928 descripsiffe
791 2897 799 2920 3
824 2884 857 2915 in
881 2893 957 2916 cane
983 2880 1242 2927 furtaslevoluit
1265 2878 1353 2912 dice-

345 2946 397 2969 re.
422 2937 455 2966 in
479 2944 542 2974 qua
566 2941 672 2964 revera
696 2926 859 2968 descripfit
884 2924 938 2967 (h
960 2929 995 2964 >3
1021 2924 1071 2958 sed
1095 2923 1252 2965 ejusmodi
1274 2947 1283 2960 ,
1316 2933 1351 2955 ut

346 2976 412 3019 ipse
438 2974 477 3007 fit
503 2973 599 3008 faffus
623 2995 645 3011 ³,
679 2969 807 3004 difficile
832 2969 967 3011 judicari
992 2992 1003 3008 ,
1038 2979 1114 3001 num
1139 2968 1212 3000 esset
1246 2966 1352 3008 aliqua

344 3043 369 3062 >³
394 3028 508 3062 praeter
541 3026 688 3051 naturam
722 3014 893 3056 produftio
926 3021 998 3045 nata
1022 3023 1061 3044 ex
1093 3012 1178 3044 uteri
1212 3008 1352 3044 substan-

346 3088 371 3105 „
393 3073 693 3149 gi'c'iaTELLA
718 3112 788 3143 quae
814 3101 983 3133 multoties
1007 3107 1169 3141 pepererat
1192 3122 1200 3136 ,
1225 3096 1276 3130 sed
1300 3095 1352 3128 bi-

346 3163 404 3185 nos
420 3177 427 3190 ,
452 3148 535 3182 haud
560 3149 685 3189 plures,
709 3144 840 3185 singulis
865 3143 1017 3182 partubus
1033 3167 1040 3179 ‚
1065 3153 1137 3175 cum
1163 3151 1237 3174 ante
1262 3151 1352 3172 rnen-

346 3195 408 3228 sem
433 3204 448 3224 a
471 3204 547 3225 cane
571 3191 652 3223 inita
670 3212 681 3228 ,
704 3186 834 3229 gravida
858 3186 940 3219 faeta
958 3186 1161 3222 crederetur,
1186 3182 1352 3217 noviffime

342 3239 410 3272 dies
435 3237 559 3279 aliquot
584 3232 681 3266 tristis
704 3230 768 3264 visa
792 3254 805 3271 ,
838 3239 965 3272 repente
989 3227 1183 3263 convulsivis
1208 3226 1351 3260 motibus

990 108 1146 162 Liber
1181 115 1261 161 111.
1297 109 1390 162 De-

1417 110 1622 162 Morbis
1660 97 1865 163 Ventris

1416 200 1585 232 correpra,
1609 188 1674 223 sine
1699 189 1765 225 ullo
1788 191 1907 232 ejulatu
1933 202 2060 226 inerma
2082 190 2127 226 est
2150 214 2157 221 ·
2183 191 2287 226 Herus
2310 215 2322 231 ,
2355 193 2418 226 Vir

1416 235 1552 274 άοᾶω,
1575 234 1702 275 meique
1724 234 1843 273 amicus
1867 235 2019 277 postridie
2045 235 2082 268 ad
2107 246 2157 268 me
2172 237 2258 268 venit
2275 261 2282 275 ,
2306 237 2420 277 petiit-

1417 290 1479 321 que
1505 302 1513 315 ,
1548 285 1583 309 ut
1607 275 1628 308 fi
1647 279 1860 310 *commodum
1885 277 1982 316 esset,
2004 279 2130 313 causam
2153 281 2269 311 mortis
2292 290 2418 322 quaere-

1419 332 1507 355 rem:
1533 319 1618 362 quod
1645 320 1715 361 ipso
1737 322 1794 362 qui
1818 321 1951 354 cadaver
1976 321 2079 355 afferri
2098 321 2207 363 jussu„
2231 322 2360 363 aliisque
2383 323 2417 354 in

1419 366 1470 398 Re
1495 364 1690 396 Anatomica
1714 364 1894 396 exercitatis
1908 364 2144 406 spectantibus,
2168 367 2325 398 continuo
2340 377 2421 407 prae-

1419 407 1505 441 stiti.
1641 407 1851 451 CEREBRI
1875 409 2036 442 Laterales
2061 408 2233 441 ventriculi
2255 433 2264 448 ‚
2287 411 2317 441 &
2342 419 2423 449 prae-

1420 451 1529 485 sertim
1541 448 1684 488 finister,
1708 461 1855 491 magnam
1877 452 1943 483 vim
1968 464 2057 492 aquae
2068 452 2302 491 continebant,
2323 463 2421 493 quam

1421 506 1487 528 non
1510 493 1568 527 diu
1591 502 1666 526 ante
1689 502 1829 527 mortem
1851 493 1929 527 illuc
1952 494 2080 528 effusam
2104 495 2204 529 rubor
2214 494 2421 528 Choroidum

1421 539 1574 580 plexuum
1597 535 1759 570 indicabat
1773 560 1782 568 .
1915 539 2033 571 cordis
2055 550 2159 573 caveae
2174 538 2272 579 plenae
2296 536 2424 580 sangui-

1421 583 1472 614 nis
1496 580 1596 614 ferme
1619 581 1786 616 concreti,
1809 581 2000 622 nigerrimi.
2133 582 2267 614 Ventris
2301 581 2425 623 potiffi-

1422 636 1512 658 mum
1534 623 1750 662 membranae‚·
1772 633 1847 658 nam
1868 623 1946 658 alibi
1969 636 2099 668 quoque
2121 626 2254 667 pingues
2276 623 2424 661 fuerant3

1422 679 1456 700 ca
1482 667 1685 709 pinguedinis
1708 666 1824 707 copia,
1847 667 1932 701 circa
1956 677 2082 702 uterum
2106 669 2303 710 praesertim,
2331 666 2426 701 refer-

1420 720 1460 743 tae
1485 720 1575 743 erant
1596 734 1603 748 ‚
1637 720 1673 743 ut
1698 720 1825 742 tenuem
1849 719 1958 744 totum
1982 711 2151 754 utriusque
2174 711 2259 746 tubae
2284 712 2425 744 trafftum

1420 754 1637 788 demonstrare
1662 754 1717 786 vix
1741 754 1902 793 potuerim
1926 778 1933 786 .
1972 755 2081 788 Testes
2107 780 2116 795 ‚
2140 755 2196 788 etsi
2222 765 2321 796 prope
2343 754 2428 787 alte-

1421 808 1493 829 rum
1517 808 1627 830 eorum
1650 796 1929 838 conspiciebantur
1950 797 2118 839 hydatides
2140 823 2149 837 ‚
2180 798 2300 832 nullam
2325 809 2363 830 ex
2386 799 2427 830 iis

1419 851 1497 882 quas
1522 839 1697 873 secundum
1720 849 1867 874 naturam
1890 841 2077 884 plerumque
2105 842 2229 878 solent,
2256 841 2426 874 vesiculam

1419 883 1601 918 habuerunt
1625 897 1631 913 τ
1660 894 1716 916 nec
1740 884 1884 923 mirum,
1905 884 2036 925 quando
2058 886 2122 919 toti
2144 884 2232 927 quasi
2256 885 2361 917 carnei
2378 887 2427 918 vi-

1419 927 1575 960 debantur
1609 939 1648 960 ex
1670 927 1845 960 contractis
1878 927 2028 961 videlicet
2060 930 2204 972 corporis
2235 940 2305 971 quae
2338 929 2423 961 lutea

1418 972 1452 1003 in
1477 972 1605 1010 vaccis,
1629 974 1660 1004 &
1684 970 1875 1003 mulieribus
1899 972 2114 1012 appellamus.
2141 972 2203 1005 Per
2227 973 2352 1013 vaginae
2375 974 2426 1004 in-

1417 1015 1570 1048 teriorem
1605 1012 1722 1048 faciem
1755 1012 1808 1047 hic
1840 1014 1906 1047 illic
1944 1015 2173 1055 prominebant
2219 1015 2426 1048 subrotundae

1417 1057 1577 1099 glandulae
1608 1057 1759 1100 inaequali
1794 1058 2016 1099 magnitudine
2038 1080 2050 1097 ,
2088 1056 2242 1092 scirrhosa
2274 1059 2394 1091 duritie
2418 1084 2426 1091 .

1425 1101 1504 1134 Inde
1537 1099 1575 1134 ad
1608 1111 1735 1135 uterum
1770 1100 1949 1143 progressus
1975 1126 1984 1140 ‚
2014 1102 2148 1135 initium
2182 1102 2298 1136 sinistri
2332 1101 2428 1144 hujus

1424 1156 1526 1177 cornu
1550 1146 1686 1177 omnino
1709 1145 1905 1185 impervium
1926 1142 2068 1178 offendi.
2093 1146 2198 1178 Erant
2222 1156 2329 1179 tamen
2352 1156 2432 1178 cor-

1423 1198 1486 1221 nua
1510 1188 1605 1221 ambo
1629 1185 1748 1221 incessu
1772 1187 1922 1222 tortuoso
1945 1209 1955 1225 ‚
1989 1191 2019 1220 δε.
2042 1186 2098 1221 hic
2121 1189 2189 1222 illic
2213 1191 2340 1231 magn,
2365 1190 2428 1223 mi-

1423 1231 1543 1272 nusque
1567 1231 1812 1273 protuberantia
1833 1253 1846 1269 ,
1877 1232 2026 1272 quamvis
2050 1242 2114 1265 non
2138 1233 2184 1265 ita
2207 1234 2241 1265 in
2264 1231 2428 1265 distinctas

1422 1274 1551 1308 cellulas
1575 1276 1707 1317 usquam
1729 1275 1864 1307 dilatata
1882 1298 1894 1314 ,
1918 1285 1952 1308 ut
1975 1275 2010 1307 in
2034 1276 2275 1317 praegnantibus
2298 1274 2362 1314 iam
2388 1276 2430 1309 ab

1421 1318 1533 1360 aliquo
1557 1329 1702 1360 tempore
1725 1317 1857 1351 canibus
1868 1317 1975 1350 videre
1998 1317 2243 1354 consuevimus.
2269 1320 2362 1353 Tota
2376 1320 2428 1353 in-

1421 1362 1523 1394 terior
1545 1374 1656 1397 eorum
1682 1361 1778 1395 facies
1802 1361 1840 1395 ad
1864 1362 1986 1394 tanum
2010 1371 2117 1395 tenera
2140 1385 2150 1400 ,
2185 1363 2341 1396 rubebat.
2365 1362 2428 1396 Sed

1415 1405 1455 1438 iis
1486 1405 1565 1438 locis
1589 1406 1644 1439 ubi
1681 1406 1819 1438 exterius
1843 1404 1979 1444 majores
2012 1407 2136 1439 caeteris
2172 1406 2426 1448 protuberantiie

1416 1459 1645 1491 apparuerant,
1672 1448 1788 1482 humor
1812 1450 2043 1483 continebatur
2066 1449 2184 1483 crassus
2207 1472 2217 1487 ,
2243 1449 2391 1488 mucosus
2413 1472 2425 1487 ‚

1413 1503 1454 1524 ex
1477 1491 1575 1525 viridi
1600 1494 1715 1531 albus,
1739 1501 1774 1525 ut
1798 1503 1855 1534 pus
1879 1488 2012 1525 referret
2037 1515 2047 1530 ‚
2082 1493 2240 1527 inodorus
2264 1515 2274 1531 ‚
2299 1493 2427 1527 nullum

1414 1536 1513 1569 s‘oetus
1536 1535 1802 1570 inchoamentum
1826 1535 1992 1569 ostendens
2015 1560 2024 1568 .
2050 1535 2150 1569 Hunc
2177 1546 2284 1571 autem
2309 1537 2430 1570 humo-

1413 1590 1480 1611 rem
1514 1579 1793 1621 complecftebatur
1817 1578 1924 1611 mollis
1948 1578 2097 1621 quaedam
2132 1580 2311 1623 rubensque
2350 1580 2429 1613 sub-

1413 1622 1528 1664 stantia
1553 1649 1561 1662 ‚
1597 1626 1630 1656 in
1653 1634 1717 1665 qua
1751 1620 1894 1656 veficulae
1919 1620 1945 1654 se
1971 1621 2151 1663 prodebant
2176 1635 2258 1666 aqua
2286 1625 2386 1666 plenae
2415 1648 2426 1662 ‚

1413 1666 1483 1699 aliae
1509 1666 1569 1700 alia
1595 1664 1840 1709 magnitudine,
1863 1664 1914 1699 sed
1939 1676 2045 1707 parvae
2068 1677 2180 1700 omnes
2202 1689 2214 1707 ‚
2238 1679 2296 1701 uec
2322 1667 2426 1709 pluri-

1413 1721 1473 1742 mae
1493 1733 1501 1742 .

1459 1755 1507 1786 16.
1534 1754 1625 1787 Inter
1657 1753 1797 1797 reliquas
1821 1753 1907 1787 salsae
1941 1752 2146 1795 graviditatis
2169 1752 2281 1788 causas
2307 1755 2425 1788 merito

1410 1796 1443 1829 in
1476 1796 1685 1839 Sepulchreto
1717 1796 1788 1840 post
1815 1797 1923 1830 Molas
1958 1796 2069 1829 referri
2104 1797 2202 1830 video
2240 1798 2335 1833 alios¹
2359 1807 2426 1829 non

1406 1838 1504 1873 modo
1528 1841 1635 1879 uteri,
1660 1840 1710 1874 sed
1733 1843 1763 1873 &
1785 1840 1987 1883 quarundam
2015 1850 2165 1880 praeterea
2202 1842 2321 1874 ventris
2345 1842 2424 1872 Par-

1403 1884 1489 1916 tium
1513 1893 1657 1917 tumores
1682 1909 1688 1916 .
1727 1884 1825 1916 Uteri
1849 1883 1981 1925 quidem
2005 1883 2067 1916 sive
2103 1884 2143 1917 ab
2166 1885 2302 1917 internis
2325 1882 2388 1916 sint
2415 1902 2427 1920 f,

1403 1926 1583 1960 externisve
1606 1925 1828 1960 excrescentiis
1852 1951 1881 1972 ².
1906 1925 1969 1958 five
1996 1926 2035 1959 ab
2069 1926 2261 1961 humoribus
2285 1929 2316 1959 in
2358 1926 2427 1969 ejus

1403 1969 1530 2002 visceris
1556 1971 1751 2009 parietibus,
1776 1981 1830 2005 aut
1853 1980 1920 2010 eJus
1944 1970 2041 2003 etiam
2053 1981 2146 2003 cavea
2172 1970 2423 2009 refutantibus,

1403 2013 1581 2046 intercluso
1615 2024 1669 2054 per
1693 2014 1841 2047 osculum
1873 2014 1964 2046 exitu
1988 2024 2003 2045 a
2040 2024 2232 2056 quacunque
2256 2014 2347 2047 causa
2382 2013 2418 2047 id

1403 2058 1452 2088 vel
1477 2056 1711 2098 constringente
1733 2079 1745 2095 ,
1780 2057 1830 2089 vel
1855 2055 2039 2089 obstruente
2063 2079 2071 2087 .
2120 2057 2334 2097 Qorundam
2360 2069 2419 2089 au-

1403 2108 1467 2132 tem
1492 2099 1630 2132 aliorum
1658 2098 1817 2133 viscerum
1834 2124 1842 2138 ‚
1866 2100 1899 2131 in
1926 2098 2102 2142 primisque
2127 2099 2343 2137 mesenteris.
2366 2102 2419 2134 De

1403 2144 1522 2185 quibus
1556 2140 1620 2176 fere
1642 2142 1796 2176 omnibus
1829 2143 1922 2177 rebus
1947 2154 2021 2176 cum
2056 2143 2132 2176 alias
2158 2155 2176 2176 a
2208 2153 2264 2177 me-
2289 2143 2382 2186 plura
2405 2167 2418 2182 ‚

1408 2197 1462 2220 aut
1488 2188 1638 2230 pauciora
1661 2188 1779 2228 scripta
1803 2186 1865 2219 sint
1886 2198 1900 2226 ,·
1921 2185 1976 2221 hic
2000 2197 2036 2219 ea
2061 2195 2206 2229 repetere
2230 2198 2296 2220 non
2319 2198 2422 2229 opor-

1405 2240 1472 2263 tet.
1606 2230 1693 2263 Illud
1719 2241 1794 2263 vero
1827 2230 1935 2272 potius
1958 2229 2127 2271 expediam
2151 2255 2159 2269 ‚
2183 2230 2285 2274 quod*
2305 2241 2345 2263 ex
2363 2243 2421 2264 me

1405 2272 1576 2315 quesitum
1599 2272 1658 2307 esse
1682 2286 1697 2306 a
1722 2274 1752 2307 te
1769 2298 1777 2311 ,
1802 2274 1937 2306 memini
1961 2297 1970 2312 ,
1996 2273 2128 2316 quando
2151 2296 2160 2310 ,
2195 2276 2228 2307 δι
2249 2277 2419 2317 quomodo

1405 2319 1450 2349 ob
1473 2328 1580 2350 renem
1612 2328 1712 2350 unum
1733 2316 1902 2350 dumtaxat
1926 2329 1942 2350 a
1978 2317 2167 2358 primordiis
2203 2327 2349 2351 creatum
2374 2316 2418 2351 sic

1408 2362 1592 2402 promineat
1618 2371 1746 2399 venter,
1770 2370 1806 2393 ut
1832 2361 1881 2392 vel
1907 2361 2131 2394 Anatomicus
2157 2360 2250 2401 poffit
2274 2361 2383 2403 decipi
2405 2374 2416 2403 ,-

1404 2407 1434 2436 ἃ
1461 2414 1518 2445 pro
1543 2404 1625 2436 uteri
1649 2404 1826 2446 gestatione
1851 2404 2019 2446 accipere>
2045 2403 2078 2437 id
2102 2404 2189 2437 enim
2213 2405 2297 2438 inter
2321 2414 2420 2438 caete-

1404 2459 1453 2479 ras
1477 2446 1581 2480 causas
1601 2448 1830 2489 gri-aviditatem
1853 2447 2055 2482 mencientes
2078 2448 2112 2480 in
2136 2446 2196 2480 hac
2223 2447 2415 2489 Sepulchre-

1403 2492 1429 2522 ti
1455 2490 1598 2523 Seffione
1622 2493 1635 2528 <
1656 2493 1672 2508 *⁴
1694 2493 1707 2528 >
1732 2489 1825 2524 fuiffe
1849 2489 2052 2532 propositum
2078 2515 2085 2522 .
2125 2490 2194 2524 Etsi
2219 2491 2383 2533 prospicio
2411 2516 2423 2532 ,

1403 2534 1436 2565 in
1462 2542 1552 2566 tanto
1584 2534 1801 2574 prolixiorem
1823 2545 1921 2575 quarn
1956 2542 2048 2574 putas
2073 2555 2081 2568 ,
2113 2534 2294 2567 sermonem
2318 2546 2420 2573 opor-

1404 2586 1469 2608 tere
1496 2588 1544 2608 me
1568 2577 1694 2618 ingredi
1718 2600 1726 2615 ,
1759 2585 1795 2609 ut
1819 2577 1881 2609 tibi
1906 2589 1921 2608 a
1947 2575 2114 2617 proposito
2141 2576 2236 2620 hujus
2261 2577 2415 2618 Epistolae

1403 2619 1530 2660 digredi
1557 2620 1655 2653 videri
1680 2619 1792 2661 poffim
1813 2631 1824 2657 3
1847 2618 1964 2652 faciam
1988 2628 2094 2653 tamen
2120 2631 2184 2653 non
2212 2620 2380 2659 illibenter
2402 2643 2413 2659 ,

1403 2673 1476 2696 tum
1498 2664 1573 2706 quia
1599 2689 1607 2702 ‚
1630 2662 1650 2695 fi
1676 2662 1762 2696 hunc
1787 2664 2033 2704 praetermittam
2051 2685 2060 2699 ‚
2085 2664 2190 2696 nullus
2216 2663 2295 2697 mihi
2322 2663 2416 2706 supe-

1401 2708 1479 2739 rerit
1503 2715 1704 2748 opportunus
1730 2716 1792 2739 tus:
1817 2705 1870 2739 isti
1895 2704 2108 2747 postulationi
2132 2706 2349 2740 satisfaciendi
2363 2708 2419 2740 lo-

1401 2761 1455 2783 cus
1481 2774 1489 2788 ‚
1515 2760 1585 2783 turn
1609 2752 1685 2791 quia
1709 2749 1800 2782 simul
1825 2752 1857 2781 in
1882 2750 2021 2792 aliquem
2044 2750 2192 2784 ordinem
2225 2752 2413 2784 innumeras

1402 2792 1501 2826 ferme
1535 2795 1616 2826 renis
1641 2794 1730 2826 unius
1764 2792 2017 2825 Observationes
2052 2792 2196 2835 redigere
2227 2795 2374 2827 conabor
2403 2818 2414 2834 ‚

1400 2837 1490 2879 quod
1512 2859 1524 2876 ,
1560 2836 1581 2868 si
1607 2847 1721 2878 potero
1745 2858 1755 2874 ‚
1789 2847 1852 2868 non
1876 2838 1936 2869 erit
1959 2837 2076 2870 inutile
2101 2835 2236 2870 effecisse
2263 2863 2270 2870 .
2314 2837 2415 2871 Nunc

1402 2881 1489 2913 enim
1513 2890 1597 2912 certe
1622 2880 1724 2912 multo
1751 2880 1832 2912 mihi
1859 2879 1984 2913 facilius
2007 2879 2080 2913 esset
2107 2881 2173 2913 tibi
2198 2879 2380 2914 satisfacere
2404 2905 2416 2921 ,

1403 2922 1426 2956 fi
1450 2925 1506 2966 qui
1533 2923 1600 2965 post
1636 2926 1750 2955 Pinum
1777 2927 1786 2961 (
1813 2925 1847 2942 ⁴*
1869 2925 1879 2960 )
1904 2924 2030 2955 inventi
2058 2924 2151 2956 unius
2175 2934 2304 2956 tantum
2328 2925 2416 2958 renis

1403 2967 1549 3009 exempla
1583 2966 1783 3008 collegerunt
1806 2988 1816 3003 ‚
1850 2965 2049 3000 Schenckius
2085 2967 2166 3006 (i)
2202 2991 2210 3004 ,
2247 2967 2415 3001 ssauhinus

1403 3013 1417 3048 (
1440 3010 1458 3050 l<
1479 3015 1492 3050 )
1517 3034 1525 3047 ,
1564 3011 1716 3043 Riolanus
1740 3014 1752 3048 (
1773 3009 1819 3051 l)
1842 3032 1855 3049 ο
1892 3010 2062 3042 Panarolus
2095 3013 2108 3048 (
2130 3021 2160 3042 m
2183 3013 2197 3050 )
2219 3032 2228 3047 ‚
2263 3010 2416 3044 Rhodius

1405 3053 1458 3091 (n
1484 3059 1494 3092 )
1518 3076 1527 3091 ‚
1553 3054 1698 3087 Hornius
1723 3054 1771 3095 (o
1795 3056 1809 3091 )
1833 3073 1841 3087 ‚
1866 3052 1985 3085 Blalius
2009 3057 2018 3091 (
2039 3062 2062 3094 p
2084 3056 2097 3090 )
2118 3075 2130 3092 ,
2158 3054 2296 3087 Francus
2322 3053 2386 3096 (q)
2402 3076 2413 3091 ,

1404 3096 1596 3131 Hilscherus
1631 3100 1679 3135 (ν
1703 3100 1712 3135 )
1737 3118 1746 3133 ,
1780 3096 1902 3139 aliique
1936 3096 2085 3136 deinceps
2119 3097 2262 3139 exempla
2299 3099 2412 3130 omnia

1403 3152 1475 3181 quae
1501 3167 1509 3180 ‚
1557 3140 1608 3173 sua
1633 3140 1767 3181 quisque
1791 3143 1886 3171 aeta'te
1911 3140 1972 3180 jam
1998 3139 2085 3172 edita
2110 3161 2121 3177 ‚
2167 3138 2294 3173 facilius
2317 3149 2416 3182 pote-

1403 3194 1475 3216 rant
1500 3206 1508 3219 ,
1555 3183 1790 3224 proposuissent
1814 3204 1824 3219 ,
1871 3186 1901 3215 St
1925 3182 2088 3225 proposita
2109 3184 2144 3215 in
2179 3193 2281 3217 certas
2303 3181 2411 3216 classes

1403 3225 1633 3260 distribuissent
1661 3250 1667 3258 .
1703 3226 1757 3258 Illi
1782 3236 1858 3258 vero
1882 3226 1989 3269 aliqua
2013 3247 2023 3264 ,
2056 3228 2090 3259 in
2113 3228 2222 3260 obviis
2245 3228 2349 3304 etizm-
2367 3227 2409 3259 li-

2325 3280 2366 3302 ris

350 3361 2407 3383 W

467 3431 473 3459 )
490 3429 548 3454 Obs.
565 3429 634 3454 Med.
654 3429 669 3452 l.
688 3436 707 3456 3.
725 3435 746 3450 c.
766 3435 800 3455 32.

1283 3513 1296 3540 (
1311 3520 1322 3534 c
1338 3512 1350 3538 )
1367 3512 1420 3534 Αίὶ.
1442 3514 1462 3534 Ν
1492 3513 1520 3535 C.
1537 3512 1610 3534 Tom-
1629 3519 1649 3539 5.
1667 3509 1726 3533 ΟΜ.
1745 3517 1797 3539 134.

864 3426 878 3454 (
894 3433 905 3448 r
920 3427 929 3456 )
946 3424 1018 3454 Epist.
1036 3423 1102 3452 supra
1118 3422 1159 3446 cit.
1180 3422 1209 3446 ad
1225 3429 1251 3445 n.
1271 3428 1305 3444 11.
1323 3427 1379 3449 quae
1395 3419 1472 3448 prima
1489 3419 1521 3453 est
1537 3419 1599 3447 apud
1620 3419 1746 3443 vallisner.
1764 3418 1804 3443 m.
1822 3419 1886 3443 della
1902 3420 2020 3443 Gener-az.
2040 3420 2067 3443 Ρ.
2087 3427 2108 3449 3.
2128 3426 2141 3443 c

1338 3452 1350 3478 ζ
1367 3459 1382 3473 u
1401 3452 1408 3478 J
1425 3450 1482 3474 Obs.
1500 3455 1540 3474 cit.
1559 3449 1624 3476 supra
1642 3450 1668 3473 ad
1687 3457 1701 3472 n
1728 3456 1751 3478 9.

1813 3451 1827 3478 (
1843 3457 1858 3473 x
1873 3450 1887 3478 )
1904 3450 1994 3479 Opusc.
2012 3449 2108 3473 Pathol.
2125 3426 2188 3474 Ob}
2203 3458 2243 3479 40.

1584 3479 1593 3508 (
1611 3488 1626 3503 a
1647 3483 1653 3508 )
1671 3478 1733 3507 Eph.
1751 3481 1785 3503 N.
1801 3481 1830 3505 C.
1847 3482 1918 3504 Cent.
1938 3488 1960 3509 9.
1977 3479 2034 3503 Obs.
2053 3482 2091 3509 85.

1859 3510 1868 3538 (
1885 3510 1901 3534 d
1920 3514 1927 3539 j
1946 3513 1981 3534 De
2007 3512 2120 3534 Generat.
2137 3509 2247 3535 Animal.
2265 3511 2283 3534 1.
2300 3517 2324 3537 4.
2341 3516 2361 3534 e.
2377 3517 2403 3539 7.

1062 3544 1100 3573 (f
1113 3549 1124 3571 )
1141 3545 1220 3572 Opere
1235 3544 1310 3566 Tom.
1330 3549 1346 3565 1.
1368 3543 1394 3564 Ρ.
1414 3550 1435 3570 3.
1454 3549 1505 3570 pag.
1526 3544 1577 3565 126.
1596 3541 1617 3563 St
1635 3542 1708 3564 Tum.
1726 3547 1747 3563 2.
1766 3543 1793 3564 P.
1810 3548 1832 3563 2.
1851 3548 1904 3570 pag.
1922 3549 1976 3565 212.
1994 3548 2017 3565 n.
2036 3544 2072 3565 16.
2088 3544 2110 3565 ἃ
2126 3549 2178 3571 pag.
2201 3548 2256 3569 240.
2273 3547 2298 3564 n.
2313 3546 2335 3568 9.

1165 3575 1179 3604 (
1195 3574 1209 3597 b
1225 3574 1241 3602 )
1258 3575 1338 3600 Opere
1356 3573 1426 3605 Tem.
1444 3580 1465 3595 ι.
1486 3574 1511 3595 Ρ,
1530 3580 1550 3594 2.
1569 3570 1625 3594 vers.
1645 3571 1732 3594 finem.

403 3429 473 3491 ((ἲ)
489 3460 542 3485 AR.
560 3463 595 3485 N.
612 3460 732 3492 C.·Tom.
752 3465 771 3482 1.
789 3455 848 3480 Obs.
867 3458 918 3480 166.
981 3458 990 3480 (
1010 3461 1019 3477 t
1034 3454 1048 3482 )
1066 3453 1131 3487 ibid.
1145 3452 1204 3476 Obs.
1222 3451 1272 3476 ead.
1408 3480 1413 3483 -

405 3495 445 3523 sy
460 3493 473 3521 )
491 3490 568 3515 Hebd.
586 3498 625 3519 33.
643 3497 667 3512 in
685 3488 745 3512 fine.
809 3488 815 3514 (
837 3494 854 3514 z
870 3486 883 3514 >
901 3487 1039 3513 Propempt.
1057 3483 1085 3507 ad
1102 3483 1160 3518 D.¹ff·
1180 3485 1201 3506 1.
1220 3485 1249 3507 B.
1271 3480 1413 3505 Hoffmanni
1432 3487 1481 3505 not.
1498 3489 1523 3504 c.

405 3526 413 3552 (
430 3522 444 3545 b
460 3524 473 3550 )
491 3524 627 3545 Commere.
646 3520 731 3543 Litter.
750 3519 780 3541 A.
801 3519 865 3546 1738-
884 3516 959 3539 Hebd.
978 3517 1015 3539 28.
1032 3522 1056 3538 n.
1077 3522 1097 3538 ι.
1115 3521 1140 3537 in
1157 3513 1220 3537 fine.

401 3555 410 3582 ξ
431 3561 443 3576 e
460 3553 473 3581 )
491 3552 550 3580 Eph.
569 3553 600 3575 N.
619 3552 647 3575 C.
667 3552 727 3573 Dec.
745 3556 767 3571 2.
786 3550 814 3571 A.
833 3554 855 3570 ι.
871 3546 928 3570 Obs.
949 3548 999 3574 185.

431 3591 450 3612 g
466 3583 479 3612 )
496 3583 558 3610 Eph.
576 3583 611 3604 N.
631 3583 659 3604 C.
677 3582 735 3603 Dec.
754 3586 775 3607 3.
795 3580 821 3601 Α.
843 3585 865 3605 9·
882 3577 903 3599 ὅ(
923 3584 957 3609 10-¹
976 3575 1033 3609 Obs.
1052 3583 1104 3604 ¹57·
1209 3606 1211 3609 ι
1304 3606 1309 3608 s
1535 3602 1539 3605 -
1562 3600 1565 3604 Δ
1661 3602 1664 3603 V

434 3615 447 3628 ⁶
467 3619 474 3643 2
492 3613 624 3639 XXXVII.
643 3610 696 3635 Vid.
714 3609 814 3633 titulum
831 3607 1014 3631 Observatioms
1032 3614 1053 3634 3·
1071 3604 1195 3633 praefixum
1210 3603 1241 3628 ad
1257 3611 1280 3626 n.
1297 3609 1320 3624 rr.
1338 3610 1378 3630 qui
1395 3610 1437 3630 pro
1452 3611 1474 3625 n.
1492 3611 1516 3631 7.
1533 3601 1591 3625 ibid⁴
1612 3609 1708 3628 ponunt
1720 3618 1726 3624 .

403 3584 419 3612 (

404 3615 419 3671 ἓ
436 3642 463 3655 ⁸⁶<
482 3647 490 3671 )
508 3645 598 3666 Annot.
616 3641 645 3665 ad
660 3648 710 3669 pag.
732 3647 767 3668 5¹·
785 3640 806 3662 8.
823 3637 910 3666 opusc.
929 3640 1000 3660 Anat.
1020 3636 1130 3660 Eustach.

405 3674 412 3698 s
532 3671 631 3695 Notulis
648 3672 677 3694 ad
692 3670 793 3694 Theatr.
812 3671 885 3694 Anat.
905 3670 920 3691 1.
943 3676 958 3689 ι.
977 3674 995 3690 ε,
1016 3675 1054 3690 22.

402 3703 417 3763 ἓ

433 3672 449 3725 Ξ
467 3702 475 3730 )
490 3680 599 3725 istarum.
617 3704 688 3725 Anat.
706 3699 763 3724 Obs.
782 3707 817 3727 3²·

433 3740 447 3762 ι]
463 3732 477 3760 )
494 3734 553 3761 Eph.
572 3734 605 3756 N.
624 3735 651 3756 C.
670 3734 718 3755 Dec
747 3739 766 3759 3·
785 3732 814 3753 A.
832 3739 854 3759 5.
872 3732 894 3753 ά
912 3734 934 3752 ⁶.
953 3727 1078 3756 obs-176.

1116 3667 1129 3695 (
1147 3666 1155 3688 l
1176 3668 1182 3692 )
1199 3663 1360 3690 Anthropc-ar.
1381 3666 1395 3687 1.
1416 3671 1436 3687 2.
1454 3672 1475 3687 c.
1490 3666 1528 3686 26.

879 3699 893 3726 (
908 3707 920 3721 ο
937 3697 951 3725 >
969 3699 1050 3720 Annot
1076 3705 1095 3727 g
1111 3696 1139 3720 ad
1157 3694 1253 3719 Bota'rli.
1274 3693 1331 3717 Ohs.
1353 3696 1423 3727 Anat:
1442 3714 1445 3715 t

1141 3726 1156 3755 (
1170 3734 1180 3749 r
1197 3725 1211 3754 )
1227 3723 1318 3748 Prolus.
1336 3724 1364 3747 de
1382 3727 1564 3753 unicoaeeperto
1583 3725 1646 3746 Rene
1659 3739 1665 3746 .

1191 3635 1229 3663 (i
1247 3634 1253 3660 )
1272 3632 1329 3655 Obs.
1349 3632 1437 3656 Medic.
1456 3636 1510 3657 Rar.
1529 3632 1544 3656 l.
1563 3640 1582 3660 3.
1603 3632 1642 3654 uhi
1660 3638 1688 3655 rie
1708 3631 1785 3654 Renib
1810 3631 1867 3655 Obs.
1884 3640 1903 3654 2.
1923 3633 1944 3655 ἃ
1962 3639 1987 3661 3.

1592 3663 1604 3690 (
1622 3670 1643 3684 m
1660 3662 1672 3689 )
1692 3662 1855 3691 μασηςεήη.
1874 3664 1969 3685 l’entec.
1994 3668 2011 3685 1.
2030 3660 2090 3685 Obs.
2107 3670 2130 3691 3.

1486 3695 1499 3722 ζ
1514 3701 1528 3723 p
1548 3693 1556 3722 )
1575 3694 1681 3720 Appenni.
1700 3692 1728 3716 ad
1746 3691 1830 3716 Bellin.
1847 3693 1875 3715 de
1893 3692 1979 3716 Renib-

1943 3774 1949 3790 l
