2498 4075
397 298 551 363 Epist.
584 297 745 351 Anat.
782 295 1001 349 Medica
1036 292 1284 348 LXVIII.
1320 291 1439 344 Art·
1473 296 1517 349 6.
1539 309 1583 356 7.
1601 292 1781 356 8.&9;

123 377 163 407 ·6.
188 373 316 409 ANUS
340 375 374 406 in
399 373 606 408 Nosocomio
628 373 822 412 decesserat,
852 382 927 406 cum
959 380 1085 413 tempus

88 418 216 451 instaret
241 418 377 451 Publicae
401 419 578 450 Anatomes
600 415 789 450 inchoandae
822 417 863 448 A.
891 424 984 456 1735.
1017 416 1084 448 Ca-

87 461 183 494 daver
205 483 215 498 ‚
247 461 292 494 ob
318 460 489 493 meliorum
511 460 655 502 inopiam
677 481 687 496 ,
718 461 751 491 in
774 457 989 500 Gymnasium
1012 459 1086 495 illa-

90 512 162 537 tum
185 515 259 537 cum
281 503 494 545 inspicerem,
517 514 573 536 nec
598 502 684 535 aliud
708 501 745 535 de
777 512 811 535 ea
845 503 975 535 muliere
1008 513 1086 535 con-

88 547 184 580 staret
207 569 217 584 ,
249 546 307 581 nist
331 545 440 580 sensim
463 544 522 580 esse
545 556 706 579 mortuam
728 559 740 581 ;
773 544 985 578 animadverti
1007 558 1017 582 ;
1048 553 1084 579 ut

89 591 150 623 alia
173 591 346 630 omittam,
370 592 402 623 δε
424 591 457 622 in
480 588 530 622 his
554 599 675 631 ungues
697 599 736 621 ex
766 588 884 629 pollice
917 588 1084 630 utriusque

88 632 177 674 pedis
199 636 233 667 in
255 634 412 667 corniculi
435 633 567 667 modum
589 631 922 674 excrescentes‚quod
936 631 964 665 se
976 633 1083 665 utrin-

88 687 151 719 que
174 678 291 718 pariter
313 678 405 719 supra
429 677 512 710 duos
528 699 537 713 ,
576 674 678 709 tresve
711 686 749 707 ex
781 676 940 717 proximis
970 675 1084 717 digitis

87 720 353 764 contorquebat7·
373 720 611 758 animadverti,
636 719 792 761 inquam,
815 729 856 751 ex
890 716 1020 751 femoris
1047 717 1084 750 si-

89 762 181 796 nistri
206 765 395 804 anteriore,
431 766 464 797 &
499 763 602 796 media
635 761 807 795 secundum
839 761 1083 803 longitudinem

88 815 180 848 parte
203 807 461 850 protuberantem
494 804 780 848 hemisphaericum>
805 814 965 838 tumorem
984 828 997 845 ,
1030 817 1086 838 cu-

87 849 139 891 J'us
161 850 316 885 diameter
337 850 460 894 digitos
483 848 675 883 transversos
698 849 777 882 duos
800 847 990 890 superabat,
1006 848 1088 882 mol-

89 895 217 935 lemque
241 894 338 932 adeo,
373 903 409 927 ut
448 905 507 936 pro
542 890 721 926 meliceride
755 891 854 933 posset
890 892 1057 933 imponere
1081 915 1091 921 .

89 936 187 971 Cutis
210 947 276 971 erat
299 937 344 970 ibi
370 938 502 980 reliqua:
535 937 689 970 concolor
714 957 723 971 ‚
755 937 790 968 in
823 947 884 977 qua
921 934 1006 968 nihil
1041 933 1093 967 us-

88 991 187 1021 quam
209 991 273 1014 erat
297 981 420 1014 &erici
442 991 456 1021 ;
487 978 539 1013 sed
573 979 651 1014 levis
685 977 912 1012 tantummodo
945 977 1062 1012 scabies
1085 1002 1094 1010 .

91 1023 209 1067 Quid,
232 1026 264 1057 &
286 1022 454 1066 quomodo
475 1024 655 1058 contineret
679 1032 812 1062 tumor,
846 1021 955 1055 dicam
978 1045 991 1062 ‚
1021 1032 1096 1055 curn

91 1078 126 1099 ea
148 1078 221 1110 quae
244 1079 283 1101 ex
306 1067 461 1101 viscerum
485 1067 679 1107 inspefflone
702 1064 852 1100 adnotata
876 1065 970 1103 sunt,
1004 1064 1092 1099 indi-

92 1122 230 1145 cavero.
363 1112 396 1145 V
420 1112 448 1145 E
472 1111 507 1144 N
531 1111 565 1144 T
588 1110 615 1143 E
639 1110 673 1143 R
695 1110 767 1143 laxa
791 1108 942 1143 intestina
966 1106 1092 1147 habuit,

93 1156 125 1187 &
147 1154 180 1187 in
204 1153 253 1188 his
278 1155 442 1193 Rec‘tum,
466 1154 505 1187 ab
527 1152 702 1187 introrsum
726 1153 927 1186 tumentibus
951 1151 1091 1185 haemor-

93 1196 263 1231 rhoidibus
289 1198 371 1231 male
394 1198 544 1232 habitum
559 1211 569 1231 .·
591 1197 708 1230 lienem
732 1196 900 1239 aliquanto
932 1194 1091 1237 majorem

60 1282 68 1286 ss
94 1251 208 1283 aequo:
232 1242 266 1273 in
291 1241 415 1283 hepatis
440 1240 575 1276 vesicula
598 1241 697 1274 bilem
730 1238 910 1273 subflavam
935 1262 944 1276 ‚
975 1241 1009 1272 in
1042 1250 1092 1271 ea-

93 1294 156 1325 que
190 1284 350 1318 calculum
387 1284 514 1327 sphaerae
548 1284 655 1319 forma
679 1305 689 1321 ‚
724 1282 946 1326 magnitudine
978 1281 1097 1316 avella-

93 1336 169 1360 nam
193 1329 342 1370 quamvis
365 1329 539 1363 maximam
565 1327 787 1366 excedentem,
811 1327 918 1360 colore
943 1328 1073 1368 nigrum
1088 1348 1098 1362 ,

94 1368 147 1403 sed
171 1371 378 1405 craffiusculis
401 1372 487 1415 quasi
513 1372 640 1414 punffis
671 1371 809 1403 exterius
841 1368 1026 1403 distintffum
1060 1380 1099 1401 ex

95 1414 169 1447 albo
193 1414 290 1448 flavis
312 1425 452 1458 quorum
476 1427 575 1450 unum
599 1415 823 1456 prominebat.
839 1413 1002 1456 Intelligis
1018 1423 1098 1450 ‚cur

98 1457 269 1491 mulierem
292 1459 426 1492 iererico
449 1470 513 1493 non
539 1458 632 1493 fuisse
665 1457 773 1491 colore
799 1479 807 1493 ,
841 1455 931 1499 supra
966 1456 1099 1490 adnota-

93 1501 196 1535 verim
221 1514 229 1534 :
264 1502 373 1545 itaque
396 1501 479 1537 hanc
501 1504 623 1546 poteris
647 1501 686 1536 ad
709 1509 759 1535 tot
783 1500 859 1534 alias
880 1500 993 1534 addere
1024 1499 1097 1533 Ob-

96 1544 291 1590 servationes
315 1569 326 1585 ‚
358 1558 372 1578 a
397 1558 447 1580 me
471 1547 552 1580 olim
574 1551 585 1585 (
609 1557 625 1579 c
648 1547 659 1582 )
691 1545 754 1590 tibi
791 1553 983 1577 memoratas
1006 1568 1013 1575 .
1052 1543 1098 1576 Et

97 1599 136 1621 ne
159 1598 270 1622 caetera
293 1589 332 1623 de
354 1588 416 1623 hoc
439 1589 563 1624 calculo
586 1586 805 1623 animadversa
838 1586 991 1621 desideres
1010 1598 1021 1624 ς
1055 1587 1097 1619 sic

90 1630 234 1668 habeto,
260 1632 367 1666 statim
391 1642 486 1676 atque
511 1633 707 1666 extraximus
732 1657 742 1672 ‚
776 1632 810 1664 in
835 1642 950 1674 aquam
975 1628 1099 1664 medio—

87 1676 194 1708 critei·
217 1676 371 1710 calentem
395 1677 575 1718 conjetffum
596 1700 609 1717 ,
641 1676 732 1709 illico
768 1674 905 1708 fundum
941 1672 1065 1715 petiiffe
1089 1694 1099 1709 ,

88 1718 233 1761 ,indeque
258 1729 444 1761 receptum,
468 1721 502 1754 &
525 1730 601 1752 mox
623 1719 736 1753 leniter
760 1718 892 1750 summae
927 1728 1016 1760 aquae
1037 1717 1100 1749 im-

96 1761 261 1803 positum,
282 1761 387 1799 statim
410 1765 531 1796 iterum
558 1761 722 1797 subsedisse
737 1787 746 1795 .
769 1763 857 1794 Cum
880 1772 955 1793 vero
980 1758 1094 1802 seposi-

96 1813 169 1838 tum
192 1803 382 1848 inspicerem
407 1808 465 1840 illo
489 1805 559 1848 ipso
580 1806 655 1844 die,
680 1808 711 1838 &
736 1815 848 1845 magna
874 1814 912 1836 ex
945 1813 1034 1845 parte
1064 1804 1097 1834 in

97 1849 237 1890 plurima
260 1850 351 1891 nigra
377 1849 551 1892 frusta'per
574 1849 602 1882 se
614 1847 745 1886 abiisse,
769 1848 935 1884 viderem,
959 1846 1026 1880 haec
1046 1857 1101 1879 au-

100 1900 166 1924 tem
180 1913 189 1928 ‚
211 1891 331 1926 chartae
356 1892 476 1927 inclusa
490 1915 499 1930 ‚
522 1890 765 1936 quadragesimo
787 1892 915 1925 circiter
946 1888 1019 1932 post
1048 1889 1101 1923 die

99 1935 210 1968 rursus
232 1937 266 1969 in
291 1947 401 1971 manus
426 1935 583 1970 sumerem
607 1960 615 1974 ,
648 1940 680 1970 &
714 1935 805 1978 plura
838 1945 878 1968 ex
915 1933 1054 1976 parvulis
1088 1956 1100 1973 ‚

99 1988 201 2012 unum
225 1988 330 2013 autem
354 1980 501 2014 omnium
527 1980 701 2013 maximum
723 1979 756 2011 in
781 1979 909 2013 summo
931 1988 1021 2019 aquae
1043 1987 1102 2018 po-

99 2032 229 2060 nerem3
253 2024 362 2057 omnia
386 2024 526 2066 primum
549 2025 761 2061 innatarunt;
793 2020 844 2055 sed
879 2031 916 2052 ne
949 2019 1102 2062 sexagesi-

99 2076 152 2098 ma
172 2066 303 2108 quidem
327 2066 430 2102 adhuc
452 2066 560 2100 exaeta
583 2065 671 2101 horae
695 2074 786 2109 parte
809 2064 847 2098 ad
880 2062 1016 2097 fundum
1043 2063 1099 2096 de·

100 2108 222 2143 stendit
245 2109 554 2149 illudimaximum‚
576 2109 664 2153 quod
678 2109 773 2152 paulo
797 2107 866 2150 post
887 2116 1001 2140 caetera
1027 2106 1098 2140 sunt

100 2152 292 2187 consecuta.
315 2155 506 2188 Extractum
530 2164 628 2196 porro
650 2178 659 2193 ‚
692 2156 722 2185 &
747 2151 854 2185 statim
879 2161 966 2193 aquae
991 2150 1098 2192 impo-

101 2196 219 2236 situm,
243 2197 350 2232 statim
372 2197 513 2231 subsedit
528 2221 535 2229 .
560 2198 675 2231 Unum
700 2206 797 2233 vero,
823 2204 877 2228 aut
902 2196 1037 2227 alterum
1060 2205 1098 2226 ex

99 2240 141 2273 iis
164 2252 233 2282 quae
257 2251 346 2283 aquae
370 2252 433 2275 non
457 2240 653 2274 immiseram
675 2262 687 2280 ‚
727 2251 801 2272 cum
834 2238 1011 2272 flammulae
1044 2236 1098 2270 ad-

101 2283 292 2324 movissem,
316 2283 485 2318 flammam
507 2283 639 2326 quidem
669 2290 885 2325 conceperunt
907 2294 916 2318 3
951 2279 1000 2314 sed
1032 2291 1098 2313 non

102 2329 323 2366 retinuerunt,
349 2340 405 2362 nec
428 2329 550 2370 liquata
573 2327 670 2364 sunt,
693 2328 723 2359 δι
747 2326 835 2369 quod
861 2326 976 2367 pluma:
1007 2335 1097 2357 com-

103 2370 200 2404 bustae
223 2393 232 2409 ‚
254 2372 407 2406 oluerunt
433 2396 439 2403 .
571 2369 631 2405 Sed
663 2370 723 2403 alia
758 2372 865 2413 accipe
887 2394 897 2408 ‚
928 2369 962 2401 in
994 2369 1097 2400 altero

72 2422 75 2425 ·
102 2415 240 2453 ovar-io,
264 2416 296 2448 in
320 2417 407 2449 tubis
426 2440 434 2454 ‚
457 2424 614 2457 uteroque
636 2413 802 2456 conspeffl
826 2436 836 2451 ‚
870 2423 941 2455 quae
975 2413 1096 2453 pariter

104 2457 145 2491 ad
168 2469 265 2492 noxas
288 2456 401 2492 fimiles
424 2457 578 2500 adjungas
598 2483 606 2497 ‚
629 2468 705 2500 quas
731 2456 806 2490 alias
831 2456 933 2497 scripsi
954 2478 964 2487 .
1006 2456 1098 2487 Ova-

103 2502 188 2534 rium
214 2504 384 2535 maximam
408 2501 592 2544 juglandem
616 2511 728 2534 nucem
750 2500 896 2542 aequabat
918 2521 927 2536 ‚
962 2497 1097 2531 faetum-

103 2556 166 2586 que
190 2555 255 2578 erat
279 2558 318 2578 ex
342 2547 444 2582 albis,
468 2544 631 2587 'crassisque
655 2544 872 2582 membranis,
897 2553 1011 2585 aquam
1047 2543 1097 2574 in-

104 2589 349 2631 tercipientibus
373 2612 382 2622 .
411 2588 585 2622 Tubarum
607 2597 751 2630 utraque
783 2598 856 2621 cum
897 2585 1099 2627 Ligamentis

104 2634 189 2664 ureri
214 2633 305 2665 Latis
326 2633 366 2666 fic
390 2640 459 2665 erat
480 2631 633 2668 confusa,
658 2641 694 2664 ut
721 2629 820 2671 majus
844 2628 972 2662 illarum
995 2638 1101 2662 extre-

104 2686 196 2709 mum
219 2686 283 2708 non
308 2684 492 2719 appareret.
516 2676 613 2709 Uteri
636 2673 754 2708 fundus
780 2672 917 2706 babebat
941 2674 1027 2706 intus
1063 2671 1103 2704 ab

105 2720 212 2753 altero
235 2719 331 2752 latere
365 2719 441 2752 duas
462 2741 472 2757 ‚
503 2718 603 2751 tresve
638 2718 898 2753 excrescentias;
932 2716 972 2749 ab
1007 2715 1103 2748 altera

105 2764 200 2796 unius
223 2763 390 2796 dumtaxat
424 2762 686 2795 inchoamentum
710 2785 718 2793 .
755 2762 797 2793 Et
829 2771 939 2793 omnes
973 2759 1105 2800 quidem

106 2806 297 2839 constabant
321 2817 358 2838 ex
382 2805 451 2838 alba
475 2805 674 2842 substantia3
699 2803 747 2837 sed
771 2804 837 2837 haec
863 2805 896 2836 in
919 2813 1025 2835 earum
1040 2813 1106 2835 ma-

108 2851 197 2882 xima
221 2860 261 2883 ex
285 2848 362 2881 albis
384 2848 481 2882 fiebat
505 2849 722 2888 membranis,
752 2847 880 2881 cellulas
914 2858 1002 2888 aquae
1038 2846 1105 2887 ple-

109 2904 164 2927 nas
188 2893 447 2926 continentibus.
472 2892 588 2934 Figura
613 2892 708 2935 ipsius
721 2901 787 2924 erat
810 2891 913 2924 ovalis
934 2890 1104 2923 secundum

111 2938 196 2970 uteri
219 2935 458 2977 longitudinem
482 2935 603 2977 posita,
628 2933 717 2977 cujus
740 2934 864 2967 intimae
898 2935 1018 2967 tunicae
1052 2943 1105 2973 per

111 2978 316 3014 latiusculum
335 3002 344 3016 ,
367 2979 416 3013 sed
440 2978 544 3012 multo
567 2989 664 3021 quam
687 2977 776 3020 ipsa,
802 2977 1014 3020 angustiorem
1051 2988 1105 3017 pe-

110 3023 285 3057 dunculum
310 3023 564 3057 continuabatur
587 3024 620 3055 in
644 3020 725 3055 facie
750 3021 836 3054 illius
859 3021 929 3054 cavi
964 3021 1107 3053 anterio-

112 3079 165 3100 re.
189 3068 225 3100 In
249 3078 311 3110 qua
336 3075 424 3099 erant
447 3068 479 3099 &
501 3065 571 3099 duae
597 3065 728 3107 reliqua:
745 3088 755 3103 ‚
780 3064 882 3098 eidem
898 3065 1015 3097 tunica:
1031 3074 1108 3096 con-

111 3112 266 3147 timiam,
291 3120 354 3143 non
380 3120 435 3151 per
459 3109 672 3150 pedunculum
695 3108 827 3152 quidem
850 3129 860 3144 ,
895 3106 946 3141 sed
970 3118 1024 3150 per
1057 3116 1108 3139 to-

111 3163 179 3187 tam
202 3152 301 3186 basim
324 3176 333 3191 ‚
367 3152 537 3194 depressae,
563 3164 619 3185 nec
643 3162 755 3195 aquam
778 3152 1000 3185 continentes.

112 3200 154 3231 In
187 3196 336 3230 Thorace
360 3219 370 3234 ‚
401 3198 432 3228 &
464 3195 595 3233 Collo;
639 3206 713 3229 nam
749 3196 858 3237 Caput
901 3205 965 3227 non
998 3194 1110 3235 attigi-

117 3251 214 3280 mus‚·
236 3240 302 3273 duo
325 3251 395 3283 quse
421 3238 460 3271 ad
482 3239 567 3272 Vasa
593 3242 776 3281 pertinent,
803 3237 1106 3271 animadvertimus.

114 3285 241 3326 Magna
266 3283 351 3316 intra
374 3282 466 3316 illum
491 3283 606 3316 arteria
640 3283 776 3316 maculis
809 3291 873 3315 erat
907 3281 987 3315 albis
1021 3283 1108 3314 intus

112 3328 283 3365 dimona,
306 3326 424 3366 osseas,
449 3325 470 3357 si
496 3325 625 3368 longior
649 3325 753 3360 fuisset
778 3326 867 3365 vita,
889 3324 1029 3358 lamellas
1060 3325 1109 3357 ibi

112 3369 409 3415 praenunciantibus
434 3394 443 3403 .
475 3368 639 3413 Jugularis
671 3379 777 3403 autem
815 3370 956 3402 Externa
990 3376 1066 3401 vena
1091 3380 1108 3401 a

115 3414 247 3449 sinistris
270 3424 323 3456 per
346 3414 468 3447 collum
490 3412 680 3448 descendens
701 3436 713 3454 ,
747 3414 779 3445 in
805 3411 911 3445 medio
933 3412 1024 3445 cursu
1058 3411 1109 3444 di-

117 3457 285 3491 videbatur
308 3457 341 3489 in
366 3467 468 3499 partes
490 3465 553 3489 tres
576 3480 586 3496 ,
617 3467 707 3498 quae,
740 3456 862 3490 duabus
891 3455 1002 3489 insulis
1037 3453 1110 3488 effe-

118 3502 195 3541 ἂὶε,
222 3499 324 3533 rursus
348 3498 418 3542 post
442 3499 580 3533 tradam
601 3499 779 3541 digitorum
812 3500 941 3533 circiter
976 3500 1074 3531 trium
1098 3522 1108 3536 ,

119 3546 153 3578 in
176 3555 276 3581 unum
299 3542 531 3578 confluebant.
553 3542 614 3576 Sed
637 3541 698 3576 hoc
719 3555 824 3577 rarum
846 3544 946 3585 magis
966 3565 979 3581 ,
1015 3553 1111 3582 quam

120 3587 332 3625 morbosum3
356 3587 437 3620 illud
459 3596 494 3619 ea
516 3595 606 3619 aetate
640 3587 870 3621 creberrimum
892 3610 898 3617 .
1031 3585 1112 3619 Illuc

123 3630 187 3673 jam
211 3629 303 3663 redeo
325 3641 392 3671 quo
417 3630 484 3663 sum
509 3629 694 3670 pollicitus,
720 3630 757 3663 ad
780 3640 941 3663 tumorem
965 3627 1114 3662 videlicet

206 3673 369 3715 Morgagni
390 3674 424 3707 de
447 3673 513 3706 Sed.
528 3673 664 3714 &Caus-
677 3673 776 3707 Morb.
801 3673 961 3709 Toni-II.

187 3832 201 3861 ζ
216 3839 228 3855 c
243 3833 257 3861 3
272 3830 344 3866 Epist.
363 3840 402 3861 37·
435 3862 440 3865 ,
463 3832 472 3862 (
490 3833 505 3855 d
523 3831 531 3858 )
546 3832 617 3861 Epist.
636 3839 672 3860 50·
687 3838 712 3856 n.
729 3838 765 3862 ²3·
826 3831 833 3860 (
852 3839 863 3854 e
885 3832 892 3861 )
907 3830 966 3857 Ibid.
984 3838 1006 3855 ri.
1021 3832 1058 3855 τι.

189 3863 199 3892 (
215 3861 231 3893 f
242 3864 256 3893 )
273 3862 328 3888 vid.
345 3862 369 3887 in
387 3861 470 3888 italica
487 3862 573 3888 Palfin.
591 3863 657 3888 Edit.
674 3864 738 3887 Part.
758 3870 777 3892 ς.
794 3869 816 3887 c.
832 3870 856 3889 4.

1981 308 2069 357 44³

1139 381 1176 405 ut
1199 380 1273 404 ante
1295 369 1465 403 sefflonem
1491 377 1681 411 apparuerat
1696 390 1706 406 ,
1739 366 2018 411 hemisphaeticum
2039 391 2049 405 ,
2078 367 2139 412 qui

1139 416 1174 448 in
1197 413 1320 448 femore
1343 412 1556 446 meliceridem
1580 411 1625 445 ob
1645 411 1679 446 id
1703 412 1800 445 etiam
1813 411 2030 446 mentiebatur
2048 412 2137 454 quod

1139 469 1206 493 non
1229 467 1284 499 per
1307 455 1521 499 pedunculutn
1545 455 1619 488 inde
1643 454 1820 497 pendebat,
1853 453 1906 489 sed
1937 453 2029 488 suum
2060 455 2140 487 alte-

1139 512 1209 535 rum
1235 499 1493 542 hemisphaerium
1517 497 1676 532 condebat
1700 497 1758 532 sub
1792 507 1866 532 cute
1887 523 1897 532 .
1929 496 2003 531 Hac
2033 496 2136 539 igitur

1138 543 1239 578 incisa
1253 566 1262 581 ,
1284 540 1489 576 manifestum
1511 541 1664 575 omnibus
1686 542 1742 583 qui
1766 541 1918 579 aderant,
1951 539 2016 574 fuit
2042 562 2052 578 ,
2085 541 2138 572 ni-

1135 589 1183 624 hil
1208 587 1294 621 aliud
1320 585 1399 622 ess'e;
1423 585 1480 618 nisi
1505 584 1787 622 &crescentiam
1810 583 1892 619 ficut
1925 594 1986 625 ego
2016 581 2139 616 intelli-

1134 645 1198 677 go,
1222 630 1415 664 membranae
1440 626 1612 668 Adiposae.
1634 628 1687 661 Ex
1710 628 1769 662 hac
1800 629 1889 661 enim
1920 626 1986 668 ipsa
2017 628 2050 659 in
2084 634 2138 659 tot

1135 675 1298 720 parallelas
1320 671 1405 714 quasi
1431 680 1533 712 partes
1555 669 1729 711 disposita,
1762 672 1899 710 omnino
1933 670 2097 704 constabat
2123 691 2134 707 ,

1135 720 1228 753 nullo
1251 717 1315 750 alio
1339 713 1528 749 discrimine
1553 738 1561 753 ‚
1594 712 1651 746 nisi
1674 713 1760 755 quod
1781 712 1948 757 pinguedo
1965 724 2054 756 ,quae
2066 712 2135 746 sub-

1135 762 1222 797 fusca
1245 760 1322 794 alibi
1345 767 1412 791 erat
1426 782 1435 797 ,
1458 759 1492 789 in
1516 766 1644 790 tumore
1667 758 1768 799 magis
1779 757 2135 791 albicabat.Caeterum

1137 816 1239 848 neque
1263 803 1321 836 sub
1344 810 1417 835 cute
1440 801 1627 834 membrana
1649 800 1709 833 alia
1732 810 1798 834 erat
1821 811 1892 843 quae
1915 800 2011 841 cystis
2023 801 2056 832 in
2068 810 2137 832 mo—

1139 850 1215 884 dum
1240 856 1404 881 tumorem
1427 843 1720 885 completffteretur,
1742 855 1843 887 neque
1868 843 1925 877 sub
1949 841 2010 877 hoc
2042 841 2140 884 quid-

1140 903 1238 935 quam
1260 887 1424 930 intersepti
1446 885 1570 926 instar,
1594 885 1682 929 quod
1717 899 1735 921 a
1767 888 1960 922 continuata
1992 885 2138 928 Adiposa

1147 935 1330 970 membrana
1342 932 1517 964 secerneret
1529 954 1537 961 .

1194 992 1221 1017 7-
1247 975 1455 1010 Paucioribus
1477 984 1563 1007 nunc
1586 973 1691 1007 verbis
1714 974 1867 1015 alteram,
1890 973 2011 1016 quippe
2034 974 2068 1006 in
2091 974 2144 1007 vi-

1148 1022 1254 1056 ventis
1277 1019 1380 1054 adhuc
1404 1018 1468 1051 viri
1501 1026 1628 1052 tumore
1659 1017 1806 1051 habitam
1828 1044 1838 1060 ‚
1870 1017 2142 1052 Observationem

1143 1065 1340 1100 describam.

1186 1111 1219 1143 8.
1241 1109 1327 1142 VIR
1351 1103 1501 1140 honestus
1524 1114 1564 1136 ex
1587 1104 1679 1146 Agro
1704 1105 1857 1139 Patavino
1890 1112 2052 1139 tumorem
2087 1115 2145 1147 ge·-

1143 1154 1233 1189 rebat
1258 1152 1311 1185 sici
1336 1160 1399 1182 non
1426 1158 1531 1189 parvae
1553 1147 1647 1181 instar
1670 1159 1710 1181 ex
1733 1149 1835 1181 altero
1857 1147 1974 1182 femine
2007 1149 2146 1187 penden-

1143 1208 1207 1232 tem
1233 1206 1288 1238 per
1310 1194 1439 1227 brevem
1463 1190 1677 1232 pedunculum
1692 1216 1702 1231 ,
1723 1190 1831 1234 digito
1853 1203 1916 1226 non
1931 1191 2112 1227 eraffiorem
2136 1214 2148 1224 .

1145 1240 1263 1276 Mollis
1285 1247 1351 1271 erat
1372 1245 1482 1268 tumor
1505 1245 1515 1271 3
1548 1242 1584 1266 ut
1608 1234 1629 1267 si
1653 1236 1883 1273 contreetares,
1924 1236 2120 1276 intelligeres
2135 1256 2147 1272 ‚

1147 1296 1203 1319 nec
1229 1283 1369 1316 sarcoma
1392 1277 1449 1312 effe
1473 1300 1482 1315 ,
1521 1288 1576 1310 nec
1601 1290 1616 1310 a
1641 1278 1747 1311 multo
1769 1279 1825 1320 qui
1859 1279 2000 1314 inclusus
2030 1278 2107 1312 esset
2133 1299 2147 1316 ,

1148 1328 1285 1363 humore
1307 1324 1502 1358 distentum.
1528 1319 1651 1355 Eodem
1673 1333 1740 1364 quo
1763 1321 1884 1365 reliqua
1903 1321 1991 1358 'cutis
2013 1345 2022 1359 ,
2057 1322 2148 1356 colo-

1149 1383 1204 1409 re,
1229 1370 1291 1404 hoc
1315 1379 1380 1401 uno
1403 1364 1623 1405 discrepabat,
1647 1364 1735 1407 quod
1757 1376 1796 1397 ex
1817 1365 2069 1408 hemisphaericis
2091 1365 2146 1399 hic

1149 1416 1218 1449 illic
1243 1439 1251 1452 ,
1284 1410 1462 1446 humilibus
1505 1415 1610 1441 tamen
1634 1432 1647 1448 ‚
1679 1419 1736 1441 nec
1769 1409 1894 1442 minimi
1927 1409 2027 1451 digiti
2060 1409 2151 1450 apice

1149 1456 1350 1493 craffioribus
1366 1480 1375 1494 ,
1399 1450 1647 1495 protuberantiis
1669 1452 1925 1494 conspiciebatur
1960 1453 2153 1495 inaequalis.

1152 1500 1326 1543 Nusquam
1351 1496 1514 1540 pulsabat:
1541 1506 1727 1538 nunquam,
1751 1496 1801 1529 vel
1824 1494 1965 1537 pressus,
1998 1495 2152 1529 dolebat:

1131 1576 1134 1578 ,
1153 1557 1215 1583 nec,
1236 1553 1377 1587 unquam
1396 1565 1406 1579 ,
1430 1538 1490 1577 nisi,
1511 1549 1586 1572 cum
1609 1541 1753 1581 equitare
1786 1550 1866 1582 opus
1897 1549 1965 1573 erat
1987 1564 1996 1580 ,
2029 1540 2154 1573 incom-

1150 1587 1288 1624 modurn
1310 1585 1412 1620 ullum
1435 1581 1605 1616 afferebat.
1629 1583 1687 1616 Ob
1710 1582 1792 1616 hanc
1816 1584 1921 1624 igitur
1945 1594 2041 1618 unam
2077 1594 2155 1616 cau-

1152 1634 1219 1666 sam
1235 1657 1242 1671 ,
1266 1629 1378 1664 timori
1402 1625 1606 1669 adjunctam,
1629 1636 1667 1659 ne
1692 1628 1793 1669 magis
1815 1627 1848 1659 in
1872 1625 1964 1667 dies,
1989 1625 2156 1669 magisque

1151 1675 1330 1713 cresceret,
1352 1681 1393 1704 an
1420 1672 1485 1704 fine
1512 1668 1656 1710 periculo
1689 1669 1831 1703 abscindi
1868 1669 1968 1710 posset
1990 1691 1999 1706 ‚
2033 1681 2072 1702 ex
2105 1679 2157 1702 me

1154 1717 1325 1762 quaefivit.
1350 1715 1419 1756 Qui
1444 1723 1519 1747 cum
1540 1724 1574 1745 ea
1596 1724 1667 1755 quae
1690 1712 1779 1751 dixi,
1804 1713 2027 1752 attenderem,
2053 1723 2157 1755 neque

1154 1763 1241 1797 aliud
1264 1772 1318 1794 vas
1343 1766 1456 1802 praeter
1479 1767 1574 1790 unam
1589 1768 1702 1790 venam
1717 1769 1770 1799 pei·
1781 1760 1920 1789 tumoris
1943 1766 2052 1790 cutem
2066 1767 2158 1799 repe-

1154 1820 1189 1841 re
1208 1831 1215 1844 ‚
1234 1803 1402 1841 viderem,
1426 1812 1498 1845 quae
1522 1806 1559 1833 n'e
1583 1800 1619 1832 in
1642 1799 1768 1833 summo
1792 1799 1923 1842 quidem
1959 1799 1996 1833 ad
2032 1800 2160 1834 colum-

1154 1850 1226 1885 bini
1250 1848 1364 1881 calami
1389 1843 1626 1878 craffitudinem
1651 1845 1879 1885 perveniebat,
1913 1842 2021 1878 felices
2053 1853 2160 1877 autern

1157 1903 1324 1927 tumorum
1348 1887 1504 1932 ejusmodi
1529 1889 1764 1928 amputationes
1789 1888 1946 1921 memoria
1987 1896 2128 1921 tenerem
2149 1899 2161 1926 5

1155 1937 1252 1971 facile
1277 1936 1395 1969 annui:
1420 1930 1597 1975 praesertim
1620 1942 1694 1964 cum
1725 1930 1788 1964 Vir
1824 1931 2125 1972 Experientiffimus
2148 1956 2159 1971 ,

1158 1980 1309 2014 Publicus
1332 1980 1364 2011 in
1389 1976 1450 2010 hoc
1472 1973 1656 2017 Gymnasio
1679 1972 1869 2016 Chirurgiae
1883 1972 2060 2014 Professor,
2079 1975 2161 2007 Hie-

1157 2034 1318 2065 ronymus
1339 2019 1529 2055 Vandellius
1552 2018 1582 2051 se
1607 2015 1770 2060 recepisset
1794 2017 1992 2052 exsectumm
2015 2043 2022 2050 .
2058 2017 2161 2061 Quod

1155 2071 1186 2101 δέ
1210 2066 1345 2100 feliciter
1369 2063 1521 2107 praestitit
1554 2063 1684 2095 ineunte
1716 2061 1819 2104 Junio
1852 2063 1896 2094 A.
1926 2071 2020 2106 1757.
2058 2073 2162 2104 pauco

1155 2112 1290 2144 omnino
1316 2109 1464 2151 sanguine
1487 2105 1608 2144 effuso,
1633 2106 1757 2138 etiamsi
1794 2105 1929 2146 paululo
1967 2104 2161 2148 profundius

1148 2167 1252 2197 equam
1276 2152 1352 2186 esset
1378 2149 1549 2194 pedunculi
1573 2149 1731 2186 initium,
1754 2147 1961 2189 exsecuisset,
1994 2152 2025 2183 &
2062 2147 2157 2184 facile

1155 2199 1306 2231 cicatrice
1331 2196 1491 2233 obduffta‚
1513 2195 1599 2226 intra
1631 2192 1725 2226 breve
1759 2202 1886 2235 tempus
1925 2191 2058 2226 homine
2092 2204 2162 2236 per-

1155 2242 1266 2276 sanato
1290 2264 1298 2271 .
1431 2236 1634 2275 TUMOR,
1665 2238 1724 2279 qui
1760 2238 1870 2270 uncias
1902 2237 2032 2271 circiter
2065 2239 2164 2280 quin-

1154 2298 1218 2327 que
1240 2283 1394 2327 pendebat
1418 2304 1428 2320 ,
1465 2279 1576 2314 eodem
1602 2291 1693 2313 mane
1717 2291 1770 2323 per
1794 2280 1913 2314 Filium
1928 2305 1938 2320 ‚
1961 2281 2163 2318 Parente‚&

1152 2327 1359 2363 Doffiffimis
1385 2325 1510 2358 Patruis
1533 2324 1694 2366 dignum,
1719 2322 1757 2357 ad
1782 2335 1833 2358 me
1856 2323 1984 2361 missus,
2007 2327 2062 2365 δε,
2099 2324 2162 2360 hoc

1153 2371 1372 2413 inspeEtante,
1399 2381 1413 2401 a
1452 2379 1501 2401 me
1536 2368 1695 2401 continuo
1727 2367 1887 2410 perfectus
1911 2390 1922 2405 ‚
1956 2367 1989 2401 id
2023 2370 2163 2403 omnino

1155 2425 1225 2449 erat
1259 2412 1345 2455 quod
1380 2412 1564 2449 censueram
1588 2437 1597 2453 ‚
1631 2422 1744 2453 nempe
1781 2412 1934 2454 Adiposae
1968 2413 2162 2447 membranae

1151 2457 1400 2493 Excrescentia.
1425 2456 1586 2496 Qualem,
1611 2467 1666 2498 per
1691 2455 1876 2490 Valsalvam
1902 2456 2039 2490 absciffae
2063 2482 2070 2496 ‚
2107 2469 2163 2499 pe-

1153 2503 1330 2536 dunculum
1354 2501 1430 2534 alias
1453 2503 1463 2538 (
1488 2499 1540 2541 d)
1564 2499 1627 2532 tibi
1651 2497 1823 2543 descripsi,
1847 2499 1922 2534 talis
1945 2501 1997 2534 hic
2021 2499 2109 2542 fuit,
2127 2501 2162 2535 id

1155 2546 1198 2579 est
1220 2558 1258 2578 ex
1281 2545 1390 2578 eadem
1413 2555 1484 2586 quaa
1506 2543 1538 2575 in
1566 2542 1649 2576 sanis
1673 2542 1739 2580 est,
1773 2544 1967 2578 membranae
2008 2545 2161 2588 Adiposae

1154 2589 1331 2625 strue‘mra,
1354 2592 1385 2621 &
1409 2586 1579 2621 substantia
1603 2610 1615 2626 ,
1648 2587 1737 2629 quasi
1771 2588 1804 2621 in
1838 2588 2003 2631 cylindros
2035 2591 2163 2632 aliquot

1158 2633 1322 2666 contraffta
1345 2652 1354 2668 ,
1387 2631 1473 2663 inti-a
1507 2628 1722 2672 pedunculum
1753 2629 1958 2666 descendente
1981 2656 1993 2673 ‚
2026 2645 2065 2666 ex
2099 2632 2162 2668 hoc

1160 2687 1237 2709 vero
1260 2677 1345 2708 intra
1369 2683 1534 2708 tumorem
1557 2674 1747 2707 continuata
1772 2696 1781 2712 ‚
1820 2675 1966 2711 subflava
1985 2700 1996 2716 ,
2030 2677 2124 2710 molli
2150 2700 2162 2717 ,

1161 2718 1336 2756 unfiuosa,
1361 2728 1525 2751 tumorem
1549 2716 1756 2756 universum,
1780 2721 1812 2750 δι
1836 2719 1891 2752 illa
1924 2720 1990 2761 ipsa
2023 2722 2162 2754 exterius

1159 2763 1401 2804 protuberantia
1428 2771 1523 2803 parva
1547 2759 1769 2802 hemisphaeria
1795 2759 1967 2795 afficiente.
1994 2765 2100 2798 Partes
2123 2776 2163 2801 ex«

1159 2807 1277 2848 quibus
1298 2804 1587 2846 compingebatur,
1611 2814 1675 2836 nori
1702 2803 1804 2838 solum
1828 2808 2040 2846 cuti,verum
2065 2810 2162 2842 etiarn

1160 2852 1245 2882 inter
1268 2848 1296 2882 se
1321 2848 1427 2892 pasiim
1451 2847 1593 2892 tenacius
1617 2845 1845 2886 adhaerebant3
1869 2858 1904 2882 ut
1928 2861 1982 2892 per
2004 2851 2088 2885 solos
2111 2852 2163 2886 di-

1160 2896 1246 2935 gitos
1269 2903 1339 2934 pars
1363 2905 1378 2925 a
1404 2899 1492 2932 parte
1517 2890 1642 2933 sejungi
1667 2902 1729 2924 non
1764 2891 1863 2934 posset
1885 2905 1895 2931 5
1931 2895 2017 2928 nulla
2054 2905 2161 2929 tamen

1160 2935 1287 2977 prorsus
1312 2945 1425 2978 praeter
1448 2944 1555 2968 cutem
1576 2943 1643 2967 erat
1668 2935 1800 2974 tunica,
1823 2947 1895 2977 quae
1911 2961 1920 2976 ‚
1947 2947 1983 2972 ut
2008 2941 2041 2972 in
2065 2939 2162 2981 cysti-

1158 2981 1204 3012 cis
1227 2978 1370 3013 videmus
1393 2979 1594 3014 tumoribus,
1617 2977 1701 3012 hunc
1726 2979 2086 3021 complefiereturmec
2106 2993 2161 3017 cu-

1159 3026 1203 3056 tis
1226 3023 1310 3064 ipsa,
1337 3033 1523 3065 quanquam
1548 3030 1616 3055 erat
1639 3021 1860 3063 craffiuscula,
1880 3025 1912 3056 in
1936 3024 2010 3058 duas
2034 3035 2162 3068 poterat

1159 3067 1263 3100 dividi
1288 3067 1441 3099 laminas.
1465 3067 1548 3111 Cuti
1574 3074 1682 3099 autem
1705 3064 1757 3100 hic
1782 3067 1850 3101 illic
1877 3066 2048 3109 suberant,
2082 3081 2163 3112 prae-

1161 3110 1271 3143 sertim
1296 3109 1456 3150 superiora
1480 3107 1605 3148 versus,
1628 3109 1735 3144 tenuia
1760 3111 1882 3144 vascula
1918 3111 2117 3154 sanguifera.

1205 3165 1235 3192 9-
1261 3152 1356 3186 Parvi
1391 3152 1524 3195 quidem
1557 3151 1592 3185 hi
1627 3165 1707 3196 quos
1742 3153 2161 3196 persecuimus,·tumores

1163 3196 1293 3230 suerunt
1308 3219 1318 3235 ‚
1342 3195 1364 3230 fi
1388 3207 1463 3230 cuin
1486 3195 1662 3240 grandibus
1695 3196 1760 3229 illis
1791 3209 1953 3239 compares
1975 3220 1987 3237 ,
2022 3210 2160 3240 quorum

1164 3239 1240 3272 alias
1273 3243 1353 3278 (e)
1385 3241 1530 3283 exempla
1563 3241 1778 3274 indicavimus
1817 3241 1952 3274 videnda
1987 3242 2161 3284 praesertim

1161 3284 1245 3325 apud
1271 3284 1446 3317 Palfinium
1470 3305 1480 3320 ,
1514 3291 1568 3316 aut
1601 3295 1674 3317 cum
1707 3284 1781 3317 alias
1816 3287 1914 3318 etiam
1950 3286 2125 3327 majoribus
2152 3310 2161 3325 ,

1160 3338 1242 3369 quos
1266 3327 1302 3359 ad
1327 3338 1380 3360 eos
1405 3326 1595 3360 addiderunt
1620 3326 1804 3360 Praestantes
1828 3329 1907 3361 Viri
1931 3327 2018 3372 (f)
2052 3330 2162 3370 pond-,o

1160 3371 1317 3405 librarum
1342 3369 1526 3413 sexaginta,
1561 3379 1612 3403 aut
1646 3370 1780 3411 amplius
1805 3396 1812 3402 .
1850 3371 1907 3405 Scd
1940 3384 2013 3408 cum
2045 3372 2162 3407 similes

1151 3414 1274 3447 'eorum
1299 3413 1486 3447 censeantur
1509 3414 1568 3455 qui
1589 3412 1737 3454 Cystici‚
1763 3416 1793 3446 ἃ
1819 3415 2021 3456 peculiariter
2053 3418 2162 3455 'Necte

1161 3456 1338 3495 dicuntur;
1359 3458 1414 3490 etsi
1439 3454 1665 3499 pinguedinem
1688 3459 1955 3496 contiuei·ent,'a
1979 3459 2093 3492 nostris
2118 3469 2167 3493 ta-

1163 3498 1233 3533 men
1259 3500 1414 3542 intelligis
1440 3500 1528 3534 fuisse
1550 3500 1784 3541 discrepantes.
1919 3502 2043 3535 Verum
2078 3514 2133 3544 age
2156 3527 2168 3543 ,

1163 3545 1203 3576 ab
1236 3542 1285 3576 his
1317 3545 1374 3586 qui
1411 3544 1579 3584 singulares
1603 3568 1612 3582 ‚
1653 3545 1685 3575 &
1719 3543 1798 3585 saepe
1830 3555 1895 3578 non
1928 3546 2020 3587 parvi
2056 3545 2128 3580 sunt
2156 3569 2166 3583 ‚

1165 3587 1203 3620 ad
1237 3587 1316 3619 alios
1360 3588 1417 3630 qui
1453 3587 1524 3620 sunt
1549 3586 1777 3629 multiplices,
1805 3588 1836 3619 &
1859 3589 1991 3631 exigui,
2015 3598 2068 3622 aut
2095 3601 2163 3624 cei·-

1165 3640 1198 3662 te
1232 3630 1385 3667 modici,
1438 3630 1599 3664 veniamus
1621 3653 1629 3662 .
1673 3631 1878 3708 Slgbiistlimffi
1919 3640 2024 3665 autem
2057 3633 2091 3667 in
2124 3635 2165 3666 iis

1852 3685 1869 3707 2
2088 3677 2126 3711 de
