2498 4075
415 221 583 288 Epist.
622 221 784 277 Anat.
823 225 1039 278 Medica
1071 224 1239 277 XLII.
1279 223 1392 275 Art.
1429 241 1501 289 ¹4·
1530 228 1586 278 &
1619 238 1690 284 ις.

1955 231 2030 278 161

68 307 142 332 tuor
164 298 266 332 exaffi
288 308 376 333 erant
400 302 474 333 anni
500 313 515 335 a
539 302 644 342 primo
667 300 808 341 dysuriae
832 303 952 339 initio,
976 314 1067 336 acae-
1117 311 1232 348 magna
1267 300 1346 332 vitia
1376 299 1473 334 essent
1507 302 1539 333 in
1573 297 1701 335 renibus
1717 324 1725 338 ,
1762 301 1954 345 quibuscum
1988 304 2108 337 nemini

66 341 143 375 teris
165 351 272 376 autern
295 344 510 378 incommodis
533 343 652 377 menses
675 344 784 377 saltem
807 344 1032 388 duodeviginti
1055 369 1064 385 ,

64 395 139 421 cum
161 397 221 428 ego
243 397 373 428 quoque
387 397 459 421 ante
482 387 642 420 Februarii
667 386 761 420 finem
786 390 828 421 A.
856 399 948 431 1711.
974 390 1010 423 ad
1021 403 1063 423 ae-

64 441 159 473 grum
184 429 252 461 sum
276 432 443 464 accersitus
466 429 698 463 consolandum
722 434 828 473 potius
843 454 851 468 ,
887 442 922 465 ut
954 433 1061 466 statim

63 471 248 506 domesticis
281 472 350 505 dixi
378 498 386 513 ‚
415 485 511 514 quam
545 474 720 507 curandum
744 500 752 507 .
781 476 957 518 Mingebat
991 476 1061 518 plus

63 516 192 555 multo,
214 526 312 558 quarn
335 516 467 559 potabat
481 531 491 549 .·
513 518 612 551 urinae
635 527 742 551 autem
765 531 804 551 ex
838 519 982 553 subflavo
1015 519 1062 552 al-

63 558 238 600 bicabant,
261 558 318 592 seri
351 561 448 594 instar
471 571 613 602 quocum
636 561 727 595 laetis
758 561 863 596 adhuc
887 561 925 595 fit
950 564 1059 605 portio

65 603 199 637 admista
224 626 233 641 ‚
265 604 397 641 materia
429 603 504 636 dein
541 603 720 638 subsidente
753 606 845 644 alba,
868 617 967 648 pauca
999 606 1058 639 ali-

62 646 216 689 quando,
240 648 271 678 &
295 647 408 686 tenui,
443 657 509 679 non
540 659 641 690 pauca
673 649 750 682 alias
773 675 781 688 ,
813 652 844 682 &
875 650 959 683 lenta
983 671 993 687 ,
1027 652 1058 681 &

61 691 190 733 gravius
222 689 347 735 olente,
373 701 471 730 eaque
501 691 619 733 majori
653 704 728 726 cum
750 693 862 726 dolore
885 718 893 732 ,
930 696 961 726 &
993 692 1060 726 dif-

61 735 205 767 ficultate
236 733 335 775 eJesta
359 757 368 772 ‚
398 733 432 766 id
464 734 553 775 quod
575 737 659 769 circa
692 746 839 769 auroram
863 736 1060 779 potiffirnum

18 817 20 819 ‚
61 776 183 810 solebat
216 774 356 809 accidere
379 799 386 806 -
423 777 532 810 Dolor
565 789 672 813 autem
694 781 728 812 in
750 777 857 812 cordis
881 779 1061 813 scrobiculo

60 821 176 853 saevior
198 818 305 867 facilus
324 828 391 852 erat
425 819 504 854 adeo
528 844 538 860 ‚
569 833 606 857 ut
642 833 725 865 aeger
759 822 888 866 perinde
922 822 980 856 effe
1010 823 1060 856 di-

60 873 148 897 ceret
174 889 184 903 ,
217 874 250 895 ac
284 863 305 894 ἦ
341 874 358 895 a
381 864 516 898 canibus
547 866 722 900 laniaretur
743 889 751 903 ,
783 877 857 899 cum
889 866 1059 907 ingruebat

63 906 208 940 acerbior
241 917 296 947 per
331 906 500 941 intervalla
525 923 535 941 .·
566 922 633 952 quo
665 918 809 951 tempore
845 909 1007 946 sternum,
1031 912 1062 942 «Sc

62 950 226 993 proximas
238 950 390 991 utrinque
412 961 517 993 partes
541 952 735 992 condolere,
752 951 878 994 ajebat,
902 951 1063 985 finistrum

60 1002 167 1027 autem
199 992 395 1034 superiorem
419 1004 527 1029 artum
549 996 709 1038 stupidum
731 996 821 1036 fieri,
841 998 871 1029 δε
895 996 1030 1029 inertem
1051 1017 1061 1033 ‚

59 1039 90 1069 &
113 1047 171 1069 coi·
192 1035 354 1079 denique,
377 1039 552 1080 praesertim
577 1039 600 1072 si
623 1040 656 1072 in
679 1040 794 1074 laevum
817 1039 1063 1078 cubaretlatus,

55 1077 190 1113 moleste
211 1078 387 1122 palpitare.
412 1082 556 1125 Haecque
580 1082 698 1116 fiebant
732 1083 765 1114 in
790 1082 856 1115 dies
878 1083 1025 1123 graviora
1047 1104 1057 1119 ,

57 1132 95 1157 ut
119 1122 216 1156 facies
237 1122 324 1158 haud
355 1126 515 1167 amplius,
538 1127 585 1159 uti
619 1124 683 1158 fere
707 1135 799 1159 antea
834 1126 954 1159 solebat
976 1148 987 1165 ,
1023 1126 1057 1157 in

56 1169 97 1201 iis
119 1165 241 1199 doloris
267 1168 563 1202 exacerbationibus
586 1168 736 1206 ruberet;
759 1169 827 1202 imo
848 1169 913 1211 jam
936 1168 1025 1202 nasus
1047 1191 1059 1208 ,

57 1220 193 1248 marim,
214 1210 309 1253 pedes
341 1211 518 1254 frigerent,
540 1215 572 1245 δα
608 1213 696 1246 alvus
727 1223 825 1254 quarn
850 1214 947 1246 tertio
979 1223 1061 1255 quo-

56 1264 121 1296 que
151 1253 205 1286 die
237 1253 389 1288 haetenus
423 1254 544 1288 solvere
576 1256 639 1288 levi
670 1256 806 1298 clystere
839 1263 1028 1297 oportuerat
1049 1278 1062 1294 ,

57 1307 143 1330 nunc
168 1295 239 1338 post
260 1295 397 1339 singulas
431 1298 503 1331 illas
525 1299 783 1333 exacerbationes
805 1298 922 1332 biliosa
957 1298 1062 1333 effun-

56 1340 168 1374 deret.
191 1339 247 1373 Ne
269 1351 346 1374 vero
378 1342 451 1384 quis
484 1341 570 1375 forte
607 1341 839 1383 suspicaretur,
865 1354 914 1376 eas
946 1354 987 1376 ex
1009 1353 1063 1376 ve-

56 1384 135 1418 ficae.
151 1384 339 1418 irritatione
361 1385 468 1422 oriri;
491 1394 615 1427 quanto
638 1386 700 1419 illae
724 1386 900 1420 acerbiores
926 1409 936 1423 ‚
970 1395 1063 1419 tanto

57 1425 151 1461 simul
177 1427 299 1460 leviora
323 1426 362 1461 ad
385 1427 518 1462 vesicam
542 1429 662 1463 fiebant
684 1431 795 1463 omnia
823 1451 833 1466 ,
868 1428 1062 1472 faciliusque

56 1471 158 1504 urinae
168 1469 401 1504 reddebantur.
426 1471 544 1514 Neque
557 1481 686 1514 tamen,
709 1473 731 1506 si
756 1473 898 1516 pectori,
920 1482 974 1506 aut
988 1484 1062 1505 ven-

57 1514 102 1547 tri
137 1513 323 1548 admoveres
361 1525 491 1548 manum
512 1538 523 1554 ,
557 1516 735 1559 quidquam
769 1525 882 1557 praeter
912 1526 1059 1549 naturam

11 1590 13 1593 ⁴
57 1557 237 1600 perciperes
262 1570 272 1590 .-
311 1560 381 1591 imo
415 1567 526 1591 venter
548 1560 670 1592 nullam
705 1560 836 1601 usquam
869 1559 1024 1592 duritiem
1049 1582 1062 1599 ‚

56 1600 180 1634 nullam
204 1600 332 1643 prorsus
368 1600 544 1635 tenfionem
579 1600 719 1636 habebat
742 1627 750 1635 .
784 1604 910 1635 Interea
948 1601 1061 1635 somno

55 1644 226 1677 doloribus
255 1645 440 1686 interrupto
461 1667 472 1684 ,
495 1646 644 1680 ciborum
668 1645 813 1689 appetitu
836 1645 981 1688 dejecto,
1006 1646 1060 1679 fiti

55 1696 216 1724 vexante,
242 1687 324 1721 vires
347 1688 448 1728 magis
490 1688 657 1732 magisque
691 1687 883 1723 fatiscebant
905 1712 914 1726 ,
940 1690 1061 1722 interni

54 1729 161 1764 sensus
185 1729 275 1772 quali
300 1739 427 1772 torpere
451 1730 651 1775 incipiebant
666 1755 676 1771 ,
700 1732 870 1775 pulsusque
884 1731 940 1774 ipsi
955 1745 970 1765 a
995 1733 1061 1774 pri-

51 1784 107 1807 ma
139 1773 196 1805 illa
229 1773 476 1815 magnitudine,
501 1779 532 1808 δι
556 1776 682 1818 impetu
714 1776 912 1809 declinarant
947 1775 1026 1808 adeo
1047 1798 1059 1815 ‚

51 1826 90 1850 ut
123 1816 217 1859 parvi
242 1838 253 1854 ‚
286 1827 321 1849 ac
352 1816 494 1854 debiles,
517 1819 639 1852 finister
672 1819 867 1862 praesertim,
892 1829 948 1852 nec
983 1829 1057 1851 raro

47 1860 222 1901 inaequales
233 1858 575 1902 deprehenderentur;
596 1864 631 1895 in
653 1862 955 1900 exacerbationibus
977 1872 1055 1895 vero

48 1904 177 1937 ultimis
198 1904 295 1936 etiam
319 1903 422 1937 nulli.
446 1905 485 1936 In
509 1902 573 1938 hoc·
595 1906 698 1947 igitur
720 1916 822 1939 rerum
846 1904 928 1938 statu
952 1915 1054 1947 quan-

49 1947 286 1988 tulumcunque
309 1946 443 1987 afferre,
466 1948 491 1983 fi
522 1958 586 1981 non
611 1949 725 1982 auxilii
747 1973 756 1988 ‚
787 1957 819 1981 at
851 1957 935 1982 certe
967 1948 1055 1981 leva-

48 1992 149 2024 minis
185 1991 312 2032 potui,
346 2001 412 2024 non
443 1989 537 2023 omisi
566 2008 574 2023 's
607 1992 654 2024 At
686 1991 816 2026 fuerunt
848 1993 958 2025 omnia
991 1990 1055 2024 sine

48 2043 133 2068 noxa
155 2033 309 2076 quidem,
333 2032 383 2066 sed
406 2049 426 2071 ‚¹
450 2043 485 2067 ut
509 2032 718 2075 praedixeram
740 2058 749 2074 ,
783 2035 873 2069 irrita
898 2061 906 2068 .
941 2037 1055 2076 Itaque

47 2089 124 2111 cum
146 2075 303 2119 postridie
332 2077 449 2111 Nonas
482 2077 619 2111 Martias
650 2078 720 2112 duae
755 2077 858 2112 tresve
890 2079 1055 2120 sanguinis

46 2129 151 2163 guttae
176 2120 288 2162 sponte
310 2131 325 2153 e
349 2120 480 2153 naribus
503 2121 713 2161 excidissent,
737 2122 912 2155 insecutam
947 2130 1054 2154 autem

46 2165 176 2198 noc0tem
200 2175 216 2196 a
239 2162 354 2196 crebro
376 2164 410 2195 in
433 2163 615 2197 scrobiculo
637 2166 745 2198 cordis
769 2166 879 2198 dolore
904 2165 1055 2198 omnium

47 2207 212 2250 peffimam
236 2204 396 2245 duxisset,
420 2208 452 2240 δε
477 2217 568 2240 mane
592 2216 722 2247 tamen,
746 2206 854 2242 silente
867 2208 1002 2242 dolore,
1026 2206 1055 2239 se

49 2251 82 2285 se
107 2250 146 2284 ad
170 2248 344 2284 sedendum
367 2250 401 2282 in
432 2250 530 2284 lecto,
548 2250 716 2289 erexiffet;
738 2251 807 2293 post
829 2251 942 2284 horam
959 2251 1056 2284 circi-

49 2303 100 2327 ter
125 2293 235 2326 eodem
261 2301 443 2327 revertente
465 2314 474 2329 ,
510 2294 541 2325 &
564 2292 726 2327 saeviffimc
759 2304 893 2336 urgente
916 2317 928 2334 ,
954 2304 1055 2335 prope

48 2337 157 2371 dicam
189 2335 300 2370 subito
331 2335 501 2370 ,confestus
535 2335 596 2369 est.
743 2336 1021 2372 CADAVERIS
1044 2359 1053 2374 ‚

46 2379 246 2424 pinguedine
279 2379 377 2413 etiam
402 2389 472 2413 tum
494 2390 560 2412 non
585 2390 683 2422 pauca
706 2380 833 2423 praediti
854 2403 867 2420 ‚
900 2379 1053 2414 Thorace

46 2425 195 2467 primum
214 2422 369 2460 dissecto,
391 2423 576 2465 pulmones,
601 2435 680 2463 cor,
704 2423 777 2457 vasa
801 2423 922 2465 Magna
944 2425 1051 2456 omnis

47 2467 125 2500 vitii
158 2467 301 2509 expertia
320 2464 604 2508 deprehendimus.
739 2467 860 2500 Venter
882 2466 970 2509 jecur
993 2466 1051 2499 ha-

46 2510 122 2544 buit
158 2521 223 2543 non
257 2508 413 2543 naturalis
443 2509 583 2547 coloris,
606 2512 637 2542 δε
669 2509 752 2551 cysti
785 2513 949 2544 contracta
972 2532 982 2547 ,
1014 2520 1050 2542 ac

45 2552 204 2593 flaccida,
227 2554 346 2596 quippe
379 2564 418 2586 ex
439 2564 503 2595 qua
527 2552 652 2586 dolores
675 2554 794 2593 bilem,
823 2563 856 2586 ut
880 2554 972 2592 dixi,
997 2562 1050 2586 to-

47 2599 110 2631 ties
141 2596 376 2639 expresserant.
404 2595 617 2633 Ventriculi‚
652 2605 765 2631 caetera
800 2596 865 2630 sani
885 2619 898 2637 ‚
931 2595 1050 2630 fundus

43 2642 103 2674 vix
125 2640 249 2682 aliquid
283 2640 398 2673 leviter
432 2639 553 2673 iubatri
584 2640 723 2674 ostendit
748 2665 756 2674 .
789 2640 858 2674 Ren
892 2639 1011 2674 sinister
1036 2665 1048 2680 ‚

42 2691 117 2717 tota
136 2682 236 2717 ferme
260 2680 434 2717 substantia
457 2684 545 2718 intus
567 2684 776 2725 consumpta,
798 2684 939 2717 maxime
971 2683 1048 2717 flac-

44 2727 158 2767 cidus,
182 2726 375 2768 inaequalem
406 2726 566 2760 calculum
600 2727 822 2767 continebat·²
854 2730 886 2759 <Sc
918 2727 1046 2761 urinam

45 2770 176 2812 qualem
208 2780 291 2811 aeger
313 2770 497 2812 mingebat.
521 2771 605 2806 Quae
628 2772 659 2803 &
682 2770 815 2804 dextero
837 2771 966 2803 inerat.-
989 2781 1045 2802 cu-

46 2812 100 2857 jus
137 2813 277 2846 exterior
308 2811 406 2846 facies
428 2814 464 2847 in
506 2822 557 2847 tot
590 2811 678 2855 quasi
701 2814 850 2855 globulos
871 2837 881 2853 ,
913 2813 1047 2853 imparis

46 2859 132 2890 inter
175 2856 205 2889 se
248 2855 482 2898 magnitudinis
505 2880 516 2895 ,
558 2855 662 2890 divisa
702 2855 878 2899 assurgebat
901 2882 909 2890 .
953 2855 1047 2889 Vesi-

50 2912 88 2934 ca
123 2909 188 2933 tres
202 2897 324 2945 ,habuit
357 2899 478 2942 lapides
501 2910 603 2942 neque
636 2910 792 2941 magnos,
824 2911 926 2941 neque
958 2898 1047 2942 aspe-

46 2954 101 2978 ros
125 2968 133 2976 .
167 2943 246 2984 Ejus
278 2943 412 2975 interior
458 2943 638 2985 superficies
670 2954 708 2976 ex
742 2944 921 2977 tenuiffimo
956 2940 1044 2985 quasi

48 2995 201 3021 tomento
224 2985 296 3019 fieri
319 2985 512 3023 videbatur,
544 2984 810 3029 excrescebatque
843 2988 882 3020 ad
914 2988 1047 3020 cervicis

48 3030 137 3065 latus
179 3029 213 3062 in
244 3028 362 3063 durum
394 3029 618 3067 tuberculum,
643 3028 715 3062 faba
737 3041 802 3063 non
826 3029 948 3072 majus,
970 3029 1048 3064 vesi-

51 3085 98 3107 cae
158 3072 247 3107 intus
282 3096 293 3112 ,
348 3081 502 3117 extraque
560 3073 716 3107 concolor
740 3097 747 3104 .
811 3075 961 3116 Denique
1012 3075 1046 3106 in

48 3115 192 3150 Prostata
225 3115 377 3157 glandula
421 3114 504 3161 linus
549 3126 615 3150 erat
637 3139 650 3156 ‚
695 3128 761 3158 quo
806 3119 919 3151 tartari
963 3116 1051 3149 simi-

50 3160 92 3194 lis
136 3160 270 3194 materia
297 3183 307 3200 ,
339 3161 370 3191 &
425 3160 524 3193 terme
566 3159 632 3203 jam
664 3160 819 3194 calculosa
862 3160 1049 3194 contineba-

52 3212 131 3238 tur.
476 3230 478 3232 v

97 3257 148 3289 14.
170 3246 287 3280 Urinae
309 3244 525 3285 difficultatis,
550 3259 612 3289 qua
647 3246 687 3280 de
710 3248 835 3289 agimus
857 3246 942 3281 hisce
979 3247 1049 3279 Lit-

49 3290 146 3327 teris,
170 3289 276 3323 causas
299 3290 332 3322 in
355 3289 417 3324 hoc
441 3301 527 3332 aegro
552 3289 693 3324 Prostata
717 3291 887 3333 glandula,
912 3288 1011 3323 vefica
1037 3313 1048 3329 ‚

47 3334 81 3366 δι
103 3343 195 3367 renes
214 3332 347 3375 quidem
371 3333 531 3373 habebant
551 3345 563 3372 5
594 3334 646 3369 sed
667 3334 817 3367 dolorum
836 3332 1049 3368 acerbiffimo-

53 3386 150 3417 rum,
172 3376 295 3418 quibus
315 3377 392 3410 adeo
414 3375 644 3418 conflictatus,
666 3380 698 3411 δε
718 3377 857 3421 denique
868 3387 1051 3420 peremptus.

49 3418 119 3459 est,
142 3419 222 3458 soli,
244 3429 404 3462 quantum
435 3432 496 3463 ego
519 3421 693 3464 intelligo,
716 3432 803 3455 renes
834 3422 1014 3455 habuerunt
1038 3445 1046 3453 .

49 3462 167 3506 Neque
198 3463 282 3496 enim
314 3462 442 3497 dolores
473 3465 547 3497 illos
581 3465 620 3497 ab
642 3464 762 3498 infimis
793 3467 914 3499 ventris
949 3464 1050 3505 parti-

50 3502 109 3540 bus
140 3507 299 3539 excitatos
334 3506 393 3541 effe
413 3530 427 3547 ‚
461 3506 631 3541 verisimile
661 3506 703 3540 est
726 3529 735 3543 ,
772 3508 950 3549 praesertim
972 3519 1047 3541 cum

113 3550 302 3626 [Morgagni
311 3551 346 3584 de
357 3553 422 3585 Sed.
435 3551 477 3583 εί]
486 3553 508 3583 C
509 3549 573 3592 aus.
586 3549 689 3593 Morb.
705 3550 803 3585 Torn.
816 3553 861 3584 11.

1115 345 1174 377 esle
1198 343 1299 385 potest
1329 346 1480 386 ignotum
1502 354 1659 386 quantum
1682 346 1877 379 ventriculus
1900 346 2079 379 consentiat
2096 369 2107 383 ,

1113 385 1205 428 cujus
1239 397 1308 426 pars
1340 387 1467 420 dextera
1504 387 1682 420 scrobiculo
1713 390 1820 421 cordis
1854 389 2040 429 respondet.
2066 390 2107 422 Ei

1112 429 1275 464 consensui
1313 441 1476 471 acceptum
1502 430 1703 464 referendum
1737 432 1779 465 est
1802 430 1889 473 quod
1914 433 2107 465 vomitiones

1111 474 1231 507 soleant
1257 485 1329 506 cum
1355 484 1466 507 renum
1490 474 1582 506 vitiis
1615 474 1773 517 conjungi
1797 488 1805 506 ε
1842 476 1949 517 itaque
1971 485 2008 507 ex
2039 475 2107 507 illis

1110 517 1178 551 haec
1220 518 1253 549 in
1287 515 1480 558 perobscuro
1511 517 1652 558 quodam
1684 517 1755 551 casu
1788 516 1871 560 (c)
1906 529 1963 551 nos
2007 517 2109 559 suspi-

1110 570 1198 594 catos
1240 559 1333 600 esse‚
1375 560 1555 594 memineris
1579 585 1587 593 .
1623 562 1765 594 Fuerant
1806 562 1901 594 etiam
1948 562 2107 595 vomitio-

1108 615 1161 637 nes
1204 604 1357 636 immanes
1389 605 1423 636 in
1457 605 1596 644 Virgine
1627 615 1725 646 quarn
1760 616 1797 638 ex
1828 615 1937 638 renum
1973 604 2107 638 occulto

1110 646 1223 679 morbo
1245 646 1340 679 dolor
1364 647 1421 680 sub
1444 646 1575 679 sinistris
1608 648 1705 680 costis
1734 651 1917 680 excrucians
1941 649 2025 681 intra
2058 648 2108 680 bi-

1110 691 1209 723 duum
1242 688 1407 724 interfecit
1429 712 1437 726 ,
1473 699 1508 722 ut
1543 689 1684 731 Epistola
1717 691 1871 722 XXXVI.
1909 692 1996 730 (d)
2028 702 2106 733 pro-

1111 732 1252 775 positum
1282 733 1326 767 est
1350 757 1357 764 .
1395 734 1470 766 Fuit
1502 740 1609 766 tamen
1642 732 1814 773 aliquando
1848 745 1922 766 cum
1957 732 2019 767 {ine
2053 746 2109 766 vo-

1100 777 1194 817 mitu
1217 801 1226 816 ,
1262 779 1294 808 &
1326 776 1389 809 sine
1422 776 1491 809 ullo
1514 797 1525 812 ,
1558 785 1614 809 aut
1654 786 1741 808 certe
1781 788 1854 809 curn
1902 777 2024 811 levibus
2060 789 2108 809 rc-

1113 830 1188 852 num
1223 820 1448 854 morbidorum
1489 818 1621 853 indiciis
1664 830 1728 853 non
1762 819 1844 853 levia
1877 819 1993 853 horum
2025 821 2108 853 mala

1112 862 1336 896 delitescerent
1369 863 1419 905 (e
1442 867 1456 903 )
1479 886 1488 902 ,
1520 873 1574 896 aut
1607 874 1665 904 pro
1700 861 1807 896 veficae
1839 863 1979 896 innoxiae
2021 864 2109 896 vitiis

1111 907 1312 944 imponerent
1337 904 1419 949 (f)
1442 931 1449 939 .
1483 907 1632 948 Denique
1655 917 1730 940 cum
1750 917 1860 940 renum
1887 907 2007 940 morbis
2031 918 2108 940 ven-

1112 949 1223 982 triculi
1254 947 1400 985 dolorem
1432 949 1594 985 interdum
1638 948 1760 992 jungi,
1793 960 1915 983 certum
1947 950 2019 987 eil-3
2057 949 2110 984 sed

1114 1004 1179 1026 non
1211 991 1358 1026 lethalem
1382 1017 1395 1035 ,
1428 1004 1530 1035 neque
1562 995 1601 1027 ab
1631 993 1818 1027 lumborum
1851 993 1963 1028 dolore
1987 993 2111 1036 disjun-

1094 1038 1202 1070 ctum
1223 1058 1236 1075 ,
1270 1047 1410 1078 quorum
1430 1040 1592 1071 cruciatus
1626 1048 1723 1071 nemo
1753 1039 1883 1079 ignorat
1917 1047 1952 1071 ut
1986 1038 2110 1071 soleant

1113 1089 1224 1112 renum
1247 1103 1256 1118 ,
1288 1079 1362 1121 ipsis
1407 1079 1575 1114 affixorum
1599 1104 1608 1119 ,
1643 1082 1726 1115 mala
1760 1082 1908 1114 comitari
1944 1091 1997 1114 aut
2043 1091 2109 1114 non

1111 1122 1236 1158 acerbi,
1262 1132 1315 1155 aut
1347 1123 1426 1157 adeo
1459 1134 1710 1166 nonnnunquam
1746 1135 1886 1164 atroces,
1910 1134 1944 1158 ut
1977 1126 2009 1159 in
2041 1124 2112 1157 aliis

1111 1166 1245 1199 Litteris
1278 1166 1365 1208 (g)
1399 1178 1437 1200 ex
1472 1167 1642 1208 Ruyscliio
1678 1169 1866 1205 retulimus,
1890 1178 1964 1201 cum
1998 1178 2111 1200 renum

1113 1209 1312 1251 superficiem
1348 1221 1413 1243 non
1447 1209 1532 1243 secus
1567 1212 1602 1244 in
1636 1210 1785 1252 globulos
1808 1210 1944 1244 divisam
1977 1210 2112 1251 conspe-

1113 1253 1162 1285 xit
1189 1278 1198 1292 ‚
1230 1264 1265 1286 ac
1298 1264 1354 1286 nos
1385 1255 1419 1286 in
1450 1252 1584 1287 dextero
1616 1256 1694 1297 aegri
1725 1254 1821 1297 hujus
1854 1265 1927 1287 rene
1962 1254 2112 1287 observa-

1114 1297 1250 1330 vimus.
1286 1296 1411 1330 Verum
1446 1298 1479 1330 in
1514 1297 1624 1330 nostro
1656 1299 1717 1331 hoc
1751 1298 1823 1332 casu
1857 1298 1943 1331 nulla
1967 1298 2114 1330 de‘lum-

1114 1340 1163 1372 bis
1195 1339 1322 1381 querela
1345 1365 1353 1379 ‚
1386 1351 1451 1374 non
1493 1341 1708 1375 acerbissimus
1742 1340 1837 1374 dolor
1872 1341 1910 1375 ad
1945 1340 2077 1374 vesicam
2104 1364 2115 1380 ,

1115 1393 1182 1416 non
1212 1382 1535 1424 hypochondriorum
1569 1387 1752 1424 cruciatus,
1786 1396 1850 1417 non
1885 1386 2113 1421 vomitiones;

1114 1425 1168 1459 sed
1191 1425 1230 1459 ad
1253 1426 1468 1461 scrobiculum
1490 1426 1659 1461 dumtaxat
1692 1428 1798 1461 cordis
1829 1428 1957 1462 dolores
1993 1427 2115 1460 intole-

1113 1467 1206 1502 randi
1242 1480 1340 1503 unum
1371 1480 1459 1504 erant
1491 1470 1616 1511 fignum
1648 1482 1760 1505 renum
1785 1470 1910 1513 peffime
1932 1471 1962 1504 se
1994 1470 2114 1504 haben-

1115 1514 1222 1546 tium.
1249 1513 1333 1549 Quae
1358 1525 1404 1547 res
1441 1525 1479 1547 an
1502 1514 1541 1547 ab
1565 1514 1636 1547 aliis
1668 1514 1822 1548 adnotata
1845 1514 1905 1555 fit,
1928 1513 1996 1555 ipse
2026 1524 2116 1556 quae-

1114 1568 1183 1589 res:
1208 1565 1291 1588 certe
1324 1557 1368 1590 est
1400 1567 1490 1590 tanto
1524 1559 1626 1598 magis
1656 1557 1754 1599 digna
1795 1568 1866 1599 quae
1910 1557 2081 1590 adnotetur
2102 1578 2117 1596 ,

1112 1610 1235 1641 quanto
1261 1601 1361 1641 magis
1384 1603 1486 1643 potest
1511 1601 1700 1633 morborum
1733 1600 1874 1634 aliorum
1899 1599 2116 1643 suspicionem

1113 1642 1265 1684 injicere,
1291 1644 1469 1684 praesertim
1494 1641 1514 1675 fi
1529 1666 1538 1680 ‚
1561 1652 1598 1676 ut
1622 1644 1656 1676 in
1680 1645 1845 1685 proposita
1869 1643 1999 1677 historia
2015 1670 2023 1682 ‚
2049 1655 2118 1675 ma-

1112 1697 1194 1728 gnos
1217 1706 1227 1722 ,
1265 1689 1297 1720 &
1329 1687 1492 1720 vibrantes
1525 1686 1634 1728 pulsus
1667 1687 1882 1729 consequatur
1902 1710 1915 1727 ,
1949 1686 2118 1720 molestam

1113 1738 1221 1762 autem
1257 1728 1365 1762 cordis
1398 1730 1675 1772 palpitationem,
1698 1729 1923 1773 stuporemque
1947 1742 1982 1763 ac
2005 1740 2119 1770 torpo-

1112 1783 1181 1807 rem
1205 1782 1330 1806 artuum
1354 1772 1575 1815 superiorum,
1599 1776 1630 1806 ‹Sc
1666 1784 1803 1807 mortem
1839 1774 1977 1816 denique
2014 1773 2117 1816 ipsam

1110 1816 1242 1850 inducat
1265 1838 1279 1855 ,
1310 1828 1441 1858 eamque
1474 1818 1572 1850 etiam
1596 1827 1670 1849 cum
1695 1829 1778 1860 aeger
1800 1816 1969 1859 paululum
1996 1829 2120 1850 recrea-

1109 1867 1162 1892 tus
1198 1859 1347 1896 videtur,
1373 1871 1449 1901 pene
1473 1860 1579 1893 subito
1600 1861 1827 1902 ingruentem.
1853 1861 1980 1894 Scilicet
2004 1860 2037 1894 id
2059 1862 2119 1894 ali-

1108 1901 1144 1935 bi
1169 1902 1394 1936 admonuimus
1429 1902 1517 1943 (h)
1550 1901 1607 1937 effe
1643 1904 1825 1938 timendum
1849 1927 1862 1944 ‚
1898 1915 1973 1937 cum
2006 1915 2118 1946 graves

1107 1946 1244 1979 internae
1297 1945 1523 1980 convulsiones
1571 1957 1626 1988 per
1681 1948 1851 1981 intervalla
1909 1958 2080 1982 recurrunt
2105 1972 2114 1980 .

1108 1989 1211 2029 Qod
1255 1987 1294 2022 acl
1338 2000 1438 2030 genus
1476 1988 1648 2032 descriptas
1682 1990 1806 2027 doloris
1850 1992 2118 2025 exacerbationes

1107 2031 1290 2067 referendas
1333 2032 1547 2067 existimamus
1573 2055 1582 2070 ,
1627 2032 1667 2066 ab
1709 2045 1881 2068 nervorum
1913 2036 1946 2067 in
1989 2035 2118 2069 renibus

1107 2083 1198 2109 tauta
1237 2076 1421 2109 irritatione
1452 2086 1628 2119 repetentes
1652 2098 1662 2114 ,
1697 2087 1733 2111 ut
1767 2089 1823 2120 per
1864 2079 1944 2113 alios
1981 2077 2118 2121 colliga—

1108 2127 1162 2152 tos
1191 2129 1306 2152 nervos
1337 2119 1376 2152 ad
1409 2119 1478 2153 illas
1509 2131 1587 2162 quas
1621 2121 1722 2155 inodo
1752 2122 2021 2163 nominabamus‚
2044 2133 2119 2165 par-

1109 2171 1158 2194 tes
1191 2171 1368 2204 propagata
1391 2185 1403 2201 ,
1434 2165 1469 2196 in
1510 2164 1644 2206 singulis
1676 2177 1710 2197 ea
1753 2177 1824 2206 quae
1857 2165 2028 2207 diximus,
2065 2165 2118 2200 ef-

1106 2203 1219 2238 ficiat.
1351 2204 1438 2239 Illud
1473 2207 1506 2238 in
1529 2207 1587 2240 hac
1623 2207 1780 2251 singulare
1820 2218 1890 2243 erat
1913 2232 1923 2247 ‚
1957 2220 1993 2243 ut
2040 2221 2115 2244 ven·

1109 2247 1268 2282 triculum
1304 2259 1399 2291 quem
1443 2250 1600 2292 pleraeque
1620 2271 1629 2287 ‚
1663 2253 1712 2284 uti
1747 2255 2077 2287 commemoravimus
2104 2278 2114 2293 ‚

1109 2299 1228 2333 petunt
1260 2302 1276 2323 a
1308 2292 1436 2325 renibus
1471 2292 1625 2334 profeftae
1648 2314 1658 2330 ,
1691 2305 1757 2327 non
1791 2305 1827 2328 ut
1862 2295 1926 2328 illae
1949 2319 1962 2336 ,
1994 2297 2032 2330 ad
2057 2308 2119 2329 vo-

1107 2334 1264 2367 mendum
1288 2336 1488 2375 concitaret,
1510 2347 1584 2369 cum
1620 2347 1687 2369 eam
1722 2347 1828 2372 tamen
1861 2337 1965 2381 ipsius
1989 2348 2112 2382 partem

1107 2376 1273 2454 gaeviffime
1308 2389 1475 2421 torqueret
1505 2391 1577 2423 quae
1610 2379 1792 2417 scrobiculo
1824 2381 1932 2417 cordis
1978 2384 2112 2429 respon-

1131 2430 1183 2454 et.

1153 2474 1202 2506 15.
1235 2465 1265 2511 ᾼ
1291 2464 1329 2499 D
1352 2467 1386 2499 O
1411 2468 1437 2499 L
1461 2466 1489 2501 E
1513 2467 1586 2516 SC
1611 2467 1640 2504 E
1662 2468 1699 2505 N
1724 2468 1744 2505 S
1770 2474 2005 2518 annosviginti
2029 2487 2110 2520 praa-2

1106 2508 1275 2557 tergi-estus
1297 2532 1309 2548 ‚
1347 2522 1363 2542 a
1398 2511 1495 2552 longo
1527 2523 1595 2554 Jam
1644 2522 1787 2557 tempore
1824 2519 1863 2552 iis
1908 2519 2017 2553 veficae
2049 2522 2110 2555 do-

1105 2551 1232 2597 loribus
1254 2576 1263 2590 ,
1300 2552 1475 2594 praeserti'm
1500 2568 1573 2590 cum
1597 2558 1756 2601 mingeret
1778 2583 1790 2600 ,
1823 2564 2050 2605 cruciabatur,
2074 2575 2108 2598 ut

1105 2595 1170 2628 fine
1202 2596 1322 2635 ejulatu
1355 2598 1483 2631 urinam
1516 2600 1646 2635 reddere
1682 2614 1746 2636 non
1779 2605 1880 2646 posset
1905 2630 1912 2637 .
1951 2607 2109 2642 Purulen-

1103 2648 1135 2687 ta
1167 2637 1235 2671 haec
1275 2648 1343 2672 erat
1369 2665 1376 2673 .
1409 2643 1613 2677 Accesserant
1646 2648 1761 2680 macies
1784 2671 1793 2684 ‚
1827 2650 1927 2683 febris
1950 2670 1961 2690 >
1994 2655 2025 2684 &
2059 2664 2107 2685 re-

1103 2682 1194 2731 liqua
1230 2683 1312 2715 mala
1343 2695 1413 2725 quae
1437 2684 1501 2734 fere
1534 2689 1643 2722 vesicae
1667 2690 1806 2732 lapidem
1830 2695 2047 2734 comitantur,
2074 2698 2107 2728 δε

1099 2724 1219 2766 quibus
1251 2725 1411 2765 tandem,
1446 2740 1479 2761 in
1516 2729 1578 2765 hoc
1610 2732 1812 2766 Nosocomio
1836 2735 2026 2770 decumbens
2050 2750 2105 2771 an—

1100 2778 1133 2800 te
1174 2767 1271 2823 fipem
1321 2773 1398 2804 anni
1434 2783 1526 2815 ¹742·
1571 2774 1757 2818 absumptus
1790 2777 1832 2811 est
1861 2800 1868 2811 i
2001 2782 2033 2813 V
2059 2783 2106 2814 E-

1100 2812 1121 2843 S
1144 2811 1160 2843 I
1181 2810 1213 2846 L
1238 2814 1267 2845 A
1301 2811 1397 2861 crassa
1421 2838 1431 2854 ,
1461 2816 1642 2851 exulcerata
1665 2840 1675 2856 ,
1707 2822 1737 2852 &
1769 2832 1809 2853 ex
1832 2831 1923 2864 parte
1946 2822 2102 2859 scirrhosa

1098 2865 1209 2905 revera
1244 2855 1384 2898 lapidem
1437 2862 1624 2894 continebat
1667 2862 1868 2905 subasperum
1911 2868 2106 2903 transversos}

1099 2897 1219 2939 digitos
1255 2908 1318 2932 tres
1358 2900 1491 2950 longum
1515 2926 1523 2940 ,
1568 2905 1648 2937 duos
1692 2918 1766 2939 cum
1808 2908 1949 2943 dimidio
2000 2912 2102 2946 latum

1097 2952 1162 2983 qua
1204 2952 1273 2975 erat
1315 2943 1514 2991 latiffimusi
1550 2947 1587 2981 ad
1619 2948 1756 2983 formam
1792 2963 1897 2986 autem
1933 2956 2101 2989 accedebat

1099 2985 1225 3019 ovalem
1250 3007 1260 3022 ,
1292 2996 1453 3038 utrinque.
1474 2989 1647 3032 depressam
1673 3005 1680 3025 :
1714 2995 1805 3037 eique
1830 2998 1948 3030 multus
1974 2999 2099 3038 lentus,

1099 3028 1312 3070 cruentusque
1335 3029 1476 3070 alicubi,
1501 3045 1611 3067 mucus
1642 3037 1765 3070 circum
1788 3038 1967 3074 adhaerebat
1993 3067 2001 3075 .
2035 3044 2101 3076 Puo

1100 3081 1134 3121 re
1168 3081 1294 3122 autem,
1316 3075 1347 3105 δι
1372 3075 1463 3107 urina
1497 3077 1581 3118 pleni
1615 3090 1703 3112 erant
1728 3093 1815 3115 renes
1840 3105 1848 3120 ‚
1884 3087 1914 3117 &t
1939 3095 2099 3127 ure-teresff

1101 3124 1172 3148 imo
1195 3115 1228 3148 lu
1262 3124 1329 3149 tam
1362 3116 1529 3158 distenti,
1563 3130 1597 3154 ut
1631 3124 1691 3156 llei
1723 3125 1867 3159 intestini
1900 3129 2095 3164 diametrum

1101 3169 1283 3201 aequarent.

1147 3203 1194 3247 i6.
1242 3204 1359 3236 Mucus
1404 3216 1500 3254 quem
1542 3207 1667 3242 calculo
1709 3210 1921 3246 adhaerentem
1956 3214 2096 3249 vidimus

1102 3242 1209 3295 hujus·
1236 3246 1443 3280 adolescentis
1469 3275 1478 3289 ‚
1514 3260 1604 3284 tanta
1640 3253 1813 3296 aliquando
1845 3259 1937 3298 copia
1970 3262 2092 3293 circum

1103 3298 1267 3329 aggeritur
1287 3313 1301 3339 .³
1334 3299 1369 3323 ut
1401 3292 1452 3324 vel
1473 3293 1634 3329 cathetere
1666 3297 1808 3331 immisso
1840 3301 2015 3335 internosci
2041 3314 2096 3336 ne-

1101 3341 1198 3379 queat
1231 3333 1309 3382 lapis
1340 3344 1357 3365 a
1398 3336 1591 3376 peririffimis
1631 3341 1722 3373 Viris
1754 3362 1764 3378 ‚
1806 3343 1893 3383 quod
1925 3345 2096 3387 Falloppio

1099 3376 1157 3423 ipsi
1192 3374 1334 3409 accidisse
1361 3401 1369 3416 ‚
1388 3378 1491 3427 ‘testis
1525 3382 1569 3421 est
1602 3384 1774 3417 Marcellus
1807 3387 1955 3421 Donatus
1978 3392 1992 3427 (
2015 3391 2026 3421 i
2048 3393 2061 3428 >
2086 3412 2093 3418 -

1099 3417 1224 3450 Lodem
1258 3432 1352 3452 muco
1384 3431 1469 3454 inter
1508 3427 1666 3458 calculum
1689 3451 1699 3464 ,
1744 3433 1774 3461 δέ
1820 3430 1956 3463 vesicam
1993 3433 2094 3465 inter-

1101 3459 1188 3510 jecto
1243 3463 1299 3496 etfi
1352 3474 1468 3499 caetera
1513 3469 1721 3503 incommoda
1765 3482 1829 3505 non
1885 3475 2042 3508 tollantur
2084 3498 2095 3514 ,

1099 3514 1168 3537 imo
1220 3507 1373 3541 nonnulla
1426 3511 1524 3543 etiarn
1580 3522 1755 3587 {gigo-intur
1799 3528 1810 3552 3
1864 3515 1989 3551 dolores
2047 3519 2098 3553 ta-¹

1958 3572 2053 3601 men,

111 3737 123 3799 ξ
139 3740 154 3764 b
168 3741 178 3772 )
194 3749 217 3766 n.
231 3743 270 3766 n.
330 3740 341 3769 (
356 3749 368 3765 c
386 3744 394 3771 y
409 3741 481 3771 Epist,
500 3748 540 3770 30·
556 3749 580 3765 n.
597 3749 635 3769 υ.

694 3744 709 3774 (
724 3741 740 3766 d
755 3742 769 3771 )
786 3750 812 3767 n.
829 3750 863 3769 ιο.

134 3780 153 3803 g
170 3774 192 3805 )·
208 3772 274 3801 Epist
299 3780 338 3801 40-
356 3779 380 3797 n.
397 3779 434 3802 ¹9·

618 3774 621 3777 Ι
903 3742 1183 3779 .(ε)ΕΡὶἢ,-4ο.,η.
1203 3752 1213 3769 r
1234 3763 1240 3769 .
1300 3739 1440 3771 (f2Vid.
1458 3744 1580 3777 supra,n.
1599 3747 1698 3777 4815«

494 3773 508 3800 (
524 3772 538 3795 h
555 3778 564 3803 J
581 3774 654 3808 Epist,
671 3781 709 3799 10.
726 3780 752 3798 n.
771 3780 807 3803 13.
842 3807 846 3811 ⁵
869 3774 883 3803 (
898 3782 908 3797 α
924 3775 937 3803 )
953 3776 990 3798 De
1005 3773 1102 3798 Medica
1118 3777 1169 3801 1-11st

1238 3773 1286 3799 rab.
1304 3775 1320 3797 Ι.
1337 3778 1353 3800 4
1378 3781 1399 3799 c.
1416 3781 1453 3803 30·
