2498 4075
485 185 638 250 Epist.
676 185 840 236 Anat.
876 182 1095 237 Medica.
1130 180 1283 235 XXI.
1321 182 1448 236 Art.
1490 200 1573 237 20.

35 264 67 296 ec
99 260 161 295 fine
184 260 312 294 flertore
344 267 491 296 mortuns
515 262 557 295 est
578 262 691 295 oetava
715 260 787 295 die.
922 264 1049 298 THO-

36 305 207 339 RACEM
230 303 380 346 postridie
405 305 561 345 secantes,
586 305 771 347 pulmonem
796 306 964 340 dexterum
996 309 1046 339 in-

36 348 176 380 venimus
200 346 412 381 adhaerentem
438 349 536 382 ferme
559 347 699 391 undique
724 349 762 382 ad
794 352 935 392 pleuram
959 374 971 391 ,
1005 351 1046 383 sic

37 401 166 430 tamen,
190 400 225 424 ut
249 389 346 423 facile
361 416 372 431 q,
397 392 555 434 illaesaque
579 390 630 425 sua
664 393 845 426 membrana
867 417 876 432 ‚
911 395 1047 437 separari

35 432 156 477 posset,
183 432 205 466 si
228 434 294 466 lobi
320 434 489 476 superioris
513 435 691 476 supremam
715 447 838 478 partem
871 439 1012 478 excipias
1036 463 1044 469 .

35 478 115 510 Haec
140 478 224 509 enim
247 489 322 511 cum
347 479 454 520 pleura
476 487 612 511 connata
626 488 713 515 erat>
737 480 885 523 intraque
910 480 1049 515 substan-

34 521 112 553 tiam
136 532 174 553 ex
198 520 301 553 livido
324 530 422 554 atram
448 522 549 563 plures
572 523 761 557 continebat
784 525 913 558 cellulas
937 534 1050 558 rotun-

33 564 90 598 das
105 588 117 604 ,
142 574 276 605 parvas,
299 567 431 606 proprio
455 564 592 605 lingulas
614 563 770 600 folliculo
794 566 937 611 undique
959 579 1050 601 corn-

34 606 224 650 prehensas,
247 616 282 640 ut
307 608 411 641 nullus
426 632 434 646 ‚
456 616 615 649 quantum
639 610 805 644 observare
829 612 925 644 licuit
948 636 957 651 ‚
992 624 1049 653 pa·-

36 660 119 683 teret
143 651 268 686 exitus,
291 651 382 683 laeves
406 652 493 684 intus
509 675 516 688 ‚
541 654 573 684 δε
599 653 726 695 prorsus
750 657 882 687 inanes:
905 666 980 696 quas
993 666 1050 687 an-

36 695 121 738 tiqui
168 693 273 727 morbi
297 717 309 733 ,
355 694 392 726 de
435 706 502 736 quo
524 694 707 729 indicatum
730 697 792 737 est,
814 698 943 740 vestigia
967 697 1048 738 else,

33 737 166 771 censui.
190 737 286 770 Odor
310 747 348 769 ex
371 737 470 770 incisa
496 737 555 771 hac
579 739 742 782 pulmonis
778 750 865 782 parte
897 740 1047 774 existebat

32 781 136 823 qualis
181 792 219 813 ex
264 779 355 813 acido
387 780 454 813 sero
478 806 490 822 ,
527 782 587 815 sive
610 794 648 816 ex
669 794 725 816 ore
748 795 921 826 puerorum
942 784 1049 818 existit

34 837 115 869 quos
140 824 289 858 lumbrici
316 824 396 856 male
428 823 548 859 habent
571 851 578 857 .
714 826 838 861 Sinistri
872 839 945 861 vero
979 829 1050 870 pul-

34 869 141 902 monis
165 868 305 909 superior
330 868 421 903 Iobus
447 869 528 902 nihil
556 869 667 904 habuit
691 871 767 902 vitii
793 883 801 904 .-
826 872 931 904 nimio
954 871 1048 905 dum-

33 921 125 945 taxat
149 910 252 944 setoso
276 909 413 944 humore
437 913 595 946 scatebat.
622 916 668 946 At
693 914 827 947 inferior
841 917 971 957 graviS,
995 927 1049 948 ru-

34 957 134 995 bens,
157 954 254 987 durus
278 952 485 989 substantiam
510 967 639 990 omnem
663 957 749 990 suam
774 959 807 990 in
833 958 988 1001 hepaticoe
1009 958 1047 991 si-

35 997 257 1031 militudinem
281 1000 438 1032 mutatam
462 999 620 1033 ostendit.
656 1001 724 1033 Hic
757 1002 873 1035 alicubi
910 1000 1049 1034 adhaere-

34 1043 88 1075 bat
111 1041 251 1084 pleurae:
277 1042 351 1076 latis
374 1053 501 1082 autem,
529 1043 667 1086 albisque
691 1044 828 1078 mucosae
850 1044 935 1088 quali
948 1056 1049 1078 mem-

33 1087 137 1119 branae
161 1086 369 1127 portionibus
392 1086 500 1129 paffim
525 1088 691 1128 tegebatur
715 1099 723 1118 .·
761 1088 851 1130 quali
873 1112 886 1129 ,
920 1087 970 1121 sed
996 1100 1048 1122 ru-

33 1130 111 1168 bra,
136 1127 192 1161 sub
215 1140 376 1171 perpauco
399 1130 536 1164 turbido
559 1131 629 1162 iero
651 1140 685 1163 ea
708 1142 838 1175 quoque
869 1131 1051 1167 obduceba-

32 1182 86 1206 tur
108 1170 366 1215 diaphragmatis
390 1173 512 1214 facies,
535 1186 605 1217 quae
630 1175 657 1205 ei
694 1174 772 1206 lobo
806 1175 1017 1223 respondebat
1042 1200 1050 1208 .

33 1216 140 1250 Facile
166 1225 274 1257 autern
298 1226 365 1250 erat
389 1216 549 1259 ejusmodi
572 1217 769 1251 membranas
794 1219 833 1251 ab
855 1219 953 1253 illaesa
985 1232 1050 1261 ejus

33 1260 125 1299 lobi,
150 1268 204 1293 aut
229 1259 487 1304 diaphragmatis
509 1259 591 1293 facie
617 1272 786 1302 amovere,
833 1265 865 1295 ὃς
910 1263 947 1296 ab
991 1263 1052 1296 hac

35 1303 239 1346 praesertim,
262 1316 336 1338 cnm
361 1306 468 1347 pleura
484 1327 491 1341 ,
517 1304 659 1338 thoracis
685 1306 820 1347 parietes
840 1330 853 1346 ,
885 1307 1051 1350 ipsumque

36 1347 116 1381 adeo
139 1347 352 1391 diaphragma
375 1348 591 1386 convestitus,
617 1359 691 1381 raro
715 1347 898 1391 spe&aculo
922 1362 986 1384 non
1002 1350 1053 1384 so-

34 1392 102 1425 lum
126 1392 338 1434 cartilaginea
361 1392 481 1425 duritie
504 1389 577 1424 esset
594 1413 603 1428 ‚
628 1401 681 1424 aut
705 1391 806 1430 ossea,
830 1392 881 1426 sed
914 1406 952 1427 ex
984 1406 1053 1427 ma-

32 1436 106 1478 gnis
131 1434 264 1477 paffim,
288 1447 345 1469 nec
369 1436 517 1468 tenuibus
542 1435 670 1468 laminis
693 1446 802 1481 revera
839 1436 930 1470 osseis
965 1449 1055 1471 com-

30 1479 244 1522 pingeretur,
267 1480 486 1521 exstarentque
509 1490 547 1510 ex
580 1477 637 1524 illa
683 1489 750 1520 eius
796 1478 959 1526 superficie
992 1493 1056 1525 qua

30 1517 176 1557 thoracis
200 1534 314 1557 cavum
338 1522 523 1564 speetabat,
547 1522 724 1563 praeiertini
748 1522 803 1555 ubi
838 1523 926 1556 osseae
961 1534 1049 1558 erant

32 1567 162 1598 laminae
178 1589 191 1605 ,
214 1567 404 1600 creberrima
428 1566 591 1598 tubercula
624 1563 704 1597 ossea
724 1589 733 1604 ,
769 1565 1014 1608 hemisphaerica
1036 1591 1049 1609 ,

32 1620 209 1652 granorum
232 1611 326 1642 vicia:=
350 1607 596 1648 magnitudine.
633 1608 715 1644 Quae
760 1611 869 1642 omnia
913 1610 969 1644 etfi
1014 1613 1049 1644 in

32 1654 165 1688 dextera
189 1655 314 1695 magis,
337 1663 433 1694 quam
460 1653 493 1684 in
520 1652 597 1683 laeva
628 1649 771 1684 thoracis
803 1663 896 1686 cavea
929 1653 1052 1697 speeta-

32 1697 177 1735 bantur2·
200 1705 306 1729 tamen
332 1697 365 1726 in
391 1694 449 1728 hac
473 1705 600 1737 quoque
624 1694 736 1727 multis
760 1696 794 1728 in
829 1697 912 1730 locis
943 1699 1050 1739 plenta

33 1739 74 1773 ad
96 1738 290 1781 descriptam
315 1736 582 1771 constitutionem
616 1737 782 1771 accedebat
805 1762 818 1780 ‚
853 1742 886 1773 in
920 1741 1052 1784 quibus-

31 1782 107 1816 dam
130 1793 204 1814 vero
228 1781 293 1825 jam
315 1790 382 1814 erat
406 1780 564 1820 affecuta5
590 1781 624 1814 in
648 1782 746 1815 nullis
769 1792 874 1817 autem
899 1793 964 1817 erat
979 1786 1051 1820 sub-

30 1827 168 1866 rubens,
192 1825 310 1859 nedum
334 1825 532 1859 inflammata
556 1849 563 1856 .
600 1823 824 1860 Pericardium
857 1827 1052 1863 mediocrem

32 1882 123 1913 aquae
148 1869 309 1903 subrubra:
333 1869 463 1911 copiam
488 1867 647 1902 habebat:
671 1868 781 1903 dexter
804 1879 911 1905 autem
941 1873 1050 1907 cordis

32 1914 198 1947 thalamus
220 1913 410 1954 polyposam
435 1913 676 1946 concretionem
700 1923 814 1946 carneo
826 1915 933 1948 colore
949 1942 957 1955 ‚
983 1916 1051 1960 pla-

32 1968 132 1997 nam,
156 1955 209 1989 sed
233 1956 397 1998 amplam,
420 1958 452 1989 δε
477 1958 509 1988 in
534 1956 712 1989 auriculam
736 1959 919 1998 proximam
943 1960 972 1994 se
995 1972 1051 1994 ex-

32 1999 222 2034 tendentem
245 2022 255 2037 ,
291 2008 441 2042 praeterea
466 2000 563 2032 aliam
589 2008 720 2033 teretem
742 2024 750 2039 ,
773 2003 806 2033 &
838 2001 1016 2037 denfiorem
1038 2027 1050 2043 ,

34 2056 107 2088 qua:
132 2042 313 2086 pertinebat
338 2043 371 2074 in
396 2044 545 2075 arteriam
571 2043 797 2077 Pulmonarem
819 2069 827 2076 .
861 2047 905 2080 Ei
937 2046 1052 2081 fimilis

34 2101 51 2121 a
96 2086 223 2120 sinistro
271 2086 458 2120 ventriculo
502 2085 628 2119 subibat
673 2088 814 2120 Aortarn
851 2101 859 2121 :
913 2092 1049 2124 minima

32 2132 203 2170 omnium,
226 2128 399 2171 crustaeque
423 2140 486 2163 non
510 2128 663 2163 abfimilis
688 2130 726 2163 ad
749 2129 904 2165 sinistram
915 2143 979 2167 erat
992 2146 1050 2167 au-

32 2175 170 2209 riculam
185 2198 193 2205 .
220 2173 354 2215 Sanguis
380 2183 485 2207 autem
509 2183 599 2212 ater,
623 2176 656 2206 δε
673 2173 924 2209 semiconcretus
948 2178 1049 2209 inerat

31 2228 184 2263 praeterea
218 2218 253 2249 in
288 2215 434 2249 thalamo
469 2224 608 2259 utroque
630 2239 644 2256 ,
676 2217 859 2258 Magnaque
901 2222 1016 2252 arteria
1039 2244 1048 2252 .

166 2259 222 2293 Ad
257 2260 417 2292 Ventrem
452 2259 591 2301 denique
636 2261 855 2293 convertimus
902 2263 1014 2297 oculos
1038 2287 1051 2304 ,

34 2305 163 2349 ejusque
187 2301 363 2345 praesertim
386 2300 531 2334 infimam
554 2311 677 2344 partem
693 2326 701 2334 .
725 2302 778 2336 Ad
802 2303 844 2336 ile
869 2306 956 2339 enim
972 2306 1051 2340 dex-

36 2360 143 2383 terum
167 2348 202 2379 in
227 2344 427 2385 flaccidum,
464 2344 721 2387 sublividumque
753 2355 915 2381 tumorem
951 2350 1051 2383 abdo-

36 2403 109 2426 men
135 2390 162 2424 [ετ
186 2388 518 2430 attollebat.Qem‚
541 2387 604 2421 hoc
626 2389 781 2426 diducto,
806 2389 844 2423 ad
867 2392 975 2425 Colon
1000 2394 1052 2426 in-

34 2435 209 2471 testinum,
234 2443 303 2464 aere
327 2443 360 2464 ea
384 2432 419 2463 in
441 2440 529 2473 parte
552 2431 724 2465 distentum
749 2456 760 2471 ,
792 2444 866 2466 cum
893 2438 1051 2476 pertinere

35 2478 294 2520 conspiceremus
309 2475 489 2513 3continuo
500 2474 539 2506 ad
553 2482 694 2508 tumores
720 2475 801 2508 alios
823 2479 1050 2514 examinandos

36 2522 261 2565 perreximus.
289 2520 451 2556 Parvum,
474 2519 530 2560 qui
555 2519 590 2550 in
625 2518 748 2552 finistro
783 2528 851 2553 erat
883 2523 1013 2565 inguine
1037 2548 1050 2564 ‚

35 2565 105 2599 fieri
129 2562 274 2596 vidimus
296 2561 333 2593 ab
357 2562 518 2603 inguinali
541 2561 692 2603 glandula
714 2585 726 2600 ,
759 2574 859 2597 unum
895 2567 1050 2600 transver-

35 2608 103 2642 sum
126 2607 269 2647 digitum
294 2603 390 2637 crassa
415 2626 425 2641 ,
459 2603 541 2637 duos
567 2605 660 2647 longa
685 2629 698 2646 ,
730 2617 828 2640 unum
852 2619 926 2642 cum
950 2610 1050 2645 dimi-

35 2652 94 2685 clio
118 2644 182 2683 lata
207 2663 217 2683 ;
252 2659 348 2691 quam
373 2647 538 2688 incidens,
562 2651 701 2682 maxima
724 2650 854 2692 quidem
887 2665 927 2686 ex
962 2663 1049 2697 parte

33 2695 166 2734 colore,
191 2696 224 2727 &
246 2691 426 2725 substantiae
451 2691 551 2726 modo
584 2691 641 2725 esse
685 2695 832 2737 comperi
876 2695 1049 2732 secundum

36 2747 182 2773 naturam
206 2760 220 2777 ‚
252 2746 290 2768 ex
313 2735 434 2778 reliqua
458 2744 567 2769 autem
591 2735 714 2776 albam,
739 2740 771 2770 &
794 2750 864 2781 quae
885 2748 934 2773 *ex
979 2752 1049 2783 par.

38 2785 87 2815 vis
110 2779 197 2824 quasi
229 2777 367 2822 globofis
390 2779 558 2821 particulis
582 2780 722 2813 constare
744 2780 923 2817 videretur.
950 2785 1047 2818 Tunc

37 2825 182 2860 scrotum
207 2846 217 2860 ‚
253 2823 403 2865 utrinque
426 2846 438 2862 ,
471 2822 522 2856 sed
544 2834 562 2855 a
595 2824 672 2856 laeva
705 2824 881 2866 praesertim
902 2851 914 2867 ‚
947 2830 1048 2862 tumi-

38 2868 136 2906 dum,
160 2880 176 2900 a
200 2866 314 2900 dextra
338 2874 443 2898 autem
478 2868 512 2899 in
537 2865 639 2901 fundo
664 2867 777 2900 rubens
798 2892 806 2906 ,
830 2868 1015 2904 dissecando
1035 2895 1047 2912 ,

38 2922 102 2946 tres
126 2912 254 2944 hernias
277 2908 490 2952 deprehendi.
516 2912 548 2943 A
572 2909 701 2944 sinistris
734 2913 872 2954 primam
891 2937 904 2954 ,
942 2914 1047 2948 saccu-

39 2958 106 2991 lum
131 2954 281 2988 videlicet
305 2965 321 2985 a
342 2954 461 2986 ventris
483 2965 564 2987 cavo
586 2955 800 2996 pertinentem
831 2955 870 2990 ad
903 2957 1047 3000 superio-

40 3012 104 3033 rem
127 2998 224 3041 usque
247 2995 384 3030 testiculi
406 3006 551 3039 partem,
585 3008 660 3031 tunc
693 2999 825 3040 quidem
860 3001 1012 3043 rugosum
1034 3027 1047 3042 ,

41 3047 72 3077 δέ
97 3042 210 3081 nihil,
238 3039 296 3073 nifi
320 3042 444 3073 omenti
467 3041 543 3074 bene
567 3042 700 3084 longam
723 3043 896 3089 laciniam,
920 3048 952 3079 δε
976 3058 1047 3089 quae

41 3086 137 3121 facile
161 3083 260 3127 posset
284 3082 434 3124 extrahi,
469 3085 689 3119 continentem
713 3097 723 3124 3
759 3087 808 3120 led
841 3099 937 3130 quem
972 3091 1049 3123 alias

41 3128 174 3164 admisso
199 3126 350 3161 intestino
372 3126 463 3161 fuisse
490 3127 683 3170 distentum,
707 3141 782 3163 cum
805 3131 871 3164 illae
895 3131 961 3173 ejus
997 3145 1050 3167 ru-

40 3186 112 3217 gae,
138 3182 207 3206 tum
220 3170 393 3215 praesertim
417 3173 476 3204 Ilei
500 3196 513 3212 ,
544 3176 576 3206 &
601 3173 756 3208 nonnulla
768 3184 928 3217 exparte,
950 3178 1050 3210 etiam

40 3218 119 3251 Coli
145 3216 271 3249 insoliti
295 3216 327 3248 in
352 3223 462 3247 ventre
486 3218 561 3258 gyri
585 3241 595 3256 ,
621 3223 653 3251 ὅς
676 3218 945 3259 complicationes
967 3220 1055 3254 indi-

41 3262 157 3295 cabant
181 3284 191 3293 .
224 3261 355 3293 Hermae
381 3266 483 3292 autem
507 3261 576 3294 aliae
600 3261 670 3294 duae
691 3284 700 3300 ‚
737 3261 867 3296 alterius
900 3265 1020 3304 generis
1041 3288 1053 3305 ‚

41 3304 171 3347 singulae
194 3303 278 3336 intra
300 3301 438 3345 singulas
463 3304 633 3346 Vaginales
657 3306 804 3345 tunicas,
827 3305 981 3341 densiores
1005 3307 1055 3340 fa..

47 3348 112 3382 &tas
135 3371 148 3388 ,
180 3346 216 3379 ab
263 3357 341 3390 aqua
387 3344 503 3378 fiebant
548 3347 710 3383 subflava:
735 3360 833 3392 quam
857 3349 951 3384 facile
975 3352 1053 3385 illuc

43 3403 81 3425 ex
126 3390 267 3432 disrupta
311 3388 468 3431 hydatide
493 3388 621 3425 effusam
644 3391 736 3427 fuisse
758 3415 771 3432 ,
801 3393 907 3427 censui
931 3418 944 3434 ,
977 3407 1052 3429 cum

44 3434 139 3477 hujus
175 3433 258 3466 mihi
304 3433 430 3466 viderer
474 3434 626 3477 reliquias
671 3435 838 3479 agnoscere
882 3439 915 3469 in
941 3449 1056 3479 parvu-

43 3479 74 3511 la
117 3477 254 3520 quadam
298 3477 389 3520 quast
433 3475 564 3511 veficula
586 3501 599 3516 5
640 3480 741 3513 craffis
764 3502 777 3519 ,
822 3490 858 3514 ut
884 3479 906 3513 si
928 3492 1057 3516 contra-

131 3521 299 3563 Morgagni
308 3523 343 3555 de
356 3520 424 3554 sed,
440 3520 577 3563 &Caus-
591 3522 692 3559 Morb.
709 3525 808 3557 Tom.
823 3526 849 3558 I.

1942 196 2040 246 ²09

1102 261 1148 295 &i
1171 261 1205 293 in
1229 259 1259 293 se
1295 257 1422 293 fuissent
1448 287 1456 302 ,
1492 260 1666 304 parietibus
1695 261 1805 297 effecta
1830 284 1843 302 ,
1876 271 2105 304 proptereaque

1100 303 1163 347 jam
1188 303 1422 346 propemodum
1448 304 1573 345 solida,
1596 307 1760 347 carneique
1793 305 1912 338 coloris
1939 316 1945 336 2
1983 315 2016 336 ea
2051 316 2105 345 per

1099 346 1313 390 pedunculum
1336 347 1375 379 ab
1398 348 1577 391 Albuginea
1600 351 1709 382 tunica
1734 348 1911 391 pendebat,
1943 359 2004 391 qua
2039 347 2106 380 hate

1100 401 1199 433 prope
1225 388 1378 430 majorem
1402 391 1791 437 epididymidis-globum
1814 401 1954 424 ventrem
1978 391 2106 425 testicu-

1099 435 1123 466 li
1146 431 1326 471 convestit3
1349 445 1445 474 quam
1469 437 1605 468 omnino
1629 435 1732 469 sedem
1755 445 1824 468 tum
1847 447 1919 478 quae
1943 432 2074 466 dextero
2095 456 2105 471 9

1100 486 1171 511 tum
1194 487 1264 519 quae
1288 474 1411 509 finistro
1437 478 1550 512 adnata
1575 488 1641 512 erat
1665 479 1759 519 testi,
1783 477 1914 512 veficula
1935 478 2104 511 obtinebat

1103 524 1155 561 (y
1178 523 1210 559 ).
1236 519 1418 553 Canaliculi
1442 523 1498 564 qui
1523 521 1633 555 semini
1657 521 1849 555 elaborando
1872 546 1880 560 ,
1916 520 1966 554 sed
2001 521 2107 554 multo

1100 564 1200 605 magis
1226 561 1294 594 vasa
1318 574 1387 605 quae
1413 563 1557 607 sanguini
1581 565 1745 599 evehendo
1768 564 1969 603 inserviunt,
1994 573 2105 607 praeter

1101 617 1223 639 morem
1246 606 1350 648 ampla
1375 617 1485 646 erant3
1519 619 1554 642 ut
1579 608 1742 643 Varicosae
1766 609 1862 641 etiarn
1887 607 2004 641 herniae
2027 619 2107 650 qua-

1098 650 1121 682 ii
1145 651 1279 682 initium
1302 648 1466 692 quoddam
1488 653 1641 695 utrinque
1664 650 1721 685 esse
1744 650 1931 692 videretur,
1967 663 1983 684 a
2016 659 2109 700 cate-

1100 695 1143 726 ris
1188 694 1295 734 potius
1340 693 1459 727 herniis
1493 718 1505 734 ,
1550 707 1646 737 quam
1692 696 1731 728 ab
1778 694 1921 729 hominis
1962 695 2109 740 salacita-

1101 746 1132 769 te
1178 734 1384 778 repetendum
1415 760 1427 777 ‚
1472 739 1593 780 quippe
1639 740 1690 773 cui
1737 739 1799 772 iine
1852 739 1921 772 ullo
1957 738 2110 781 praegrel-

1101 779 1122 812 si
1145 790 1285 821 unquam
1319 780 1425 813 morbi
1448 781 1586 823 vestigio
1620 784 1814 825 praeputium
1840 793 1904 815 non
1937 780 2021 814 secus
2058 780 2110 814 ul-

1101 832 1149 855 tra
1171 823 1318 865 glandem
1345 823 1528 858 adstrictum
1551 824 1624 859 esset
1644 850 1656 867 ,
1680 838 1713 860 ac
1738 827 1770 858 in
1798 826 1906 870 probis
1931 824 2110 874 adolescen-

1101 866 1178 900 tulis
1201 867 1363 900 invenitur
1378 891 1391 908 ,
1413 868 1470 911 qui
1493 868 1630 903 necdum
1663 871 1764 903 ullam
1799 871 1920 904 veneris
1954 876 2112 901 notitiam

1099 909 1268 943 habuerint
1284 933 1292 941 .

1144 963 1194 985 20.
1223 953 1306 997 Qae
1330 953 1362 985 in
1387 955 1516 997 prolixa
1540 955 1672 991 historia
1697 956 1802 1000 legisti
1823 982 1834 999 ,
1867 969 1931 991 non
1965 957 2073 991 omnia
2098 979 2111 997 ,

1100 1005 1136 1029 ut
1167 995 1257 1029 vides
1280 1019 1293 1037 ,
1327 996 1366 1029 ad
1397 997 1483 1032 hunc
1517 1002 1657 1034 attinent
1691 1003 1820 1041 locum;
1844 1011 1949 1035 tamen
1974 1002 2111 1041 omnia,

1100 1048 1137 1072 ut
1182 1038 1245 1072 fere
1291 1039 1378 1072 soleo
1402 1065 1410 1080 ‚
1455 1042 1546 1076 simul
1573 1043 1745 1087 conscripsi
1764 1069 1776 1085 ,
1802 1055 1839 1077 ne
1863 1057 1933 1087 quae
1970 1044 2114 1077 observa-

1101 1085 1189 1115 tione
1213 1081 1385 1125 conjuncta
1407 1083 1497 1118 fuere
1517 1109 1529 1126 ,
1563 1087 1787 1128 obscur-arem,
1810 1087 1832 1121 fi
1857 1089 2035 1121 narratione
2059 1087 2112 1122 di-

1103 1126 1241 1160 viderem
1267 1149 1275 1157 .
1311 1127 1364 1159 Ex
1387 1128 1427 1160 iis
1451 1140 1521 1171 quae
1547 1129 1609 1164 huc
1635 1131 1800 1173 speiftant,
1832 1130 1962 1165 fuerunt
1996 1133 2028 1163 in
2064 1133 2116 1163 vi-

1103 1178 1196 1203 vente
1219 1169 1296 1202 albae
1319 1169 1384 1203 illae
1415 1171 1501 1213 quafi
1535 1174 1701 1217 polyposae
1735 1175 1903 1216 particulae
1936 1186 2005 1217 quae
2038 1186 2114 1208 cum

1103 1214 1202 1256 sputis
1227 1212 1452 1255 rejiciebantur
1473 1241 1481 1249 .
1506 1217 1613 1250 Facile
1635 1217 1759 1252 fuerint
1783 1230 1814 1251 re
1837 1218 1903 1260 ipsa
1927 1217 2112 1260 polyposae.

1104 1259 1155 1291 Ut
1181 1258 1265 1291 enim
1290 1257 1466 1299 aliquando
1490 1260 1524 1292 in
1548 1271 1642 1295 utero
1664 1285 1677 1303 ,
1707 1264 1740 1295 ἅτ
1763 1260 1921 1295 intestinis
1944 1272 1982 1294 ex
2018 1261 2116 1294 visci-

1104 1300 1154 1335 dis
1199 1299 1395 1343 corpusculis
1439 1302 1472 1334 in
1519 1315 1618 1338 unum
1641 1306 1820 1349 compaeti's
1844 1305 1926 1338 fiunt
1949 1304 2117 1347 polyposae

1105 1346 1346 1382 concretiones;
1369 1356 1426 1378 cur
1447 1357 1512 1379 non
1537 1350 1635 1382 etiam
1660 1351 1692 1381 in
1716 1349 1837 1392 Aspera
1860 1346 1997 1381 arteria?
2022 1349 2118 1396 an

1107 1398 1143 1422 ut
1166 1388 1238 1422 illas
1262 1387 1402 1422 vidimus
1426 1392 1528 1431 uteri,
1556 1395 1588 1426 ὃς
1611 1391 1837 1427 intestinorum
1861 1391 2002 1426 formam
2036 1394 2120 1425 reie-

1107 1441 1238 1470 rentes,
1273 1433 1319 1465 ita
1350 1431 1407 1466 has
1440 1435 1562 1476 pariter
1595 1436 1819 1479 conspeximus
1853 1437 1887 1469 in
1921 1434 2118 1469 adolescente

1107 1476 1283 1518 praesertim
1306 1477 1365 1520 qui
1387 1477 1429 1509 A.
1458 1488 1549 1521 1704.
1575 1481 1609 1512 in
1633 1479 1826 1513 Bononienli
1852 1478 2057 1513 Nosocomio
2083 1483 2120 1514 S.¹

1104 1520 1219 1553 Mariae
1243 1520 1280 1553 de
1303 1521 1385 1553 Vita
1409 1531 1447 1552 ex
1468 1524 1735 1565 peripneumonia
1769 1522 1981 1569 decumbebat
2005 1546 2014 1560 ,
2053 1534 2118 1565 qua

1100 1564 1198 1596 etiam
1224 1564 1334 1606 paucis
1357 1562 1469 1597 diebus
1492 1567 1699 1604 extinftums
1724 1565 1775 1601 sed
1812 1577 1878 1600 non
1911 1566 2078 1601 disiectum
2104 1589 2118 1606 ‚

1101 1617 1300 1649 quaecunque
1325 1605 1424 1641 fuerit
1448 1609 1562 1649 causa,
1588 1608 1699 1647 fuisse,
1726 1610 1883 1643 memini.
1908 1611 1995 1643 Cum
2030 1610 2119 1644 enim

1102 1653 1193 1691 sputa
1210 1676 1218 1691 ,
1241 1661 1341 1693 eaque
1370 1650 1507 1692 plurima
1531 1654 1749 1696 expestoraret
1773 1653 1881 1697 qualia
1913 1665 1969 1686 nec
2001 1655 2026 1686 ii
2059 1655 2119 1697 qni

1104 1693 1161 1726 diu
1207 1695 1301 1736 :egris
1335 1693 1562 1736 inservierant,
1609 1707 1665 1730 nec
1711 1698 1859 1732 Medicus
1904 1697 1970 1740 ipse
2016 1698 2119 1730 Excr-

1103 1737 1302 1771 citatiffimus
1348 1738 1423 1771 alias
1469 1738 1581 1773 vidisse
1626 1740 1866 1775 recordarentur
1898 1764 1907 1779 ‚
1954 1752 1992 1774 ex
2037 1742 2119 1775 albis

1104 1780 1269 1822 frustulis,
1294 1781 1443 1824 sanguine
1466 1787 1500 1818 δε
1545 1784 1655 1827 spuma
1679 1784 1803 1828 asperfis
1820 1808 1829 1824 ,
1887 1785 2063 1820 constantia
2107 1798 2119 1825 3

1104 1825 1201 1857 alicui
1246 1824 1388 1859 nostrum
1434 1827 1534 1861 visum
1582 1827 1646 1868 est,
1692 1838 1729 1864 ut
1775 1830 1864 1873 sputa
1901 1829 1956 1863 illa
1990 1830 2112 1863 exami-

1103 1870 1152 1901 nis
1177 1870 1280 1910 gratia
1304 1871 1337 1902 in
1362 1882 1477 1913 aquam
1500 1871 1648 1915 conjecta
1679 1874 1897 1916 agitarentur,
1919 1872 2007 1916 quod
2041 1874 2120 1908 duin

1102 1911 1212 1952 fieret,
1235 1911 1404 1947 frustulum
1426 1915 1567 1950 vidimus
1593 1916 1621 1949 se
1644 1915 1673 1949 se
1694 1916 1837 1951 dividere
1860 1919 1895 1951 in
1919 1929 2022 1951 ramos
2035 1927 2120 1959 tres,

1105 1956 1164 1989 hos
1186 1965 1293 1990 autem
1314 1955 1455 1999 singulos
1479 1960 1513 1993 in
1538 1960 1731 1995 ramusculos
1755 1962 1881 2004 plures,
1906 1963 1963 2005 qui
1985 1961 2118 1996 demum

1104 2001 1138 2032 in
1165 2001 1277 2042 capilli
1301 2003 1493 2040 tenuitatem
1518 2003 1719 2039 desinebant.
1756 2005 1861 2040 Postea
1899 2015 2005 2040 autem
2038 2007 2122 2049 apud¹

1104 2044 1157 2077 Cl.
1183 2042 1418 2079 Cheseldenum
1443 2047 1503 2091 (z
1527 2052 1538 2087 )
1562 2049 1684 2091 pistam
1705 2049 1931 2093 conspeximus
1957 2049 2127 2092 ejusmodii

1104 2088 1342 2134 concretionem
1367 2089 1516 2132 rejestam
1539 2103 1578 2126 ex
1600 2093 1719 2137 Aspera
1765 2096 1879 2128 arteria
1901 2118 1913 2135 ‚
1937 2104 1974 2128 ut
2022 2093 2121 2138 hujus

1101 2130 1269 2165 divisionis
1293 2131 1427 2167 modum
1450 2134 1594 2170 ostendat
1623 2163 1631 2170 .
1664 2139 1709 2171 Et
1733 2146 1810 2172 tunc
1834 2138 1988 2174 rediimus
2008 2139 2042 2172 in
2056 2151 2121 2172 me-

1103 2175 1239 2207 moriam
1255 2198 1264 2213 ,
1289 2175 1377 2218 apud
1400 2189 1480 2221 quos
1506 2189 1594 2213 antea
1619 2182 1696 2216 alias
1720 2181 1909 2225 hujusmodi
1932 2186 2119 2219 concretio-

1101 2219 1358 2263 numimagines
1390 2221 1571 2258 vidissemus
1595 2239 1604 2258 ε
1649 2227 1791 2268 primum
1837 2227 1989 2262 videlicet
2035 2228 2120 2271 apud

1101 2261 1306 2303 Ruylchium
1328 2267 1343 2303 (
1366 2275 1384 2296 a
1404 2268 1440 2305 )‚
1463 2268 1518 2308 qui
1544 2269 1591 2300 vel
1615 2270 1780 2311 capillares
1792 2272 1935 2314 expreffit
1955 2272 2119 2307 ramuscu-

1102 2303 1172 2343 los,-
1199 2305 1249 2339 sed
1272 2317 1345 2340 cum
1369 2307 1560 2348 admonuit,
1585 2312 1770 2347 valisormes
1792 2313 1950 2357 ejusmodi
1976 2317 2118 2361 polypos

1104 2347 1192 2380 nulla
1214 2350 1246 2382 in
1270 2359 1302 2383 re
1323 2348 1362 2383 ab
1385 2353 1534 2393 arteriis,
1557 2355 1704 2399 venisque
1728 2359 1761 2391 in
1785 2357 1921 2400 speciem
1956 2358 2081 2404 differre
2104 2387 2119 2404 5

1106 2400 1198 2439 qaam
1216 2392 1285 2434 sola
1310 2394 1465 2428 cavitatis
1488 2397 1650 2440 absentia,
1674 2412 1744 2434 cum
1767 2400 1879 2445 ubique
1895 2403 1992 2446 solidi
2012 2428 2026 2445 ,
2058 2407 2117 2440 du·-

1103 2444 1189 2475 rique
1211 2436 1369 2476 existenti,-
1391 2438 1423 2470 in
1447 2451 1554 2473 errore
1577 2453 1672 2484 quem
1697 2445 1812 2478 tollere
1837 2447 1964 2480 volebat
1987 2472 1995 2487 ‚
2032 2450 2118 2483 invi-

1102 2485 1153 2509 tus
1177 2479 1371 2518 nonnullos,
1396 2492 1533 2522 quorum
1558 2487 1752 2525 parcendum
1778 2488 1821 2522 est
1845 2493 1972 2525 nomini
1995 2517 2005 2533 ,
2038 2505 2117 2527 con-

1103 2518 1245 2569 firmavit
1260 2545 1271 2562 ‚
1294 2526 1350 2565 qui
1375 2525 1528 2560 nimirum
1553 2529 1586 2561 in
1611 2528 1971 2577 istiusmodipolypos‚
1993 2538 2049 2579 qui
2061 2549 2117 2572 ca-

1103 2573 1135 2595 Vi
1157 2563 1276 2615 essent,
1304 2566 1389 2616 forte
1415 2569 1617 2606 inciderunt.
1644 2574 1814 2609 Buffierius
1840 2580 1924 2612 enim
1937 2579 2025 2623 cujus
2036 2592 2117 2624 quo-

1101 2618 1162 2657 que
1187 2608 1434 2645 delineationem
1459 2615 1492 2646 in
1517 2614 1731 2652 Eruditorum
1753 2621 1845 2654 Attis
1856 2623 1995 2657 videram
2011 2649 2024 2666 ,
2046 2637 2116 2668 quae

1101 2649 1219 2693 Lipfiae
1241 2652 1379 2688 eduntur
1400 2657 1418 2697 (
1436 2655 1455 2689 b
1477 2661 1491 2697 )
1510 2682 1522 2699 ,
1545 2661 1709 2703 quomodo
1732 2664 1801 2697 cavi
1824 2664 1959 2701 formari
1976 2668 2114 2710 poffint,

1101 2704 1164 2744 non
1187 2695 1293 2731 solum
1312 2698 1454 2744 docuit,
1477 2699 1528 2736 sed
1565 2714 1663 2738 unum
1682 2730 1695 2747 ,
1728 2710 1784 2750 qui
1818 2720 1884 2744 erat
1915 2722 2009 2745 cavus
2033 2737 2046 2753 ,
2077 2725 2116 2747 ex

1100 2739 1245 2786 universa
1267 2741 1387 2783 Assera
1412 2747 1526 2779 arteria
1565 2748 1663 2788 puelli
1697 2754 1816 2784 exemit
1842 2777 1853 2793 ,
1889 2765 1905 2786 a
1939 2767 2004 2797 quo
2036 2757 2115 2791 dum

1099 2791 1248 2823 viveret,
1270 2786 1454 2821 extuffitum
1477 2790 1628 2823 venosum
1653 2793 1845 2835 pulmonum
1869 2808 1922 2831 vas
1947 2809 2113 2842 perperam

1100 2826 1310 2874 credebatur.
1338 2829 1396 2863 Sed
1422 2835 1455 2864 ὃς
1480 2833 1533 2865 CJ.
1559 2834 1766 2872 Nicliollsius
1790 2843 1803 2879 (
1825 2852 1841 2872 c
1865 2844 1895 2878 )‚
1920 2843 1977 2884 qui
2004 2843 2113 2885 postea

1099 2877 1197 2903 etiam
1221 2872 1342 2913 pictam
1366 2873 1473 2912 dedit,
1497 2878 1786 2919 expectoratamab
1798 2883 1987 2918 asthmatico
1998 2898 2114 2927 unam,

1101 2915 1132 2945 &
1157 2915 1288 2948 alteram
1312 2919 1572 2961 concretionem,
1605 2922 1689 2956 vidit
1723 2935 1891 2970 utramque
1924 2930 2079 2964 ramosam
2100 2955 2114 2971 ,

1100 2958 1132 3005 ὃς
1155 2969 1283 3006 cavam-¹
1309 2961 1496 3004 Eodemque
1519 2966 1728 3009 pertinuisse,
1751 2980 1814 3003 non
1838 2970 1979 3014 dubito,
2002 2986 2115 3016 quam-

1099 3010 1147 3033 vis
1170 3004 1291 3051 ramola
1315 3015 1378 3037 non
1404 3005 1501 3046 esset,
1525 3007 1653 3052 maffam
1677 3012 1835 3056 carnosam
1868 3016 2030 3051 rubentem
2064 3019 2116 3052 in-

1093 3043 1165 3094 star·
1180 3057 1285 3095 carnis
1308 3058 1410 3081 recens
1433 3050 1600 3091 ntablatae,
1617 3053 1683 3095 sine
1706 3054 1770 3089 ullo
1786 3055 1902 3101 soetore
1916 3082 1925 3096 ‚
1960 3061 2001 3093 ad
2032 3062 2114 3095 arti-

1100 3087 1163 3137 cbpli
1189 3088 1437 3137 longitudinem,
1460 3096 1502 3129 ὠ
1524 3097 1650 3130 minimi
1672 3098 1769 3142 digiti
1792 3099 1956 3144 crassitiem
1982 3127 1991 3141 ,
2030 3105 2115 3138 inte-

1101 3141 1169 3164 rius
1191 3142 1297 3179 aurem
1320 3135 1453 3174 adinstar
1477 3138 1561 3180 vafis
1593 3140 1752 3184 cujusdam
1786 3144 1888 3188 venosi
1909 3168 1918 3181 ‚
1950 3158 2012 3189 qua
2060 3159 2115 3190 per

1100 3174 1205 3209 tuffim
1228 3178 1350 3218 ejecta,
1374 3178 1585 3215 duodecennis
1609 3195 1686 3225 puer
1707 3186 1772 3227 (d)
1797 3187 1852 3222 diu
1874 3191 1984 3232 quavis
1997 3189 2113 3232 hyeme

1105 3218 1305 3267 vehementer
1327 3222 1451 3257 tulfiens
1475 3248 1487 3264 ,
1519 3228 1550 3259 &
1582 3227 1699 3262 vil'cida
1730 3230 1881 3273 exspuens
1900 3255 1912 3271 ,
1951 3235 2111 3269 continuo

1100 3262 1300 3297 rliberabatur
1334 3289 1341 3296 .
1388 3268 1543 3302 Ceterum
1588 3272 1749 3306 extuffitas
1794 3276 2015 3310 concretiones
2061 3289 2114 3311 ra-

1106 3306 1206 3340 mosas
1253 3307 1401 3342 viderunt
1446 3312 1550 3353 plures
1573 3339 1583 3355 ,
1618 3318 1649 3348 &
1673 3317 1706 3348 in
1730 3316 1781 3349 his
1806 3318 1941 3353 Illustris
1965 3322 2114 3356 Senacius

1103 3353 1118 3389 (
1140 3360 1155 3383 e
1177 3356 1210 3391 ).
1238 3351 1324 3384 Pasta
1348 3362 1453 3400 autem
1477 3356 1580 3390 noster
1603 3359 1899 3401 Experientiffimus
1924 3362 2007 3407 (f)
2041 3376 2114 3399 cum

1108 3395 1170 3427 tria
1193 3396 1333 3444 protulit
1358 3396 1452 3438 hujus
1475 3403 1596 3446 generis
1618 3403 1781 3445 exempla,
1817 3403 1874 3438 fibi
1909 3407 2078 3450 conspecta
2102 3434 2112 3448 ‚

1110 3447 1180 3484 t-um
1212 3448 1310 3471 etiam
1332 3462 1344 3479 ‚
1378 3451 1433 3474 nec
1478 3443 1541 3476 line
1585 3444 1706 3479 summa
1749 3448 1874 3483 ratione
1895 3474 1909 3491 ,
1949 3462 2025 3485 cum
2072 3452 2115 3487 iis

1110 3483 1186 3515 :lecit
1244 3484 1299 3525 qui
1355 3483 1466 3519 eodem
1519 3488 1688 3521 retulerant
1733 3490 1798 3525 duo
1829 3515 1840 3532 ‚
1880 3505 1964 3537 >quae
2008 3493 2050 3528 fic
2093 3507 2115 3532 a.

1630 3534 1663 3568 D
1686 3531 1707 3566 d
1988 3539 2074 3573 Tul-

55 3645 2111 3671 Ἢ

104 3725 146 3753 (y
163 3725 177 3753 )
194 3726 251 3751 Vid.
269 3727 345 3757 Epist.
362 3734 400 3756 43.
417 3735 441 3751 n.
462 3730 498 3752 16.
517 3726 539 3751 8<
555 3727 616 3757 seqq.

106 3755 120 3782 (
138 3754 177 3784 b)
195 3758 224 3780 A.
242 3765 307 3786 ¹701·
324 3758 387 3782 Tab,
403 3767 425 3786 4.
444 3758 497 3787 fig.
514 3767 535 3787 5.

51 3791 69 3813 5*
108 3787 122 3815 (
139 3787 175 3816 e)
192 3787 280 3815 Traite‘
296 3790 327 3813 du
343 3791 424 3813 Coeur
438 3791 457 3813 l.
474 3798 499 3818 a.
514 3788 551 3813 ch.
571 3796 592 3818 3.
611 3798 634 3816 n.
654 3798 677 3815 2.

679 3728 688 3755 (
704 3736 723 3757 z
736 3729 753 3759 )v
768 3730 844 3754 Anat.
860 3730 890 3754 of
903 3730 944 3754 the
960 3729 1027 3754 hum.
1044 3729 1111 3760 body
1126 3731 1190 3757 Τὼ.
1211 3740 1249 3763 iq,

597 3760 611 3788 (
627 3757 662 3788 c)
681 3760 738 3785 Vid.
758 3762 896 3785 Commerc.
915 3761 973 3785 Litt.
991 3764 1020 3784 A.
1040 3769 1106 3791 ¹733·
1124 3764 1204 3790 Hebd,
1223 3774 1261 3796 37-

740 3790 809 3821 (ί)
826 3792 899 3821 Epist.
917 3793 946 3816 de
963 3792 1036 3817 Cord.
1057 3795 1144 3823 Potyp.
1163 3802 1186 3820 η.
1206 3806 1245 3826 11.

1309 3735 1322 3763 C
1338 3743 1353 3758 a
1369 3735 1382 3764 )
1399 3738 1468 3768 Resp.
1488 3738 1516 3763 ad
1536 3742 1609 3772 Epist.
1628 3744 1710 3769 Probi.
1727 3746 1750 3767 6.
1768 3741 1823 3770 Fia-
1839 3748 1864 3769 4-

1281 3767 1303 3791 ὃς
1320 3767 1382 3792 Tab.
1401 3777 1424 3795 2.
1442 3771 1494 3802 Fig.
1514 3781 1533 3798 ι.
1595 3777 1610 3806 c
1625 3777 1641 3801 d
1657 3780 1667 3808 )
1685 3776 1737 3801 Aet,
1756 3777 1789 3799 N.
1807 3773 1836 3796 C.
1852 3773 1928 3797 Tem.
1947 3779 1966 3797 r.
1982 3771 2040 3797 obs.
2054 3774 2108 3802 1962
