2498 4075
408 211 411 212 f
446 106 541 222 303

372 236 552 278 primanam
574 231 661 267 idem
680 231 771 275 'quod
796 232 1003 275 Falloppius,
1029 230 1057 263 se
1091 229 1290 273 praestitisse,
1315 242 1371 265 no-

352 303 355 305 ,
376 282 503 312 minato
518 276 658 319 ‚homine
671 297 683 314 ,
707 275 920 317 indicatisque
931 276 1028 311 loco,
1052 276 1090 306 &-
1107 283 1274 317 tempore,
1292 285 1370 308 con-

373 319 537 356 firmavit.
552 320 692 352 'Fadium
715 316 757 352 est
779 319 880 361 igitur
902 319 936 351 in
961 317 1023 352 hoc
1041 317 1167 361 Juvene
1188 319 1276 360 quod
1298 317 1370 351 fieri

373 366 484 408 potuit
509 388 516 396 .
551 361 611 396 Sed
632 361 687 395 illa
711 362 756 394 ob
776 373 876 404 quarn
899 360 1067 395 historiam
1090 360 1171 395 hanc
1194 361 1367 404 proposui,

372 408 464 443 causa
486 405 637 444 obstitit,
658 415 697 437 ne
719 404 798 437 felix
821 414 954 437 eventus
977 403 1203 446 responderet.

416 461 467 493 17.
491 450 602 489 Atque
625 448 751 480 utinam
775 456 835 480 una
860 446 929 480 haec
952 446 1026 480 esset
1047 445 1205 487 historia,
1228 458 1286 481 nec
1297 447 1369 489 plu-

370 503 417 530 res
439 491 523 534 apud
547 491 626 524 alios
648 499 819 527 extarent,
836 488 943 531 hujus
968 501 1032 524 non
1054 488 1238 524 diffimiles.
1262 491 1369 532 Qae,

370 541 403 572 &
424 545 476 569 tot
501 533 652 575 insuper,
676 534 746 567 aliae
771 533 812 566 ab
835 533 912 567 alias
933 533 1039 567 causas
1060 555 1072 572 ,
1106 533 1257 567 inutilem
1279 535 1367 576 pari-

369 588 442 616 ter,
466 589 567 620 neque
592 577 640 610 ita
664 588 755 614 raro,
782 575 873 610 usum
898 577 1032 610 terebrae
1055 576 1252 611 ostendentes
1277 602 1288 617 ‚
1320 576 1368 610 fe-

366 630 504 661 cerunt,
529 629 565 654 ut
589 630 653 653 non
677 620 778 654 solum
802 621 887 653 inter
911 630 1056 659 veteres,
1078 620 1131 654 sed
1153 621 1237 654 inter
1259 631 1366 654 recen-

366 668 470 700 tiores
492 666 614 702 etiam‚
642 663 765 698 Medici
790 673 855 696 non
880 662 1042 703 ignobiles
1065 661 1186 697 fuerint
1211 684 1221 700 ‚
1242 666 1298 707 qui
1325 664 1363 696 il-

368 710 431 744 lam
448 706 568 752 fruflra
585 706 685 749 faepe,
706 709 775 741 imo
792 705 950 749 saepzffime
964 704 1173 749 frustraneum
1184 705 1266 747 esse,
1289 706 1365 740 scri-

367 752 500 797 pserunt
524 776 532 784 .
570 751 698 784 Verum
723 758 909 783 terruerunt
933 751 1035 792 magis
1057 750 1114 790 qui
1139 752 1171 783 &
1194 751 1276 783 olim
1308 760 1367 783 non

364 796 519 831 modicum
543 793 583 826 ab
605 805 639 826 ea
659 793 859 834 periculum,
884 800 938 825 aut
962 794 1079 826 certius
1100 793 1160 827 esse
1179 793 1367 835 periculum,

364 842 396 873 &
425 838 534 871 nostro
554 846 686 879 quoque
710 845 856 878 tempore
888 845 949 868 non
971 834 1083 878 absque
1111 836 1210 878 gram·
1226 835 1368 878 periculo

365 880 504 917 exerceri
523 879 605 925 Posse
627 879 901 917 terebrationem,
926 878 1140 912 asseverarunt
1163 903 1171 911 .
1196 879 1290 912 Num
1314 890 1366 913 ve-

362 936 427 966 ro,
448 924 558 966 inquis
581 946 591 963 ,
624 932 703 957 tunc
727 923 822 955 etiam
847 928 921 955 cum
945 921 985 955 ab
1008 922 1177 956 excellenti
1201 921 1370 965 Chirurgo

362 976 529 1003 exercetur
552 966 568 1000 ,ἒ
598 967 696 1000 Certe
719 967 777 1008 qui
810 965 848 998 ad
872 965 1082 999 Ptolemaeum
1114 965 1210 1000 illum
1230 966 1369 1008 AEgypti

363 1013 493 1054 Regem
517 1010 549 1044 in
573 1017 666 1052 caput
686 1008 830 1053 graviter
850 1007 1053 1043 vulneratum
1078 1031 1088 1046 ,
1110 1009 1148 1043 de
1171 1020 1239 1052 quo
1261 1010 1295 1042 in

364 1055 456 1088 Livii
480 1054 639 1097 Epitome
663 1057 676 1093 (
698 1063 730 1086 m
751 1055 765 1091 )
789 1051 827 1084 fit
840 1052 966 1085 mentio
981 1077 991 1093 ,
1017 1054 1161 1086 accersiti
1177 1053 1272 1090 sunt,
1299 1063 1366 1085 non

361 1098 510 1141 vulgares
532 1097 680 1131 Medicos
703 1095 814 1131 fuisse,
837 1094 991 1129 credibile
1015 1095 1077 1129 est.
1101 1097 1178 1130 Rex
1199 1105 1304 1129 tamen
1317 1096 1367 1129 in—

360 1149 411 1176 ter
432 1142 646 1181 curationem,
668 1141 740 1172 dum
763 1136 823 1182 offa
846 1137 970 1179 Medici
995 1138 1150 1172 terebrare
1173 1140 1371 1178 contendunt,

363 1185 544 1227 expiravit.
569 1185 654 1220 Quis
665 1194 742 1216 vero
765 1193 864 1225 quam
889 1182 1036 1224 praestans
1049 1181 1221 1221 Medicus,
1245 1180 1369 1214 &Chi-

360 1239 477 1270 rurgus
499 1228 686 1269 Fanoppius
710 1224 827 1264 fuerit,
853 1223 1009 1269 ignorat?
1033 1224 1104 1267 Ipse
1115 1234 1222 1258 tamen
1245 1235 1280 1258 ea
1291 1224 1366 1257 sim-

358 1272 440 1315 plici
466 1273 584 1304 erroris
607 1269 802 1303 confeffione
823 1280 895 1310 quae
919 1267 1051 1302 summis
1072 1268 1164 1301 Viris
1186 1268 1284 1309 digna
1307 1266 1364 1308 est,

360 1316 404 1348 ob
431 1325 497 1347 rem
521 1313 684 1356 quandam
709 1311 778 1345 sero
801 1311 842 1345 ab
867 1311 897 1345 se
919 1312 952 1343 in
976 1310 1171 1345 terebrando
1192 1310 1305 1344 cranio
1329 1323 1363 1344 a-

359 1357 597 1393 nimadversam
620 1355 738 1389 diserte
759 1353 826 1388 haec
840 1353 1063 1396 scripfit(n):
1086 1355 1362 1394 animadvertatis,

361 1400 484 1444 quaesoss·
506 1411 559 1442 ego
575 1397 632 1443 fui
653 1399 684 1445 in
708 1397 799 1440 causa
811 1398 923 1432 mortis
947 1406 1071 1431 centum
1081 1397 1362 1439 hominum,igno-

356 1456 430 1480 rans
454 1444 576 1487 causam
599 1442 694 1475 hanc.
718 1441 802 1477 Quae
827 1440 926 1475 modo
949 1440 1035 1475 di&a
1058 1439 1154 1480 sunt,
1177 1451 1251 1474 cum
1264 1439 1363 1474 essent

357 1498 413 1524 tot
437 1489 531 1522 libris
555 1495 606 1520 tot
630 1486 836 1527 Scriptorum
860 1495 964 1528 neque
987 1484 1083 1519 unius
1105 1484 1283 1526 temporis,
1307 1495 1362 1517 ne-

352 1542 419 1577 *que
443 1532 538 1565 unius
559 1529 703 1571 regionis
717 1551 725 1565 ,
751 1527 900 1561 mandata
923 1550 936 1568 ,
959 1528 1056 1561 latere
1078 1530 1190 1561 omnia
1213 1538 1277 1560 non
1294 1538 1361 1570 po-

351 1584 490 1611 tuerunt
512 1597 524 1614 ‚
548 1584 605 1607 nec
629 1570 757 1615 possunt
782 1595 792 1605 .
829 1573 946 1615 Itaque
968 1572 1078 1605 mirari
1104 1582 1168 1604 non
1192 1579 1325 1614 oportet
1346 1592 1357 1609 ,

356 1619 448 1663 quod
472 1617 646 1652 inutilibus
669 1613 846 1657 praesertim
871 1641 882 1656 ,
919 1623 974 1649 aut
998 1615 1106 1648 noxiis
1128 1614 1359 1656 experimentis

357 1660 494 1699 subinde
519 1658 648 1703 adjeffis
672 1670 801 1695 renuere
833 1660 992 1702 coeperint
1022 1657 1084 1692 hoc
1118 1658 1276 1691 auxilium
1300 1668 1360 1690 no-

357 1709 489 1743 strates,
515 1715 617 1747 neque
642 1703 676 1736 in
699 1713 762 1736 una
786 1702 907 1742 modo,
931 1711 986 1735 aut
1002 1701 1283 1740 alteraCivitate,
1307 1700 1359 1735 sed

353 1753 392 1785 in
416 1748 520 1783 Italiae
544 1746 724 1791 plerisque,
746 1749 778 1780 δι
802 1754 918 1789 praeter
942 1744 1093 1778 nostrates
1117 1745 1171 1776 alii
1195 1755 1360 1786 quoque,

341 1793 445 1829 inter
466 1803 549 1838 quos
568 1801 649 1825 tunc
672 1791 773 1823 etiarn
796 1799 871 1824 cum
894 1788 977 1832 apud
1000 1798 1058 1821 nos
1088 1786 1170 1820 illud
1204 1788 1326 1829 vigeret
1348 1808 1360 1826 ‚

354 1834 476 1878 fuisse,
498 1835 623 1870 indicat
650 1832 826 1877 Wepferus
849 1837 859 1872 (
883 1843 900 1865 o
922 1836 957 1873 ),
981 1830 1151 1880 populares
1174 1829 1244 1864 suos
1268 1854 1277 1870 ‚
1309 1831 1360 1864 his

352 1882 468 1917 *verbis
487 1894 496 1914 ε
520 1878 618 1916 Itali,
641 1877 757 1919 aliique
779 1876 916 1911 locorum
939 1873 1238 1908 calidiorumzncolae
1257 1875 1359 1916 proti-

354 1936 421 1961 mus
444 1932 608 1967 trepanum
630 1920 840 1962 arripiendum
855 1914 1057 1961 flatuiffenm
1082 1918 1222 1959 idemque
1232 1919 1307 1950 Exc.
1320 1920 1359 1950 D.

352 1973 405 2004 Ἰ).
428 1973 647 2009 But-gouverus
662 1961 812 2007 facimus
835 1971 924 1999 erat,
948 1959 1004 2003 mfi
1026 1971 1125 2005 aeger,
1148 1963 1191 1994 Θ
1210 1959 1361 2009 adstantes

349 2012 400 2049 ‘ab
421 2010 539 2051 auxilio
561 2008 611 2042 his
635 2008 667 2040 in
689 2006 765 2040 locis
787 2005 933 2048 insolito,
956 2008 1000 2039 &⁹
1021 2002 1144 2047 'velsolo
1166 2013 1285 2037 nomme
1292 2002 1360 2047 ple-

350 2053 463 2100 ⁴“risque
486 2051 621 2094 terrifico
643 2048 892 2094 abhorruiſjent,
915 2045 1064 2091 ipsiusque
1087 2045 1250 2081 conatibus
1271 2045 1361 2086 obsti-

351 2101 466 2146 ‘iissent
488 2122 496 2131 ,
533 2097 627 2131 Num
650 2092 755 2136 postea
779 2094 903 2128 animos
938 2091 1092 2126 addidisse
1116 2091 1324 2130 renuentibus
1345 2111 1358 2129 ,

356 2143 462 2180 credis
484 2151 613 2184 gravem
638 2137 722 2181 apud
747 2135 930 2181 Lipsienses
963 2132 1359 2183 Professoremjoannem

352 2185 529 2224 “Bolinium
560 2181 799 2218 Dissertatione
834 2179 920 2214 edita
954 2180 989 2213 de
1011 2181 1248 2220 Trepanatzonzs
1270 2175 1360 2220 Dfffi-

348 2228 560 2267 ·-:ultatibus.>
582 2237 661 2269 quas
684 2235 855 2268 antequam
878 2223 1067 2265 singillatim
1091 2220 1361 2271 exponat-,lhaud

350 2275 488 2310 *dubitat
513 2270 669 2306 affirmare
685 2291 694 2306 ,
720 2269 854 2303 multum
871 2267 945 2310 sane
967 2267 1091 2301 eandem
1112 2262 1363 2307 periculum-vol-

357 2329 433 2354 vere
455 2339 464 2356 ‚
490 2323 546 2349 aut
564 2315 643 2357 saepe
659 2310 867 2354 frustraneum
882 2311 940 2353 seu
976 2311 1177 2351 incongruam
1199 2306 1362 2357 deprehen-

358 2364 397 2397 ,ii
420 2384 429 2394 .
460 2361 579 2393 Earum
613 2355 842 2391 difficultatum
867 2352 1032 2397 plerasque
1067 2364 1141 2385 cum
1175 2349 1363 2393 suprafatis

349 2402 629 2442 *memoraverim5
650 2398 688 2433 de
708 2400 763 2433 illa
788 2410 850 2433 una
866 2399 983 2439 potius
1007 2395 1130 2439 aliquid
1155 2395 1268 2428 addam
1291 2405 1362 2443 quae

358 2461 402 2484 ex
424 2444 588 2482 noviffime
612 2443 764 2486 produeta
789 2442 1028 2475 Observatione
1050 2437 1289 2474 deducebatur,
1313 2448 1362 2469 ni-

354 2494 485 2528 mirum
507 2488 546 2523 de
567 2500 601 2522 ea
623 2498 693 2529 quae
717 2486 750 2518 in
774 2494 921 2527 tempore
935 2481 1147 2519 definiendo,
1169 2480 1357 2515 adhibendae

359 2535 495 2570 terebrae
518 2539 706 2575 opportuno
728 2551 738 2567 ‚
772 2529 909 2570 persaepe
931 2528 1075 2561 occurrit
1099 2547 1109 2564 ,
1132 2524 1354 2573 difficultate..

361 2581 474 2616 Quam
502 2574 593 2617 juvat
616 2574 721 2606 altero
743 2572 936 2606 confirmare
958 2569 1105 2611 exemplo
1128 2591 1140 2609 ,
1163 2568 1221 2602 hac
1243 2571 1276 2602 in
1298 2569 1358 2605 C1÷

359 2625 465 2657 ‘vitate
489 2632 504 2653 a
529 2630 577 2652 me
600 2617 690 2649 viso.
712 2615 938 2659 Juveniserat.
964 2614 1082 2647 mulier
1097 2633 1107 2648 ,
1131 2612 1217 2646 haud
1244 2609 1360 2645 infimo

361 2667 441 2702 loco
463 2672 558 2700 nata,
581 2660 730 2704 gracilis,
757 2670 822 2693 non
834 2657 983 2694 robusta,
1009 2656 1078 2690 sana
1090 2665 1219 2696 tamen,
1242 2664 1278 2689 nt
1289 2665 1361 2696 quae

362 2709 449 2744 nihil
473 2705 530 2739 nisi
554 2702 777 2740 convulfiones
799 2701 994 2745 gravissimas
1018 2699 1149 2741 quidem
1164 2723 1173 2739 ,
1198 2707 1230 2732 at
1256 2697 1361 2733 semel,

362 2753 459 2788 annis
483 2747 702 2792 superioribus
725 2755 801 2781 toto
824 2733 957 2792 ‘sorpore
989 2742 1088 2793 passa·
1108 2742 1212 2776 suerat
1235 2765 1246 2777 .
1278 2742 1364 2774 Cum

362 2798 446 2832 bene
469 2794 571 2835 igitur
595 2791 714 2825 valeret
731 2813 741 2829 ‚
766 2790 949 2831 sederetque
971 2787 1148 2822 humiliore
1161 2786 1255 2826 sella,
1279 2783 1364 2817 forte

365 2832 509 2877 accidit,
532 2845 568 2869 ut
591 2834 769 2877 improvisa
793 2835 847 2872 rel
870 2832 1044 2875 &strepitu
1070 2830 1228 2872 perculsa,
1253 2837 1362 2871 caput,

364 2894 402 2918 ut
416 2882 454 2917 fit
467 2903 477 2918 ‚
500 2878 679 2913 retrorsum
701 2885 805 2920 ageret
820 2901 829 2917 ,
850 2878 881 2910 &
894 2876 930 2908 ad
945 2885 1161 2908 marmoreum
1187 2871 1363 2921 mutulum‚

360 2928 420 2971 qui
446 2934 530 2967 pone
551 2922 653 2965 ipsam
676 2932 693 2955 e
717 2922 837 2963 pariete
861 2918 1090 2960 prominebat,
1114 2916 1251 2951 alterum
1275 2925 1362 2966 occi:

370 2969 450 3014 pitis
483 2967 565 3000 latus
598 2964 804 2998 vehementer
829 2963 971 2997 allideret
995 2987 1004 2996 .
1038 2962 1119 2995 Dies
1152 2969 1220 2994 erat
1243 2959 1360 3009 Martii

367 3011 548 3057 penultima
572 3009 614 3042 A.
641 3017 733 3049 ¹739-
758 3007 878 3049 Neque
902 3016 979 3040 tunc
1003 3028 1014 3045 ‚
1033 3015 1137 3047 neque
1160 3004 1273 3054 primis
1295 3002 1360 3035 illis

362 3056 479 3091 diebus
502 3052 701 3085 incommodi
724 3050 899 3093 quidquam
924 3049 1015 3083 sensit
1039 3072 1047 3078 -
1084 3047 1209 3094 Deinde
1230 3057 1263 3080 m
1287 3046 1360 3079 loco

361 3099 432 3135 iero
454 3095 577 3132 doloris
600 3093 744 3137 aliquid:
767 3094 820 3127 cui
843 3092 982 3127 successit
1006 3093 1039 3126 in
1062 3090 1206 3133 subjecio
1227 3090 1359 3139 cervicis

366 3145 488 3181 latere,
511 3138 663 3174 nonnihil
686 3145 831 3171 tumente
853 3158 866 3176 ‚
900 3135 1034 3179 quidam
1059 3134 1280 3168 musculorum
1302 3143 1361 3175 qui

363 3188 414 3221 ibi
437 3186 531 3221 sunt,
554 3180 642 3226 quasi
665 3183 757 3223 rigor
771 3207 780 3221 ‚
803 3191 860 3214 nec
883 3179 947 3213 sine
968 3179 1082 3214 dolore
1097 3201 1105 3210 .
1129 3178 1230 3211 Levia
1251 3185 1360 3210 tamen

364 3231 446 3266 adeo
469 3228 537 3262 haec
560 3233 649 3259 erant
672 3224 782 3258 omnia
807 3245 815 3261 ,
842 3233 876 3257 ut
900 3223 1019 3257 mulier
1041 3233 1241 3265 quaecunque
1264 3230 1359 3255 antea

362 3272 593 3310 consueverat,
621 3268 711 3302 domi
734 3289 744 3305 ,
767 3266 909 3308 forisque
935 3275 1097 3308 perageret
1120 3290 1129 3299 .
1162 3264 1245 3302 Quis
1268 3264 1359 3298 ausus

366 3317 439 3352 esset
463 3314 563 3348 cranii
588 3309 838 3354 perforationem
861 3318 940 3343 tunc
964 3307 1146 3352 imperare?
1169 3306 1361 3344 aut,s1for-

363 3371 398 3394 te
421 3360 512 3393 ausus
534 3356 629 3393 esset5
653 3354 784 3397 putasne
799 3376 807 3391 ‚
830 3363 962 3387 caeteros
984 3350 1208 3395 permissuros,
1232 3360 1286 3384 aut
1307 3349 1360 3384 de-

361 3403 493 3438 licatam
519 3400 686 3433 mulierem
709 3396 801 3430 fuisse
824 3394 980 3440 passuram
1005 3400 1015 3428 ?
1042 3396 1141 3429 Nunc
1165 3394 1288 3437 reliqua
1310 3405 1361 3426 ac·

359 3450 455 3489 cipe.
481 3445 570 3477 Cum
598 3441 637 3475 ad
660 3440 842 3482 Augustum
865 3439 964 3482 usque
988 3436 1126 3473 mensem
1149 3439 1196 3472 ita
1207 3439 1255 3471 uti
1278 3436 1361 3475 dixi,

360 3490 391 3525 se
416 3487 529 3523 mulier
552 3485 662 3527 egisset
683 3506 693 3523 ,
726 3485 845 3525 quippe
883 3494 955 3524 quae
979 3491 1093 3525 praeter
1117 3481 1150 3515 id
1173 3481 1260 3525 quod
1297 3492 1363 3514 me-

358 3541 525 3568 moratum
548 3530 590 3563 est
606 3552 614 3566 ,
640 3528 723 3563 nihil
779 3538 847 3560 rme
870 3525 956 3559 aliud
981 3526 1111 3559 sentiret
1135 3524 1359 3562 incommodi3

358 3579 400 3610 ad
425 3575 517 3609 illam
541 3573 683 3606 accersor
705 3570 756 3605 di'
798 3568 920 3612 jusdem
945 3568 1060 3603 mensis
1082 3569 1205 3603 decima
1241 3567 1326 3602 sexta
1352 3591 1359 3599 .

670 142 827 208 Liber
859 151 953 209 iv.
986 114 1071 207 De
1105 154 1314 212 Morbis
1338 151 1696 222 ''Chirurgicis3
1729 153 1785 206 ec
1804 146 2213 207 'Universalibus

1424 229 1488 262 His
1510 241 1581 273 quae
1603 228 1723 269 retuli,
1747 228 1787 263 ab
1809 229 1875 272 ejus
1897 228 2029 263 Medico
2052 230 2189 264 narratis
2211 252 2220 268 ‚
2237 228 2417 270 *addentem

1423 271 1521 306 audio
1543 295 1553 311 ‚
1571 301 1573 303 .
1589 284 1605 305 a
1628 271 1739 306 diebus
1760 272 1824 315 jam
1848 273 1973 314 aliquot
1996 273 2165 306 mul-ierem
2196 270 2380 315 fabricitare
2404 297 2414 312 ‚

1420 326 1479 349 nec
1503 316 1640 354 leviter,
1661 314 1810 359 durisque
1832 316 1974 358 pulfibus
1987 340 1996 355 ‚
2019 313 2222 350 subrui-nidos
2233 339 2243 355 ‚
2267 317 2390 358 rigidos
2405 343 2416 357 ‚

1416 361 1449 391 Bc
1471 358 1584 393 dolore
1606 358 1735 393 affeetos
1759 358 1818 392 esse
1840 360 1915 392 illos
1936 359 2071 392 cervicis
2086 358 2267 398 musculos,
2289 360 2417 393 dolores

1418 403 1518 436 etiam
1540 402 1712 436 secundum
1736 402 1866 444 Spinam
1888 400 1971 436 dorsi
1995 401 2185 439 descendere
2206 427 2217 443 ,
2249 403 2415 436 maxillam

1417 444 1607 480 inferiorem
1632 458 1648 478 a
1670 445 1831 485 superiore
1854 456 1918 478 non
1942 443 2005 478 fine
2027 444 2215 480 difficultate
2224 445 2353 480 diduci:
2376 458 2417 480 ae-

1417 499 1508 530 gram
1532 489 1767 532 propemodum
1791 487 1849 522 esse
1872 487 2029 531 stupidam
2044 489 2225 532 „lenteque
2249 487 2417 530 responde-

1419 543 1473 570 re;
1497 533 1580 575 quin
1604 531 1780 575 aliquando
1803 531 1918 565 leviter
1940 530 2085 566 delirasse
2109 545 2118 564 ε
2153 542 2218 565 non
2241 531 2315 564 satis
2338 532 2416 567 bene

1418 575 1531 608 vidisse
1555 588 1566 609 .-
1599 577 1710 610 oculos
1733 576 1823 617 quasi
1845 575 2018 609 convulsos
2041 574 2123 609 visos
2147 573 2208 622 esse
2234 590 2240 609 :
2266 574 2326 607 Sed
2349 574 2417 610 haec

1418 618 1533 652 ultima
1558 628 1636 653 tunc
1660 618 1781 656 abesse;
1805 626 1917 652 caetera
1942 619 1983 652 ab
2006 618 2130 660 aliquot
2154 629 2220 660 Jam
2242 617 2355 653 diebus
2366 618 2417 652 su-

1417 663 1537 703 peresse
1560 687 1567 695 .
1600 662 1736 704 Insuper
1758 662 1905 696 dolorem
1926 661 1977 695 his
1994 662 2115 696 -diebus
2139 662 2177 695 ad
2200 661 2308 707 locum
2331 661 2416 695 olim

1417 704 1597 747 percussum
1621 702 1769 745 rediisse;
1789 708 1938 748 quamvis
1961 706 2064 739 taetus
2085 730 2095 746 ,
2119 704 2267 747 visusque
2290 703 2417 747 judicio

1417 747 1502 782 nihil
1526 749 1574 782 ibi
1599 752 1747 792 appareat
1772 748 1869 781 mali.
1894 748 2005 781 Nimis
2030 759 2102 781 vera
2125 748 2289 787 retulisse,
2314 746 2414 786 sensi,

1418 802 1493 825 cum
1516 803 1594 825 mox
1617 803 1736 835 aegram
1758 792 1846 830 vidi,
1869 791 2013 835 nullique
2036 791 2099 834 jam
2124 791 2183 825 esse
2199 790 2342 825 remedio
2365 792 2417 824 lo-

1420 846 1518 877 cum,
1541 834 1707 878 perspexi.
1732 836 1847 878 Itaque
1870 834 1995 883 levibus
2017 835 2182 869 nonnullis
2206 832 2240 868 in
2267 844 2339 877 quae
2362 844 2417 867 ca-

1420 877 1493 911 dere
1525 878 1685 914 calumnia
1718 889 1782 912 non
1815 877 1918 919 posset
1938 900 1952 918 ‚
1976 878 2224 920 *consuetudinis
2245 876 2418 911 dumtaxat

1420 922 1532 961 causa,
1555 921 1745 964 propositis,
1770 932 1846 963 cum
1869 920 1987 956 seniori
2010 922 2220 956 eraffi-nibus
2241 920 2417 960 dixissem,

1418 976 1516 1007 quam
1541 964 1745 1000 vehementer
1766 976 1852 1007 aegra
1879 963 1961 998 mihi
1983 963 2196 1006 displiceret,
2217 974 2282 998 non
2294 963 2418 1016 rfditu-

1320 1010 1364 1042 T.
1417 1018 1472 1042 rus
1486 1034 1495 1048 ‚
1519 1008 1656 1044 discessi.
1680 1008 1802 1051 Reapse
1822 1008 1944 1043 duabus
1965 1007 2045 1047 illa,
2069 1018 2124 1042 aut
2146 1009 2251 1043 tribus
2274 1004 2345 1050 post
2356 1006 2419 1040 ho-

1417 1052 1460 1084 ris
1484 1053 1576 1096 loqui
1597 1051 1688 1086 desiit
1703 1074 1714 1090 ,
1738 1054 1769 1086 δε
1791 1053 1876 1086 intra
1900 1052 1980 1085 duos
2003 1051 2107 1084 tresve
2129 1051 2193 1085 dies
2216 1059 2345 1083 mortua
2357 1049 2419 1084 est.

1420 1096 1525 1136 Cuius
1549 1094 1571 1128 fi
1595 1096 1745 1130 calvariae
1769 1096 1926 1129 interiora
1949 1095 2133 1129 examinare
2156 1092 2293 1127 licuisset
2317 1104 2328 1132 3
2351 1103 2418 1126 non

1419 1137 1539 1172 dubito
1554 1162 1567 1179 ,
1588 1140 1689 1182 quin,
1713 1148 1750 1172 ut
1773 1138 1978 1172 Marchettus
2001 1138 2105 1171 noster
2129 1141 2139 1176 (
2159 1147 2182 1179 p
2203 1140 2218 1177 )
2241 1147 2299 1179 pus
2321 1135 2415 1178 supra

1421 1183 1620 1216 membranas
1634 1208 1643 1223 ‚
1667 1185 1698 1215 δε
1718 1181 1884 1216 cerebrum
1908 1183 1942 1215 in
1965 1192 2003 1214 eo
2025 1180 2234 1223 deprehendit
2257 1181 2313 1222 qui
2337 1180 2419 1213 levi-

1417 1234 1465 1259 ter
1486 1226 1594 1268 capite
1616 1225 1804 1260 vulneratus
1824 1234 1861 1259 ut
1894 1235 1933 1258 ne
1967 1235 2003 1257 os
2046 1223 2177 1266 quidem
2218 1222 2299 1262 esset
2330 1223 2417 1257 dete-

1415 1269 1527 1309 ἂυω,
1551 1268 1653 1302 tribus
1676 1268 1745 1311 post
1769 1268 1926 1303 menfibus
1950 1266 2234 1309 sebrecorreptus,
2257 1277 2295 1298 ex
2316 1277 2416 1308 eaque

1414 1312 1527 1345 dolore
1550 1313 1583 1346 in
1606 1313 1708 1346 iesum
1732 1313 1842 1346 locum
1867 1311 2018 1346 redeunte
2042 1313 2076 1344 in
2097 1321 2165 1353 quo
2177 1309 2259 1343 nihil
2283 1320 2416 1352 appare-

1415 1355 1471 1388 bat
1496 1356 1595 1394 mali‚
1620 1365 1760 1389 mortem
1783 1356 1911 1390 obierat
1933 1377 1943 1393 ‚
1970 1363 2062 1388 tanto
2084 1364 2145 1395 ego
2168 1353 2271 1395 magis
2295 1354 2330 1386 in
2355 1351 2414 1387 hac

1414 1398 1707 1441 deprehenderem,
1729 1410 1800 1440 quae
1824 1409 1912 1434 non,
1935 1407 1970 1443 ut
1992 1397 2070 1434 ille,
2094 1396 2158 1430 sine
2180 1397 2250 1431 ullo
2273 1395 2415 1430 vulneris

1411 1443 1529 1483 capitis
1552 1442 1771 1485 symptomate
1793 1444 1825 1475 δε
1845 1442 1880 1474 in
1905 1440 2013 1478 febre,
2037 1442 2069 1473 &
2094 1449 2165 1474 ante
2188 1440 2279 1474 illam
2303 1464 2314 1480 ‚
2335 1438 2415 1474 fuis-

1412 1486 1480 1523 set,
1505 1485 1557 1519 sed
1580 1488 1613 1519 δε
1634 1484 1827 1528 quibusdam
1851 1485 1970 1518 menses
1993 1483 2057 1527 jam
2082 1493 2243 1525 quatuor,
2267 1485 2298 1516 δι
2322 1482 2413 1526 quod

1409 1530 1621 1567 excurrebat,
1646 1537 1699 1562 tot
1721 1539 1827 1564 autern
1852 1539 1892 1561 ex
1914 1539 1981 1571 quo
2004 1527 2103 1562 febris
2126 1529 2344 1570 corripuerat,
2368 1527 2416 1561 es-

1410 1572 1456 1606 set
1480 1583 1593 1606 vexata
1610 1595 1617 1604 .
1643 1573 1727 1607 Satis
1748 1571 1838 1614 jam,
1861 1572 2018 1614 superque
2041 1571 2198 1614 intelligis
2213 1569 2340 1608 ‚casus
2361 1571 2415 1603 in-

1408 1616 1517 1650 cidere
1541 1618 1574 1649 in
1597 1614 1716 1657 quibus
1739 1624 1796 1648 aut
1818 1615 1926 1652 nulla,
1951 1624 2007 1649 aut
2029 1623 2096 1648 tam
2120 1615 2226 1655 levia,
2249 1613 2414 1647 interini-

1409 1660 1475 1696 tia,
1500 1659 1531 1693 se
1552 1659 1698 1693 offerunt
1720 1658 1808 1693 effusi
1838 1659 2094 1692 intracranium
2118 1657 2282 1699 sanguinis
2307 1656 2415 1699 signa,

1409 1711 1462 1735 tot
1485 1713 1591 1737 autem
1617 1727 1626 1740 ‚
1661 1704 1692 1735 &
1715 1700 2016 1744 tamrgraviapost
2037 1702 2173 1742 longum
2189 1700 2413 1743 ¹intervallum

1410 1744 1763 1786 confertimingruant
1788 1765 1799 1782 ,
1832 1755 1867 1778 ut
1890 1755 1990 1787 neque
2015 1747 2121 1786 primo
2143 1744 2202 1778 illo
2215 1751 2415 1786 ‘opportuno

1410 1797 1558 1831 tempore
1580 1798 1664 1830 aeger
1686 1799 1726 1821 eo
1749 1789 1868 1821 timore
1891 1787 2019 1830 percelli
2044 1787 2137 1829 poffit
2161 1808 2170 1824 ‚
2193 1796 2228 1820 ut
2252 1788 2413 1821 terebram

1411 1832 1586 1871 admittat,
1611 1842 1715 1872 neque
1737 1840 1886 1866 extremo
1908 1829 2033 1874 sperare
2057 1829 2175 1872 poffint
2196 1829 2353 1868 Medici,
2376 1842 2414 1863 o-

1412 1886 1484 1917 pem
1509 1875 1537 1910 se
1564 1886 1621 1917 per
1644 1885 1718 1907 eam
1738 1876 1895 1909 allaturos
1915 1896 1926 1912 ,
1964 1885 2038 1908 cum
2062 1883 2129 1907 tam
2151 1875 2253 1916 longo
2277 1872 2381 1914 spatio
2403 1896 2416 1914 ‚

1411 1921 1443 1952 δε
1467 1928 1534 1952 tam
1557 1917 1745 1961 perniciosis
1768 1918 1900 1952 indiciis
1921 1918 2109 1951 extantibus
2132 1938 2142 1954 ‚
2173 1927 2239 1950 non
2262 1916 2318 1951 illa
2341 1928 2417 1959 par-

1411 1964 1495 1996 tium
1518 1962 1690 2004 corruptio
1713 1960 1814 1994 abesse
1837 1960 1994 1996 credenda
2028 1959 2065 1993 fic
2088 1971 2160 2002 quae
2195 1962 2229 1993 in
2261 1960 2416 1995 rarissima

1411 2016 1445 2039 ea
1467 2006 1602 2045 Sculteti
1626 2003 1864 2038 Observ-atione
1884 2007 1900 2043 (
1921 2016 1940 2047 q
1964 2008 1975 2042 )
1999 2002 2134 2037 mirifice
2156 2002 2284 2038 abfuit.

1457 2048 1507 2088 18.
1533 2048 1593 2082 Sed
1617 2047 1721 2090 quid,
1744 2048 1874 2090 inquis,
1897 2049 2003 2090 capite
2027 2046 2204 2083 sauciatos,
2230 2056 2286 2081 aut
2300 2058 2413 2082 eorum

1409 2091 1687 2135 consanguineos,
1710 2092 1741 2124 &
1764 2100 1896 2125 caeteros
1918 2101 2060 2133 quorum
2083 2090 2214 2124 interest
2237 2113 2246 2128 ‚
2271 2091 2350 2125 adeo
2374 2093 2416 2126 ab

1409 2135 1475 2171 hoc
1507 2136 1629 2169 auxilio
1661 2132 1785 2168 aversos
1818 2133 1897 2168 facit
1931 2143 2010 2168 tunc
2040 2145 2172 2177 quoque
2194 2145 2270 2168 cum
2302 2137 2414 2179 gravia

1412 2179 1518 2213 statim
1542 2189 1607 2212 non
1629 2177 1743 2212 desunt
1770 2177 1989 2221 symptomata
2014 2180 2024 2209 ?
2057 2178 2178 2219 Relege
2209 2179 2319 2211 omnia
2341 2190 2414 2222 quae

1415 2222 1505 2265 supra
1530 2225 1540 2262 (
1564 2233 1579 2255 r
1598 2225 1613 2262 )
1637 2220 1709 2256 sunt
1734 2220 1850 2265 scripta
1874 2223 1912 2256 de
1935 2219 2036 2255 causis
2052 2230 2185 2263 propter
2207 2223 2329 2263 quasin
2342 2224 2416 2263 qui-

1413 2265 1545 2300 busdam
1570 2264 1775 2300 Civitatibus
1798 2265 1952 2304 credibile
1975 2263 2021 2298 est
2043 2265 2077 2298 id
2100 2263 2232 2298 remedii
2257 2264 2348 2299 fuisse
2358 2264 2417 2299 de-

1409 2309 1534 2343 sertum
1548 2332 1557 2347 ,
1577 2311 1608 2342 &
1633 2308 1671 2343 ad
1693 2308 1764 2342 illas
1786 2307 2021 2351 hanc'quoq.ue
2045 2308 2123 2342 adde
2145 2319 2217 2351 quae
2241 2319 2279 2342 ex
2303 2309 2415 2352 proxi-

1414 2364 1466 2387 ma
1490 2352 1664 2386 Mediaviae
1687 2351 1824 2387 historia
1847 2352 2034 2395 colligitur.

1462 2407 1508 2437 19.
1537 2396 1701 2429 PLIERO
1722 2406 1821 2430 annos
1852 2407 1927 2430 nato
1951 2395 1988 2429 ad
2021 2393 2268 2438 quatuordecim
2292 2397 2412 2440 pertica

1413 2440 1515 2472 iesum
1538 2438 1642 2472 fuerat
1677 2441 1810 2475 alterum
1844 2440 2002 2482 sincipitis
2046 2440 2127 2472 latus
2159 2440 2241 2473 circa
2266 2438 2409 2475 medium

1414 2482 1618 2519 Quinffilem
1653 2484 1790 2517 mensem
1825 2485 1867 2517 A.
1889 2495 1983 2526 1739.
2008 2482 2132 2516 Eodem
2166 2493 2313 2526 tempore
2336 2485 2411 2525 Seni

1409 2537 1540 2568 quoque
1563 2526 1743 2569 percussum
1767 2525 1869 2561 fuerat
1891 2535 2008 2569 caput.
2038 2527 2182 2569 Uterque
2206 2527 2247 2559 ab
2269 2527 2334 2566 ifftu
2358 2540 2411 2561 ce-

1409 2568 1549 2607 ciderat,
1577 2580 1766 2606 vomuerat,
1788 2573 1819 2603 &
1842 2582 1919 2604 mox
1942 2570 2027 2603 febri
2051 2569 2220 2610 prehensus
2243 2579 2333 2605 erat.
2358 2572 2411 2604 U-

1411 2621 1525 2655 terque
1548 2614 1582 2646 in
1604 2613 1691 2647 idem
1717 2612 1957 2648 Nosocomium
1981 2613 2135 2654 recipitur
2157 2635 2167 2651 ‚
2193 2615 2223 2646 &
2248 2616 2313 2655 pari
2338 2621 2409 2649 tum

1412 2656 1558 2696 Medici,
1582 2665 1652 2690 turn
1675 2656 1833 2699 Chirurgi
1856 2657 2025 2698 diligentia
2049 2664 2178 2689 curatur
2202 2680 2209 2687 .
2242 2658 2408 2692 Hactenus

1414 2698 1532 2733 similia
1554 2701 1663 2734 omnia
1680 2725 1688 2733 .
1713 2700 1812 2734 Nunc
1834 2700 1994 2742 disparem
2019 2700 2160 2742 primum
2176 2701 2267 2733 l’ueri
2283 2726 2292 2741 ‚
2317 2702 2409 2735 dein-

1414 2742 1453 2776 de
1472 2744 1559 2781 Senis
1582 2746 1706 2778 exitum
1730 2746 1852 2786 accipe.
1879 2745 2019 2777 Puerum
2042 2753 2116 2776 cum
2140 2741 2238 2785 febris
2261 2744 2410 2787 reliquis-

1414 2785 1459 2820 set
1480 2787 1564 2820 circa
1587 2787 1674 2821 diem
1696 2796 1849 2829 quartum
1863 2811 1875 2828 ‚
1900 2786 2200 2821 undecimoiterum
2225 2785 2337 2821 adorta
2351 2786 2408 2825 est,

1414 2838 1548 2872 torpore
1561 2829 1680 2871 semper
1694 2855 1705 2870 ‚
1728 2830 2086 2875 nonnunquamdelirio
2104 2829 2240 2871 stipatas,
2254 2840 2318 2864 .aut
2329 2843 2408 2865 con-

1413 2873 1637 2914 vulfiofflbus,
1660 2883 1716 2906 aut
1739 2872 1899 2917 sanguinis
1924 2900 1933 2914 ,
1963 2873 2054 2916 cujus
2075 2884 2140 2914 jam
2164 2873 2237 2906 satis
2260 2874 2408 2909 emissum

1414 2916 1520 2950 fuerat
1543 2917 1625 2951 inter
1646 2917 1761 2956 initia,
1783 2930 1799 2951 e
1822 2918 1951 2951 naribus
1974 2918 2161 2959 eruptione.
2188 2916 2408 2959 Itaque,nul-

1412 2960 1452 2993 lis
1476 2959 1719 3003 proficientibus
1744 2960 1911 3002 remediis,
1931 2962 2015 2994 intra
2040 2971 2213 3002 perpaucos
2235 2961 2301 2994 dies
2325 2962 2409 2995 inte-

1411 3004 1487 3037 riit.
1618 3004 1852 3038 CRANIUM
1876 3005 1924 3038 vel
1949 3003 2176 3045 praeclaraluce
2198 3002 2408 3046 oppofitain-

1412 3045 1574 3088 speeium,
1597 3058 1662 3081 non
1687 3048 1785 3081 modo
1809 3058 1873 3081 non
1895 3046 2021 3086 fissum,
2047 3046 2096 3080 sed
2120 3046 2202 3080 nihil
2227 3046 2291 3081 fere
2304 3048 2408 3082 osten·

1410 3090 1486 3124 dens
1507 3091 1704 3126 discriminis
1725 3100 1887 3134 repertum
1911 3091 1953 3125 est
1975 3113 1985 3127 ‚
2020 3092 2044 3125 fi
2078 3088 2253 3133 percussam
2283 3101 2406 3133 partem
2431 3108 2433 3111 ·

1411 3145 1485 3168 cum
1511 3135 1635 3178 reliqua
1645 3145 1864 3177 comparares.
1890 3135 2017 3174 Verum
2041 3135 2125 3167 inter
2149 3133 2323 3176 percussam
2336 3146 2408 3178 par.

1411 3186 1500 3218 tem,
1524 3179 1712 3220 Duramque
1736 3178 1916 3220 meningern
1941 3178 2108 3220 quidpiam
2133 3178 2218 3211 muci
2241 3176 2408 3214 fimileoc-

1411 3223 1536 3261 currit,
1560 3225 1590 3254 &
1616 3222 1673 3255 sub
1696 3233 1733 3255 eo
1756 3222 1886 3255 meninx
1908 3221 1963 3254 illa
1987 3221 2097 3255 colore
2119 3230 2183 3253 non
2206 3220 2263 3254 suo
2284 3244 2294 3254 .
2317 3224 2408 3258 Inter

1411 3265 1515 3307 ipsam
1538 3275 1638 3306 vere,
1661 3267 1692 3298 δι
1715 3265 1896 3306 meningem
1920 3265 2051 3297 alteram
2074 3274 2137 3306 qua
2163 3272 2267 3297 totam
2291 3275 2407 3309 prope-

1413 3308 1544 3341 modum
1568 3306 1783 3350 hemisphaerii
1806 3308 1892 3341 illius
1916 3307 2111 3351 superiorem
2133 3305 2252 3341 faciem
2287 3319 2405 3342 conve·

1412 3351 1551 3392 stiebat,
1575 3363 1633 3394 pus
1656 3363 1693 3385 ex
1716 3348 1807 3384 flavo
1831 3350 1958 3391 viride,
1980 3350 2120 3390 foetens,
2142 3350 2283 3385 multum
2306 3365 2317 3390 ς
2341 3363 2404 3387 me-

1413 3395 1521 3437 ningis
1542 3404 1649 3428 autem
1672 3394 1770 3436 ipfius
1791 3404 1947 3437 quantum
1972 3405 2047 3436 pure
2068 3393 2246 3428 obdufium
2268 3394 2369 3430 fuerat
2389 3418 2403 3436 ,

1415 3446 1544 3472 tantum
1568 3447 1635 3471 erat
1659 3439 1761 3481 triplo
1786 3459 1796 3475 ‚
1820 3447 1874 3472 aut
1896 3437 2079 3481 quadruplo
2102 3437 2227 3471 craffius
2249 3436 2368 3473 faaum
2389 3459 2402 3475 ,

1417 3483 1448 3514 δι
1472 3481 1636 3524 superficie
1667 3481 1755 3522 quasi
1779 3480 1913 3524 granosa
1934 3507 1943 3515 .
1978 3480 2077 3514 Nihil
2102 3490 2250 3523 praeterea
2273 3503 2284 3519 ,
2308 3493 2345 3514 ne
2367 3482 2401 3514 in

1413 3523 1602 3559 ventriculis
1625 3524 1755 3566 quidem
1776 3548 1786 3565 ‚
1818 3527 1852 3558 in
1876 3524 1994 3568 quibus
2017 3534 2107 3566 aquae
2131 3534 2195 3558 non
2219 3533 2285 3558 erat
2305 3525 2402 3566 quid-

1412 3579 1508 3610 quam
1532 3593 1542 3608 ,
1586 3567 1631 3600 est
1678 3567 1933 3602 animadversum
1965 3592 1974 3601 .
2017 3568 2072 3600 Sic
2106 3567 2191 3602 Puer
2214 3591 2222 3600 .
2352 3569 2401 3601 Se.

2290 3620 2352 3643 nex

419 3728 432 3757 s
449 3737 472 3753 m
488 3729 502 3757 )
518 3728 536 3752 l.
555 3735 591 3757 ⁵²·
653 3731 666 3755 (
681 3736 697 3751 n
713 3728 727 3756 2
743 3729 886 3756 Commeat.
903 3724 969 3755 supra
983 3723 1013 3759 ad
1029 3732 1052 3749 n.
1070 3725 1165 3759 1².·cit.
1182 3731 1206 3748 e.
1224 3730 1261 3752 17.

419 3759 435 3790 ζ
450 3767 467 3791 p
483 3759 497 3788 )
512 3758 537 3783 in
554 3758 642 3784 additis
656 3759 687 3784 ad
702 3758 762 3786 Obs.
780 3765 818 3790 ις,
878 3759 894 3789 (
907 3765 924 3788 q
937 3753 953 3787 >
968 3761 1014 3783 eit.
1029 3754 1097 3786 supra
1113 3763 1138 3782 in
1154 3756 1199 3781 fin.
1213 3762 1239 3781 n.
1257 3755 1294 3781 16.

1321 3723 1399 3785 (qd

2337 3684 2352 3695 κ

1411 3722 1535 3748 Histoi-iar.
1552 3722 1641 3754 Apopl.
1657 3723 1756 3751 Aussar.
1770 3724 1797 3749 in
1813 3723 1894 3751 schol.
1912 3723 1941 3749 ad
1957 3723 2020 3750 trist.
2035 3726 2060 3750 6.

1412 3753 1427 3784 )
1442 3762 1468 3781 ιι.
1485 3761 1521 3783 1²·
1537 3756 1560 3781 ἃ
1577 3755 1622 3785 seq.
