2498 4075
391 167 546 234 Epist.
584 168 744 221 Anat.
778 168 993 221 Medica
1028 168 1180 221 XXI.
1221 168 1338 219 Art.
1366 184 1443 235 23.
1479 185 1560 229 24-
1586 169 1639 222 &
1664 181 1739 228 25.

70 243 215 288 hydrope
239 245 401 280 laborabat
415 260 424 286 ς
450 250 481 281 &
505 257 609 280 tamen
632 256 774 288 pungens
795 244 890 280 dolor
911 245 993 280 infra
1006 257 1074 279 ma-

72 289 197 321 millam
220 299 386 331 perceptus
412 290 534 323 fuerat.
558 291 656 323 Nunc
680 289 719 323 ad
754 290 884 323 alteram
907 312 920 330 ,
954 291 988 323 in
1021 290 1072 324 liis

71 332 221 366 omnibus
246 332 320 366 satis
342 333 564 373 consimilem,
589 331 798 366 transeamus.

115 385 165 417 23.
191 376 356 410 VIRUM
378 388 537 411 annorum
559 377 689 409 circiter
710 376 919 419 quadraginta
932 387 1072 418 pungens

70 419 229 460 corripuit
265 418 358 452 dolor
390 421 495 454 lateris
518 419 639 454 dexteri
661 430 734 453 cum
757 419 844 453 febre
866 444 873 458 ,
907 422 939 452 &
968 420 1072 453 calore

70 471 190 503 magno
213 486 220 493 .
265 464 353 497 Cum
397 463 520 503 domo,
545 462 599 497 ubi
631 462 814 505 sanguinem
839 462 1013 503 miserant,
1036 464 1071 496 iri

68 503 311 539 Nosocomium
356 507 465 540 illatus
508 505 575 545 est,
596 514 711 548 quarta
734 506 885 539 videlicet
917 506 1071 540 inchoata

69 546 177 581 morbi
200 548 251 581 die
275 573 286 589 ,
320 549 411 591 pulsu
444 559 510 582 erat
535 560 631 591 parvo
652 572 665 589 ,
701 548 863 593 frequenti
890 574 899 586 .
934 554 965 583 &
990 561 1071 583 non-

68 589 152 623 nihil
177 592 350 635 inaequali3
376 593 535 635 frequenti
559 603 711 635 quoque,
735 596 767 626 &
800 592 900 626 debili
935 593 1070 634 respira-

67 635 177 667 tione.
205 636 343 678 Supinus
364 635 483 678 jacebat
508 661 515 667 .
552 636 674 670 Vultus
698 646 764 669 erat
787 634 926 679 soporofi
943 659 951 666 .
977 637 1070 669 Mens

66 688 180 720 parum
201 679 383 712 constabat.
410 679 554 713 Nofftem
577 680 645 721 egit
668 680 848 723 inquietam
872 691 945 714 cum
984 678 1070 712 diffi-

65 721 123 754 cili
145 721 370 763 respiratione.
396 724 476 756 Haec
501 734 591 756 mane
623 722 688 765 jain
733 733 798 755 erat
845 722 1039 756 difficillima
1060 747 1068 754 .

67 765 120 798 Sic
142 788 155 806 ,
192 764 305 798 addito
327 765 456 800 stertore
473 791 482 806 ,
503 766 590 799 obiit
613 767 698 798 circa
723 766 817 799 finem
841 765 980 809 ejusdem
1004 765 1069 799 diei

65 817 189 852 quarta:
213 834 221 842 .
353 810 633 844 THORACEM
655 808 794 843 insecuta
838 811 931 844 nocte
977 808 1071 842 disse-

67 861 175 886 cantes
198 878 207 892 ‚
265 851 348 885 nihil
395 857 428 887 in
476 854 585 896 pleura
630 853 718 894 quod
763 862 878 895 praeter
922 863 1070 886 naturam

65 894 138 930 esset
160 919 173 935 ,
218 895 428 939 spee‘tavimus
451 921 464 937 ,
507 896 564 930 nisi
608 896 695 937 quod
741 906 868 939 propter
901 897 1007 939 Spinae
1030 894 1069 928 fi-

65 938 199 973 nistrurn
243 939 326 973 latus
363 941 467 974 tribus
491 963 500 978 ‚
546 948 722 983 quatuorve
754 939 996 983 exasperabatur
1017 948 1070 972 tu-

64 982 201 1016 berculis
240 1007 250 1023 ‚
296 995 436 1026 quorum
481 984 574 1017 color
618 982 706 1016 albus
739 1007 751 1022 ,
795 983 931 1016 durities
974 982 1071 1016 instar

66 1025 156 1060 offis.
289 1027 343 1059 Ab
365 1039 398 1061 ea
423 1036 512 1070 parte
536 1028 649 1070 pulmo
672 1025 772 1059 ferme
809 1026 899 1059 sanus
923 1050 936 1066 ,
983 1024 1073 1059 fulvo

64 1070 259 1112 caeteroquin
284 1070 418 1103 humore
452 1071 593 1105 imbutus
639 1081 825 1113 quacunque
870 1067 1040 1103 secaremus
1064 1096 1071 1103 .

193 1113 262 1154 Qi
287 1113 334 1146 vel
360 1114 487 1149 uberius
509 1126 547 1148 ex
571 1113 721 1155 pulmone
743 1113 892 1155 prodibat
916 1112 1048 1146 dextero
1063 1139 1070 1145 .

63 1156 133 1190 Hic
179 1167 257 1189 vero
302 1159 334 1190 &
379 1157 483 1200 major
508 1182 518 1196 ,
564 1162 595 1191 ὅ(
641 1158 771 1199 gravior
798 1179 807 1194 ‚
853 1160 886 1190 ὃς
931 1155 1070 1198 durior,

62 1200 181 1242 ubique
207 1199 333 1243 hepatis
357 1199 564 1235 substantiam
589 1199 739 1233 referebat
764 1222 772 1237 ‚
818 1201 960 1242 exceptis
994 1202 1069 1243 qui-

62 1243 195 1278 busdam
241 1255 306 1278 non
351 1246 475 1288 exiguis
522 1243 676 1277 traffibus
724 1245 756 1276 in
792 1244 909 1286 quibus
934 1243 1071 1277 substan-

62 1288 108 1319 tia
154 1295 222 1320 erat
268 1287 372 1321 albida
395 1312 408 1329 ,
453 1292 484 1322 &¹
531 1288 616 1331 quasi
663 1286 703 1320 ad
737 1289 979 1330 corruptionem
1003 1299 1071 1320 ver-

64 1340 157 1372 gente
184 1357 192 1365 .
325 1333 364 1365 In
388 1332 542 1367 omnibus
562 1330 669 1365 cordis
693 1330 830 1364 orificiis
855 1330 979 1373 aliquid
1012 1342 1071 1373 po-

62 1374 183 1416 lvposae
206 1376 451 1415 concretionis,
477 1375 653 1408 minimum
686 1374 723 1407 ad
757 1373 911 1407 finisti-am
944 1375 1071 1408 auricu-

63 1418 131 1452 lam
154 1442 163 1457 ,
185 1419 291 1452 multo
315 1419 385 1461 plus
409 1418 446 1452 ad
471 1418 635 1451 dexteram
657 1442 668 1458 ,
703 1418 878 1461 utrobique
900 1429 972 1451 curn
996 1428 1072 1460 gru-

61 1460 153 1494 moso
175 1463 354 1505 sanguine,
377 1464 464 1496 inter
489 1461 654 1503 utriusque
677 1460 810 1495 modum
833 1460 865 1494 id
889 1461 975 1502 quod
1012 1473 1071 1503 po-

63 1503 166 1547 lypofi
193 1507 226 1537 in
251 1506 478 1541 Pulmonarern
494 1529 505 1546 ,
530 1508 561 1538 δε
589 1505 745 1547 Magnam
778 1505 956 1546 pertinebat
989 1509 1071 1537 arte-'

60 1549 123 1581 rias
137 1572 145 1580 .
279 1551 402 1582 Cranio
424 1548 569 1588 recluso,
592 1547 660 1581 vasa
684 1548 849 1591 turgidula
871 1548 978 1581 inveni
1001 1559 1072 1591 qua:

61 1603 116 1634 per
140 1593 288 1626 Tenuem
314 1592 463 1627 feruntur
485 1594 671 1633 meningem
701 1604 710 1624 :
756 1591 813 1624 sub
858 1590 919 1625 hac
966 1600 1072 1625 autern

59 1646 197 1678 aquam:
220 1633 310 1678 cuius
335 1638 370 1669 in
403 1635 593 1669 ventriculis
628 1634 830 1668 Lateralibus
864 1635 975 1678 portio
1008 1634 1073 1668 suit

60 1681 193 1721 aliqua,
227 1677 278 1712 sed
311 1679 512 1713 subrubentis
536 1703 543 1710 .
579 1677 761 1711 Choroides
799 1679 907 1721 plexus
941 1679 1073 1711 minime

59 1722 175 1766 pallidi
197 1735 207 1759 3
228 1732 284 1754 nec
319 1720 385 1755 fine
419 1721 634 1764 hydatidibus
681 1731 785 1755 tamen
809 1748 817 1755 .
953 1723 1074 1755 Ventre

57 1765 187 1800 tandem
208 1774 336 1807 aperto,
362 1767 488 1799 Tenuia
513 1765 660 1799 intestina
690 1765 858 1808 conspe<flffi
892 1765 962 1799 sunt
995 1776 1075 1797 non-

56 1810 157 1843 nullis
179 1810 213 1842 in
237 1809 338 1848 locis,
363 1809 467 1854 iisque
494 1810 659 1852 perpaucis
683 1832 696 1849 ,
733 1809 847 1841 leviter
878 1808 1074 1842 inflammari

54 1853 263 1896 incipientia.
293 1854 403 1895 Hepar
425 1852 648 1888 duriusculum
671 1852 775 1887 visum
798 1852 861 1886 est:
885 1860 1012 1894 eratque
1036 1852 1075 1885 li-

55 1897 169 1931 vidum
196 1907 265 1931 tum
290 1897 324 1929 in
350 1896 474 1937 limb0‚
499 1906 570 1930 tum
595 1907 649 1938 per
673 1907 825 1939 magnum
849 1906 931 1929 cavae
964 1897 1075 1937 proxi-

54 1952 116 1975 mae
140 1940 236 1974 faciei
259 1941 425 1981 tractum
449 1939 499 1973 sed
525 1939 579 1973 hic
604 1938 770 1982 superficie
796 1949 908 1979 tenus,
932 1950 996 1972 non
1029 1940 1072 1972 il-

54 1984 119 2019 lic.
142 1985 292 2028 Denique
315 1984 379 2017 lien
413 1984 492 2017 adeo
515 1985 627 2022 laxus,
651 1992 687 2017 ut
709 1983 824 2027 digitis
848 1982 988 2017 admotis
999 1983 1070 2017 nul-

55 2028 90 2061 10
113 2029 248 2071 negotio
273 2026 523 2069 discerperetur.

99 2083 151 2113 24-
198 2072 238 2105 M
262 2072 298 2104 U
320 2073 347 2103 L
371 2073 387 2104 I
412 2073 442 2105 E
468 2072 499 2105 R
544 2079 637 2104 aetate
681 2071 867 2106 consistente
891 2070 1002 2106 eodem
1024 2072 1069 2106 A.

58 2118 152 2156 ,1706-
199 2114 374 2157 eodemque
420 2116 453 2147 in
498 2114 704 2148 Nosocomio
749 2116 835 2150 haud
880 2118 925 2149 ita
961 2115 1066 2149 multo

56 2168 129 2192 ante
174 2166 238 2191 tres
280 2158 355 2191 illos
399 2157 437 2191 de
494 2157 610 2201 quibus
663 2159 825 2192 noviffime
879 2159 1021 2192 diximus
1054 2181 1063 2195 ‚

54 2210 185 2236 mortua
230 2200 273 2235 est
298 2213 307 2234 .-
351 2200 442 2244 cujus
489 2201 619 2235 morbus
664 2201 701 2234 ad
747 2200 832 2235 hunc
868 2200 1000 2235 modurn
1036 2201 1065 2234 se

57 2244 171 2279 habuit
208 2269 216 2276 .
263 2245 352 2278 Cum
397 2253 524 2278 uterum
570 2242 668 2276 ferret
714 2245 852 2278 mensem
895 2244 960 2288 jam
1006 2253 1071 2278 ter-

55 2290 140 2323 tium
165 2300 178 2326 3
220 2288 371 2321 abortum
415 2286 533 2320 fecerat
557 2311 564 2319 .
613 2286 686 2321 Post
730 2286 815 2322 hunc
863 2287 918 2320 etfi
941 2300 980 2321 ex
1001 2297 1072 2321 ute-

55 2343 95 2366 ro
118 2341 245 2365 tantum
270 2329 432 2373 sanguinis
465 2329 641 2364 defluxerat
665 2354 678 2371 ,
710 2341 867 2373 quantum
901 2331 977 2365 satis
1011 2330 1072 2372 ipsi

57 2373 114 2409 esse
137 2374 322 2414 videretur,
346 2372 401 2407 etsi
426 2373 551 2415 insuper
574 2384 650 2406 vena
684 2373 765 2407 festa
797 2374 900 2408 fuerat
924 2389 932 2411 ;
967 2384 1072 2407 tamen

56 2419 200 2458 ofiavo,
224 2428 263 2450 an
285 2417 414 2451 decimo
448 2417 516 2460 post
552 2417 699 2449 abortum
736 2417 787 2450 die
812 2441 826 2458 ,
856 2418 946 2452 causa
980 2418 1069 2450 nulla

55 2463 176 2506 praevia
197 2487 204 2500 ,
264 2472 335 2493 uam
359 2461 451 2494 sciret
466 2484 474 2499 ‚
498 2462 620 2493 interna
645 2460 788 2494 thoracis
811 2462 1068 2495 inflammatione

54 2513 204 2548 correpta
228 2473 292 2537 eii.-
316 2502 359 2536 ob
383 2515 480 2546 quam
501 2502 592 2537 domi
618 2504 784 2546 primum,
806 2504 919 2539 deinde
943 2506 976 2537 in
991 2505 1067 2537 No-

54 2548 204 2582 socomio
226 2548 341 2581 cubuit
365 2549 403 2581 ad
430 2546 516 2580 diem
539 2547 637 2590 usque
661 2548 837 2589 ultimum,
859 2550 914 2592 qui
949 2546 1073 2591 trigefi-

55 2603 127 2626 mus
151 2591 281 2625 circiter
304 2589 368 2625 fuit
394 2591 464 2634 post
486 2591 659 2624 abortum.
686 2592 737 2625 Ibi
761 2591 866 2634 jacens
890 2593 1012 2635 semper
1036 2594 1071 2624 in

54 2635 138 2669 latus
161 2634 352 2674 dexterum,·
373 2646 446 2668 narn
468 2634 502 2667 in
525 2633 682 2675 finisti-um
694 2659 707 2676 ‚
729 2634 901 2670 dorsumve
922 2646 988 2669 non
1010 2646 1072 2679 po-

54 2688 136 2712 terat
156 2690 169 2719 ;
203 2686 317 2721 praeter
338 2678 485 2718 febrem,
507 2677 710 2721 spirandique
734 2678 961 2714 difficultatem
982 2702 993 2718 ‚
1031 2679 1070 2713 de

54 2722 198 2756 thoracis
222 2721 334 2755 dolore
356 2723 545 2765 querebatur
564 2746 577 2763 ‚
620 2723 774 2755 interiore
807 2722 868 2757 illo
898 2722 1032 2767 quidem
1057 2746 1067 2761 ,

54 2777 121 2798 non
166 2766 230 2812 qui
268 2766 427 2808 tangendo
471 2765 706 2809 exasperaretur
734 2777 748 2806 ;
793 2766 844 2801 sed
887 2765 979 2809 cujus
1024 2766 1067 2800 se-

54 2808 127 2842 dem
168 2809 328 2850 designare
373 2809 449 2843 satis
494 2819 558 2842 non
603 2818 730 2851 poterat
754 2834 762 2841 .
799 2810 962 2845 Tuffiebat
983 2822 997 2851 ;
1020 2810 1072 2844 sed

56 2861 112 2887 aut
156 2852 244 2886 nihil
276 2852 446 2896 exspuebat
470 2877 485 2894 ,
515 2862 570 2886 aut
602 2851 625 2885 fi
658 2853 828 2895 quidpiam
850 2878 863 2894 ,
895 2854 979 2887 nihil
1003 2865 1072 2887 cer-

54 2905 88 2929 te
111 2895 198 2939 quod
222 2897 371 2930 attineret
395 2896 434 2931 ad
458 2896 622 2930 morbum.
658 2895 803 2930 Surditas
826 2897 989 2932 accesserat
1004 2920 1013 2934 ‚
1038 2900 1072 2931 &

55 2940 90 2973 in
113 2939 243 2973 auribus
266 2938 361 2974 dolor
386 2953 393 2974 :
427 2940 636 2984 quamobrem
658 2951 787 2983 quoque
807 2963 820 2979 ,
852 2950 888 2975 ut
923 2943 1041 2986 o'pingr
1062 2966 1072 2981 ,

56 2983 243 3025 sanguinem
287 2994 360 3018 cum
403 2995 419 3017 e
464 2983 599 3018 brachio
653 2993 744 3017 antea
798 2983 948 3019 misissent
992 3007 1001 3022 ‚
1032 2986 1072 3019 *e

56 3025 135 3070 pede
180 3038 309 3069 quoque
355 3028 507 3062 miserunt
531 3051 540 3059 .
573 3029 698 3061 Verum
741 3027 897 3062 incassum
931 3030 1042 3062 omnia
1062 3054 1070 3060 .

190 3072 225 3104 T
247 3071 283 3103 H
307 3072 342 3103 O
366 3072 397 3106 R
419 3072 449 3105 A
471 3073 503 3105 C
526 3072 556 3104 E
580 3071 642 3110 M,
667 3072 802 3114 Caput,
825 3073 985 3106 Ventrem
1007 3083 1074 3106 non

56 3113 116 3147 nifi
140 3112 209 3157 post
233 3113 380 3148 triduum
400 3141 410 3155 ‚
445 3114 545 3148 secare
568 3115 734 3157 potuimus
758 3139 765 3146 .
903 3119 942 3150 In
967 3118 1074 3159 primo

56 3168 188 3200 paucam
224 3158 399 3201 utrinque,
421 3160 603 3199 pauciorem
625 3167 731 3192 tamen
755 3170 773 3192 a
794 3159 937 3200 dextris,
961 3171 1073 3204 aquam

57 3200 324 3244 deprehendimus
369 3200 532 3236 turbidam
557 3228 566 3243 ,
614 3211 708 3245 atque
754 3201 929 3237 subluteani
952 3229 959 3235 .
997 3205 1074 3238 Pul-

57 3254 166 3279 mones
192 3271 201 3287 ,
236 3244 336 3279 ferme
381 3244 498 3288 ubique
541 3244 580 3279 ad
624 3246 767 3289 pleuram
805 3258 967 3289 annexos,
990 3258 1064 3282 cum

58 3287 233 3322 abstrahere
262 3297 468 3334 ¹conarentur
500 3311 513 3328 ,
555 3288 705 3331 pellicula
751 3290 936 3334 sequebatur
978 3302 1068 3335 quae-

58 3332 131 3366 dam
176 3330 315 3371 albida,
361 3335 394 3366 &
426 3331 521 3365 facile
541 3331 765 3376 disrumpenda
787 3358 801 3376 ,
842 3347 913 3378 quae
937 3336 1066 3378 pulmo-

57 3387 136 3409 num
188 3384 272 3409 certe
329 3386 393 3409 non
447 3384 514 3408 erat
559 3377 741 3410 membrana
774 3401 788 3420 ,
830 3380 951 3422 quippe

56 3421 192 3453 omnino
237 3420 363 3462 integra
407 3419 531 3453 suberat
553 3441 566 3458 ‚
608 3423 641 3454 &
683 3421 781 3456 illaesa
817 3436 827 3457 :
870 3433 947 3457 num
990 3434 1067 3457 vero

56 3475 95 3496 ex
137 3463 244 3506 pleura
290 3461 364 3497 esset
386 3486 400 3504 s
442 3471 478 3497 ut
523 3464 689 3501 videbatur
711 3488 745 3505 ,4
768 3477 868 3509 neque
904 3477 981 3502 tunc
1022 3467 1068 3500 sa-

58 3507 103 3540 tis
125 3507 300 3545 constitui,
326 3518 425 3550 neque
447 3502 611 3550 nuncxpro
635 3518 726 3542 certo
746 3510 963 3553 crediderim,
993 3522 1069 3546 cum

58 3550 394 3585 membraniforrnium
419 3550 573 3593 illarum,
594 3551 634 3585 de
655 3553 772 3594 quibus
784 3553 863 3596 saepe
875 3554 967 3598 dixi,
991 3566 1071 3590 con-

145 3595 312 3639 Morgagni
323 3596 357 3628 de
372 3594 440 3629 Sed.
454 3595 496 3628 (φ
508 3597 530 3626 C
530 3595 596 3638 aus.
608 3593 712 3629 Morb.
730 3597 872 3634 Tom.1.

995 3390 1066 3423 quae
1079 3416 1081 3418 ¹

1967 185 2055 222 211

1123 246 1303 280 cre-tionum
1326 247 1413 280 venit
1435 248 1468 280 in
1492 257 1650 281 mentem:
1675 260 1753 290 quas
1786 260 1885 292 neque
1915 248 1952 282 ad
1987 248 2127 290 pleuram

1124 300 1221 332 neque
1244 287 1282 322 ad
1306 290 1468 329 pulmones
1491 292 1650 331 attinere,
1674 302 1737 323 non
1764 292 1874 332 sasspius
1898 291 2018 326 niodo»
2051 299 2125 322 cum

1124 341 1258 365 recentes
1282 331 1383 366 adhuc
1404 332 1520 371 essent,
1544 337 1575 367 ἃ
1602 334 1738 374 molles,
1761 334 1810 368 sed
1844 336 1891 368 vel
1926 334 2127 375 posteaquam

1122 376 1219 418 longa
1244 386 1332 407 mora
1349 400 1358 414 ,
1382 378 1412 409 &
1438 387 1581 420 tempore
1606 377 1726 410 siccatae
1751 388 1858 415 erant,
1882 377 1964 411 milii
1998 374 2125 408 evidens

1125 418 1187 452 fuit
1232 420 1264 451 in
1310 420 1474 453 nonnullis
1519 432 1628 454 eorum
1650 422 1707 464 qui
1731 421 1769 453 ab
1794 420 1979 464 hujusmodi
2002 416 2124 451 morbis

1121 463 1203 495 olim
1225 461 1408 502 evaserant,
1432 462 1656 504 cadaveribus,
1679 464 1765 497 velut
1790 466 1822 497 in
1846 477 1884 498 eo
1907 463 2017 508 quod,
2050 472 2124 494 cum

1123 505 1190 539 haec
1215 504 1402 540 scriberem,
1427 505 1633 541 diffecabam.
1674 508 1863 541 Pulmonem
1897 510 1982 540 enim
2015 505 2125 537 dexte-

1121 561 1209 587 rum,
1234 549 1298 581 toti
1331 560 1408 589 pene
1443 549 1567 590 lateri,
1599 550 1757 594 dorsoque
1792 552 1941 593 proximo
1975 548 2093 582 metius
2113 569 2127 586 s

1121 593 1272 634 nulloque
1296 592 1409 625 i·elit?to
1432 593 1604 627 intervallo
1626 593 1862 634 cohaerenoem,
1886 594 2019 626 avellens
2052 600 2126 624 cum

1121 644 1305 678 perpetuam
1321 658 1334 675 ,
1356 637 1530 679 aequalem,
1554 637 1688 677 siccam,
1712 636 1838 671 densam
1863 647 1937 670 toto
1959 649 1997 668 co
2022 632 2127 683 spatio

1119 680 1229 712 restare
1252 678 1467 712 membranam
1481 679 1619 713 viderem
1634 705 1644 720 ,
1667 693 1737 723 quae
1751 680 1789 715 ad
1803 681 1987 723 pulmonem
1999 702 2010 719 ‚
2032 687 2129 720 quip-

1120 733 1158 763 pe
1181 721 1232 756 sua
1255 723 1379 764 integra
1402 723 1583 756 membrana
1607 723 1774 766 vestitum,
1799 736 1861 757 non
1886 723 2064 758 attinebat,
2089 717 2129 752 ad

1120 767 1261 808 pleuram
1284 778 1408 808 quoque
1441 767 1572 800 minime
1606 767 1771 809 spectare,
1803 766 2015 801 animadverti
2055 773 2130 805 pro-

1121 819 1224 850 pterca
1248 809 1333 850 quod
1358 810 1438 842 hanc
1462 811 1597 843 omnino
1620 811 1751 844 illaesam
1774 811 1802 843 ci
1826 811 1941 845 subesse
1975 806 2130 842 membra-

1122 864 1192 892 nae,
1216 852 1304 892 vidi,
1329 864 1425 895 quarn
1449 865 1514 887 uno
1560 855 1663 888 traetu
1708 866 1771 888 non
1794 853 1925 888 difficile
1948 854 2129 896 sequentem

1123 895 1320 929 adimebam.
1457 897 1516 931 Sed
1541 897 1578 931 ad
1603 898 1768 932 mulierem
1792 907 1827 931 ut
1851 907 2010 935 revertar;
2041 901 2131 928 erant

1121 938 1188 980 ejus
1212 939 1377 981 pulmones
1401 940 1622 980 inflammati,
1647 940 1822 984 praesertirn
1846 941 1883 975 ad
1920 940 2093 984 posteriora
2118 948 2130 974 3

1122 981 1324 1016 substantiam
1349 984 1434 1016 enim
1457 983 1664 1017 ostendebant
1689 985 1789 1026 magis
1825 984 1952 1020 densam
1979 1009 1989 1024 ,
2037 990 2130 1025 atque

1123 1025 1363 1065 duriusculam,
1387 1029 1419 1059 ὃς
1442 1027 1558 1061 alicubi
1584 1029 1681 1061 etiam
1713 1030 1925 1070 nigricantem
1948 1055 1955 1064 .
2091 1026 2131 1059 ῙΠ

1124 1069 1304 1109 pericardi'o
1328 1069 1487 1103 subrubrae
1512 1082 1621 1113 aquae,
1646 1074 1678 1103 ἃ»
1702 1071 1838 1105 turbidae
1862 1074 1957 1116 copia
1989 1072 2096 1114 aliqua
2121 1093 2131 1102 .

1123 1115 1162 1145 In
1187 1121 1322 1156 utroque
1355 1112 1462 1146 cordis
1497 1114 1680 1146 ventriculo
1712 1115 1875 1157 polyposae
1909 1116 2132 1149 concretiones

1121 1155 1207 1199 quasi
1232 1168 1270 1189 ex
1293 1166 1387 1190 muco
1411 1156 1571 1198 quodam,
1596 1158 1705 1190 colore
1727 1159 1810 1190 inter
1834 1159 1942 1193 album
1962 1182 1974 1199 ‚
2009 1161 2041 1190 &
2071 1157 2133 1203 fla-

1121 1211 1198 1233 vum
1219 1198 1346 1233 medio.
1484 1201 1596 1232 Cranii
1620 1199 1744 1234 exsecto
1768 1200 1891 1234 fornice
1912 1227 1921 1241 ,
1956 1203 2016 1235 alia
2049 1199 2132 1243 ejus-

1121 1243 1307 1283 demmodi,
1333 1242 1486 1285 exilisque
1510 1245 1675 1277 concretio
1698 1243 1731 1276 in
1755 1245 1927 1287 Superiore
1953 1245 2057 1278 Falcis
2082 1245 2132 1276 Si-

1122 1298 1187 1326 nti,
1211 1299 1290 1329 aqua
1314 1294 1420 1319 autem
1444 1287 1571 1320 modica
1595 1287 1652 1320 sub
1675 1288 1821 1331 meninge
1847 1290 1957 1323 Tenui
1998 1287 2135 1329 conspe-

1122 1331 1172 1364 ὅτε
1197 1329 1267 1369 “st-3
1291 1331 1325 1362 in
1350 1331 1537 1364 ventriculis
1560 1330 1660 1364 ferme
1684 1331 1789 1364 nulla.
1819 1334 1932 1376 Neque
1955 1343 2021 1365 erat
2046 1342 2134 1365 cere-

1122 1374 1215 1407 brum
1239 1374 1374 1407 omnino
1398 1374 1525 1407 laxum:
1549 1372 1735 1408 Choroides
1772 1384 1878 1409 autem
1914 1376 2026 1419 plexus
2054 1374 2135 1409 bene

1123 1417 1151 1450 se
1175 1417 1350 1451 habebant·
1377 1417 1541 1451 Glandula
1565 1426 1671 1451 tamen
1696 1418 1834 1452 Pinealis
1844 1432 1877 1453 ea
1892 1418 2137 1463 magnitudine,

1122 1470 1157 1494 ut
1183 1460 1376 1494 mediocrem
1401 1472 1468 1494 uvae
1493 1462 1619 1495 acinum
1645 1461 1880 1504 propemodum
1896 1472 2056 1506 aequaret,
2079 1463 2137 1496 vix

1124 1505 1239 1537 leviter
1263 1504 1373 1539 cultro
1397 1505 1480 1538 taeta
1506 1504 1548 1538 est
1569 1530 1578 1544 ‚
1613 1516 1688 1539 curn
1719 1517 1834 1548 aquam
1867 1507 2031 1541 turbidam
2055 1530 2067 1547 ‚
2102 1508 2137 1539 δε

1123 1559 1257 1590 paucam
1282 1548 1448 1581 materiam
1471 1547 1669 1588 subflavam,
1702 1560 1737 1581 ac
1782 1550 1946 1584 mucosam
1991 1548 2097 1583 emisit
2122 1572 2141 1589 ,

1122 1590 1293 1635 emissaque
1317 1590 1477 1624 detumuit
1489 1615 1496 1622 .
1512 1593 1608 1625 Tunc
1622 1591 1748 1625 auribus
1762 1593 1970 1636 introspeffis
1982 1618 1993 1634 ,
2017 1592 2140 1627 utrius-

1124 1647 1185 1676 que
1208 1635 1376 1677 Tympani
1400 1634 1586 1667 Membrana
1623 1636 1787 1678 nigricans
1807 1659 1816 1673 ‚
1852 1640 1884 1671 &
1919 1637 2138 1674 flaccidiffima

1124 1678 1187 1710 visa
1212 1678 1277 1718 est,
1303 1688 1372 1711 tum
1398 1678 1525 1720 utrique
1550 1680 1697 1720 proxime
1729 1678 1860 1722 adieetae
1904 1681 2029 1715 cellulae
2064 1681 2140 1714 Ma-

1125 1720 1261 1754 stoi‘daeae
1285 1722 1382 1755 nimis
1408 1721 1572 1755 humidae:
1596 1724 1673 1764 quin
1698 1722 1799 1756 altero
1822 1726 1855 1756 in
1881 1726 2059 1768 Tympano
2071 1736 2139 1757 ma-

1126 1767 1206 1797 teria
1229 1764 1316 1809 quali
1340 1765 1524 1806 purulenta:
1553 1767 1690 1800 exterius
1715 1774 1822 1801 autem
1846 1768 1880 1800 in
1903 1771 2057 1812 proximo
2081 1780 2140 1801 oc-

1127 1809 1269 1850 cipitio.
1294 1807 1333 1842 ad
1355 1807 1509 1841 sinistram
1533 1809 1709 1850 praesertim
1733 1819 1881 1853 partem,
1903 1812 2062 1857 quidquid
2075 1812 2139 1846 cel-

1127 1851 1268 1886 lurarum
1292 1853 1325 1884 in
1349 1853 1575 1885 communibus
1601 1855 1794 1896 tegumentis
1817 1854 1884 1895 est,
1905 1856 1992 1898 quasi
2024 1869 2141 1892 muco·

1126 1894 1157 1929 sa
1182 1907 1261 1938 aqua
1284 1894 1477 1928 distentum.
1504 1897 1669 1940 Utrinque
1703 1907 1811 1931 tamen
1846 1901 1970 1934 Parotis
2000 1899 2143 1944 glandu-

1124 1939 1177 1978 la,
1201 1942 1234 1972 ἕ(
1258 1939 1385 1972 Meatus
1417 1939 1611 1973 Auditorius
1646 1941 1715 1974 sana
1748 1940 1878 1977 fuerunt
1903 1971 1911 1976 .
2049 1947 2143 1979 Verso

1123 1990 1206 2014 trem
1230 1981 1368 2026 denique
1391 1983 1439 2016 vel
1465 1982 1507 2018 ob
1532 1982 1563 2017 id
1589 1984 1748 2021 recludere
1770 1986 1873 2022 visum
1895 1990 1962 2031 est,
1986 1988 2073 2032 quod
2097 1988 2144 2022 aia

1122 2026 1294 2069 epigastrio
1316 2026 1465 2061 deorsum
1491 2036 1647 2069 tumeret,
1673 2028 1759 2073 sique
1782 2041 1853 2065 eum
1887 2043 2041 2075 premeres
2084 2041 2142 2069 tir-2

1122 2081 1246 2104 morem
1260 2093 1273 2110 ,
1297 2070 1391 2121 flatus
1414 2072 1573 2107 continuo
1595 2085 1650 2116 per
1673 2086 1709 2110 os
1735 2074 1918 2118 prodirent.
1944 2079 2054 2122 Igitur
2092 2078 2146 2121 je-

1121 2124 1177 2147 cor
1201 2138 1209 2152 ,
1255 2125 1405 2165 omnium.
1449 2129 1520 2160 quae
1567 2118 1606 2152 ad
1639 2118 1673 2153 id
1696 2128 1820 2164 tempus
1844 2120 2011 2165 videram,
2033 2123 2142 2158 maxia

1118 2168 1232 2198 mum,
1256 2159 1474 2209 ventriculum
1499 2162 1531 2195 in
1557 2163 1723 2205 regionem
1746 2165 1968 2202 umbilicalem
2000 2179 2140 2211 compu-

1119 2201 1216 2233 ierat.
1242 2201 1311 2235 Hic
1335 2212 1400 2236 erat
1424 2215 1493 2238 aere
1515 2207 1679 2242 tumidus.
1705 2208 1792 2243 Illud
1817 2220 1892 2244 vero
1914 2211 2030 2246 durum
2064 2212 2141 2246 ubi·

1121 2255 1184 2293 que
1202 2256 1215 2284 ,·
1237 2245 1343 2294 cplore
1366 2255 1469 2281 tamen
1484 2272 1496 2289 ‚
1518 2252 1671 2292 quamvis
1690 2252 1729 2286 ad
1752 2252 1859 2287 album
1882 2265 2048 2299 vergeret,
2070 2266 2139 2290 nan

1122 2295 1168 2334 ita
1193 2287 1330 2339 denique
1354 2289 1392 2323 ab
1414 2302 1452 2324 eo
1474 2303 1541 2335 quo
1563 2292 1620 2328 esse
1643 2294 1747 2337 solet,
1771 2297 1893 2330 alieno.
1921 2301 1959 2332 In
1983 2299 2050 2343 ejus
2084 2311 2138 2332 ve-

1122 2331 1219 2364 sicula
1235 2352 1245 2368 ‚
1271 2331 1346 2365 bilis
1371 2332 1457 2376 quasi
1481 2337 1678 2379 nigrescebat
1702 2363 1710 2371 .
1744 2340 1830 2373 Lien
1851 2352 1983 2385 magnus
2006 2357 2019 2383 ς
2049 2341 2135 2377 nihil

1123 2383 1232 2407 tamen
1254 2374 1292 2408 ad
1315 2374 1433 2424 hepar.
1569 2382 1666 2416 Uteri
1713 2384 1826 2416 arietes
1848 2385 1906 2419 viii
1932 2386 2003 2421 sunt
2035 2388 2136 2431 paulo

1122 2417 1308 2466 craffiores,
1331 2423 1503 2470 exsangues
1525 2432 1653 2465 tamen,
1693 2437 1741 2459 ive
1764 2427 1850 2468 ipsos
1874 2431 2064 2466 transversos
2085 2434 2138 2466 in·

1121 2460 1285 2511 ciderem,
1307 2462 1376 2513 five.
1389 2465 1506 2508 digitis
1530 2466 1638 2502 subtus
1664 2470 1806 2513 appreffis
1831 2472 2011 2516 sanguinem
2034 2477 2134 2510 exin·-

1122 2513 1202 2536 tima
1224 2517 1295 2556 quae
1320 2506 1417 2539 livida
1442 2518 1526 2549 erat,
1552 2509 1646 2546 fundi
1679 2512 1839 2556 superficie
1871 2519 2046 2560 exprimere
2078 2531 2137 2553 co·-

1123 2558 1231 2580 narer.
1267 2548 1427 2584 subarum
1452 2552 1546 2586 altera
1571 2555 1604 2587 in
1629 2555 1765 2590 fimbriis
1791 2561 1939 2601 appensas
1962 2563 2133 2606 hydatides

1122 2590 1165 2641 sic
1186 2591 1348 2644 babebat,
1373 2603 1408 2628 ut
1433 2596 1534 2638 posset
1559 2598 1659 2641 majus
1685 2601 1772 2635 illius
1795 2603 1957 2640 orificium
1990 2608 2136 2643 clausum

1123 2634 1224 2669 videri
1241 2660 1249 2667 .
1277 2637 1399 2671 Verum
1423 2648 1558 2683 utraque
1582 2641 1638 2677 suo
1660 2644 1720 2678 illo
1753 2645 1826 2679 albo
1861 2650 2033 2690 puriformi
2067 2652 2132 2688 hu*-

1120 2689 1213 2712 more
1235 2679 1343 2714 multo
1367 2681 1446 2732 adeo
1470 2683 1611 2719 scatebat
1633 2711 1646 2728 ,
1678 2697 1714 2722 ut
1746 2689 1768 2722 fi
1802 2691 1971 2728 Tubarum
2003 2696 2133 2730 craffio-

1120 2733 1188 2756 rem
1210 2732 1334 2766 partem
1357 2725 1518 2761 orificium
1540 2730 1645 2765 versus
1667 2735 1912 2775 comprimere55
1935 2739 2080 2773 existeret
2090 2741 2135 2774 il-

1121 2766 1174 2816 le)
1197 2769 1229 2800 δε
1252 2768 1320 2815 hoc
1339 2771 1545 2806 monstraret.
1570 2776 1607 2807 In
1633 2775 1736 2809 Tubae
1761 2788 1868 2812 autem
1903 2781 2032 2817 alterius
2065 2795 2132 2817 me-

1121 2810 1179 2844 dio
1200 2814 1424 2854 corpusculum
1449 2816 1535 2850 intus
1557 2826 1646 2858 erat,
1668 2821 1821 2862 nigrum,
1844 2823 1950 2858 forma
1975 2837 2043 2860 uvae
2067 2829 2132 2862 aci-

1122 2865 1218 2891 num,
1242 2866 1298 2888 nec
1321 2855 1383 2890 fine
1407 2859 1547 2901 quodam
1572 2861 1658 2903 quafi
1705 2865 1809 2898 etiolo
1827 2889 1840 2905 ,
1873 2869 2096 2911 repraesentans

1122 2898 1210 2941 quod
1234 2898 1395 2942 sanguinis
1418 2904 1588 2944 grumulus
1607 2874 1796 2948 videfiatur,
1819 2911 1852 2942 ὅ(
1876 2909 2004 2947 fortasse
2026 2924 2092 2948 erat
2116 2897 2130 2948 .⁹

1124 2941 1234 2976 Testes
1258 2941 1421 2992 superficie
1444 2947 1620 2989 inaequali,
1643 2951 1676 2982 <Sc
1700 2960 1761 2983 una
1785 2961 1878 2995 atque
1901 2956 2000 2990 altera
2036 2960 2128 3002 nigra

1124 2985 1416 3037 maculaUdistii-icfta
1441 3015 1448 3022 .
1480 2991 1544 3025 His
1565 2993 1699 3027 maculis
1725 2997 1894 3035 peculiaris
1917 2999 2042 3035 suberat
2054 3013 2128 3045 par-

1122 3040 1161 3062 va
1183 3028 1299 3079 cysps,
1324 3041 1417 3080 nigro
1439 3032 1577 3075 globulo
1600 3045 1756 3080 occupata
1777 3064 1784 3071 .
1823 3041 1860 3073 In
1895 3045 1988 3078 unius
2021 3055 2128 3081 autem

1121 3072 1250 3123 globuli
1273 3073 1380 3106 medio
1405 3085 1480 3126 crae
1495 3080 1602 3112 minor
1625 3080 1686 3113 alia
1708 3082 1795 3125 quasi
1825 3095 1916 3119 cavea
1947 3089 2058 3122 col-ore
2088 3102 2128 3124 ex

1124 3127 1218 3159 nigro
1233 3141 1246 3157 ,
1269 3117 1415 3167 flavoque
1437 3120 1549 3154 misto.
1575 3125 1739 3158 Caeterum
1764 3129 1847 3161 uteri
1870 3152 1883 3169 ,
1917 3142 2128 3166 annexarum-

1124 3173 1187 3204 que
1210 3170 1350 3211 partium
1373 3162 1458 3196 odor
1478 3168 1584 3207 gravis
1607 3167 1693 3209 quasi
1717 3169 1877 3212 sphaceh':
1902 3174 1935 3206 in
1961 3176 2044 3217 pelvi
2069 3187 2126 3211 au-

1125 3214 1193 3238 tem
1217 3214 1340 3238 ventris
1362 3216 1461 3257 pauca
1484 3220 1564 3252 aqua
1587 3209 1739 3246 subrubra
1755 3239 1763 3252 ‚
1788 3217 1821 3248 δε
1844 3216 1992 3251 turbida.

1162 3257 1213 3289 25.
1261 3250 1342 3299 Haec
1384 3251 1501 3285 ultima
1521 3275 1534 3293 ,
1566 3254 1609 3288 ob
1632 3255 1833 3298 praegressum
1864 3259 2012 3295 abortum
2036 3274 2126 3305 quae-

1117 3291 1217 3325 tendo
1239 3316 1252 3332 ,
1288 3293 1568 3330 animadvertimus
1591 3321 1599 3330 .
1633 3300 1717 3341 Qae
1749 3302 1783 3333 in
1820 3304 1942 3337 Pineali
1975 3305 2126 3347 glandula

1117 3335 1269 3369 adnotata
1292 3337 1383 3376 sunt,
1402 3337 1502 3388 falsos
1525 3338 1582 3374 esse
1604 3344 1759 3385 quosdam
1770 3343 1909 3386 ejusdem
1932 3348 2021 3388 usus,
2047 3361 2130 3385 con.

1117 3379 1266 3412 firmant.
1292 3381 1375 3430 Quaej
1398 3393 1432 3431 in
1456 3385 1606 3422 auribus,
1629 3397 1662 3418 ea
1686 3397 1760 3421 vero
1782 3387 1820 3423 ad
1866 3389 1922 3423 illa
1967 3392 2128 3429 referenda

1120 3421 1193 3474 sunt
1226 3435 1295 3473 quae
1329 3423 1406 3475 alibi
1438 3427 1528 3467 (d)
1560 3429 1729 3470 attigimus
1771 3430 1810 3465 de
1838 3433 1930 3468 causa
1960 3435 2128 3474 surditatis

1121 3478 1156 3518 in
1177 3466 1298 3500 morbis
1315 3477 1441 3517 acutis.
1574 3471 1631 3506 Ad
1653 3474 1856 3518 propositum
1882 3479 2020 3513 attinent
2052 3493 2127 3524 quae

1121 3521 1156 3560 in
1178 3510 1383 3554 pulmonibus
1405 3512 1478 3549 sunt
1500 3514 1733 3551 animadversa.
1768 3519 1864 3555 Unde
1895 3530 2002 3556 tamen
2033 3523 2130 3560 decu-

1121 3554 1207 3589 bitus
1230 3555 1458 3596 impotentiam
1482 3560 1516 3592 in
1549 3559 1724 3639 finistrumd
1742 3563 1827 3597 latus
1860 3575 1927 3598 non
1970 3577 2091 3609 repetes
2115 3580 2129 3609 ;

1645 3606 1679 3638 D
1769 3617 1786 3639 2
2036 3610 2088 3645 sed

67 3693 2127 3722 Ἣ

123 3776 139 3806 ζ
151 3777 168 3801 d
182 3779 195 3807 )
211 3778 283 3809 Epist.
300 3783 323 3805 6.
340 3788 365 3805 n.
384 3782 407 3810 ς,
