2498 4075
489 189 642 255 Epist.
679 190 840 243 Anat.
874 190 1089 244 Medica
1125 189 1343 242 XXXI.
1380 189 1499 243 Art.
1517 194 1673 245 zm&
1694 208 1768 245 21.

110 269 263 309 terreret,
284 269 456 305 aceeffiffe·:
482 271 549 304 Sibi
562 280 665 305 tamen
689 271 828 314 aliquam
847 280 1011 315 propterea
1035 270 1122 313 spem

112 309 259 352 superesse
271 335 279 348 ‚
302 313 389 355 quod
401 314 590 348 meminisset
603 315 682 357 aegri
706 324 850 359 patrem,
873 315 926 349 cui
949 314 1016 357 jam
1028 325 1121 356 gran-

113 353 231 394 daevo,
253 354 387 396 fimilis,
412 358 462 391 sed
485 358 633 396 brevior,
660 359 839 392 membrana
862 370 877 392 e
901 358 1015 400 podice
1037 355 1122 390 exci-

113 396 202 430 derat
213 420 225 437 ,
250 398 277 432 se
291 399 434 434 medente
446 425 457 441 ,
481 400 601 435 evasisse
612 425 624 441 ,
649 412 721 435 cum
746 401 808 435 hoc
832 403 963 444 quidem
974 408 1010 435 ut'
1022 413 1120 439 recre-

114 450 220 490 menta
231 445 396 476 continere
412 444 513 486 postea
526 456 588 477 non
602 446 746 487 potuerit
760 445 866 480 :hunc
878 455 982 489 autem
992 445 1119 484 filium5

113 484 170 516 etsi
192 494 226 516 in
248 495 376 527 parente
388 498 484 530 neque
500 488 638 530 maligna
664 488 762 522 febris
783 488 996 532 praecesserat,
1018 499 1120 532 neque

111 527 269 569 singultus
284 529 469 568 accesserat;
492 543 609 565 annum
620 542 725 566 tamen
736 534 791 566 vix
805 541 907 574 ageret
927 531 1123 575 quadragesi-

113 582 203 621 mum
217 573 387 614 quintiium
399 598 407 606 .
432 575 503 607 Nec
516 574 582 616 spes
594 574 712 609 fefellit
727 576 929 619 probabilem
942 573 1042 615 illum*
1052 575 1124 607 Me-

115 614 228 648 dicum
238 638 251 655 ,
273 625 488 658 cognomento
499 619 624 652 Mariua
637 643 648 658 ,
667 631 806 662 quocum
818 620 934 652 iterum
948 619 1072 653 statutis
1085 619 1124 652 iis

111 665 183 699 'quae
196 681 215 698 ,.
232 666 267 692 ut
279 670 325 693 res
352 670 427 694 tunc
441 660 469 692 se
493 661 652 696 habebant
667 686 678 703 ,
704 664 741 696 ad
755 666 861 706 priora
884 662 958 695 addi
974 661 1097 705 possent
1110 686 1147 702 ,μ’

112 701 237 736 factum
259 702 300 736 est
310 712 344 736 ut
368 713 443 745 pure
455 703 603 745 dejecto,
626 718 681 739 nec
693 719 814 749 pauco.
840 713 960 748 aegrum
972 714 1059 739 extra
1081 705 1123 738 le-

114 747 202 780 &urn
218 744 354 779 viderim
364 746 465 789 pridie
489 748 603 782 Nonas
618 750 738 792 Iulias,
763 749 938 791 jamvires,
961 752 1124 792 &corpo-

114 791 159 824 ris
180 788 330 823 vhabitum
353 816 362 831 ,
395 789 792 834 coloremque“manifesto
816 802 1011 836 reparantem
1033 816 1044 833 ,
1068 803 1124 824 nec

113 832 345 870 faeces-modO,
371 832 419 866 sed
444 837 475 867 &
494 847 528 868 ea
552 848 622 877 quae
642 836 870 880 injiciebantur
900 837 1086 871 retinentem
1111 860 1118 868 .

117 877 224 911 Dolor
246 877 377 918 quidem
396 877 512 921 aliquis
537 888 607 912 tum
629 882 726 913 etiam
738 889 825 919 erat,
849 879 900 913 sed
924 882 950 913 is
974 879 1063 921 plane
1076 879 1121 911 le-

111 920 373 960 vior‚rnequein
398 931 432 953 ea
456 921 521 963 ipsa
547 922 613 957 sede
628 925 786 966 amplius,
810 925 844 956 in
867 935 929 967 qua
941 933 1029 956 antea
1053 921 1122 955 fue-

111 970 162 996 'rat
185 962 432 997 molestiffimus.
460 964 575 1007 Itaque
600 966 653 1000 hic
678 970 798 1007 etiam,
822 975 858 1000 ut
882 978 963 1010 aeger
977 966 1095 1008 Tulpii
1111 990 1121 1004 ‚

109 1015 208 1049 atque
234 1006 288 1039 alii
311 1018 416 1049 quos,
438 1008 607 1042 brevitatis
617 1013 720 1051 gratia
737 1038 745 1051 ,
772 1011 869 1044 sciens
880 1019 1052 1052 praetereo,
1078 1008 1124 1042 sa-

108 1059 202 1083 natus
225 1049 291 1090 est,
317 1060 414 1093 atque
439 1051 517 1085 adeo
541 1052 632 1087 sanus
647 1054 750 1089 adhuc
775 1054 900 1087 vivebat
915 1077 924 1092 ,
947 1064 1021 1086 cum
1040 1051 1121 1085 hanc

108 1091 278 1127 historiam
304 1104 342 1126 ex
366 1093 486 1136 scripto
507 1095 663 1130 distarem
688 1098 744 1132 sub
766 1097 862 1131 finem
886 1098 926 1130 A.
947 1108 1040 1140 1747.
1055 1100 1122 1137 (e)

155 1148 206 1170 20.
233 1136 301 1169 Etfi
325 1147 402 1170 vero
424 1138 483 1172 hos
505 1138 627 1174 evafiffe
642 1166 652 1182 ‚
676 1140 822 1182 constat,·
844 1150 950 1174 tamen
974 1139 996 1173 si
1011 1152 1049 1173 ex
1073 1151 1121 1173 me

104 1191 251 1222 quaeras,
276 1191 312 1213 au
336 1192 424 1224 :eque
448 1181 594 1224 constet,
617 1195 706 1218 veras
730 1184 927 1218 membranas
951 1181 1093 1226 dejecisse
1112 1208 1122 1223 ,

107 1223 203 1258 facile
229 1224 372 1266 negabo.
399 1226 513 1268 Neque
529 1229 615 1260 enim
640 1227 734 1262 video
749 1228 823 1262 satis
845 1240 953 1262 earum
977 1237 1121 1262 naturam

105 1267 272 1311 quaesitam
296 1265 375 1305 esse,
403 1269 487 1310 quod
513 1270 664 1310 fortasse,
690 1282 725 1305 ut
750 1272 927 1313 mihi,'·ita
943 1273 1016 1305 aliis
1039 1283 1123 1314 quo-

104 1323 166 1354 que
200 1322 263 1344 non
288 1312 384 1345 licuit
416 1314 450 1345 in
473 1316 637 1356 corruptis
662 1314 856 1359 fracidisque
893 1315 1087 1357 corporibus
1113 1338 1121 1346 .

107 1353 218 1388 Video
244 1366 362 1393 autem,
377 1357 476 1389 etiam
487 1358 542 1391 ubi
556 1359 694 1392 ulcerata
719 1360 864 1393 intestina
877 1358 937 1392 fint
954 1382 966 1399 ,
990 1359 1120 1391 imoibi

104 1397 235 1433 facilius
260 1399 430 1441 polyposas
456 1400 587 1435 formari
612 1401 697 1446 posse
720 1404 962 1442 concretiones,
984 1401 1047 1435 five
1071 1411 1120 1435 te-

107 1452 190 1488 retes
206 1466 215 1480 ,
238 1443 346 1490 qual-es
370 1444 471 1491 trium
495 1455 552 1479 aut
573 1456 715 1488 quatuor
740 1447 921 1489 palmorum
936 1442 1120 1488 longitudi-

102 1497 144 1520 ne
170 1487 197 1519 se
221 1485 331 1531 vidisse
354 1496 372 1520 a
396 1487 602 1529 dysentericis
627 1499 767 1523 excretas
792 1513 801 1528 ,
838 1489 1007 1522 affirmavit
1033 1491 1120 1521 Lan-

103 1532 197 1565 cisius
208 1531 284 1571 (f),
310 1529 372 1562 five
390 1531 498 1573 planas
523 1533 714 1566 membranae
729 1533 833 1567 forma
848 1556 859 1572 ‚
881 1534 1008 1576 qualem
1022 1543 1120 1566 uuum

100 1572 203 1607 ferme
228 1574 372 1615 palmum
396 1574 525 1617 longam
545 1598 553 1612 ‚
579 1576 713 1617 egestam
736 1588 753 1610 a
779 1578 927 1610 Matrona
949 1575 1119 1617 conspexit

103 1619 211 1663 ulcere
229 1616 373 1663 intestini
400 1618 494 1652 Recti
520 1620 708 1659 laborante,
731 1619 932 1663 ejusdemque
955 1618 1012 1653 effe
1025 1630 1120 1662 gene-

102 1662 171 1700 ris,
196 1660 370 1702 suspicatus
393 1660 434 1694 est
458 1663 521 1694 Vir
543 1664 597 1695 Cl.
618 1662 741 1708 ¹loseph
766 1664 846 1697 Ant.
872 1662 1005 1707 Pujatus
1028 1665 1117 1706 (g)-

104 1704 162 1738 Sed
185 1705 306 1746 priores
330 1704 403 1737 illas
438 1715 475 1738 ut
498 1704 640 1739 constare
664 1717 701 1739 ne
725 1718 746 1739 o
769 1705 863 1741 fuisse
888 1706 1084 1740 membranas
1109 1728 1119 1743 ‚

101 1748 145 1783 {ic
171 1745 311 1781 constare
336 1758 419 1789 nego
440 1759 504 1781 non
519 1748 635 1791 fuisse,
660 1761 694 1782 ea
712 1762 770 1793 que
783 1750 957 1792 praesertim
983 1762 1053 1793 quae
1070 1751 1119 1782 in-

102 1790 219 1825 testino
244 1791 345 1831 magis
367 1791 524 1826 adhaerere
544 1815 557 1832 ,
591 1804 690 1836 quam
715 1794 829 1836 polypi
855 1794 973 1828 soleant
999 1819 1007 1831 ,
1041 1792 1117 1827 visae

102 1836 174 1870 sunt
188 1859 197 1867 .
220 1835 332 1876 Atque
347 1844 382 1868 ut
406 1846 509 1870 meam
519 1836 580 1869 tibi
605 1837 797 1879 opinionem
812 1838 973 1879 aperiam3
996 1836 1093 1870 credo
1105 1860 1116 1877 ,

102 1877 189 1922 posse
222 1878 388 1911 interioris
412 1880 532 1913 tunicae
570 1880 794 1915 intestinorum
821 1890 941 1922 partem
975 1881 1117 1924 aliquam

101 1922 209 1956 morbi
236 1924 269 1954 vi
294 1923 454 1963 ieoarari,
478 1932 572 1966 atque
596 1924 738 1956 excidere
750 1923 834 1958 haud
860 1926 952 1957 aliter
975 1934 1011 1957 ac
1035 1924 1115 1966 saepe

102 1966 247 1999 videmus
263 1989 274 2005 ,
297 1965 382 1998 idem
407 1968 595 2008 contingere
618 1966 860 2001 afervidiorum
884 1968 1117 2001 alimentorum

101 2010 255 2043 contacc’ffl
279 2009 308 2040 ei
331 2009 559 2043 membranulae
570 2021 632 2052 qua
654 2011 719 2043 oris
732 2022 833 2054 partes
853 2011 1116 2044 convestiuntur.

102 2053 201 2091 Quod
226 2061 310 2085 certe
333 2051 369 2086 fit
393 2051 456 2086 fine
480 2053 544 2086 ulla
569 2075 577 2090 ,
602 2053 718 2087 nedum
741 2053 803 2087 fine
828 2056 966 2096 plurima
990 2053 1120 2095 sangui-

101 2099 151 2130 nis
175 2095 346 2134 effusione,
373 2096 434 2129 fine
469 2096 753 2135 convulfionibus‚
778 2098 910 2140 aliisque
935 2095 1117 2140 perniciofis

100 2140 318 2174 incommodis
341 2151 411 2180 quae
435 2140 550 2173 timent
576 2141 726 2174 nonnulli
751 2142 789 2173 ab
813 2143 988 2175 innumeris
1010 2139 1118 2172 vascu-

69 2208 71 2213 .
100 2184 163 2224 lis,
187 2182 386 2222 nervulisque
412 2181 449 2215 ad
464 2184 615 2216 intimam
637 2184 782 2217 tunicam
794 2184 1021 2217 intestinorum
1045 2193 1118 2224 per-

100 2228 304 2266 tinentibus,
327 2224 349 2258 fi
373 2226 504 2268 quidem
528 2226 597 2260 haec
621 2226 756 2269 separari
769 2226 942 2264 credatur;
967 2237 1044 2260 curn
1069 2234 1116 2258 ta-

100 2282 172 2305 men
199 2272 238 2304 ad
262 2270 414 2303 intimam
439 2280 567 2311 quoque
590 2270 656 2302 oris
679 2270 822 2304 tunicam
834 2271 994 2304 maximus
1017 2271 1116 2311 perti-

100 2324 173 2349 neat
198 2314 397 2347 vasculorum
422 2323 591 2351 numerus,
618 2314 887 2348 &nervulorum.
914 2314 986 2347 Nec
1004 2313 1115 2351 dicas,

100 2369 169 2392 eam
193 2369 263 2400 quae
288 2366 365 2390 tunc
389 2358 487 2389 inore
512 2355 653 2390 abscedit
669 2382 677 2397 ‚
701 2357 954 2390 membranulam
964 2357 1114 2390 cuticulae

101 2401 158 2436 esse
181 2401 488 2438 continuationem,
512 2410 565 2434 aut
588 2409 671 2433 certe
694 2402 722 2433 ei
748 2402 960 2443 proportione
985 2399 1115 2442 respon-

101 2446 192 2479 dere.
219 2445 309 2478 Nam
333 2443 419 2477 idem
442 2445 498 2490 qui
523 2444 556 2476 in
571 2443 750 2486 prolabiis,
775 2448 806 2478 &
821 2444 929 2478 buc'cis
953 2443 1034 2477 hanc
1047 2443 1114 2485 epi-

102 2488 233 2523 thelim
260 2488 410 2527 vocavit,
433 2497 498 2528 ejus
522 2486 657 2520 fimilem
681 2486 863 2529 epitheliam
888 2489 921 2520 in
946 2489 1019 2530 gula
1033 2498 1117 2529 quo-

102 2544 186 2574 que,
209 2530 376 2565 stomacho
388 2532 406 2568 ,⁷
421 2532 453 2563 δι
476 2530 637 2565 intestinis
660 2531 802 2564 ostendit
814 2530 1000 2574 Ruyscbius
1023 2529 1092 2572 (h)
1107 2555 1115 2569 ‚

99 2578 209 2618 itaque
234 2586 304 2615 me,
329 2573 351 2607 fi
374 2573 413 2608 de
434 2574 495 2606 alia
520 2585 610 2617 parte
628 2586 691 2607 non
715 2576 784 2613 vis,
807 2575 917 2609 dehac
942 2574 1054 2609 saltem
1067 2574 1117 2606 lo-

99 2620 181 2662 qui,
206 2618 332 2652 credito
342 2641 358 2658 ‚,
405 2629 479 2651 uam
493 2615 670 2652 humorum
682 2620 858 2652 acrimonia
873 2642 882 2657 ‚
907 2628 961 2653 aut
986 2617 1117 2661 postin-

102 2663 355 2697 flammationern
379 2630 592 2704 superficiaria
626 2673 795 2705 gangrcena
819 2662 859 2696 ab
883 2663 1006 2704 reliqua
1030 2663 1116 2695 inte-

103 2707 202 2740 rioris
226 2707 343 2740 tunicae
368 2715 456 2748 parte
480 2705 606 2746 solvat,
630 2708 662 2739 δέ
688 2708 891 2740 recrementis
903 2705 1007 2740 secum
1031 2705 1118 2738 abri-

102 2748 272 2792 piendam,
299 2752 331 2782 &
354 2749 582 2783 devolvendam
594 2749 771 2793 relinquat.
800 2751 846 2783 At
860 2750 945 2783 enim
971 2750 1117 2792 aliquan-

102 2793 147 2827 do
170 2793 359 2826 membranae
381 2791 596 2835 dejiciuntur,
620 2794 764 2835 inquies,
790 2803 825 2827 ut
837 2795 973 2827 Saxonia
997 2793 1117 2833 (i)lo-

106 2838 242 2879 quitur,
260 2835 344 2877 fatis
367 2836 484 2880 craffae3
509 2837 651 2871 cuticula
676 2846 784 2870 autem
808 2836 849 2870 est
873 2838 978 2871 tenuis
1001 2862 1006 2868 .
1032 2837 1115 2869 Uti-

106 2892 169 2923 que
181 2896 195 2920 ,·
217 2879 273 2914 nifi
298 2879 431 2913 humore
455 2881 595 2922 plurimo
606 2879 794 2921 imbuatur,
818 2881 896 2914 hinc
909 2882 995 2914 enim
1022 2879 1115 2919 fieri,

104 2923 226 2957 censuit
249 2923 302 2959 CI.
331 2923 492 2957 Pantonus
514 2925 579 2965 (k)
598 2947 612 2965 ,
635 2933 671 2959 ut
695 2923 773 2966 saepe
797 2935 865 2957 eam
888 2925 1052 2958 videamus
1076 2935 1115 2957 ex

103 2966 311 3009 veficantium
334 2966 390 2999 usu
412 2966 584 3011 craffescere
609 2967 709 3007 adeo,
735 2977 771 3001 ut
794 2968 867 3002 inde
882 2969 914 3000 in
939 2969 1044 3011 plures
1069 2968 1115 3000 la-

105 3011 209 3045 minas
231 3008 289 3044 ess'e
313 3008 525 3056 divisibilem,
551 3021 604 3045 aut
620 3011 761 3045 constare
784 3023 822 3046 ex
845 3011 1016 3055 spongiosa
1044 3011 1116 3046 sub-

104 3054 245 3096 stantia,
268 3054 440 3093 conjecerit
463 3078 470 3086 .
504 3054 604 3092 Quod
627 3053 648 3087 fi
674 3066 739 3088 rem
762 3066 800 3089 ne
822 3054 863 3089 fic
887 3055 1016 3097 quidem
1042 3056 1116 3091 satis

105 3110 123 3131 a
148 3109 197 3131 me
213 3098 392 3140 explicari,
416 3099 612 3137 contendas3
637 3108 668 3131 at
679 3109 715 3133 tu
738 3098 871 3132 vicisiim
883 3099 966 3132 mihi
990 3100 1115 3142 explica

105 3142 260 3177 Benevoli
283 3139 441 3181 Chirurgi
464 3141 736 3183 Experientiffimi
762 3143 1031 3177 Observationem
1056 3145 1115 3184 (l)

106 3185 243 3220 detraeti
267 3196 306 3218 ex
329 3194 393 3217 ano
417 3184 534 3217 canalis
559 3186 852 3229 membraneilongi
877 3187 1001 3229 digitos
1012 3188 1116 3222 trans-

105 3228 210 3263 versos
235 3228 274 3262 ad
297 3226 371 3268 sex,
394 3227 452 3261 lati
474 3239 629 3270 quantum
654 3230 731 3263 solet
754 3230 939 3265 intestinum
953 3232 1118 3273 Rectum,

107 3272 195 3307 craffi
219 3281 329 3306 autem
351 3271 454 3311 ade0‚
476 3280 514 3305 ut
537 3275 589 3306 ani
614 3272 774 3315 sphinc‘ter
786 3283 839 3307 aut
864 3283 971 3312 totus,
997 3285 1050 3309 aut
1063 3287 1117 3318 pe-

106 3329 147 3351 ne
171 3325 346 3352 totuscum
369 3326 407 3348 eo
419 3315 521 3348 canali
544 3315 690 3351 excidisse
702 3317 883 3352 videretur:
908 3321 939 3351 &
963 3318 1032 3352 sane
1042 3330 1116 3353 cum

107 3361 150 3394 ad
173 3360 315 3393 intestini
339 3360 431 3392 ulcus
445 3380 453 3395 ‚
475 3361 508 3392 &
530 3369 643 3393 caetera
666 3372 736 3402 quae
757 3361 798 3394 ab
818 3373 857 3395 eo
878 3361 1054 3404 pendebant
1070 3364 1120 3396 in-

108 3403 302 3444 commoda,
325 3412 397 3436 tum
420 3401 459 3437 ad
482 3401 630 3437 affiduam
650 3415 722 3447 quae
747 3405 785 3438 ab
797 3405 885 3439 illius
908 3407 1027 3440 canalis
1050 3408 1119 3440 exi-

109 3457 145 3482 tu
168 3447 278 3481 relista
304 3445 428 3485 fuerat,
452 3445 692 3481 retinendorum
715 3458 988 3483 excrementorum
1010 3453 1120 3493 impo-

108 3493 245 3525 tentiam
257 3491 414 3531 medicis,
438 3493 471 3524 &
493 3491 686 3534 chirurgicis
697 3491 850 3533 praefidiis
873 3494 1050 3528 tollendam
1065 3506 1119 3527 an-

109 3546 152 3568 no
177 3533 411 3578 propemodum
442 3546 524 3578 opus
547 3533 612 3568 fuit
636 3559 644 3564 -
679 3535 753 3573 Qua
775 3538 879 3578 igitur
903 3538 1028 3572 ratione
1052 3548 1119 3572 tam

109 3578 240 3613 crassam
262 3578 404 3612 intestini
429 3588 553 3621 partem
581 3579 663 3612 salva
687 3580 752 3613 vit'a
777 3580 922 3614 excidere
946 3581 1082 3624 potuisse
1107 3605 1119 3621 ‚

2044 209 2100 260 31
2116 179 2118 183 ’

1171 273 1277 307 minus
1299 268 1544 305 crassainterior
1567 272 1674 305 tunica
1696 282 1927 315 nonnunquam
1949 272 2122 306 exciderit.
2149 272 2185 306 Si

1172 315 1234 350 hoc
1259 322 1364 347 autem
1389 314 1436 346 vel
1460 317 1493 348 in
1518 316 1559 348 iis
1583 317 1640 358 qui
1663 314 1823 348 evaserunt
1850 341 1859 355 ,
1883 315 1977 349 facile
1998 315 2144 358 agnoscis
2170 326 2183 354 ς

1172 368 1295 402 quanto
1322 359 1355 390 in
1379 358 1448 391 illis
1474 360 1575 401 magis
1586 359 1643 401 qui
1668 358 1857 401 perierunt?
1881 361 1924 392 Et
1938 371 2013 392 vero
2037 358 2059 391 si
2079 358 2180 392 militi

1174 399 1309 435 affuisses
1343 400 1382 433 de
1405 413 1471 443 quo
1506 402 1645 435 Bontius
1671 426 1679 441 ,
1716 410 1768 435 aut
1793 404 1885 443 aegris
1918 403 1984 437 illis
2006 402 2043 435 de
2066 402 2183 444 quibus

1173 445 1303 488 Sylvius
1327 445 1361 476 in
1373 444 1429 477 hac
1442 446 1499 477 XI.
1514 445 1904 487 loquuntur-‚Sepulchreti
1916 447 2062 480 Sestione
2077 446 2159 489 (m)
2174 465 2184 479 ι

1173 492 1205 522 8(
1230 487 1425 521 membranas
1448 500 1525 530 quas
1550 488 1641 525 facile
1670 490 1703 521 in
1728 488 1840 524 lethali
1863 489 2064 530 dysenterico
2088 488 2183 521 fluxu

1174 532 1342 574 egerebant
1356 554 1365 568 ‚
1391 543 1460 564 vera
1486 531 1542 564 esse
1566 533 1732 565 interioris
1747 533 1864 566 tunicae
1886 532 1982 566 frusta
1998 557 2006 571 ‚
2032 529 2185 568 dixisses5

1175 587 1253 617 num
1276 573 1382 608 incifis
1406 586 1516 608 eorum
1542 575 1771 616 cadaveribus,
1793 584 1823 608 te
1846 577 1895 609 tui
1919 576 1999 610 diffi
2014 574 2186 619 poenituis-

1175 618 1246 652 set?
1270 619 1411 653 Minime
1423 621 1587 660 gentium.
1614 621 1700 653 Cum
1726 620 1840 660 Sylvio
1852 619 1936 652 enirn
1961 619 2101 661 abrasam
2113 617 2186 651 hinc

1175 664 1244 695 inde
1268 674 1336 695 eam
1359 663 1526 700 tunicam,
1550 673 1623 696 cum
1648 663 1771 695 Boutio
1795 671 1900 696 autem
1920 663 2012 704 plane
2044 660 2187 702 abrasum

1175 705 1360 740 invenisses.
1388 706 1478 739 Num
1503 704 1668 748 undique?
1691 705 1792 744 Quod
1817 706 1891 739 satis
1913 705 2027 739 diserte
2048 705 2187 738 Boutius

1176 760 1239 782 non
1263 748 1367 786 dicit,
1394 748 1657 782 Piccolhominus
1680 752 1747 788 (n)
1770 749 1850 782 dicit
1876 750 1908 782 in
1925 749 2187 786 Observatione,

1176 804 1246 835 quae
1261 804 1450 835 quocunque
1464 791 1563 826 modo
1587 791 1811 834 intelligatur,
1834 792 1931 836 digna
1943 801 2008 826 erat
2018 802 2102 825 certe
2114 801 2186 834 quae

1178 838 1211 868 in
1237 835 1481 879 Sepulcbretum
1492 835 1680 870 referretur.
1706 838 1744 869 In
1767 836 1958 879 dysenterico
1980 837 2190 869 enimimma-

1179 881 1263 912 niter
1285 880 1424 913 cruciato
1446 903 1454 918 ,
1490 881 1544 922 qui
1562 890 1685 922 przmos
1707 877 1790 912 cibos
1812 880 1935 922 capiens
1969 880 2034 914 levi
2057 879 2191 921 quodam

1177 921 1300 955 horrore
1323 923 1546 964 quatiebatur,
1568 923 1652 957 vidit
1675 930 1776 957 totam
1798 925 1840 957 Θ
1863 922 2054 961 ventriculi,
2075 924 2116 957 &
2141 921 2190 955 in-

1174 965 1353 1004 testinorum
1366 968 1507 999 tunicam
1530 967 1731 1002 interiorem,
1755 977 1772 998 a
1778 966 1902 1008 summo
1924 967 1963 1000 ad
1982 967 2081 1000 imum
2104 964 2189 1004 (mi-

1174 1019 1244 1041 rum
1267 1008 1338 1050 visu
1352 1032 1362 1048 ,
1385 1010 1514 1046 auditu,
1540 1010 1583 1041 (φ
1606 1010 1748 1048 creditu)
1771 1008 1912 1051 abrasum
1932 1021 1945 1049 ;
1976 1010 2058 1051 quod
2082 1018 2190 1043 autem

1173 1051 1329 1093 reliquum
1353 1059 1421 1085 erat
1439 1075 1450 1091 ,
1474 1053 1516 1085 ess
1539 1051 1709 1093 apparebat
1723 1078 1730 1092 ‚
1755 1052 1914 1096 carnosum
1925 1052 2115 1091 videbatur,
2138 1053 2192 1084 in-

1173 1096 1270 1136 quit,
1292 1094 1330 1129 ab
1356 1105 1405 1127 ore
1427 1095 1600 1128 ventriculi
1623 1097 1662 1127 αα
1680 1095 1821 1136 podicem
1843 1094 1936 1135 usque
1956 1119 1968 1137 ,
1993 1103 2029 1128 ut
2051 1096 2190 1132 diceres,

1175 1136 1230 1181 effe
1253 1137 1356 1172 veluti
1372 1135 1509 1181 fasciam
1534 1138 1633 1171 latam
1657 1145 1757 1171 totam
1780 1138 1956 1181 carnosam;
1978 1138 2193 1172 ventriculum

1175 1183 1254 1215 item
1278 1189 1426 1222 tanquam
1451 1180 1583 1222 veficam
1606 1181 1762 1222 quandam
1786 1189 1887 1215 totam
1911 1180 2069 1221 carnosum
2095 1206 2102 1213 .
2131 1181 2191 1215 Sed

1174 1224 1213 1258 de
1237 1224 1296 1258 hac
1320 1223 1581 1265 Obici-vatione,
1604 1225 1637 1256 iu
1662 1235 1724 1266 qua
1745 1247 1754 1262 ,
1781 1233 1817 1257 ut
1841 1236 1876 1256 ea
1898 1236 1969 1265 quae
1995 1236 2071 1258 mox
2094 1224 2194 1268 subji-

1157 1269 1223 1302 ‘cit
1241 1291 1248 1305 ,
1274 1268 1442 1301 ostendunt
1466 1291 1478 1308 ‚
1512 1278 1695 1301 carnearurn
1719 1266 1869 1302 fibrarum
1903 1268 2193 1302 inflammationem

1175 1312 1302 1346 Αυᾶοτ
1327 1311 1392 1353 ipse
1416 1312 1627 1353 agnoscebat,
1651 1309 1737 1344 infra
1748 1323 1875 1355 quoque
1897 1314 1958 1351 (o)
1983 1312 2107 1345 mentio
2119 1311 2194 1346 fiet.

1219 1365 1269 1388 21.
1295 1356 1395 1389 Nunc
1420 1355 1551 1398 quando
1576 1355 1650 1397 satis
1675 1354 1827 1398 superque
1851 1355 2008 1389 ostensum
2031 1354 2074 1389 est
2096 1367 2165 1397 quae
2177 1367 2200 1389 a.

1174 1398 1383 1441 dysentericis
1407 1400 1582 1442 ejiciuntur
1605 1398 1796 1432 membranae
1821 1398 1949 1440 forma,
1974 1399 2053 1441 saepe
2078 1399 2194 1440 falsas,

1175 1454 1404 1485 nonnunquam
1430 1454 1517 1476 veras
1540 1442 1596 1477 else
1622 1442 1818 1476 membranas
1840 1468 1849 1482 ,
1881 1453 1936 1476 nec
1961 1441 2018 1475 nisi
2043 1454 2118 1476 cum
2139 1454 2197 1476 ve-

1175 1498 1217 1519 rae
1242 1485 1542 1529 deprehenduntur.
1567 1485 1716 1519 intestina
1728 1487 1909 1520 exulcerata
1922 1484 2120 1528 figmficare3
2144 1497 2196 1520 ea-

1173 1530 1245 1562 dem
1273 1531 1484 1572 proportione
1506 1528 1698 1563 ostendenda
1722 1527 1818 1562 effent
1851 1529 1889 1562 de
1913 1530 1953 1562 iis
1977 1531 2098 1570 pariter
2120 1541 2194 1573 quae

1174 1574 1214 1606 ad
1239 1573 1374 1615 speciem
1397 1572 1526 1606 carnosa
1550 1581 1721 1616 egeruntur
1744 1595 1753 1610 ‚
1776 1571 1834 1606 nisi
1858 1572 1922 1615 jam
1945 1572 2035 1615 supra
2058 1576 2125 1616 (p)
2147 1572 2197 1607 sa-

1174 1618 1220 1650 tis
1244 1614 1316 1650 esset
1341 1617 1544 1656 indicatum,
1567 1614 1740 1659 quomodo
1763 1616 1877 1659 polypi
1902 1615 1969 1649 haee
1992 1628 2121 1660 quoque
2146 1628 2196 1651 re-

1175 1659 1255 1693 ferre
1281 1659 1396 1702 possint
1421 1660 1537 1703 absque
1574 1661 1637 1693 ulla
1663 1659 1892 1705 intestinorum
1915 1660 2157 1694 exulceratione
2183 1684 2193 1692 .

1174 1704 1288 1737 Unum
1313 1705 1416 1745 igitur
1439 1702 1758 1737 commonstrandum
1784 1703 2000 1747 relinquitur,
2024 1715 2089 1738 non
2114 1703 2196 1737 sem-

1172 1757 1231 1790 per
1253 1758 1291 1779 ex
1316 1747 1392 1780 falsa
1416 1759 1506 1781 carne
1518 1759 1551 1779 ea
1575 1757 1712 1788 corpora
1730 1749 1866 1780 omnino
1887 1748 2082 1790 compingi,
2104 1759 2198 1782 cum-

1171 1801 1233 1833 que
1257 1790 1290 1823 id
1315 1802 1353 1823 ex
1377 1802 1487 1825 eorum
1510 1790 1669 1823 constabit
1692 1792 1858 1830 examine,
1884 1791 1974 1825 ulcus
1986 1789 2120 1834 aliquod
2143 1792 2197 1824 in-

1171 1834 1364 1868 testinorum
1387 1832 1445 1867 else
1472 1834 1653 1876 ponendum
1676 1855 1685 1870 ‚
1710 1832 1731 1866 fi
1756 1833 1858 1868 modo
1880 1835 1914 1867 in
1939 1834 2122 1867 ventriculo
2144 1835 2200 1869 in-

1170 1876 1300 1911 dicium
1324 1878 1440 1911 ulceris
1464 1877 1589 1911 nullum
1614 1876 1652 1910 fit
1672 1888 1688 1908 :r
1705 1878 1793 1920 quod
1816 1877 2013 1911 obverrucas
2037 1879 2133 1916 illas,
2157 1886 2195 1912 ut

1171 1921 1293 1954 Arabes
1306 1922 1460 1953 vocabant
1474 1946 1484 1962 ,
1508 1921 1637 1963 excipio
1650 1944 1662 1962 ,
1686 1919 1853 1964 dequibus
1877 1920 2024 1964 Epistola
2037 1921 2196 1964 scriptum

1170 1964 1214 1996 est
1237 1965 1357 1997 XXIX.
1383 1965 1455 2006 (q)
1479 1990 1487 1997 .
1523 1964 1572 1997 Ibi
1600 1974 1705 1998 autem
1730 1964 1785 1997 etfi
1818 1975 1945 1999 carneas
1969 1965 2195 2000 excrescentias

1171 2005 1229 2039 effe
1253 2006 1337 2049 posse
1361 2007 1504 2042 diximus
1528 2008 1589 2040 fine
1613 2008 1875 2048 exulceratione3
1899 2020 1983 2043 cum.
1998 2009 2196 2052 abrumpun-

1172 2060 1227 2083 tur
1251 2060 1377 2089 tamen,
1402 2054 1434 2084 δε
1458 2050 1637 2092 excidunt,
1660 2052 1749 2085 ulcus
1775 2050 1841 2084 fieri
1867 2051 1977 2085 debere
2001 2054 2034 2085 in
2058 2066 2096 2087 eo
2110 2053 2195 2088 unde

1174 2093 1318 2135 abruptae
1341 2095 1439 2135 sunt,
1464 2095 1562 2135 loco,
1586 2095 1622 2128 id
1646 2107 1721 2128 vcro
1744 2107 1844 2139 neque
1857 2098 2066 2139 negavimus,
2092 2100 2195 2141 &per

1173 2136 1202 2181 se
1226 2137 1430 2171 manifestum
1453 2138 1512 2172 est.
1540 2141 1644 2172 Porro
1667 2149 1743 2172 tunc
1765 2141 1811 2172 ita
1834 2140 1872 2174 de
1896 2141 2075 2175 ventriculo
2098 2141 2196 2175 verba

1173 2180 1373 2214 faciebamus
1390 2207 1397 2220 ,
1424 2190 1460 2216 ut
1471 2180 1579 2216 eadem
1593 2182 1757 2216 transferri
1785 2183 1871 2225 posse
1881 2184 1920 2218 ad
1944 2184 2115 2224 intestina,
2140 2196 2195 2227 ap-

1172 2232 1321 2264 pareret,
1344 2226 1415 2257 imo
1425 2225 1584 2267 quandam
1597 2228 1802 2261 Avenzoaris
1814 2238 1979 2262 verrucam
2002 2228 2045 2262 ob
2070 2229 2195 2271 magni-

1171 2265 1319 2300 tudinem
1342 2279 1439 2310 quam
1463 2270 1497 2302 in
1521 2270 1725 2309 ventriculo,
1748 2269 1770 2303 si
1796 2272 2002 2314 epigasttium
2025 2282 2194 2316 tangeres,

1169 2307 1283 2343 habere
1307 2311 1500 2352 videbatur,
1523 2323 1588 2346 non
1612 2314 1646 2346 in
1670 2313 1731 2347 isto
1749 2336 1762 2354 ,
1795 2313 1847 2348 sed
1870 2319 1903 2349 in
1926 2320 2057 2359 attiguo
2081 2318 2190 2360 potius

1168 2353 1258 2402 C-olo
1270 2363 1377 2387 natam
1389 2355 1462 2402 esse,
1474 2354 1711 2398 suspicabamur
1726 2382 1734 2389 .
1747 2358 1861 2402 Quam
1873 2359 2084 2403 suspicionem
2095 2361 2191 2403 -juvat

1168 2395 1224 2429 hic
1236 2399 1389 2443 exemplis
1412 2399 1551 2442 ejusdem
1564 2401 1597 2433 in
1611 2400 1795 2435 universum
1805 2405 1928 2445 generis
1950 2405 1996 2437 ita
2019 2404 2192 2440 confirma-

1168 2451 1223 2481 re,
1247 2450 1282 2475 ut
1305 2441 1399 2476 simul
1423 2443 1562 2485 denique
1587 2444 1621 2477 id
1645 2443 1733 2487 quod
1758 2447 1983 2488 proposuimus
2002 2472 2015 2489 ,
2047 2449 2191 2483 ostenda-

1168 2495 1262 2518 mus.
1393 2486 1449 2530 Jo.
1475 2486 1618 2528 Baptista
1642 2487 1808 2521 Cortesius
1830 2492 1844 2529 (
1867 2501 1883 2523 r
1904 2493 1918 2530 )
1942 2492 2048 2525 locum
2071 2493 2189 2528 Galeni

1169 2527 1335 2570 proferens
1360 2540 1398 2562 ex
1410 2540 1477 2572 quo
1501 2531 1728 2573 intelligatur,
1750 2542 1813 2564 non
1825 2534 1926 2568 modo
1948 2534 2096 2570 indurata
2116 2537 2189 2571 ster-

1168 2583 1266 2611 cora,
1293 2572 1342 2605 sed
1367 2575 1399 2605 &
1423 2572 1519 2607 moles
1542 2573 1680 2616 alicujus
1703 2576 1840 2617 corporis
1857 2587 2131 2619 praeter-naturam
2155 2582 2189 2615 in

1171 2615 1325 2656 intestinis
1347 2614 1511 2655 existentes
1535 2643 1543 2656 ,
1576 2617 1641 2661 jam
1666 2618 1704 2650 ab
1737 2630 1774 2651 eo
1799 2621 1962 2656 recensitas
1987 2622 2079 2657 fuisse
2103 2626 2187 2658 iuter

1170 2662 1276 2705 caulas
1291 2671 1362 2702 quae
1374 2660 1480 2695 alvum
1491 2659 1680 2703 obstruant,
1702 2662 1901 2698 Galenicutn
1913 2665 2031 2709 dogma
2055 2666 2114 2701 hac
2132 2668 2186 2702 sua

1170 2703 1406 2736 Observatione
1431 2703 1656 2746 confirmavit,
1680 2706 1789 2740 habita
1813 2709 1848 2740 in
1871 2709 2019 2743 cadavere
2041 2712 2186 2746 Comitis

1169 2745 1208 2779 de
1229 2746 1412 2782 Caldarinis
1437 2749 1787 2783 PatriciiBononienfis
1805 2776 1812 2782 .
1839 2752 1969 2787 Scilicet
1992 2755 2025 2787 in
2045 2756 2185 2790 cavitate

1168 2788 1236 2823 Coli
1257 2791 1395 2831 intestini
1417 2802 1538 2833 reperta
1554 2790 1627 2836 fuit
1650 2793 1758 2835 ingens
1777 2796 1882 2835 portio
1905 2797 2008 2830 carnis
2022 2822 2031 2836 ,
2053 2808 2117 2840 quae
2122 2798 2184 2845 sua

1169 2833 1249 2867 mole
1273 2842 1341 2881 erar
1364 2835 1583 2876 impedimento
1605 2858 1616 2875 ‚
1639 2846 1696 2877 quo
1719 2837 1824 2870 minus
1847 2849 2041 2874 excrementa
2063 2841 2185 2885 descen-

1167 2877 1235 2910 dere
1256 2877 1394 2921 poffent,
1418 2881 1461 2912 (9*
1485 2889 1522 2912 ex
1544 2879 1723 2921 hujusmodi
1733 2880 1837 2914 morbo
1861 2882 1948 2917 malae
1969 2883 2184 2924 intestinorum

1167 2921 1394 2966 compositionis
1414 2923 1623 2963 interemptus
1646 2921 1686 2962 est
1699 2947 1706 2954 .
1733 2924 1842 2960 Quam
1854 2937 1914 2969 ego
1935 2926 2060 2962 causam
2078 2930 2183 2962 maxi..

1167 2975 1245 3002 mae,
1269 2974 1304 2998 ut
1327 2964 1393 3005 ipse
1418 2966 1487 3006 ait,
1511 2963 1762 3007 confideratiom‘s
1786 2967 1840 3003 hic
1866 2969 1929 3003 tibi
1943 2972 2031 3005 volui
2055 2973 2182 3006 Austo-

1169 3010 1212 3041 ris
1235 3008 1339 3041 verbis
1361 3010 1404 3041 ob
1427 3008 1460 3042 id
1484 3010 1583 3042 etiam
1599 3008 1800 3052 describere,
1823 3013 1910 3056 quod
1934 3015 1967 3047 in
1993 3027 2105 3050 eorum
2115 3017 2184 3050 Ca-

1169 3052 1279 3094 talogo
1301 3063 1439 3094 quorum
1464 3052 1715 3087 Observationes
1739 3056 1772 3088 in
1785 3057 2028 3099 Sepulchretum
2051 3060 2123 3094 sunt
2135 3071 2185 3094 re-

1169 3095 1241 3129 latae
1256 3119 1264 3133 ‚
1288 3105 1323 3129 ut
1352 3095 1612 3135 Piccolhomini‚
1636 3099 1681 3130 ita
1706 3101 1738 3132 &
1761 3100 1904 3134 Cortelii
1928 3114 2042 3135 nomen
2066 3102 2181 3138 frustra

1168 3139 1311 3182 quaefivi:
1324 3141 1431 3183 itaque
1444 3151 1498 3172 nec
1511 3140 1704 3175 Observatio
1716 3141 1784 3176 haec
1798 3146 1831 3177 in
1846 3145 1991 3178 Seffione
2002 3147 2099 3179 XIII.
2111 3157 2183 3190 quae

1168 3183 1752 3229 deAdstriCZioneAlviinscribitur,
1775 3188 2105 3231 usquaminvenitur5
2129 3190 2181 3224 sed

1169 3238 1237 3270 ejus
1249 3228 1323 3259 loco
1332 3228 1393 3260 alia
1405 3227 1551 3269 quaedam
1563 3227 1608 3270 (s)
1620 3239 1816 3264 memoratur
1828 3232 1960 3265 Willifii
1971 3257 1980 3273 ,
2002 3232 2087 3276 quafi
2098 3245 2179 3267 con-

1169 3272 1261 3318 staret
1275 3294 1284 3309 ‚
1308 3270 1529 3313 excrescendas
1540 3274 1687 3317 quasdam
1696 3285 1825 3307 carneas
1838 3299 1850 3315 ,
1863 3287 1934 3318 quae
1947 3275 2101 3316 intestinis
2112 3289 2181 3311 ma-

1164 3314 1289 3357 joribus
1301 3314 1394 3353 insm
1404 3315 1618 3351 auricularum
1629 3318 1728 3351 muris
1739 3318 2132 3363 adnascchanturplurimae
2143 3331 2182 3355 cx

1173 3366 1303 3401 utroque
1324 3358 1537 3397 intestinorum
1554 3362 1640 3401 coli,
1665 3360 1805 3399 &Reffi
1825 3362 1923 3397 latere
1934 3364 1973 3396 ad
1992 3371 2077 3397 certa
2097 3363 2181 3441 quffi

1165 3400 1372 3441 stadiainflar
1391 3412 1548 3436 ramorum
1558 3403 1679 3438 arboris
1698 3403 1834 3447 gemellae
1841 3407 2049 3448 prodeuntes,
2072 3418 2132 3450 qua
2148 3421 2180 3446 1,

1171 3447 1303 3487 inquam
1314 3467 1323 3481 ‚
1346 3443 1515 3485 constaret,
1524 3458 1588 3482 non
1599 3448 1737 3481 exterius
1750 3446 1805 3480 has
1818 3473 1827 3489 ‚
1849 3458 1885 3483 ut
1897 3450 1981 3483 mihi
1992 3449 2123 3493 quidem
2134 3453 2181 3485 vi-

1170 3488 1283 3535 detur,
1308 3487 1421 3528 fuisse,
1444 3499 1498 3521 nec
1518 3489 1647 3524 fortasse
1671 3490 1758 3524 aliud
1779 3503 1876 3534 quam
1896 3492 2055 3537 Adiposas
2078 3495 2181 3536 Coli,

1172 3534 1333 3576 Rectique
1345 3532 1584 3581 Appendiculas
1597 3558 1608 3575 ,
1631 3536 1664 3567 in
1675 3536 1791 3577 quibus
1803 3562 1812 3578 ‚
1836 3536 2002 3580 absumpta
2014 3539 2184 3581 pinguedi-

1175 3588 1234 3617 ne,
1258 3577 1435 3619 sanguilera
1459 3579 1584 3612 vascula
1610 3578 1789 3619 ruberent,·
1821 3580 1854 3613 in
1879 3580 1993 3615 tabido
2015 3582 2101 3616 enim
2123 3584 2187 3618 Vi-

100 3623 297 3665 ,intelligen
320 3622 428 3657 eadem
453 3623 613 3666 intelliges
638 3622 743 3656 multo
764 3622 920 3665 facilius,
943 3629 1000 3668 qui
1029 3634 1124 3659 tanto
1176 3632 1213 3653 ro
1234 3620 1302 3653 haec
1338 3618 1521 3653 observabat
1557 3620 1716 3656 Willisius
1739 3647 1749 3662 ‚
1784 3626 1839 3665 qui
1858 3624 1962 3667 simile
1984 3626 2130 3667 quiddam
2154 3627 2190 3660 in

2080 3669 2143 3703 alio

171 3764 232 3794 (e)
248 3766 299 3791 imo
316 3767 370 3792 Vid.
381 3768 456 3792 etiam
473 3766 596 3796 Epist.65.
613 3775 637 3791 n.
645 3771 669 3793 6.

172 3795 275 3825 (1')c.
297 3797 415 3827 19.supra
430 3798 458 3822 ad
479 3806 502 3821 n.
522 3806 556 3827 ¹9-
574 3797 618 3822 cit.

173 3826 365 3860 gwkernat,
375 3828 480 3854 eraelest.
495 3836 532 3858 ις.
593 3830 629 3858 (ο
639 3831 651 3859 )
661 3834 733 3855 naci.
794 3832 855 3861 (p)
872 3839 895 3855 n.
914 3833 980 3861 ¹7-&
992 3834 1027 3856 18.

732 3767 779 3799 (f)
795 3768 854 3794 Diff.
870 3769 914 3794 cit.
930 3770 1003 3798 Epist.
1023 3778 1042 3795 r.
1062 3770 1091 3794 ad
1104 3770 1239 3795 Bianciard.

680 3800 694 3829 (
710 3799 726 3824 k
744 3801 754 3832 )
772 3802 846 3826 Anat.
862 3808 930 3829 corp.
948 3800 1016 3825 hum.
1034 3801 1089 3825 Diis.
1107 3809 1128 3825 2.

1091 3833 1178 3863 (q)n.
1195 3834 1304 3860 16.&17.

1302 3771 1337 3802 (g
1348 3772 1361 3799 )
1378 3746 1602 3794 Dec.Medic.‘Obs.
1613 3776 1636 3792 n.
1646 3771 1667 3792 6.
1681 3766 1739 3792 Obs.
1751 3776 1771 3793 r.
1832 3767 1870 3795 (h
1879 3766 1887 3798 )
1896 3765 1966 3791 Thes.
1981 3768 2053 3791 Anat.
2065 3774 2088 3795 7.
2104 3773 2119 3790 n
2139 3774 2181 3794 4·-

1621 3799 1697 3828 (m)
1714 3798 1769 3822 Obs
1791 3801 1815 3822 6.
1832 3797 1856 3822 δι
1874 3800 1902 3823 16

1191 3803 1204 3831 (
1222 3803 1232 3825 t
1247 3801 1260 3828 )
1277 3803 1314 3825 18.
1330 3803 1392 3826 delle
1408 3803 1553 3832 quaranta.
1898 3828 1943 3859 (s,
1959 3827 2018 3852 obs.
2029 3827 2072 3857 ιδ
2092 3835 2115 3855 4,

1370 3835 1383 3862 (
1397 3841 1408 3857 φ·
1425 3836 1437 3864 )>
1451 3830 1556 3856 Miscell.
1575 3832 1645 3855 Med.
1662 3833 1719 3855 Dec,
1738 3840 1761 3859 ⁴.
1778 3837 1800 3856 c,
1817 3830 1840 3853 Β,
