2498 4075
411 167 511 206 220

336 231 499 268 cochleas
521 242 561 267 ex
582 229 726 273 parvulis
748 230 837 267 istis2
862 230 896 262 δε
916 228 1135 262 albicantibus
1157 251 1166 266 ‚
1190 241 1262 271 quae.
1287 228 1337 263 su-

337 287 395 318 per
424 275 543 311 carduo
566 274 689 307 stellato
721 275 930 318 inveniuntur
945 293 953 308 ‚
977 272 1083 304 exacte
1107 282 1168 304 una
1191 284 1264 305 cum
1291 284 1339 305 te-

338 319 394 355 stis
416 319 572 352 contundi
596 318 628 349 in
654 318 811 349 mortario
833 315 968 358 jubebat
983 341 990 354 ,
1017 313 1189 357 additaque
1213 317 1337 350 modica

338 365 488 405 portione
512 360 668 395 conservae
693 384 703 398 ‚
731 370 766 393 ut
790 368 905 392 vocant
925 380 938 397 ,
969 359 1130 391 violarum
1150 382 1159 397 ,
1181 359 1214 391 in
1240 360 1340 392 linteo

337 405 570 448 suspendebat,
595 402 775 444 liquorem,
799 400 1037 448 compressionis
1060 401 1159 434 etiam
1181 413 1263 443 ope,
1285 402 1341 435 de-

338 448 540 484 {tendentem
570 447 731 487 excipiens
752 469 759 479 .
794 445 900 485 Hujus
927 445 1064 486 liquoris
1096 442 1171 477 satis
1204 448 1342 479 recentis

336 493 448 528 uncias
480 500 542 523 tres
567 500 658 522 mane
682 511 691 526 ‚
723 488 860 522 totidem
886 489 1018 521 meridie
1043 496 1115 521 ante
1137 489 1308 528 prandium
1334 511 1342 526 ,

337 534 541 575 totidemque
574 531 700 572 vespere
725 542 795 565 ante
828 542 953 564 coenam
979 530 1173 572 propinabat
1196 553 1208 570 ,
1231 544 1304 565 curn
1328 545 1344 565 a

339 576 496 611 dissoluto
529 575 681 617 sanguine
701 599 713 615 ,
746 575 1006 609 &irritantibus
1040 575 1205 616 particulis
1237 575 1344 612 focco,

340 621 480 655 nimium
516 618 612 661 ipfius
636 630 674 651 ex
705 629 795 651 utero
819 617 946 651 cursum
970 618 1039 650 fieri
1060 639 1070 653 ‚
1105 616 1272 651 censebat.
1298 620 1345 652 Ea,

339 673 448 698 autem
470 662 652 701 felicitate,
676 660 889 699 confirmabat
914 661 971 694 sibi
999 661 1083 695 hunc
1109 661 1270 703 liquorem
1295 674 1346 697 re-

338 705 493 750 spondisse
519 731 528 746 ‚
552 716 587 739 ut
612 705 648 739 ad
674 705 833 746 sanguinis
856 706 953 738 etiam
976 705 1270 745 czzpeetorationem
1288 728 1299 745 ,
1323 704 1344 738 si

339 751 380 784 ab
404 749 516 787 iisdem
541 751 641 783 caulis
664 748 756 783 fieret
781 771 793 791 ,
817 748 1079 790 compescendam
1102 746 1310 781 transtulisset
1338 772 1349 788 ,

340 805 398 829 nec
423 793 503 826 mihi
530 793 624 825 aliter
648 792 714 825 liaec
737 791 963 828 concrederet,
989 790 1047 823 nisi
1069 791 1221 832 pollicito
1238 816 1247 831 ,
1280 804 1347 834 quo

341 838 379 871 ad
403 836 471 880 ipse
497 837 620 869 viveret
638 859 645 873 ,
670 835 815 875 nemini,
838 836 924 878 quod
949 838 978 868 δέ
1005 834 1140 876 praestiti
1157 858 1165 872 ‚
1189 835 1347 868 revelatu-

340 891 432 916 rum.
458 880 533 912 Hoc
558 881 653 912 etiam
678 879 717 911 ab
741 877 800 910 illo
824 879 930 920 accepi
956 889 964 910 .·
988 889 1064 913 cum
1087 878 1202 911 mulier
1225 877 1346 921 septem

338 924 424 965 ipsos
447 933 545 955 annos
571 924 651 956 uteri
667 920 924 962 haemorrhagia,
948 922 1049 954 irritis
1073 919 1348 962 praesidiisomni-

339 967 398 1001 bus
420 992 429 1007 ‚
462 964 632 1001 laborasset
652 987 660 1002 ‚
684 965 763 999 bene
787 977 821 998 ac
846 964 983 998 feliciter
1005 966 1044 998 ab
1069 965 1096 997 se
1119 963 1180 998 esse
1205 965 1349 1007 persana-

339 1021 425 1049 tam‚
452 1009 531 1046 dato
553 1008 703 1042 limonum
728 1007 822 1042 succo
845 1031 856 1048 ,
879 1013 908 1041 δε
935 1008 1005 1041 salis
1029 1008 1147 1051 spiritu
1170 1010 1239 1051 pari
1265 1020 1346 1049 pon-

337 1054 412 1088 dere
433 1078 440 1084 .
465 1049 598 1087 Dedisse
621 1062 728 1085 autem
752 1061 918 1094 propterea
941 1053 1018 1093 quia
1040 1063 1162 1086 certam
1184 1053 1346 1092 quandam

338 1098 555 1134 scorbuticam
579 1097 613 1131 in
637 1108 671 1129 ea
694 1096 858 1137 sanguinis
877 1095 1145 1129 constitutionem
1166 1095 1245 1134 esse,
1269 1107 1348 1129 con-

334 1140 480 1183 jecerat5
504 1149 672 1181 expertum
697 1149 804 1172 autern
829 1149 921 1172 antea
944 1138 1002 1172 esse
1026 1164 1035 1178 ,
1058 1149 1156 1180 quam
1181 1137 1348 1180 profuisset

339 1185 412 1219 aliis
436 1184 521 1220 idem
547 1183 628 1217 illud
655 1182 829 1218 remedium
854 1195 909 1216 ore
932 1184 1101 1216 continere
1124 1207 1133 1221 ‚
1167 1193 1241 1216 cum
1266 1182 1349 1215 scor-

335 1227 435 1263 butus
471 1228 612 1269 graviter
637 1226 698 1260 hoc
733 1224 893 1259 erosislet.
1030 1226 1081 1257 Ex
1104 1225 1152 1258 liis
1174 1247 1184 1263 ,
1219 1237 1290 1268 quae
1314 1235 1349 1259 ut

337 1271 488 1304 narrabat
512 1271 590 1309 ille,
616 1269 655 1302 sic
679 1280 737 1311 ego
761 1268 885 1306 resero,
911 1279 1042 1310 apparet
1057 1291 1065 1305 ,
1090 1271 1125 1301 in
1148 1268 1233 1309 hoc,
1256 1277 1293 1301 ut
1315 1270 1349 1301 in

335 1315 408 1348 aliis
431 1324 563 1357 quoque
589 1313 711 1346 morbis
734 1333 743 1348 ‚
779 1313 891 1353 magni
915 1311 1060 1345 interesse
1083 1311 1248 1346 causarum
1273 1324 1350 1345 con-

334 1357 512 1401 jeeturam:
537 1368 642 1398 neque
666 1357 753 1388 enirn
774 1355 927 1388 omnibus
950 1356 1035 1387 idem
1055 1366 1280 1398 opportunum
1304 1356 1350 1389 es-

337 1402 367 1436 se
392 1400 570 1435 remedium
596 1399 716 1441 potest.
745 1399 915 1432 Interdum
941 1410 1016 1431 vero
1040 1410 1078 1432 ne
1101 1400 1158 1433 ulli
1182 1399 1315 1442 quidem
1340 1425 1349 1439 ,

335 1444 395 1479 nisi
421 1444 505 1481 forte
529 1445 612 1479 inter
637 1444 755 1482 initia,
779 1443 868 1476 locus
892 1443 934 1475 est
956 1463 964 1479 ‚
998 1442 1084 1474 velut
1107 1455 1145 1475 ex
1170 1455 1203 1477 ea
1226 1444 1349 1476 intelli-

336 1500 413 1533 ges,
435 1499 531 1531 quam
557 1487 618 1521 buc
642 1498 681 1519 ex
705 1485 856 1519 Valsalva
881 1496 1019 1518 attexam
1035 1508 1043 1523 ,
1068 1485 1218 1520 historia.

382 1531 411 1565 8.
436 1531 627 1565 MULIER
651 1540 770 1564 annum
795 1541 887 1572 agens
912 1532 1045 1563 alterurn
1069 1532 1098 1563 δι’
1123 1530 1349 1572 quinquagesi-

336 1587 425 1610 mum
448 1598 457 1614 ‚
493 1585 564 1609 ante
588 1575 731 1616 quinque
753 1597 761 1610 ,
787 1583 841 1606 aut
867 1572 919 1606 sex
943 1584 1042 1606 annos
1064 1573 1190 1614 ingenti
1215 1585 1270 1615 per
1293 1585 1350 1607 na-

335 1620 453 1655 turalia
479 1618 643 1660 sanguinis
667 1616 835 1659 profluvio
859 1618 968 1650 vexari
991 1627 1134 1657 coeperat
1149 1616 1190 1650 fic
1215 1627 1251 1650 ut
1275 1628 1351 1659 gru-

334 1665 379 1698 mi
408 1663 573 1704 sanguinis
608 1660 645 1693 ad
671 1660 796 1695 selibrae
832 1660 957 1702 pondus
982 1661 1107 1694 exirent
1128 1683 1141 1700 ,
1165 1661 1346 1694 minoribus

337 1708 410 1741 aliis
436 1705 541 1748 postea
567 1704 832 1746 subsequentibus
854 1727 861 1733 .
897 1703 1004 1737 Serosa
1028 1714 1158 1746 quoque
1183 1705 1348 1737 interdum

335 1750 486 1794 prodibat
509 1748 667 1782 colluvies
687 1769 695 1783 ,
734 1747 810 1780 alias
833 1746 952 1780 humor
977 1758 1068 1788 aquae
1092 1745 1206 1779 similis
1229 1749 1262 1779 in
1286 1758 1349 1788 qua

334 1805 413 1829 caro
434 1804 542 1826 recens
565 1793 634 1825 lota
658 1793 702 1823 est
722 1814 729 1821 .
765 1790 835 1831 Qi
860 1790 881 1823 si
906 1789 1045 1824 effluxus
1079 1789 1254 1831 aliquando
1279 1789 1351 1832 sup-

336 1839 532 1881 primeretur
553 1849 562 1873 ;
587 1834 713 1868 molesti
737 1846 801 1877 prae
826 1835 951 1867 caeteris
975 1843 1065 1867 erant
1089 1832 1295 1867 vehementer
1317 1836 1349 1867 ὃς

335 1882 455 1921 dolor,
481 1882 511 1913 δε
534 1878 685 1922 ponderis
708 1876 810 1911 sensus
834 1879 866 1912 in
892 1876 1104 1921 hypogastrio
1128 1900 1140 1916 ,
1171 1877 1273 1910 donec
1299 1888 1348 1909 re-

336 1925 426 1959 diens
459 1922 598 1957 effluxus
621 1922 771 1956 levaret.
807 1920 861 1955 Ad
885 1921 952 1955 haec
986 1919 1155 1953 accedebat
1187 1919 1351 1953 interdum

340 1969 442 2002 urinae
479 1966 652 2000 difficultas
678 1988 688 2002 ‚
721 1976 793 2007 quae
818 1964 888 2007 post
923 1964 1051 2006 aliquos
1073 1963 1197 1997 labores
1221 1963 1352 1998 tandem

335 2024 412 2046 cum
436 2010 592 2053 sanguine
615 2009 738 2041 foetido
753 2031 761 2045 ‚
786 2006 991 2050 putridisque
1005 2006 1180 2041 filamentis
1204 2006 1354 2041 reddeba-

335 2066 408 2089 tur.
433 2053 631 2089 Ischiadicus
653 2051 781 2093 insuper
806 2051 902 2084 dolor
917 2051 1071 2092 utrinque
1094 2051 1263 2084 mulierem
1280 2062 1354 2093 pre-

335 2099 474 2138 hendit‚
500 2098 601 2132 nostu
624 2095 802 2138 praesertim
826 2094 906 2128 adeo
931 2093 1082 2133 saeviens,
1107 2097 1162 2127 vix
1174 2103 1209 2127 ut
1223 2094 1353 2128 brevem

338 2144 488 2178 somnum
511 2151 623 2181 capere
655 2136 774 2182 posset.
800 2139 892 2171 Tum
924 2135 1093 2179 hystericae
1126 2136 1353 2171 convulsiones

341 2196 431 2220 tanta
456 2187 486 2219 vi
512 2183 707 2225 ingruebant
722 2205 730 2219 ‚
754 2190 790 2216 ut
814 2179 884 2217 fere
908 2180 1128 2221 moribunda,
1152 2192 1208 2214 nec
1233 2180 1327 2214 semel
1342 2207 1350 2221 ‚

336 2231 519 2264 videretur.
544 2228 609 2261 His
623 2224 760 2262 succeffit
786 2226 906 2259 ventris
931 2224 1070 2259 universi
1093 2234 1203 2257 tumor
1230 2225 1353 2258 medio-

336 2276 405 2308 cris
426 2285 500 2310 curn
526 2273 648 2306 summa
673 2268 818 2303 faucium
842 2269 1012 2304 ficcitate‚
1035 2268 1188 2302 &crebra
1213 2267 1352 2302 flatuum

344 2318 543 2352 eruc‘iatione
564 2338 577 2356 ,
609 2314 826 2355 ciborumque
851 2313 1049 2346 aversatione
1073 2321 1242 2354 propterea
1267 2312 1356 2354 quod

344 2362 394 2397 vel
421 2372 521 2405 pauca
547 2358 704 2401 assumpta
736 2357 828 2390 illico
852 2355 956 2389 tenfio
981 2355 1017 2388 ad
1042 2356 1208 2397 regionem
1233 2358 1356 2388 ventri-

347 2406 411 2440 culi
439 2402 651 2439 molestiffima
675 2399 951 2442 consequebatur.
979 2399 1061 2431 Haec
1084 2420 1094 2435 ‚
1119 2400 1150 2430 &
1172 2399 1319 2433 ,vomitus
1343 2423 1356 2439 ,

344 2460 421 2483 cum
448 2450 508 2485 alia
532 2447 673 2488 denique
696 2443 827 2477 silerent
851 2441 1080 2478 incommoda,
1107 2452 1271 2483 nunquam
1287 2453 1355 2474 mu-

342 2494 455 2527 lierem
480 2489 671 2525 dimiserunt
696 2510 705 2521 .
740 2487 833 2524 Quin
856 2486 983 2519 duobus
1006 2486 1137 2518 circiter
1169 2495 1242 2517 ante
1268 2497 1357 2519 mor-

344 2547 411 2571 tem
435 2534 593 2569 mensibus
619 2554 631 2571 ‚
663 2531 809 2563 vomitus
832 2552 843 2569 ,
867 2531 923 2571 qui
949 2529 1025 2561 alias
1052 2527 1180 2565 rarior,
1208 2527 1356 2570 frequen—

347 2583 416 2614 tior
440 2580 483 2614 esi:
506 2577 608 2611 faetus
619 2573 659 2608 fic
683 2573 815 2616 quidem
828 2575 995 2614 primum,
1019 2581 1053 2604 ut
1070 2569 1175 2608 nihil,
1201 2571 1257 2605 nisi
1273 2583 1356 2614 quos

345 2623 466 2658 sumere
481 2621 603 2654 solebat
615 2641 623 2654 ‚
649 2616 777 2650 vitellos
791 2640 799 2655 ‚
821 2615 951 2657 rejicere
965 2624 1092 2656 cogeret
1107 2637 1115 2651 ‚
1140 2616 1263 2647 caeteris
1281 2626 1353 2657 quae

344 2679 420 2701 curn
443 2668 483 2700 iis
506 2661 705 2704 sumpsisset,
729 2661 866 2693 omnino
892 2660 1025 2692 retentis
1046 2681 1058 2698 ,
1081 2656 1195 2691 deinde
1220 2669 1295 2690 vero
1319 2667 1355 2692 ut

344 2709 521 2745 noviffimis
544 2706 665 2748 viginti
692 2703 787 2737 ferme
810 2702 924 2736 diebus
947 2714 988 2743 ex
1009 2701 1159 2744 quolibet
1184 2701 1357 2734 alimento-

348 2748 421 2788 rum
454 2762 568 2796 genere
593 2751 648 2782 vix
678 2746 858 2789 quidquam
890 2748 1029 2780 retinere
1063 2744 1209 2777 sineret:
1244 2745 1356 2786 itaque

345 2796 572 2832 deficientibus
606 2794 640 2826 in
664 2791 731 2825 dies
754 2790 877 2823 viribus
899 2813 912 2830 ,
946 2801 961 2824 e
986 2789 1054 2822 vita
1078 2786 1224 2821 exceffit.

345 2842 402 2877 IN
436 2835 709 2873 CADAVERE
733 2833 811 2867 adeo
843 2835 1032 2870 emendato,
1066 2840 1103 2864 ut
1137 2831 1186 2864 vel
1220 2829 1358 2864 musculi

294 2898 298 2904 ·
348 2882 438 2927 quasi
462 2880 589 2926 prorsus
611 2878 711 2913 essent
736 2888 907 2917 excarnes‚
930 2877 986 2909 vix
1000 2874 1102 2908 ullum
1127 2873 1358 2919 sanguinis-ve..

349 2927 483 2968 stigium
518 2925 652 2965 usquam
686 2921 863 2964 supererat.
995 2920 1118 2952 Venter
1155 2927 1244 2951 totus
1278 2917 1357 2949 salso

348 2968 541 3013 opplebatur
566 2965 655 3004 sero,
679 2967 712 2997 in
735 2976 800 3006 quo
823 2963 985 2997 nonnullae
1010 2961 1134 2994 omenti
1169 2962 1358 3003 portiones,

351 3024 449 3056 atque
473 3012 535 3048 alia
559 3008 798 3052 quamplurima
823 3006 986 3040 filamenta
1011 3006 1163 3038 natabant
1186 3029 1193 3036 .
1231 3005 1359 3037 Perito-

350 3058 412 3091 naei
436 3056 572 3088 interior
593 3051 690 3085 facies
714 3061 851 3091 corpora
863 3049 983 3091 ubique
1005 3047 1189 3082 ostendebat
1214 3058 1278 3081 non
1292 3046 1359 3079 val-

350 3100 389 3135 de
414 3098 574 3132 absimilia
598 3094 756 3128 induratis
780 3097 961 3135 pancreatis
974 3092 1157 3134 glandulis.
1182 3092 1360 3125 Ventricu-

351 3145 401 3178 lus
425 3142 559 3185 exiguus
582 3161 591 3176 ,
624 3133 779 3179 totusque
802 3137 986 3171 contraxeras
1006 3161 1014 3169 .
1047 3136 1153 3168 Renes
1174 3157 1186 3174 ,
1209 3134 1298 3177 quod
1323 3133 1360 3166 ad

355 3198 470 3222 eorum
492 3183 703 3220 substantiam
727 3182 866 3220 attinet,
892 3179 957 3212 sani
972 3203 979 3210 .
1004 3178 1061 3212 Sed
1072 3178 1185 3212 dexter
1209 3179 1361 3211 minimos

356 3231 447 3264 varia
472 3227 577 3261 forma
601 3224 741 3259 calculos
764 3225 852 3256 intus
875 3223 1038 3257 habebat:
1063 3233 1203 3264 quorum
1227 3222 1260 3253 in
1284 3219 1361 3252 smi-

354 3275 419 3308 stro
444 3272 550 3306 nullus
572 3294 581 3302 .
615 3269 794 3301 Ureterum
817 3276 950 3308 uterque
986 3267 1113 3298 urinam
1134 3265 1325 3298 continebat
1351 3285 1360 3300 ‚

355 3316 474 3352 sinister
497 3313 703 3356 pauciorem
730 3320 760 3343 at
785 3311 915 3347 dexter,
942 3308 979 3342 ad
1003 3309 1133 3343 minimi
1153 3308 1253 3350 digiti
1277 3307 1362 3340 cras-

357 3359 537 3395 situdinem
558 3356 711 3390 dilatatus
727 3374 736 3390 ,
758 3363 825 3388 erat
849 3361 939 3386 totus
962 3354 1061 3386 urinae
1084 3353 1195 3393 plenus
1219 3376 1224 3382 .
1261 3351 1366 3384 Deni«

360 3415 421 3445 que
446 3400 614 3435 sordidum
638 3399 727 3431 ulcus
748 3420 759 3437 ‚
792 3400 823 3429 &
846 3395 1005 3430 soetidum
1038 3405 1103 3428 erat
1129 3396 1161 3426 in
1186 3394 1272 3427 collo
1295 3402 1368 3426 ute-

359 3449 409 3486 ri,
433 3447 466 3480 in
490 3444 612 3479 caeteris
627 3440 774 3483 partibus
787 3440 1117 3474 secundumnaturam
1143 3438 1172 3470 se
1195 3436 1365 3470 habentis.

403 3501 435 3530 9.
459 3488 530 3521 Sive
555 3486 646 3520 ulcus
671 3483 831 3526 profluvii
859 3482 1021 3524 sanguinis
1045 3482 1179 3515 acrioris
1203 3479 1333 3514 effeetus
1356 3504 1368 3520 ,

362 3532 423 3568 sive
446 3530 544 3566 exesis
568 3529 664 3575 paulo
689 3525 870 3571 majoribus
893 3525 993 3567 vasis,
1014 3525 1112 3568 ipsius
1135 3524 1185 3558 vel
1209 3523 1249 3556 ab
1270 3525 1370 3557 initio

973 149 1130 202 Liber
1164 154 1244 201 111.
1278 148 1363 201 De
1397 148 1622 199 Morbis
1638 149 1847 201 Ventris

1388 227 1478 261 causa
1499 226 1565 261 fuit
1590 242 1599 265 ς
1631 235 1707 270 quae
1728 227 1766 260 ad
1790 228 1879 260 ulcus
1897 249 1906 264 ‚
1928 230 1960 261 δε
1985 223 2188 270 profluvium
2213 226 2315 267 postea
2338 242 2392 264 ae-

1391 268 1549 304 cesserunt
1574 270 1677 308 mala,
1703 282 1768 303 nou
1790 270 1919 304 difficile
1943 271 2073 314 possunt
2096 270 2263 311 intelligi,
2287 278 2392 308 nervis

1390 315 1435 347 ob
1457 313 1572 346 ulceris
1586 314 1691 348 sedern
1709 314 1743 345 in
1767 313 1954 348 consensum
1974 316 2084 347 traftis
2099 334 2109 350 ,
2132 317 2165 346 ὅ(
2188 313 2339 357 sanguine
2351 320 2395 351 ob

1390 359 1555 399 ingentem
1580 356 1679 399 ipfius
1699 379 1708 394 ‚
1744 357 1954 400 crebramque
1976 357 2137 401 jaeiuratn
2161 358 2243 390 male
2265 370 2394 402 repara—

1391 410 1429 434 to
1444 426 1453 440 ‚
1480 400 1615 442 ideoque
1639 399 1742 432 setoso
1764 400 1911 433 reddito.
1937 401 2016 434 Inde
2040 403 2126 433 enim
2150 401 2277 434 dolores
2298 425 2307 439 ,
2329 404 2394 446 hy-

1393 443 1513 476 stericae
1535 442 1781 483 convufflones,
1803 445 1834 477 &
1858 446 2023 481 vomitus5
2049 443 2124 477 hinc
2137 454 2235 483 vero,
2259 456 2312 480 aut
2336 459 2396 490 pq-

1395 488 1460 520 tius
1491 498 1625 529 utraque
1649 497 1687 519 ex
1720 484 1810 519 causa
1834 486 1946 520 ascires
1970 512 1977 526 ‚
2002 488 2080 520 vasis
2105 487 2252 520 videlicet
2278 500 2294 522 a
2316 501 2397 524 con-

1395 530 1541 564 vulsione
1564 529 1676 572 saepius
1698 530 1879 563 constrietis
1905 555 1914 569 ‚
1949 533 1980 564 &
2004 530 2155 573 sanguine
2178 531 2299 565 tardius
2323 545 2398 575 pro..

1395 583 1501 615 pterea
1524 585 1579 615 per
1601 573 1666 614 ipsa
1689 574 1886 606 circumafto
1908 595 1917 610 ‚
1941 576 1972 606 δι
1997 574 2065 607 sero
2088 585 2155 616 quo
2178 575 2363 609 abundabat
2386 600 2395 614 ‚

1396 616 1524 651 facilius
1548 615 1645 650 effuso
1668 641 1676 650 .
1710 617 1826 649 Urinae
1851 625 1956 649 autern
1980 616 2175 653 difficultas,
2197 620 2228 651 &
2252 630 2316 651 non
2340 621 2399 653 nisi

1397 659 1467 701 post
1490 670 1624 693 conatus
1659 660 1804 692 excretio
1826 671 1842 692 a
1866 660 1980 694 vicinae
2004 661 2192 694 exulceratae
2218 664 2318 704 partis
2341 664 2401 696 do-

1397 705 1465 737 lore
1488 726 1497 741 ‚
1535 707 1565 736 &a
1588 702 1823 737 constitutione
1844 724 1853 739 ‚
1876 704 1971 737 sicuti
1994 716 2012 736 a
2034 704 2196 737 retardata
2220 707 2402 740 excretioiie

1397 747 1453 778 illa
1471 769 1483 786 ,
1518 747 1550 779 in
1574 747 1754 780 ureteribus
1778 746 1852 778 lotii
1876 748 2014 780 retentio
2036 772 2048 787 ,
2072 749 2103 780 δε
2123 746 2247 781 dexteri
2272 749 2402 791 praesen

1399 791 1461 824 tim
1483 790 1635 824 dilatatio
1658 790 1697 823 ab
1721 788 1833 835 illapso
1858 811 1867 826 ‚
1907 793 1937 825 δι
1963 800 2127 824 remorato
2150 792 2276 824 calculo
2300 804 2339 825 ex
2362 795 2403 826 iis

1396 836 1456 874 qui
1480 832 1606 867 fuerant
1630 834 1663 866 in
1685 843 1758 866 rene
1781 831 1920 877 eiusder'n
1945 834 2074 872 lateris,
2097 832 2227 868 fortasse
2251 838 2404 876 grandiu-

1398 877 1506 917 sculo,
1530 876 1578 910 sed
1605 888 1708 919 neque
1731 887 1805 909 cum
1828 878 1947 918 eJeetus
1969 877 2033 914 est,
2057 878 2142 917 inter
2166 888 2219 911 tot
2243 880 2321 912 alios
2344 881 2404 913 do-

1398 920 1505 961 lores,
1531 919 1752 963 molestiasque
1768 920 2010 960 animadverso,
2033 932 2133 962 neque
2158 921 2265 963 postea
2289 925 2322 956 in
2337 926 2404 957 uri-

1399 975 1470 1004 na,
1503 965 1544 998 iis
1566 963 1688 998 foedata
1721 974 1793 1004 que
1826 965 1973 997 naturale
2007 974 2118 997 totum
2151 966 2368 1008 inquinabant
2390 990 2403 1008 ‚

1399 1009 1562 1048 cruentis,
1585 1011 1616 1039 &
1641 1005 1779 1049 putridis
1804 1005 1951 1040 sordibus
1975 1006 2152 1041 adnotato.

1446 1061 1494 1083 10.
1519 1052 1553 1085 Si
1579 1050 1648 1091 post
1671 1049 1831 1083 Valsalvae
1856 1050 2131 1087 Observationes,
2157 1052 2299 1094 accipere
2321 1064 2405 1096 quo-

1399 1105 1461 1137 que
1497 1105 1568 1128 aves
1593 1104 1704 1131 meas;
1738 1094 1841 1134 relege
1865 1105 1936 1136 quae
1960 1094 1993 1127 in
2027 1105 2120 1128 utero
2143 1094 2288 1139 descripsi
2316 1101 2329 1136 (
2351 1098 2371 1130 d
2392 1101 2405 1137 )

1399 1148 1509 1171 earum
1541 1149 1611 1180 quae
1635 1137 1686 1170 vel
1719 1137 1928 1180 imminutis,
1951 1137 2000 1170 vel
2025 1149 2063 1171 ex
2086 1147 2160 1171 toto
2184 1141 2406 1175 enianentibus

1402 1181 1569 1214 menstruis
1584 1203 1593 1219 ,
1617 1181 1827 1213 interierant.
1854 1180 1971 1222 Neque
1995 1183 2079 1214 enim
2102 1180 2156 1215 hic
2180 1183 2327 1217 iterabo.
2349 1184 2407 1218 Sed

1402 1225 1512 1266 potius
1536 1226 1575 1257 ab
1600 1224 1765 1257 noviffime
1789 1222 1952 1266 proposita
1976 1224 2217 1260 observatione⁴
2245 1227 2407 1270 profluvii

1402 1279 1467 1301 non
1502 1268 1662 1310 sanguinis
1695 1269 1794 1301 modo
1817 1289 1827 1303 ‚
1861 1266 1911 1300 sed
1943 1271 1973 1300 &
2005 1268 2114 1302 serosae
2146 1270 2300 1303 colluviei
2326 1295 2335 1311 ‚
2370 1270 2408 1304 ad

1402 1311 1773 1357 Muliebremfluorem
1798 1310 1939 1344 transibo
1961 1335 1973 1351 ,
1996 1312 2084 1354 quod
2108 1321 2173 1345 erat
2197 1314 2337 1347 alterum
2361 1315 2410 1347 E-

1402 1353 1527 1395 pistolae
1560 1354 1655 1397 huius
1678 1365 1776 1393 caput
1798 1378 1805 1384 .
1840 1354 1949 1393 Qem
1982 1356 2021 1388 ad
2044 1355 2196 1389 morbum
2226 1357 2280 1390 etsi
2306 1357 2410 1391 nullas

1402 1396 1562 1431 Valsalvae
1586 1398 1688 1431 habeo
1712 1396 1963 1431 Observationes
1986 1399 2191 1440 peculiariter
2214 1401 2409 1439 attinentes;

1402 1450 1510 1474 tamen
1534 1453 1572 1474 ex
1597 1443 1673 1475 meis
1700 1451 1749 1474 rot
1776 1443 1940 1482 supersunt
1964 1465 1972 1479 ,
1999 1442 2174 1483 praesertim
2196 1441 2219 1476 si
2241 1444 2409 1479 causarum

1403 1484 1604 1526 quarundam
1640 1486 1735 1526 liujus
1760 1486 1884 1517 Fl-uoris
1919 1486 2016 1518 initia
2039 1486 2187 1528 persequi
2221 1487 2320 1520 velim
2353 1499 2409 1530 per

1401 1527 1623 1562 dissefflonem
1648 1528 1864 1562 animadversa
1886 1551 1893 1565 ‚
1933 1539 1969 1561 ut
1995 1551 2004 1565 ,
2040 1528 2099 1562 nisi
2123 1540 2254 1564 caveam
2274 1552 2284 1567 ,
2307 1533 2413 1566 vereri

1401 1575 1513 1615 potius
1534 1573 1684 1609 debeam,
1713 1583 1752 1604 ne
1777 1570 1956 1605 excessurus
1982 1572 2035 1605 sim
2059 1595 2071 1612 ,
2094 1584 2192 1615 quarn
2217 1585 2281 1607 non
2305 1576 2415 1618 exple..

1402 1627 1494 1651 turus
1516 1627 1612 1657 quem
1638 1616 1825 1658 plerumque
1851 1614 1970 1648 servare
1995 1615 2110 1650 solitus
2134 1616 2204 1650 sum
2229 1639 2238 1654 ‚
2264 1619 2410 1652 Littera-

1403 1671 1475 1694 rum
1500 1659 1655 1693 modum.

1451 1714 1497 1736 ιι.
1527 1703 1698 1736 Muliebris
1732 1702 1856 1736 Fluoris
1891 1700 1996 1734 fontes
2029 1703 2063 1734 in
2096 1713 2191 1737 utero
2226 1705 2415 1746 plerumque

1405 1745 1498 1779 sunt.
1523 1747 1651 1780 Rarum
1675 1747 1716 1779 est
1738 1747 1822 1779 enim
1847 1756 1890 1785 qu
1903 1744 1936 1777 icl
1970 1747 2003 1778 in
2028 1746 2174 1779 Historia
2199 1747 2320 1789 legitur
2347 1750 2413 1782 Re-

1404 1790 1465 1831 giae
1488 1790 1702 1823 Scientiarum
1728 1788 1912 1821 Academiae
1939 1788 2119 1822 parisiensis
2143 1794 2152 1828 (
2177 1801 2191 1823 e
2216 1794 2251 1829 )‚
2285 1803 2322 1824 ex
2346 1804 2416 1824 am-

1401 1833 1457 1874 plo
1481 1833 1613 1866 alterius
1635 1833 1739 1865 ovarii
1764 1831 1903 1864 abscessu
1928 1855 1937 1871 ,
1961 1842 2104 1873 quocum
2130 1833 2206 1867 tuba
2231 1836 2415 1869 communi-

1402 1876 1518 1916 cabat,
1544 1878 1576 1909 in
1601 1875 1684 1909 hanc
1710 1875 1919 1916 purulentum
1943 1874 2044 1908 serum
2067 1898 2075 1912 ,
2103 1887 2142 1908 ex
2165 1885 2264 1918 eaque
2287 1879 2318 1909 in
2347 1889 2417 1911 ute-

1403 1930 1496 1957 rum,
1522 1930 1559 1952 ex
1580 1918 1644 1953 hoc
1666 1919 1804 1959 denique
1827 1919 1860 1951 in
1882 1919 2032 1959 vaginam
2055 1918 2230 1954 defluxisse
2245 1944 2253 1955 ο
2279 1920 2351 1963 lpse
2362 1934 2418 1955 au-

1404 1971 1470 1995 tem
1486 1972 1592 1996 uterus
1616 1962 1672 1996 seri
1689 1962 1759 1994 fons
1772 1962 1815 1995 est
1837 1961 2055 1995 multicoloris
2072 1972 2125 1995 aut
2151 1963 2303 2006 simplicis
2317 1988 2325 2002 ‚
2360 1976 2415 1999 aut

1405 2007 1571 2048 purulenti
1597 2031 1604 2039 .
1642 2007 1717 2039 Hoc
1740 2016 1818 2038 vero
1851 2002 1968 2038 defluit
1992 2017 2031 2038 ex
2053 2016 2148 2039 utero
2172 2029 2181 2044 ‚
2216 2017 2270 2041 aut
2297 2010 2413 2048 vagina

1406 2050 1594 2082 exulceratis
1617 2074 1624 2083 .
1661 2047 1746 2082 lllud
1778 2059 1816 2081 ex
1850 2056 1943 2084 utero
1975 2047 2062 2088 sere,
2086 2050 2178 2089 cuius
2213 2061 2266 2083 aut
2291 2045 2409 2086 intima

1406 2094 1590 2126 membrana
1627 2104 1691 2125 non
1717 2091 1802 2125 secus
1826 2101 1934 2138 ⁵atque
1958 2090 2012 2124 illa
2048 2096 2173 2126 narium
2197 2096 2230 2126 in
2260 2106 2382 2137 coryza
2408 2118 2418 2132 ‚

1406 2135 1576 2169 rheumate
1611 2135 1751 2179 quodam
1787 2134 1951 2168 afficiatur
1974 2157 1983 2172 ,
2021 2146 2156 2169 aurora
2191 2137 2419 2178 vasculorum,

1405 2179 1475 2221 post
1500 2178 1644 2213 emissum
1668 2179 1862 2212 menstruum
1879 2178 2061 2220 sanguinem
2082 2202 2093 2219 ,
2118 2180 2146 2215 se
2171 2180 2325 2215 haetenus
2337 2194 2420 2216 con-

1403 2222 1556 2259 trahant,
1582 2233 1617 2256 ut
1642 2222 1791 2265 sanguini
1813 2221 1947 2263 quidem
1971 2224 2095 2256 exitum
2113 2247 2122 2262 ,
2146 2224 2215 2266 ejus
2242 2234 2346 2259 autem
2374 2219 2421 2259 se-

1402 2277 1439 2300 ro
1463 2277 1527 2299 non
1551 2267 1790 2305 intercludant,
1814 2265 1961 2308 quodsut
1986 2267 2050 2299 alio
2073 2268 2107 2299 in
2133 2268 2207 2302 aliis
2231 2268 2341 2303 colore
2367 2272 2422 2302 in-

1410 2308 1532 2343 fefium
1556 2309 1597 2344 est
1621 2335 1630 2349 ,
1661 2312 1708 2343 ita
1732 2311 1765 2342 in
1791 2308 1943 2342 omnibus
1966 2320 2029 2342 non
2054 2311 2167 2345 eodem
2193 2312 2302 2352 colore
2330 2312 2421 2347 fluo-

1409 2364 1477 2385 rem
1500 2352 1581 2387 facit
1607 2378 1615 2387 .
1651 2355 1762 2396 Atque
1786 2352 1854 2396 haec
1893 2352 2026 2394 quidem
2051 2356 2084 2387 in
2107 2355 2312 2389 Adversariis
2337 2356 2422 2399 (f)

1408 2396 1628 2429 indicavimus
1653 2421 1660 2428 .
1697 2398 1747 2430 De
1771 2396 1937 2430 rheumate
1955 2406 2079 2433 ,autem
2104 2398 2166 2431 lioc
2193 2400 2275 2432 uteri
2299 2399 2418 2432 diserte

1410 2450 1482 2472 ante
1505 2440 1715 2473 Recentiores
1738 2462 1748 2477 ‚
1784 2441 1885 2474 locuti
1914 2438 1985 2473 sunt
2020 2442 2165 2482 praeclari
2189 2442 2315 2476 Medici
2341 2466 2352 2482 ,
2386 2445 2420 2475 in

1407 2482 1522 2524 hisque
1546 2483 1731 2517 Gulielmus
1757 2483 1922 2516 Ballonius
1958 2487 1967 2522 <
1989 2494 2011 2524 g
2035 2487 2044 2522 )
2076 2486 2134 2527 qui
2158 2485 2339 2518 catarrhum
2365 2497 2422 2527 ap-

1408 2526 1541 2568 pellavit
1564 2549 1576 2565 ‚
1609 2529 1639 2558 &
1665 2527 1783 2561 Laelius
1807 2538 1822 2558 a
1858 2528 1960 2558 Fonte
1984 2530 1997 2565 (
2020 2526 2040 2560 l)
2063 2531 2074 2566 )
2098 2530 2156 2571 qui
2182 2528 2420 2567 destz'lsstztionem

1406 2569 1489 2603 uteri
1514 2593 1523 2607 ,
1556 2572 1588 2602 δε
1610 2577 1761 2611 tanquam
1786 2568 2042 2610 rheumatifimm
2065 2571 2126 2605 esse
2152 2596 2161 2611 ‚
2194 2571 2281 2604 dixit
2307 2595 2315 2609 ‚
2344 2582 2420 2604 ante

1406 2624 1459 2646 eos
1483 2622 1589 2645 autem
1614 2612 1694 2645 olim
1717 2612 1860 2646 Galenus
1885 2613 1931 2653 (ί
1951 2615 1964 2651 )
1987 2614 2042 2653 qui
2066 2622 2193 2655 propter
2218 2616 2301 2647 meri
2325 2615 2420 2648 rheu-

1407 2663 1493 2690 mata
1516 2655 1574 2689 hos
1599 2656 1728 2689 Fluores
1751 2656 1819 2689 fieri
1834 2677 1843 2691 ,
1864 2655 1995 2693 docuit.
2024 2657 2096 2698 Ego
2122 2669 2199 2690 vero
2225 2658 2262 2690 ad
2286 2661 2422 2700 eospri-

1409 2709 1497 2744 nium
1522 2700 1580 2740 qui
1605 2700 1714 2741 priore
1739 2709 1793 2733 aut
1817 2699 1916 2732 altera
1941 2700 2086 2732 ratione.
2113 2709 2166 2733 aut
2193 2701 2254 2733 alia
2280 2723 2289 2740 ‚
2322 2713 2421 2744 quarn

1408 2743 1562 2783 adjiciam
1586 2741 1691 2784 (k),
1720 2744 1815 2776 tertia
1839 2754 1877 2775 ex
1900 2740 2036 2784 simplici
2063 2741 2142 2776 fiunt
2170 2742 2238 2776 sero
2263 2770 2272 2785 ‚
2304 2744 2419 2779 deinde

1408 2786 1447 2820 ad
1477 2797 1529 2818 eos
1553 2787 1609 2827 qui
1643 2798 1681 2819 ex
1706 2787 1878 2829 purulento
1902 2809 1911 2826 ‚
1947 2783 2125 2825 referendas
2163 2787 2421 2824 Observationes

1413 2840 1615 2873 proponam.

1453 2883 1500 2904 12.
1527 2872 1722 2905 VIRGO
1748 2881 1845 2904 annos
1869 2880 1944 2906 nata
1967 2873 2096 2906 circiter
2120 2872 2282 2908 sexdecim
2308 2901 2317 2915 ,
2350 2875 2421 2918 post

1408 2913 1596 2957 quindecim
1628 2916 1696 2949 dies
1720 2926 1759 2948 cx
1783 2926 1849 2956 quo
1875 2914 1995 2948 febrem
2030 2918 2204 2958 pertulerat
2229 2920 2319 2951 domi
2346 2944 2355 2957 ‚
2387 2922 2422 2953 in

1409 2959 1613 2993 Bononiense
1652 2960 1681 2991 S.
1710 2960 1822 2992 Mariae
1857 2957 1895 2991 de
1925 2960 2035 2992 Morte
2061 2960 2303 2996 Nosocomium
2328 2963 2421 2997 illata

1409 3002 1452 3036 est
1477 3027 1483 3035 .
1521 3004 1590 3036 Vix
1613 3003 1704 3035 illata
1732 3027 1741 3042 ,
1774 3002 1949 3035 lumbricos
1973 3008 2102 3038 vomuit
2125 3029 2134 3042 ,
2170 3016 2310 3046 quorum
2337 3017 2419 3040 unus

1410 3055 1478 3079 erat
1503 3044 1617 3085 rufus,
1641 3045 1800 3086 spithama
1824 3044 1957 3086 longior
1980 3068 1987 3082 ‚
2011 3046 2215 3081 craffitudine
2239 3048 2340 3082 ferme
2365 3061 2423 3091 par

1411 3090 1535 3122 calamo
1561 3089 1752 3130 scriptorio.
1778 3088 1851 3120 Hos
1875 3091 1972 3122 etiam
1996 3089 2085 3123 domi
2111 3116 2119 3130 ,
2155 3094 2352 3132 praecedente
2375 3093 2424 3125 la-

1411 3133 1642 3178 chrymatione
1663 3156 1676 3172 ,
1709 3143 1774 3164 non
1799 3134 1925 3177 pruritu
1950 3136 2075 3166 narium
2100 3156 2109 3171 ,
2145 3145 2313 3169 vomuerat
2337 3161 2345 3169 .
2372 3137 2422 3169 De

1412 3176 1526 3209 dolore
1549 3177 1743 3219 querebatur
1767 3184 1858 3215 cujus
1883 3176 1984 3209 sedem
2009 3177 2046 3209 ad
2067 3176 2357 3220 hypocliondrium
2381 3177 2421 3210 fi-

1413 3219 1573 3257 nffirum,
1598 3231 1730 3261 eamque
1753 3219 1908 3251 viciniam
1935 3218 2079 3261 apposita
2104 3232 2199 3255 manu
2225 3224 2268 3256 sic
2292 3224 2417 3257 indica-

1413 3263 1470 3297 bat
1485 3287 1494 3301 ,
1517 3272 1552 3296 ut
1576 3272 1743 3302 ventrem,
1767 3272 1806 3294 an
1833 3263 1938 3303 peetus
1961 3263 2138 3305 designaret
2165 3291 2172 3302 ,
2200 3266 2276 3298 satis
2301 3265 2420 3307 percipi

1416 3316 1481 3339 non
1506 3306 1624 3347 posset.
1652 3303 1760 3339 Pulsus
1785 3303 1953 3346 frequens,
1978 3318 2115 3349 parvus⁴¹¹
2139 3309 2272 3343 debilis.
2300 3309 2421 3350 Saepius

1415 3350 1557 3383 interdiu
1571 3349 1772 3383 dormitabat
1786 3371 1793 3378 ·
1821 3349 1959 3384 Perliaec
1983 3350 2128 3383 triduum
2145 3353 2315 3394 transegit.
2341 3352 2419 3389 Qio

1418 3402 1564 3434 tempore
1599 3392 1746 3426 mulieres
1770 3402 1840 3432 quae
1866 3393 2101 3426 ancillabantur
2126 3416 2134 3431 ‚
2170 3407 2284 3437 praeter
2307 3405 2419 3428 caetera

1417 3437 1625 3470 incommoda
1649 3458 1658 3474 ,
1694 3436 1803 3468 album
1828 3446 1956 3478 quoque
1987 3436 2128 3470 fluorem
2152 3438 2211 3472 esse
2234 3461 2244 3476 ‚
2277 3437 2421 3472 animad-

1420 3487 1586 3512 verterunt
1611 3503 1618 3510 .
1653 3478 1785 3521 Quarto
1807 3477 1857 3511 die
1881 3479 1961 3521 saepe
1993 3479 2127 3513 delirare
2150 3482 2215 3515 visa
2236 3485 2278 3514 est
2304 3504 2312 3513 .
2345 3482 2422 3514 Pul-

1421 3522 1471 3555 sus
1494 3523 1655 3562 debilior,
1679 3534 1713 3556 ac
1738 3522 1866 3556 minor.
1891 3524 2017 3565 Lingua
2044 3524 2163 3564 rubra,
2186 3528 2215 3558 δέ
2239 3523 2345 3557 arida.
2371 3526 2422 3558 De

2289 3578 2377 3607 capi-

366 3656 1974 3674 ——----—-—---—-——-——-—————-——---—-—--—--—-—-—-—-

454 3719 502 3779 gg
518 3750 534 3775 Ι.
553 3758 573 3775 ι.
590 3748 681 3775 consil.
697 3748 791 3773 Medic.
807 3750 849 3777 56*
863 3746 905 3772 sub
921 3746 964 3771 fm-
1026 3748 1039 3775 (
1054 3748 1068 3771 h
1085 3748 1095 3776 j
1112 3746 1221 3772 Consult.
1240 3745 1309 3769 Med.
1328 3753 1380 3774 117.

522 3721 569 3748 Ep.
586 3727 621 3747 19·
640 3726 664 3742 n.
684 3718 782 3748 1131312.
799 3723 874 3741 ann.
891 3723 932 3745 ²9;
948 3717 995 3746 ΕΡ.
1013 3723 1049 3745 3¹·
1065 3725 1088 3741 n.
1108 3719 1147 3746 163
1163 3718 1207 3745 Ep.
1226 3716 1264 3745 38.
1284 3722 1308 3738 n.
1325 3721 1363 3743 34;
1378 3716 1422 3743 Ep.
1441 3721 1479 3748 45ἶ
1497 3722 1521 3737 n.
1538 3720 1575 3738 21.

1639 3716 1675 3737 (e
1693 3711 1701 3741 )
1719 3715 1749 3736 A.
1771 3722 1837 3742 i7co.
1855 3714 1912 3739 Obs.
1932 3717 2002 3739 Anat.
2020 3725 2042 3745 s,-

1793 3744 1796 3746 ‚
2106 3716 2119 3743 (
2133 3713 2149 3743 f
2165 3718 2170 3740 )
2188 3717 2228 3738 IV.
2248 3715 2363 3739 Aminnei.
2380 3724 2417 3746 27.

1443 3744 1452 3773 (
1469 3751 1478 3766 z
1494 3745 1508 3772 )
1524 3745 1560 3768 De
1576 3747 1714 3774 symptoui.
1733 3745 1802 3768 Gaui.
1820 3745 1835 3768 1.
1855 3753 1875 3774 3-
1893 3752 1914 3768 e.
1934 3755 1956 3773 ,μ

2018 3749 2033 3775 (
2047 3746 2064 3770 k
2083 3747 2091 3775 )
2108 3745 2188 3773 infra,
2206 3754 2229 3768 n.
2249 3754 2282 3773 ις.
2298 3747 2320 3769 ἃ
2338 3747 2402 3775 seqq.
