2498 4075
433 100 540 159 9400

368 176 454 218 hoc
485 174 754 229 omittimus,
777 173 886 217 illud
911 184 1030 219 certe
1053 178 1203 232 negari
1228 190 1315 219 non
1338 175 1502 234 potest,
1530 176 1719 240 priorem
1734 177 1982 220 Anatomen
2009 179 2066 222 ob
2091 179 2134 222 id
2156 182 2415 236 potiffimum

372 232 430 273 ab
458 230 708 274 hominibus
743 231 962 287 permitti,
994 244 1019 274 a
1058 232 1326 291 Principibus
1361 243 1512 275 autem
1548 242 1684 275 etiam
1721 235 1887 289 protegi
1920 234 2054 288 adeo,
2098 239 2141 278 δε
2181 251 2415 293 promove-

367 289 434 340 ri,
465 287 570 349 quia
599 298 679 341 pro
711 285 901 329 secunda
930 286 989 329 est
1019 289 1253 332 neceffaria
1280 321 1289 330 .
1330 285 1558 342 permagni
1599 289 1717 330 enim
1752 303 1856 331 cum
1899 289 2168 343 singulorum
2199 294 2371 337 interest
2400 325 2415 347 ,
2479 317 2481 324 ·

368 353 465 387 tum
495 340 827 392 immersorum,
859 342 1050 395 internas
1084 345 1340 388 morborum
1370 343 1546 396 causas,
1587 347 1629 386 δέ
1661 344 1779 387 sedes
1818 359 1844 387 a
1883 344 2073 390 Medicis
2115 361 2201 389 non
2242 350 2410 403 ignora—

364 400 431 453 ri,
459 399 535 441 seu.
562 392 750 450 fingulos
788 396 878 449 illi,
909 397 984 440 seu
1013 408 1127 441 totas
1162 415 1220 444 ex
1255 397 1419 442 infelici
1457 398 1708 442 haereditate
1736 399 1924 443 familias
1958 413 2157 456 vexent,
2188 403 2262 446 seu
2301 407 2412 447 civi-

365 465 476 498 tates
504 461 750 508 occupent,
782 454 825 495 &
863 453 1135 509 provincias.
1168 455 1340 499 Medici
1372 464 1520 498 autem
1552 455 1623 498 vel
1655 455 1813 498 summi
1843 454 2064 512 fatentur,
2093 461 2171 503 vix
2195 469 2306 513 tres,
2334 474 2412 504 aut

366 519 557 565 quatuor
591 521 649 550 ex
673 507 877 552 omnibus
905 509 989 551 esse
1024 510 1203 555 morbos
1239 513 1313 567 qui
1358 511 1485 553 suum
1530 511 1720 555 habeant
1748 510 1914 564 signum
1942 528 2216 566 wasoymwmdv,
2246 515 2307 558 ita
2346 519 2413 559 vi-

360 563 523 624 delicet
563 564 815 619 proprium,
845 574 894 607 ut
921 565 979 607 ab
1007 565 1103 609 aliis
1132 568 1300 611 cunetis
1329 566 1587 620 distinguat;
1616 578 1793 609 caeteros
1824 578 1974 610 autem
2002 580 2089 608 non
2109 567 2187 611 nifi
2220 584 2295 627 per
2307 586 2412 615 con-
2471 574 2481 618 ἶ

357 619 515 675 μιιῑᾶὶεῑ
544 619 672 676 plura
702 618 820 673 signa
849 621 1079 664 internosci
1110 634 1335 679 propterea
1370 623 1471 679 quia
1505 623 1596 665 fere
1631 636 1719 665 non
1754 636 1811 665 ex
1845 622 2028 679 simplici
2053 621 2152 663 sunt
2180 627 2337 680 causa,
2367 632 2412 671 &4
2480 630 2484 642 ²

357 690 457 775 quae
493 689 630 717 unam
666 676 976 718 tantummodo
995 676 1167 720 Partem
1200 679 1361 722 afficiat
1389 711 1397 718 .
1431 677 1571 721 Valde
1609 678 1742 732 igitur
1783 688 1915 720 avent
1949 679 2143 733 primum
2176 681 2411 736 singularia
2478 699 2495 746 {¹

355 748 370 778 ι

391 732 434 775 la
464 730 610 785 signa,
640 733 684 774 &
712 731 905 779 maxime
927 734 1129 788 propria,
1158 734 1190 776 fi
1218 735 1312 778 fieri
1339 734 1499 791 potest,
1529 748 1714 788 augere3
1745 734 1900 776 deinde
1922 747 2053 785 vero,
2085 733 2116 775 fi
2145 736 2189 778 id
2218 751 2304 780 non
2318 740 2411 794 pos-

361 789 476 839 sint,
506 797 551 829 at
574 801 630 829 ex
653 785 897 840 conjunffis
922 787 1151 845 pluribus,
1180 800 1230 833 ut
1258 791 1425 834 dietum
1452 790 1538 843 est,
1570 790 1697 844 signis
1726 803 1825 845 quae
1854 790 1899 833 in
1928 802 2104 853 quoque
2135 793 2289 836 morbo
2303 808 2413 849 prae-
2480 797 2483 800 ⁴

357 846 489 900 cipua
517 842 626 895 sint,
653 841 932 886 constituere.
965 844 1336 890 Animadversum
1364 846 1425 889 est
1453 846 1571 888 enim
1599 846 1774 900 saepius,
1807 858 1906 902 quae
1924 859 2169 901 praecipua,
2199 850 2243 892 &
2271 848 2411 894 ferme

354 900 532 956 propria
563 898 873 952 crederentur,
905 900 1044 956 reipsa
1073 914 1164 944 non
1196 903 1305 955 effe,
1339 916 1443 945 cum
1478 902 1567 944 sine
1598 902 1693 958 ipsis
1723 902 1888 945 eaedem
1918 904 2032 944 intus
2056 902 2246 948 laefiones
2271 920 2413 961 reper-

352 967 411 999 tae
439 953 523 997 fint
552 968 660 1012 quas
689 953 914 1007 designare
949 955 1024 999 illa
1048 958 1339 1012 putabantur,
1369 969 1445 1001 aut
1475 971 1578 1001 cum
1592 956 1716 1011 longe
1741 956 1837 1000 aliis
1852 956 2094 1000 laefionibus
2107 957 2221 1012 signa
2233 962 2383 1004 eadem
2397 993 2412 1004 ..

415 1009 554 1064 Haec,
583 1020 715 1066 atque
746 1009 862 1063 alia,
893 1025 992 1069 quae
1023 1013 1156 1066 Tibi,
1189 1014 1269 1057 Vir
1300 1014 1580 1065 Doffiffime,
1612 1027 1702 1055 non
1730 1013 1850 1056 secus
1862 1026 1913 1055 ac
1930 1014 2067 1066 mihi,
2096 1017 2139 1057 &
2170 1015 2339 1070 legere,
2369 1021 2412 1060 &.

356 1066 539 1120 audire,
570 1069 613 1110 &
644 1066 798 1109 videre
830 1080 919 1110 non
948 1081 1049 1112 raro
1078 1069 1330 1124 contigerit,
1360 1073 1403 1114 &
1435 1071 1478 1112 in
1509 1071 1559 1113 iis
1587 1080 1862 1112 occurrentes
1883 1068 2119 1125 aliquando
2148 1072 2410 1115 morborum

358 1122 499 1166 causae
527 1136 657 1165 novae
685 1122 890 1179 prorsus,
920 1126 964 1168 &
991 1125 1200 1168 inauditae
1230 1125 1364 1182 justas
1396 1126 1666 1169 medentium
1705 1125 1903 1180 querelas
1936 1125 2200 1169 confirmant
2240 1128 2294 1171 de
2333 1129 2411 1171 ab-

352 1180 460 1222 ditis
484 1178 743 1221 morborum
774 1179 942 1233 caufis,
971 1183 1015 1223 &
1042 1181 1213 1226 sedibus
1243 1196 1332 1225 non
1361 1182 1462 1225 satis
1492 1181 1639 1225 adhuc
1670 1180 1934 1238 perquisitis.
1969 1180 2109 1238 Qiod
2137 1197 2240 1225 cum
2262 1186 2410 1227 minus

355 1244 478 1278 certe
508 1235 875 1278 Anatomicorum
903 1235 1207 1292 negligentiae,
1235 1252 1370 1293 quam
1399 1240 1462 1280 rei
1478 1237 1604 1294 ipsius
1634 1247 1801 1280 naturae
1829 1236 2408 1294 immensaepropemodum,

357 1294 403 1334 &
433 1290 726 1333 interminatae
757 1291 1067 1346 imputandum
1098 1293 1177 1345 fit;
1209 1294 1319 1336 nihil
1349 1306 1578 1350 propterea
1606 1293 1703 1335 fieri
1733 1294 1927 1335 humano
1946 1294 2102 1348 >generi
2132 1292 2285 1338 utilius
2315 1305 2409 1353 pot-

352 1345 443 1398 est,
472 1359 605 1403 quam
634 1345 666 1387 fi
695 1347 891 1403 primum
921 1349 1175 1406 quicunque
1205 1352 1461 1393 Anatomen
1489 1349 1700 1402 colimus,
1728 1362 1907 1401 omnes,
1936 1348 2110 1405 idquod
2125 1349 2200 1393 Tu
2233 1351 2409 1395 strenue

351 1402 485 1454 facis,
515 1405 558 1445 δε
588 1400 674 1459 ipse
705 1415 785 1459 pro
813 1416 915 1446 mea
945 1403 1063 1447 virili
1095 1415 1217 1461 parte
1249 1405 1396 1449 facere
1428 1419 1514 1448 non
1528 1404 1803 1462 praetermifi,
1833 1418 2005 1457 omneS,
2036 1406 2242 1462 inquam,
2273 1421 2407 1450 cona-

352 1469 405 1502 tu
435 1458 634 1501 unanimi
678 1459 955 1503 connitamur
983 1490 997 1513 ,
1039 1471 1090 1504 ut
1131 1473 1300 1519 quanto
1328 1462 1470 1518 plures
1502 1463 1544 1505 id
1573 1474 1709 1517 genus
1738 1461 2074 1503 Observationes
2105 1465 2331 1518 possimus,
2363 1466 2408 1506 in

349 1513 582 1571 publicum
611 1514 778 1557 bonum
808 1514 1085 1560 conferamus
1117 1533 1128 1560 z
1170 1529 1266 1561 tum
1295 1519 1455 1562 deinde
1484 1535 1500 1569 ,-
1543 1532 1597 1560 ne
1628 1519 1671 1559 in
1700 1516 1920 1572 posterum
1949 1517 2121 1560 accidat
2159 1520 2279 1576 quod
2319 1533 2408 1562 non

350 1569 483 1614 semel
512 1579 642 1613 antea
671 1570 899 1625 accidisse,
927 1572 1167 1616 dolendum
1197 1575 1284 1627 est,
1315 1585 1365 1618 ut
1395 1588 1499 1616 cum
1528 1573 1798 1617 Aufiloribus
1811 1573 2144 1617 Observationes
2160 1579 2377 1619 intereant
2391 1592 2407 1627 ‚-

342 1626 628 1671 Proseestores
667 1626 849 1669 cunecos
879 1642 1113 1682 rogemus,
1144 1640 1193 1672 ut
1223 1644 1330 1688 quas
1362 1630 1480 1686 prius
1511 1628 1850 1682 nonediderint,
1877 1628 2146 1672 senescentes
2174 1631 2408 1685 colligant,

346 1693 485 1741 'atque
512 1682 672 1733 edant,
701 1680 732 1723 fi
761 1695 849 1725 non
878 1698 1057 1736 meum,
1088 1694 1134 1727 at
1167 1687 1338 1730 Meadii
1378 1697 1523 1738 certe,
1553 1687 1630 1742 qui
1671 1685 1916 1728 imitatione
1945 1685 2103 1738 dignus
2130 1688 2228 1739 est,
2256 1701 2409 1730 exem-

348 1738 475 1796 plum
503 1736 751 1795 sequentes,
780 1750 863 1780 nec
910 1752 1050 1794 pauca
1091 1749 1265 1796 tamen,
1295 1751 1345 1785 ut
1388 1740 1489 1794 ille,
1518 1740 1592 1784 sed
1619 1744 1766 1784 omnia
1793 1754 1892 1796 quae
1932 1740 2162 1794 diligenter
2202 1743 2410 1785 observa-

348 1797 475 1848 rint,
516 1793 688 1837 summa
726 1805 831 1835 cum
870 1792 956 1838 fide
1001 1807 1320 1853 proponentes.
1352 1797 1420 1841 Sic
1460 1799 1605 1850 enim,
1635 1806 1713 1839 aut
1754 1810 1842 1838 non
1883 1794 2041 1849 aliter,
2071 1799 2188 1852 poffe
2230 1798 2409 1841 tandem

352 1849 594 1910 aliquando
635 1848 758 1901 fieri,
788 1848 1053 1906 sperandum
1080 1852 1170 1908 est,
1200 1865 1249 1897 ut
1278 1853 1453 1911 posteris
1482 1863 1630 1901 tantus
1658 1852 1856 1908 suppetat
1885 1865 2095 1896 numerus
2126 1853 2410 1899 Observatio-

349 1922 486 1961 num,
515 1915 727 1964 quantus,
756 1904 788 1948 si
818 1906 876 1949 ab
901 1907 1160 1963 solertibus,
1191 1911 1397 1963 attentis,
1427 1912 1470 1953 δέ
1500 1909 1742 1952 studiorum
1772 1907 1914 1951 labori
1942 1909 2116 1951 assuetis
2146 1910 2265 1954 Viris
2289 1924 2409 1952 mor-

353 1966 401 2009 bi
432 1964 728 2020 symptomata
763 1961 811 2003 in
845 1977 998 2007 earum
1036 1963 1210 2019 singulis
1236 1995 1249 2019 ,
1288 1969 1331 2010 &
1378 1965 1574 2008 Partium
1616 1963 1832 2017 laefiones,
1861 1973 1957 2007 tum
1996 1965 2042 2008 in
2075 1964 2171 2009 aliis
2205 1966 2409 2009 omnibus

349 2021 477 2066 haud
505 2015 713 2063 diffimilis
741 2021 910 2073 generis
944 2022 989 2063 δε
1025 2019 1128 2075 illa,
1158 2025 1202 2065 &
1232 2024 1321 2065 hae
1345 2021 1457 2064 inter
1490 2021 1534 2064 se
1565 2019 1882 2072 conferantur,
1909 2032 2098 2076 quantus
2122 2052 2137 2076 ,
2184 2022 2364 2079 inquam
2394 2052 2408 2075 ,

345 2078 457 2123 :satis
485 2076 561 2129 sit,
590 2084 640 2118 ut
680 2074 727 2116 in
761 2074 958 2132 pluribus
992 2076 1146 2120 saltem
1182 2077 1347 2121 morbis
1382 2078 1439 2120 ad
1470 2076 1515 2118 id
1544 2076 1734 2133 denique
1770 2086 1846 2119 aut
1869 2079 2150 2133 perveniant,
2180 2089 2257 2121 aut
2279 2091 2406 2123 acce-

349 2135 489 2185 dant,
518 2133 576 2176 ad
603 2129 726 2188 quod
750 2144 869 2173 nunc
905 2143 1133 2176 maturum
1167 2147 1257 2178 non
1281 2133 1369 2187 est,
1397 2133 1587 2188 aspirare
1612 2163 1623 2174 .
1653 2132 1815 2189 Neque
1841 2132 1933 2189 spes
1967 2133 2113 2187 deest,
2143 2148 2292 2178 meum
2323 2135 2407 2177 hoc

350 2190 584 2235 consilium
615 2186 736 2231 haud
769 2188 854 2230 esse
885 2189 935 2232 iis
973 2190 1247 2233 Anatomicis
1283 2188 1607 2247 displiciturum
1644 2188 1803 2244 quibus
1833 2189 1953 2231 cordi
1984 2189 2035 2233 fit
2066 2191 2152 2235 Rei
2191 2191 2406 2242 Medicae,

357 2251 402 2292 δέ
431 2245 618 2304 publicae
644 2242 848 2288 utilitatis
879 2245 1204 2289 incrementum
1216 2262 1228 2297 3
1262 2246 1441 2302 quando
1479 2244 1615 2302 aliqui
1652 2245 1827 2300 Egregii
1865 2245 1990 2298 Viri,
2020 2260 2198 2289 rumore
2233 2247 2406 2290 dumta-

352 2312 433 2349 xat
460 2302 516 2345 de
543 2298 662 2345 hisce
689 2312 716 2342 a
743 2314 815 2343 me
845 2300 1024 2344 edendis
1053 2300 1467 2355 Observationibus,
1497 2311 1547 2344 ut
1574 2301 1807 2353 videntur,
1841 2302 2049 2355 excitati,
2090 2303 2271 2347 suarum
2312 2301 2405 2344 edi-

354 2363 521 2404 tionem
550 2356 941 2414 repraesentarunt.
974 2358 1112 2415 Quod
1141 2358 1171 2400 fi
1203 2358 1470 2415 propositum
1505 2358 1590 2401 hoc
1623 2371 1773 2400 meum
1809 2372 1836 2401 a
1868 2358 1936 2402 Te
1971 2371 2173 2416 quoque,
2204 2359 2260 2402 ab
2291 2357 2404 2400 aliis-

352 2429 444 2474 que
483 2411 737 2457 Clariffimis
772 2412 920 2465 Viris,
953 2415 996 2457 &
1027 2415 1291 2458 nominatim
1313 2414 1370 2458 ab
1400 2414 1571 2468 Inclyta
1600 2413 1678 2457 ista
1708 2415 1951 2459 Academia
1979 2416 2262 2472 probabitur,
2291 2412 2404 2459 nihil

356 2472 470 2517 mihi
500 2470 752 2524 contingere
781 2470 972 2526 optatius
1002 2471 1182 2527 poterit.
1217 2470 1331 2515 Vale
1348 2503 1358 2512 .

466 2581 526 2627 D.
556 2580 723 2630 Patavii
753 2580 865 2628 Prid.
895 2579 997 2627 Kal.
1026 2583 1266 2641 Septembr.
1296 2583 1354 2642 A.⁸
1384 2595 1463 2630 cto
1476 2594 1585 2631 DCC
1601 2598 1668 2630 tx.

2237 3650 2332 3702 JO·
