<?xml version="1.0" encoding="UTF-8"?>
<!DOCTYPE html PUBLIC "-//W3C//DTD XHTML 1.0 Transitional//EN"
    "http://www.w3.org/TR/xhtml1/DTD/xhtml1-transitional.dtd">
<html xmlns="http://www.w3.org/1999/xhtml" xml:lang="en" lang="en">
 <head>
  <title>
</title>
<meta http-equiv="Content-Type" content="text/html;charset=utf-8" />
  <meta name='ocr-system' content='tesseract 3.04.00' />
  <meta name='ocr-capabilities' content='ocr_page ocr_carea ocr_par ocr_line ocrx_word'/>
</head>
<body>
  <div class='ocr_page' id='page_1' title='image "./desedibusetcausi00morg_0504.png"; bbox 0 0 2498 4075; ppageno 0'>
   <div class='ocr_carea' id='block_1_1' title="bbox 404 87 497 143">
    <p class='ocr_par' dir='ltr' id='par_1_1' title="bbox 404 87 497 143">
     <span class='ocr_line' id='line_1_1' title="bbox 404 87 497 143; baseline -0.032 0"><span class='ocrx_word' id='word_1_1' title='bbox 404 87 497 143; x_wconf 80' lang='lat'>106</span> 
     </span>
    </p>
   </div>
   <div class='ocr_carea' id='block_1_2' title="bbox 299 164 1349 3464">
    <p class='ocr_par' dir='ltr' id='par_1_2' title="bbox 326 164 1346 1716">
     <span class='ocr_line' id='line_1_2' title="bbox 343 164 1344 203; baseline -0.005 -1"><span class='ocrx_word' id='word_1_2' title='bbox 343 167 549 203; x_wconf 79' lang='lat' dir='ltr'>inveniretur</span> <span class='ocrx_word' id='word_1_3' title='bbox 571 165 774 202; x_wconf 81' lang='lat' dir='ltr'>creberrimis</span> <span class='ocrx_word' id='word_1_4' title='bbox 797 164 974 200; x_wconf 85' lang='lat' dir='ltr'>tuberculis</span> <span class='ocrx_word' id='word_1_5' title='bbox 997 164 1205 199; x_wconf 89' lang='lat' dir='ltr'>subrotundis</span> <span class='ocrx_word' id='word_1_6' title='bbox 1227 165 1344 198; x_wconf 86' lang='lat' dir='ltr'>distin-</span> 
     </span>
     <span class='ocr_line' id='line_1_3' title="bbox 341 207 1344 251; baseline -0.006 -5"><span class='ocrx_word' id='word_1_7' title='bbox 341 212 414 246; x_wconf 58' lang='grc' dir='ltr'>ἃς.</span> <span class='ocrx_word' id='word_1_8' title='bbox 442 215 515 245; x_wconf 84' lang='lat' dir='ltr'>Pars</span> <span class='ocrx_word' id='word_1_9' title='bbox 539 211 575 244; x_wconf 91' lang='lat' dir='ltr'>ad</span> <span class='ocrx_word' id='word_1_10' title='bbox 601 222 650 247; x_wconf 88' lang='lat' dir='ltr'>me</span> <span class='ocrx_word' id='word_1_11' title='bbox 673 211 840 245; x_wconf 83' lang='lat' dir='ltr'>Tenuiurn</span> <span class='ocrx_word' id='word_1_12' title='bbox 863 209 957 243; x_wconf 86' lang='lat' dir='ltr'>allata</span> <span class='ocrx_word' id='word_1_13' title='bbox 973 207 1015 241; x_wconf 87' lang='lat' dir='ltr'>est</span> <span class='ocrx_word' id='word_1_14' title='bbox 1030 231 1039 245; x_wconf 91' lang='lat'>‚</span> <span class='ocrx_word' id='word_1_15' title='bbox 1063 218 1098 241; x_wconf 91' lang='lat' dir='ltr'>ut</span> <span class='ocrx_word' id='word_1_16' title='bbox 1121 208 1201 251; x_wconf 88' lang='lat' dir='ltr'>quid</span> <span class='ocrx_word' id='word_1_17' title='bbox 1221 208 1275 241; x_wconf 87' lang='lat' dir='ltr'>illa</span> <span class='ocrx_word' id='word_1_18' title='bbox 1297 208 1344 241; x_wconf 89' lang='lat' dir='ltr'>es-</span> 
     </span>
     <span class='ocr_line' id='line_1_4' title="bbox 343 250 1343 295; baseline -0.007 -6"><span class='ocrx_word' id='word_1_19' title='bbox 343 255 413 289; x_wconf 77' lang='lat' dir='ltr'>sent</span> <span class='ocrx_word' id='word_1_20' title='bbox 435 256 601 289; x_wconf 84' lang='lat' dir='ltr'>tubercula</span> <span class='ocrx_word' id='word_1_21' title='bbox 626 275 636 290; x_wconf 91' lang='lat'>‚</span> <span class='ocrx_word' id='word_1_22' title='bbox 668 252 843 295; x_wconf 85' lang='lat' dir='ltr'>judicarem</span> <span class='ocrx_word' id='word_1_23' title='bbox 869 276 876 284; x_wconf 89' lang='lat'>.</span> <span class='ocrx_word' id='word_1_24' title='bbox 908 252 1128 286; x_wconf 85' lang='lat' dir='ltr'>Lenticulares</span> <span class='ocrx_word' id='word_1_25' title='bbox 1151 250 1343 293; x_wconf 83' lang='lat' dir='ltr'>-turgidulas</span> 
     </span>
     <span class='ocr_line' id='line_1_5' title="bbox 343 294 1344 341; baseline -0.004 -9"><span class='ocrx_word' id='word_1_26' title='bbox 343 300 510 341; x_wconf 74' lang='lat' dir='ltr'>glandulas</span> <span class='ocrx_word' id='word_1_27' title='bbox 527 324 534 335; x_wconf 73' lang='lat'>,</span> <span class='ocrx_word' id='word_1_28' title='bbox 558 307 632 330; x_wconf 89' lang='lat' dir='ltr'>cum</span> <span class='ocrx_word' id='word_1_29' title='bbox 656 299 797 339; x_wconf 87' lang='lat' dir='ltr'>primum</span> <span class='ocrx_word' id='word_1_30' title='bbox 822 295 1016 338; x_wconf 72' lang='lat' dir='ltr'>aspicerem,</span> <span class='ocrx_word' id='word_1_31' title='bbox 1039 294 1236 328; x_wconf 85' lang='lat' dir='ltr'>referebant:</span> <span class='ocrx_word' id='word_1_32' title='bbox 1261 303 1293 327; x_wconf 90' lang='lat' dir='ltr'>at</span> <span class='ocrx_word' id='word_1_33' title='bbox 1305 295 1344 328; x_wconf 85' lang='lat' dir='ltr'>fi-</span> 
     </span>
     <span class='ocr_line' id='line_1_6' title="bbox 335 337 1340 379; baseline -0.004 -4"><span class='ocrx_word' id='word_1_34' title='bbox 335 345 384 377; x_wconf 67' lang='lat' dir='ltr'>jie</span> <span class='ocrx_word' id='word_1_35' title='bbox 407 341 517 376; x_wconf 64' lang='lat' dir='ltr'>ostulo</span> <span class='ocrx_word' id='word_1_36' title='bbox 540 349 630 373; x_wconf 91' lang='lat' dir='ltr'>erant</span> <span class='ocrx_word' id='word_1_37' title='bbox 655 365 663 377; x_wconf 91' lang='lat'><strong><em>‚</em></strong></span> <span class='ocrx_word' id='word_1_38' title='bbox 696 342 727 373; x_wconf 72' lang='grc' dir='ltr'>δι</span> <span class='ocrx_word' id='word_1_39' title='bbox 751 337 860 375; x_wconf 87' lang='lat' dir='ltr'>solidae</span> <span class='ocrx_word' id='word_1_40' title='bbox 885 362 895 378; x_wconf 87' lang='lat'>‚</span> <span class='ocrx_word' id='word_1_41' title='bbox 931 347 1033 379; x_wconf 88' lang='lat' dir='ltr'>neque</span> <span class='ocrx_word' id='word_1_42' title='bbox 1056 347 1095 370; x_wconf 86' lang='lat' dir='ltr'>ex</span> <span class='ocrx_word' id='word_1_43' title='bbox 1117 337 1306 379; x_wconf 76' lang='lat' dir='ltr'>glandulosa</span> <span class='ocrx_word' id='word_1_44' title='bbox 1329 359 1340 375; x_wconf 88' lang='lat'>,</span> 
     </span>
     <span class='ocr_line' id='line_1_7' title="bbox 341 378 1341 427; baseline -0.003 -10"><span class='ocrx_word' id='word_1_45' title='bbox 341 396 445 427; x_wconf 78' lang='lat' dir='ltr'>neque</span> <span class='ocrx_word' id='word_1_46' title='bbox 469 395 507 417; x_wconf 86' lang='lat' dir='ltr'>ex</span> <span class='ocrx_word' id='word_1_47' title='bbox 529 393 638 419; x_wconf 82' lang='lat' dir='ltr'>carnea</span> <span class='ocrx_word' id='word_1_48' title='bbox 662 382 834 416; x_wconf 85' lang='lat' dir='ltr'>substantia</span> <span class='ocrx_word' id='word_1_49' title='bbox 855 378 973 420; x_wconf 65' lang='lat' dir='ltr'>fastae,</span> <span class='ocrx_word' id='word_1_50' title='bbox 997 379 1046 415; x_wconf 89' lang='lat' dir='ltr'>sed</span> <span class='ocrx_word' id='word_1_51' title='bbox 1069 382 1153 416; x_wconf 87' lang='lat' dir='ltr'>inter</span> <span class='ocrx_word' id='word_1_52' title='bbox 1172 388 1341 423; x_wconf 86' lang='lat' dir='ltr'>utramque</span> 
     </span>
     <span class='ocr_line' id='line_1_8' title="bbox 341 424 1341 468; baseline -0.003 -8"><span class='ocrx_word' id='word_1_53' title='bbox 341 430 455 462; x_wconf 75' lang='lat' dir='ltr'>inediae</span> <span class='ocrx_word' id='word_1_54' title='bbox 478 427 697 468; x_wconf 87' lang='lat' dir='ltr'>quadantenus</span> <span class='ocrx_word' id='word_1_55' title='bbox 721 425 914 459; x_wconf 86' lang='lat' dir='ltr'>videbantur</span> <span class='ocrx_word' id='word_1_56' title='bbox 938 448 948 457; x_wconf 84' lang='lat'><strong><em>.</em></strong></span> <span class='ocrx_word' id='word_1_57' title='bbox 980 424 1101 458; x_wconf 90' lang='lat' dir='ltr'>Censui</span> <span class='ocrx_word' id='word_1_58' title='bbox 1122 447 1136 465; x_wconf 81' lang='lat'><em>‚</em></span> <span class='ocrx_word' id='word_1_59' title='bbox 1167 424 1250 458; x_wconf 89' lang='lat' dir='ltr'>nihil</span> <span class='ocrx_word' id='word_1_60' title='bbox 1274 425 1341 457; x_wconf 87' lang='lat' dir='ltr'>veri</span> 
     </span>
     <span class='ocr_line' id='line_1_9' title="bbox 340 466 1345 512; baseline -0.004 -7"><span class='ocrx_word' id='word_1_61' title='bbox 340 471 477 506; x_wconf 78' lang='lat' dir='ltr'>similius</span> <span class='ocrx_word' id='word_1_62' title='bbox 501 481 517 502; x_wconf 86' lang='lat' dir='ltr'>a</span> <span class='ocrx_word' id='word_1_63' title='bbox 540 481 588 503; x_wconf 89' lang='lat' dir='ltr'>me</span> <span class='ocrx_word' id='word_1_64' title='bbox 611 468 696 511; x_wconf 73' lang='lat' dir='ltr'>posse</span> <span class='ocrx_word' id='word_1_65' title='bbox 720 468 814 503; x_wconf 88' lang='lat' dir='ltr'>statui</span> <span class='ocrx_word' id='word_1_66' title='bbox 838 477 976 512; x_wconf 36' lang='lat' dir='ltr'>„quam</span> <span class='ocrx_word' id='word_1_67' title='bbox 991 466 1021 500; x_wconf 77' lang='grc' dir='ltr'>.ίί</span> <span class='ocrx_word' id='word_1_68' title='bbox 1044 467 1259 510; x_wconf 87' lang='lat' dir='ltr'>disruptarum</span> <span class='ocrx_word' id='word_1_69' title='bbox 1283 466 1345 508; x_wconf 77' lang='lat' dir='ltr'>hy-</span> 
     </span>
     <span class='ocr_line' id='line_1_10' title="bbox 342 510 1346 554; baseline -0.005 -6"><span class='ocrx_word' id='word_1_70' title='bbox 342 515 492 548; x_wconf 80' lang='lat' dir='ltr'>datidum</span> <span class='ocrx_word' id='word_1_71' title='bbox 518 513 665 554; x_wconf 76' lang='lat' dir='ltr'>reliquias</span> <span class='ocrx_word' id='word_1_72' title='bbox 688 512 765 549; x_wconf 85' lang='lat' dir='ltr'>effe,</span> <span class='ocrx_word' id='word_1_73' title='bbox 791 511 986 554; x_wconf 67' lang='lat' dir='ltr'>conjicerem</span> <span class='ocrx_word' id='word_1_74' title='bbox 1001 532 1010 549; x_wconf 85' lang='lat'>‚</span> <span class='ocrx_word' id='word_1_75' title='bbox 1033 511 1067 543; x_wconf 95' lang='lat' dir='ltr'>in</span> <span class='ocrx_word' id='word_1_76' title='bbox 1092 510 1122 548; x_wconf 89' lang='lat' dir='ltr'>se</span> <span class='ocrx_word' id='word_1_77' title='bbox 1144 511 1346 550; x_wconf 67' lang='lat' dir='ltr'>conti-astas,</span> 
     </span>
     <span class='ocr_line' id='line_1_11' title="bbox 341 551 1339 595; baseline -0.006 -4"><span class='ocrx_word' id='word_1_78' title='bbox 341 557 395 591; x_wconf 88' lang='lat' dir='ltr'>secl</span> <span class='ocrx_word' id='word_1_79' title='bbox 419 555 553 591; x_wconf 82' lang='lat' dir='ltr'>necdum</span> <span class='ocrx_word' id='word_1_80' title='bbox 578 556 686 594; x_wconf 85' lang='lat' dir='ltr'>satis·,</span> <span class='ocrx_word' id='word_1_81' title='bbox 705 554 755 587; x_wconf 72' lang='lat' dir='ltr'>‘ut</span> <span class='ocrx_word' id='word_1_82' title='bbox 780 553 868 588; x_wconf 75' lang='lat' dir='ltr'>siccae</span> <span class='ocrx_word' id='word_1_83' title='bbox 891 551 950 587; x_wconf 82' lang='lat' dir='ltr'>esse</span> <span class='ocrx_word' id='word_1_84' title='bbox 974 552 1097 595; x_wconf 79' lang='lat' dir='ltr'>possent</span> <span class='ocrx_word' id='word_1_85' title='bbox 1117 576 1130 593; x_wconf 86' lang='lat'>,</span> <span class='ocrx_word' id='word_1_86' title='bbox 1159 556 1189 586; x_wconf 90' lang='lat'>&amp;</span> <span class='ocrx_word' id='word_1_87' title='bbox 1222 554 1308 588; x_wconf 75' lang='lat' dir='ltr'>durae</span> <span class='ocrx_word' id='word_1_88' title='bbox 1332 578 1339 585; x_wconf 90' lang='lat'><em>.</em></span> 
     </span>
     <span class='ocr_line' id='line_1_12' title="bbox 340 595 1342 640; baseline -0.005 -6"><span class='ocrx_word' id='word_1_89' title='bbox 340 600 414 634; x_wconf 88' lang='lat' dir='ltr'>Nec</span> <span class='ocrx_word' id='word_1_90' title='bbox 439 610 488 635; x_wconf 86' lang='lat' dir='ltr'>me</span> <span class='ocrx_word' id='word_1_91' title='bbox 510 599 666 634; x_wconf 84' lang='lat' dir='ltr'>deterruit</span> <span class='ocrx_word' id='word_1_92' title='bbox 690 601 823 637; x_wconf 81' lang='lat' dir='ltr'>tantus,</span> <span class='ocrx_word' id='word_1_93' title='bbox 846 597 1004 639; x_wconf 83' lang='lat' dir='ltr'>quantum</span> <span class='ocrx_word' id='word_1_94' title='bbox 1027 596 1068 631; x_wconf 85' lang='lat' dir='ltr'>fic</span> <span class='ocrx_word' id='word_1_95' title='bbox 1094 595 1186 630; x_wconf 86' lang='lat' dir='ltr'>fuisse</span> <span class='ocrx_word' id='word_1_96' title='bbox 1208 606 1342 640; x_wconf 88' lang='lat' dir='ltr'>oporte-</span> 
     </span>
     <span class='ocr_line' id='line_1_13' title="bbox 337 640 1342 686; baseline -0.003 -10"><span class='ocrx_word' id='word_1_97' title='bbox 337 643 392 680; x_wconf 84' lang='lat' dir='ltr'>bat</span> <span class='ocrx_word' id='word_1_98' title='bbox 419 667 427 681; x_wconf 91' lang='lat'>‚</span> <span class='ocrx_word' id='word_1_99' title='bbox 451 643 641 686; x_wconf 79' lang='lat' dir='ltr'>hydatrdum</span> <span class='ocrx_word' id='word_1_100' title='bbox 666 652 815 675; x_wconf 86' lang='lat' dir='ltr'>numerus</span> <span class='ocrx_word' id='word_1_101' title='bbox 837 663 846 677; x_wconf 92' lang='lat'>‚</span> <span class='ocrx_word' id='word_1_102' title='bbox 872 640 969 682; x_wconf 84' lang='lat' dir='ltr'>probe</span> <span class='ocrx_word' id='word_1_103' title='bbox 994 650 1168 674; x_wconf 84' lang='lat' dir='ltr'>memorem</span> <span class='ocrx_word' id='word_1_104' title='bbox 1191 641 1342 675; x_wconf 83' lang='lat' dir='ltr'>innume-</span> 
     </span>
     <span class='ocr_line' id='line_1_14' title="bbox 344 681 1341 728; baseline -0.003 -8"><span class='ocrx_word' id='word_1_105' title='bbox 344 697 450 720; x_wconf 76' lang='lat' dir='ltr'>rarum</span> <span class='ocrx_word' id='word_1_106' title='bbox 473 698 552 728; x_wconf 84' lang='lat' dir='ltr'>quas</span> <span class='ocrx_word' id='word_1_107' title='bbox 575 688 608 717; x_wconf 86' lang='lat' dir='ltr'>in</span> <span class='ocrx_word' id='word_1_108' title='bbox 635 683 812 718; x_wconf 77' lang='lat' dir='ltr'>Professore</span> <span class='ocrx_word' id='word_1_109' title='bbox 836 681 1036 718; x_wconf 72' lang='lat' dir='ltr'>Bononiensiv</span> <span class='ocrx_word' id='word_1_110' title='bbox 1063 684 1237 725; x_wconf 84' lang='lat' dir='ltr'>Peregrino</span> <span class='ocrx_word' id='word_1_111' title='bbox 1259 682 1341 717; x_wconf 82' lang='lat' dir='ltr'>olim</span> 
     </span>
     <span class='ocr_line' id='line_1_15' title="bbox 339 726 1340 770; baseline -0.003 -7"><span class='ocrx_word' id='word_1_112' title='bbox 339 729 493 763; x_wconf 80' lang='lat' dir='ltr'>Coiterus</span> <span class='ocrx_word' id='word_1_113' title='bbox 515 733 529 768; x_wconf 71' lang='grc' dir='ltr'>ζ</span> <span class='ocrx_word' id='word_1_114' title='bbox 551 740 566 762; x_wconf 88' lang='lat' dir='ltr'>e</span> <span class='ocrx_word' id='word_1_115' title='bbox 590 732 600 768; x_wconf 91' lang='lat'>)</span> <span class='ocrx_word' id='word_1_116' title='bbox 623 726 832 769; x_wconf 83' lang='lat' dir='ltr'>deprehendit</span> <span class='ocrx_word' id='word_1_117' title='bbox 847 751 854 759; x_wconf 94' lang='lat'><strong>.</strong></span> <span class='ocrx_word' id='word_1_118' title='bbox 871 726 1019 768; x_wconf 81' lang='lat' dir='ltr'>Ubique,</span> <span class='ocrx_word' id='word_1_119' title='bbox 1041 727 1173 769; x_wconf 85' lang='lat' dir='ltr'>inquit,</span> <span class='ocrx_word' id='word_1_120' title='bbox 1194 726 1340 770; x_wconf 78' lang='lat' dir='ltr'>mesente-</span> 
     </span>
     <span class='ocr_line' id='line_1_16' title="bbox 338 769 1339 813; baseline -0.004 -7"><span class='ocrx_word' id='word_1_121' title='bbox 338 773 386 807; x_wconf 84' lang='lat' dir='ltr'>rio</span> <span class='ocrx_word' id='word_1_122' title='bbox 411 794 420 809; x_wconf 91' lang='lat'>‚</span> <span class='ocrx_word' id='word_1_123' title='bbox 444 772 607 813; x_wconf 75' lang='lat' dir='ltr'>peritonaeo</span> <span class='ocrx_word' id='word_1_124' title='bbox 631 793 641 809; x_wconf 91' lang='lat'>,</span> <span class='ocrx_word' id='word_1_125' title='bbox 665 769 817 809; x_wconf 77' lang='lat' dir='ltr'>intestinis</span> <span class='ocrx_word' id='word_1_126' title='bbox 841 795 852 809; x_wconf 91' lang='lat'>‚</span> <span class='ocrx_word' id='word_1_127' title='bbox 875 769 950 802; x_wconf 72' lang='lat' dir='ltr'>lieni</span> <span class='ocrx_word' id='word_1_128' title='bbox 972 791 980 805; x_wconf 91' lang='lat'><strong><em>‚</em></strong></span> <span class='ocrx_word' id='word_1_129' title='bbox 1004 770 1132 811; x_wconf 77' lang='lat' dir='ltr'>hepati,</span> <span class='ocrx_word' id='word_1_130' title='bbox 1156 770 1283 812; x_wconf 75' lang='lat' dir='ltr'>denique</span> <span class='ocrx_word' id='word_1_131' title='bbox 1306 781 1339 802; x_wconf 89' lang='lat' dir='ltr'>o-</span> 
     </span>
     <span class='ocr_line' id='line_1_17' title="bbox 337 811 1338 856; baseline -0.001 -9"><span class='ocrx_word' id='word_1_132' title='bbox 337 815 461 851; x_wconf 77' lang='lat' dir='ltr'>mnibus</span> <span class='ocrx_word' id='word_1_133' title='bbox 485 814 653 856; x_wconf 60' lang='lat' dir='ltr'>vesceribur</span> <span class='ocrx_word' id='word_1_134' title='bbox 684 811 820 854; x_wconf 66' lang='lat' dir='ltr'>vesiculae</span> <span class='ocrx_word' id='word_1_135' title='bbox 843 812 987 854; x_wconf 63' lang='lat' dir='ltr'>inaequali</span> <span class='ocrx_word' id='word_1_136' title='bbox 1009 812 1219 855; x_wconf 81' lang='lat' dir='ltr'><em>magnitudine</em></span> <span class='ocrx_word' id='word_1_137' title='bbox 1244 838 1254 854; x_wconf 87' lang='lat'>‚</span> <span class='ocrx_word' id='word_1_138' title='bbox 1286 820 1338 846; x_wconf 67' lang='lat' dir='ltr'>‘ecc-</span> 
     </span>
     <span class='ocr_line' id='line_1_18' title="bbox 340 853 1340 901; baseline -0.005 -10"><span class='ocrx_word' id='word_1_139' title='bbox 340 868 397 901; x_wconf 86' lang='lat' dir='ltr'>que</span> <span class='ocrx_word' id='word_1_140' title='bbox 422 869 500 898; x_wconf 77' lang='lat' dir='ltr'>aqua</span> <span class='ocrx_word' id='word_1_141' title='bbox 525 857 656 898; x_wconf 74' lang='lat' dir='ltr'>lzmpz&#39;da</span> <span class='ocrx_word' id='word_1_142' title='bbox 675 854 771 898; x_wconf 80' lang='lat' dir='ltr'>plenae</span> <span class='ocrx_word' id='word_1_143' title='bbox 795 880 803 894; x_wconf 86' lang='lat'>‚</span> <span class='ocrx_word' id='word_1_144' title='bbox 829 853 1040 888; x_wconf 66' lang='lat' dir='ltr'>adhaerebant,</span> <span class='ocrx_word' id='word_1_145' title='bbox 1065 857 1111 888; x_wconf 83' lang='lat' dir='ltr'>Et</span> <span class='ocrx_word' id='word_1_146' title='bbox 1133 866 1174 891; x_wconf 90' lang='lat' dir='ltr'>ne</span> <span class='ocrx_word' id='word_1_147' title='bbox 1196 856 1236 890; x_wconf 90' lang='lat' dir='ltr'>ab</span> <span class='ocrx_word' id='word_1_148' title='bbox 1260 856 1340 890; x_wconf 88' lang='lat' dir='ltr'>alio.</span> 
     </span>
     <span class='ocr_line' id='line_1_19' title="bbox 337 898 1340 942; baseline -0.003 -7"><span class='ocrx_word' id='word_1_149' title='bbox 337 912 410 935; x_wconf 86' lang='lat' dir='ltr'>rum</span> <span class='ocrx_word' id='word_1_150' title='bbox 435 901 593 934; x_wconf 87' lang='lat' dir='ltr'>Veterum</span> <span class='ocrx_word' id='word_1_151' title='bbox 618 898 913 933; x_wconf 76' lang='lat' dir='ltr'>Observationibus</span> <span class='ocrx_word' id='word_1_152' title='bbox 937 919 946 934; x_wconf 87' lang='lat'><strong><em>‚</em></strong></span> <span class='ocrx_word' id='word_1_153' title='bbox 981 901 1048 932; x_wconf 89' lang='lat' dir='ltr'>imo</span> <span class='ocrx_word' id='word_1_154' title='bbox 1084 910 1121 933; x_wconf 90' lang='lat' dir='ltr'>ne</span> <span class='ocrx_word' id='word_1_155' title='bbox 1155 900 1195 934; x_wconf 88' lang='lat' dir='ltr'>ab</span> <span class='ocrx_word' id='word_1_156' title='bbox 1228 899 1340 942; x_wconf 78' lang='lat' dir='ltr'>Sepul-</span> 
     </span>
     <span class='ocr_line' id='line_1_20' title="bbox 336 940 1338 991; baseline -0.005 -13"><span class='ocrx_word' id='word_1_157' title='bbox 336 943 450 978; x_wconf 85' lang='lat' dir='ltr'>chreto</span> <span class='ocrx_word' id='word_1_158' title='bbox 472 966 486 991; x_wconf 52' lang='grc' dir='ltr'><strong><em>ρ</em></strong></span> <span class='ocrx_word' id='word_1_159' title='bbox 520 945 554 977; x_wconf 86' lang='lat' dir='ltr'>in</span> <span class='ocrx_word' id='word_1_160' title='bbox 577 954 644 986; x_wconf 87' lang='lat' dir='ltr'>quo</span> <span class='ocrx_word' id='word_1_161' title='bbox 668 945 699 976; x_wconf 70' lang='grc' dir='ltr'>δι’</span> <span class='ocrx_word' id='word_1_162' title='bbox 721 940 781 975; x_wconf 87' lang='lat' dir='ltr'>ista</span> <span class='ocrx_word' id='word_1_163' title='bbox 806 942 933 974; x_wconf 86' lang='lat' dir='ltr'>Coiteri</span> <span class='ocrx_word' id='word_1_164' title='bbox 958 952 1023 975; x_wconf 87' lang='lat' dir='ltr'>non</span> <span class='ocrx_word' id='word_1_165' title='bbox 1059 942 1186 984; x_wconf 75' lang='lat' dir='ltr'>prorsus</span> <span class='ocrx_word' id='word_1_166' title='bbox 1208 945 1338 976; x_wconf 87' lang='lat' dir='ltr'>omitti..</span> 
     </span>
     <span class='ocr_line' id='line_1_21' title="bbox 335 985 1336 1032; baseline -0.009 -9"><span class='ocrx_word' id='word_1_167' title='bbox 335 998 390 1023; x_wconf 85' lang='lat' dir='ltr'>tur</span> <span class='ocrx_word' id='word_1_168' title='bbox 425 987 475 1032; x_wconf 84' lang='lat' dir='ltr'>(f</span> <span class='ocrx_word' id='word_1_169' title='bbox 497 990 507 1026; x_wconf 93' lang='lat'><em>)</em></span> <span class='ocrx_word' id='word_1_170' title='bbox 532 1010 541 1025; x_wconf 89' lang='lat'>‚</span> <span class='ocrx_word' id='word_1_171' title='bbox 567 987 746 1026; x_wconf 68' lang='lat' dir='ltr'>te&#39;longius</span> <span class='ocrx_word' id='word_1_172' title='bbox 780 985 934 1020; x_wconf 85' lang='lat' dir='ltr'>abducam</span> <span class='ocrx_word' id='word_1_173' title='bbox 959 999 968 1022; x_wconf 64' lang='grc' dir='ltr'><strong>ς</strong></span> <span class='ocrx_word' id='word_1_174' title='bbox 1011 986 1083 1020; x_wconf 87' lang='lat' dir='ltr'>vide</span> <span class='ocrx_word' id='word_1_175' title='bbox 1106 1010 1116 1025; x_wconf 94' lang='lat'>,</span> <span class='ocrx_word' id='word_1_176' title='bbox 1148 996 1184 1020; x_wconf 84' lang='lat' dir='ltr'>ut</span> <span class='ocrx_word' id='word_1_177' title='bbox 1205 986 1336 1028; x_wconf 70' lang='lat' dir='ltr'>Philip-</span> 
     </span>
     <span class='ocr_line' id='line_1_22' title="bbox 335 1028 1337 1074; baseline 0 -10"><span class='ocrx_word' id='word_1_178' title='bbox 335 1042 394 1074; x_wconf 88' lang='lat' dir='ltr'>pus</span> <span class='ocrx_word' id='word_1_179' title='bbox 417 1029 536 1066; x_wconf 78' lang='lat' dir='ltr'>Persius</span> <span class='ocrx_word' id='word_1_180' title='bbox 567 1034 580 1073; x_wconf 82' lang='lat'>&lt;</span> <span class='ocrx_word' id='word_1_181' title='bbox 600 1040 621 1072; x_wconf 90' lang='lat' dir='ltr'>g</span> <span class='ocrx_word' id='word_1_182' title='bbox 643 1032 671 1071; x_wconf 68' lang='lat'>&gt;⁴</span> <span class='ocrx_word' id='word_1_183' title='bbox 689 1031 722 1061; x_wconf 89' lang='lat' dir='ltr'>in</span> <span class='ocrx_word' id='word_1_184' title='bbox 748 1028 884 1063; x_wconf 82' lang='lat' dir='ltr'>foemina</span> <span class='ocrx_word' id='word_1_185' title='bbox 899 1052 908 1067; x_wconf 92' lang='lat'>,</span> <span class='ocrx_word' id='word_1_186' title='bbox 933 1040 1004 1070; x_wconf 87' lang='lat' dir='ltr'>quae</span> <span class='ocrx_word' id='word_1_187' title='bbox 1025 1052 1037 1068; x_wconf 91' lang='lat'>,</span> <span class='ocrx_word' id='word_1_188' title='bbox 1061 1028 1105 1064; x_wconf 64' lang='lat' dir='ltr'>&#39;ut</span> <span class='ocrx_word' id='word_1_189' title='bbox 1128 1030 1231 1071; x_wconf 79' lang='lat' dir='ltr'>nostra</span> <span class='ocrx_word' id='word_1_190' title='bbox 1256 1031 1337 1064; x_wconf 90' lang='lat' dir='ltr'>Vir-</span> 
     </span>
     <span class='ocr_line' id='line_1_23' title="bbox 335 1072 1337 1117; baseline -0.002 -10"><span class='ocrx_word' id='word_1_191' title='bbox 335 1086 376 1117; x_wconf 84' lang='lat' dir='ltr'>go</span> <span class='ocrx_word' id='word_1_192' title='bbox 401 1097 409 1112; x_wconf 88' lang='lat'>,</span> <span class='ocrx_word' id='word_1_193' title='bbox 439 1085 479 1107; x_wconf 86' lang='lat' dir='ltr'>ex</span> <span class='ocrx_word' id='word_1_194' title='bbox 502 1073 663 1115; x_wconf 82' lang='lat' dir='ltr'>suppreffis</span> <span class='ocrx_word' id='word_1_195' title='bbox 690 1072 845 1106; x_wconf 81' lang='lat' dir='ltr'>mensibus</span> <span class='ocrx_word' id='word_1_196' title='bbox 868 1074 1023 1108; x_wconf 79' lang='lat' dir='ltr'>inciderat</span> <span class='ocrx_word' id='word_1_197' title='bbox 1057 1073 1090 1105; x_wconf 92' lang='lat' dir='ltr'>in</span> <span class='ocrx_word' id='word_1_198' title='bbox 1124 1072 1304 1115; x_wconf 83' lang='lat' dir='ltr'>hydropem</span> <span class='ocrx_word' id='word_1_199' title='bbox 1329 1096 1337 1111; x_wconf 92' lang='lat'>‚</span> 
     </span>
     <span class='ocr_line' id='line_1_24' title="bbox 334 1114 1339 1161; baseline -0.003 -10"><span class='ocrx_word' id='word_1_200' title='bbox 334 1117 494 1161; x_wconf 85' lang='lat' dir='ltr'>ejusmodi</span> <span class='ocrx_word' id='word_1_201' title='bbox 517 1116 626 1150; x_wconf 74' lang='lat' dir='ltr'>veficis</span> <span class='ocrx_word' id='word_1_202' title='bbox 656 1116 801 1158; x_wconf 88' lang='lat' dir='ltr'>pendulis</span> <span class='ocrx_word' id='word_1_203' title='bbox 824 1115 843 1157; x_wconf 85' lang='lat'><em>(</em></span> <span class='ocrx_word' id='word_1_204' title='bbox 859 1125 1004 1151; x_wconf 75' lang='lat' dir='ltr'>numerus</span> <span class='ocrx_word' id='word_1_205' title='bbox 1026 1114 1184 1158; x_wconf 77' lang='lat' dir='ltr'>excefflffet</span> <span class='ocrx_word' id='word_1_206' title='bbox 1208 1126 1339 1158; x_wconf 75' lang='lat' dir='ltr'>nongen-</span> 
     </span>
     <span class='ocr_line' id='line_1_25' title="bbox 333 1159 1340 1201; baseline -0.002 -6"><span class='ocrx_word' id='word_1_207' title='bbox 333 1169 383 1195; x_wconf 79' lang='lat' dir='ltr'>tas</span> <span class='ocrx_word' id='word_1_208' title='bbox 409 1165 418 1198; x_wconf 90' lang='lat'>)</span> <span class='ocrx_word' id='word_1_209' title='bbox 435 1160 594 1201; x_wconf 80' lang='lat' dir='ltr'>scatentes</span> <span class='ocrx_word' id='word_1_210' title='bbox 619 1160 776 1193; x_wconf 84' lang='lat' dir='ltr'>invenerit</span> <span class='ocrx_word' id='word_1_211' title='bbox 799 1169 885 1191; x_wconf 83' lang='lat' dir='ltr'>renes</span> <span class='ocrx_word' id='word_1_212' title='bbox 908 1183 917 1198; x_wconf 92' lang='lat'>,</span> <span class='ocrx_word' id='word_1_213' title='bbox 941 1166 1064 1193; x_wconf 80' lang='lat' dir='ltr'>uterum</span> <span class='ocrx_word' id='word_1_214' title='bbox 1086 1181 1096 1198; x_wconf 87' lang='lat'>,</span> <span class='ocrx_word' id='word_1_215' title='bbox 1118 1159 1340 1200; x_wconf 70' lang='lat' dir='ltr'>ventriculum,</span> 
     </span>
     <span class='ocr_line' id='line_1_26' title="bbox 333 1201 1336 1247; baseline 0.001 -11"><span class='ocrx_word' id='word_1_216' title='bbox 333 1203 496 1242; x_wconf 72' lang='lat' dir='ltr'>intestina,</span> <span class='ocrx_word' id='word_1_217' title='bbox 519 1209 590 1242; x_wconf 73' lang='lat' dir='ltr'>cor,</span> <span class='ocrx_word' id='word_1_218' title='bbox 610 1203 819 1247; x_wconf 77' lang='lat' dir='ltr'>pericardium</span> <span class='ocrx_word' id='word_1_219' title='bbox 845 1227 855 1242; x_wconf 89' lang='lat'>,</span> <span class='ocrx_word' id='word_1_220' title='bbox 877 1201 969 1242; x_wconf 65' lang='lat' dir='ltr'>hepar</span> <span class='ocrx_word' id='word_1_221' title='bbox 993 1224 1002 1238; x_wconf 92' lang='lat'><em>‚</em></span> <span class='ocrx_word' id='word_1_222' title='bbox 1026 1202 1068 1234; x_wconf 75' lang='lat'>&amp;¹</span> <span class='ocrx_word' id='word_1_223' title='bbox 1089 1201 1217 1236; x_wconf 80' lang='lat' dir='ltr'>lienem:</span> <span class='ocrx_word' id='word_1_224' title='bbox 1242 1203 1336 1237; x_wconf 86' lang='lat' dir='ltr'>itern-</span> 
     </span>
     <span class='ocr_line' id='line_1_27' title="bbox 332 1243 1340 1290; baseline -0.002 -9"><span class='ocrx_word' id='word_1_225' title='bbox 332 1259 394 1290; x_wconf 86' lang='lat' dir='ltr'>que</span> <span class='ocrx_word' id='word_1_226' title='bbox 419 1256 454 1279; x_wconf 88' lang='lat' dir='ltr'>ut</span> <span class='ocrx_word' id='word_1_227' title='bbox 479 1249 512 1279; x_wconf 88' lang='lat' dir='ltr'>in</span> <span class='ocrx_word' id='word_1_228' title='bbox 541 1248 644 1280; x_wconf 77' lang='lat' dir='ltr'>&#39;altera</span> <span class='ocrx_word' id='word_1_229' title='bbox 669 1246 844 1279; x_wconf 74' lang='lat' dir='ltr'>Mauritius</span> <span class='ocrx_word' id='word_1_230' title='bbox 870 1244 1025 1277; x_wconf 82' lang='lat' dir='ltr'>Cordaeus</span> <span class='ocrx_word' id='word_1_231' title='bbox 1056 1247 1070 1284; x_wconf 88' lang='lat'>&lt;</span> <span class='ocrx_word' id='word_1_232' title='bbox 1094 1243 1113 1277; x_wconf 85' lang='lat' dir='ltr'><em>h</em></span> <span class='ocrx_word' id='word_1_233' title='bbox 1130 1244 1148 1287; x_wconf 82' lang='lat'><strong><em>)</em></strong></span> <span class='ocrx_word' id='word_1_234' title='bbox 1183 1245 1270 1279; x_wconf 83' lang='lat' dir='ltr'>intus</span> <span class='ocrx_word' id='word_1_235' title='bbox 1302 1259 1340 1279; x_wconf 94' lang='lat' dir='ltr'>o-</span> 
     </span>
     <span class='ocr_line' id='line_1_28' title="bbox 334 1286 1340 1332; baseline -0.007 -8"><span class='ocrx_word' id='word_1_236' title='bbox 334 1302 421 1325; x_wconf 82' lang='lat' dir='ltr'>rnnes</span> <span class='ocrx_word' id='word_1_237' title='bbox 445 1311 454 1326; x_wconf 89' lang='lat'><strong><em>‚</em></strong></span> <span class='ocrx_word' id='word_1_238' title='bbox 478 1290 618 1331; x_wconf 72' lang='lat' dir='ltr'>aliasque</span> <span class='ocrx_word' id='word_1_239' title='bbox 645 1292 750 1321; x_wconf 71' lang='lat' dir='ltr'>Partes</span> <span class='ocrx_word' id='word_1_240' title='bbox 772 1311 785 1328; x_wconf 86' lang='lat'>,</span> <span class='ocrx_word' id='word_1_241' title='bbox 808 1289 907 1320; x_wconf 88' lang='lat' dir='ltr'>mitto</span> <span class='ocrx_word' id='word_1_242' title='bbox 932 1292 1041 1326; x_wconf 85' lang='lat' dir='ltr'>intus,</span> <span class='ocrx_word' id='word_1_243' title='bbox 1064 1287 1162 1325; x_wconf 59' lang='lat' dir='ltr'>tebias</span> <span class='ocrx_word' id='word_1_244' title='bbox 1184 1286 1264 1330; x_wconf 75' lang='lat' dir='ltr'>lusce</span> <span class='ocrx_word' id='word_1_245' title='bbox 1287 1300 1340 1332; x_wconf 78' lang='grc' dir='ltr'>ορ-</span> 
     </span>
     <span class='ocr_line' id='line_1_29' title="bbox 329 1329 1338 1377; baseline -0.001 -11"><span class='ocrx_word' id='word_1_246' title='bbox 329 1330 502 1376; x_wconf 55' lang='lat' dir='ltr'>pressasque</span> <span class='ocrx_word' id='word_1_247' title='bbox 519 1332 605 1375; x_wconf 64' lang='lat' dir='ltr'>feris</span> <span class='ocrx_word' id='word_1_248' title='bbox 626 1333 766 1375; x_wconf 83' lang='lat' dir='ltr'>cystibus</span> <span class='ocrx_word' id='word_1_249' title='bbox 785 1329 929 1377; x_wconf 42' lang='lat' dir='ltr'>penduli}</span> <span class='ocrx_word' id='word_1_250' title='bbox 953 1332 1050 1364; x_wconf 76' lang='lat' dir='ltr'>variae</span> <span class='ocrx_word' id='word_1_251' title='bbox 1074 1332 1303 1372; x_wconf 72' lang='lat' dir='ltr'>magnitudinis</span> <span class='ocrx_word' id='word_1_252' title='bbox 1328 1360 1338 1374; x_wconf 90' lang='lat'>,</span> 
     </span>
     <span class='ocr_line' id='line_1_30' title="bbox 331 1374 1337 1417; baseline -0.002 -7"><span class='ocrx_word' id='word_1_253' title='bbox 331 1380 361 1410; x_wconf 67' lang='grc' dir='ltr'>ἃ</span> <span class='ocrx_word' id='word_1_254' title='bbox 384 1377 496 1410; x_wconf 84' lang='lat' dir='ltr'>formae</span> <span class='ocrx_word' id='word_1_255' title='bbox 520 1400 533 1416; x_wconf 86' lang='lat'>,</span> <span class='ocrx_word' id='word_1_256' title='bbox 565 1386 642 1417; x_wconf 72' lang='lat' dir='ltr'>aqua</span> <span class='ocrx_word' id='word_1_257' title='bbox 667 1376 781 1409; x_wconf 79' lang='lat' dir='ltr'>citrina</span> <span class='ocrx_word' id='word_1_258' title='bbox 806 1374 938 1416; x_wconf 70' lang='lat' dir='ltr'>oppletzs</span> <span class='ocrx_word' id='word_1_259' title='bbox 961 1398 970 1413; x_wconf 92' lang='lat'>,</span> <span class='ocrx_word' id='word_1_260' title='bbox 1001 1386 1071 1415; x_wconf 85' lang='lat' dir='ltr'>quae</span> <span class='ocrx_word' id='word_1_261' title='bbox 1095 1375 1337 1417; x_wconf 58' lang='lat' dir='ltr'>offiirzgentarum</span> 
     </span>
     <span class='ocr_line' id='line_1_31' title="bbox 332 1417 1338 1463; baseline -0.001 -10"><span class='ocrx_word' id='word_1_262' title='bbox 332 1431 457 1454; x_wconf 75' lang='lat' dir='ltr'>numero</span> <span class='ocrx_word' id='word_1_263' title='bbox 475 1418 573 1463; x_wconf 76' lang='lat' dir='ltr'>facile</span> <span class='ocrx_word' id='word_1_264' title='bbox 590 1417 780 1462; x_wconf 64' lang='lat' dir='ltr'>japeraffet;</span> <span class='ocrx_word' id='word_1_265' title='bbox 803 1429 841 1454; x_wconf 88' lang='lat' dir='ltr'>ne</span> <span class='ocrx_word' id='word_1_266' title='bbox 866 1418 997 1451; x_wconf 78' lang='lat' dir='ltr'>tertiam</span> <span class='ocrx_word' id='word_1_267' title='bbox 1023 1429 1219 1458; x_wconf 78' lang='lat' dir='ltr'>memorem,</span> <span class='ocrx_word' id='word_1_268' title='bbox 1243 1422 1338 1463; x_wconf 88' lang='lat' dir='ltr'>quip-</span> 
     </span>
     <span class='ocr_line' id='line_1_32' title="bbox 330 1460 1341 1508; baseline -0.007 -10"><span class='ocrx_word' id='word_1_269' title='bbox 330 1475 369 1508; x_wconf 88' lang='lat' dir='ltr'>pe</span> <span class='ocrx_word' id='word_1_270' title='bbox 392 1464 528 1499; x_wconf 84' lang='lat' dir='ltr'>necdum</span> <span class='ocrx_word' id='word_1_271' title='bbox 551 1462 651 1496; x_wconf 84' lang='lat' dir='ltr'>effuso</span> <span class='ocrx_word' id='word_1_272' title='bbox 673 1464 705 1494; x_wconf 91' lang='lat' dir='ltr'>in</span> <span class='ocrx_word' id='word_1_273' title='bbox 731 1472 875 1495; x_wconf 88' lang='lat' dir='ltr'>ventrem</span> <span class='ocrx_word' id='word_1_274' title='bbox 898 1460 1055 1498; x_wconf 88' lang='lat' dir='ltr'>humore,</span> <span class='ocrx_word' id='word_1_275' title='bbox 1077 1473 1148 1503; x_wconf 81' lang='lat' dir='ltr'>quae</span> <span class='ocrx_word' id='word_1_276' title='bbox 1173 1473 1245 1495; x_wconf 81' lang='lat' dir='ltr'>curn</span> <span class='ocrx_word' id='word_1_277' title='bbox 1272 1474 1341 1501; x_wconf 49' lang='lat' dir='ltr'>uge-</span> 
     </span>
     <span class='ocr_line' id='line_1_33' title="bbox 331 1506 1340 1549; baseline -0.002 -7"><span class='ocrx_word' id='word_1_278' title='bbox 331 1519 404 1543; x_wconf 90' lang='lat' dir='ltr'>rum</span> <span class='ocrx_word' id='word_1_279' title='bbox 429 1506 511 1541; x_wconf 88' lang='lat' dir='ltr'>ferre</span> <span class='ocrx_word' id='word_1_280' title='bbox 535 1516 702 1549; x_wconf 77' lang='lat' dir='ltr'>putaretur</span> <span class='ocrx_word' id='word_1_281' title='bbox 728 1531 737 1545; x_wconf 97' lang='lat'>,</span> <span class='ocrx_word' id='word_1_282' title='bbox 760 1512 865 1539; x_wconf 78' lang='lat' dir='ltr'>totum</span> <span class='ocrx_word' id='word_1_283' title='bbox 887 1514 997 1546; x_wconf 76' lang='lat' dir='ltr'>corpur</span> <span class='ocrx_word' id='word_1_284' title='bbox 1021 1506 1179 1540; x_wconf 73' lang='lat' dir='ltr'>internum</span> <span class='ocrx_word' id='word_1_285' title='bbox 1205 1506 1340 1546; x_wconf 82' lang='lat' dir='ltr'>habuit,</span> 
     </span>
     <span class='ocr_line' id='line_1_34' title="bbox 332 1548 1341 1594; baseline 0.003 -11"><span class='ocrx_word' id='word_1_286' title='bbox 332 1550 497 1594; x_wconf 73' lang='lat' dir='ltr'>Epiploum</span> <span class='ocrx_word' id='word_1_287' title='bbox 520 1574 533 1590; x_wconf 88' lang='lat'><em>‚</em></span> <span class='ocrx_word' id='word_1_288' title='bbox 576 1548 755 1590; x_wconf 76' lang='lat' dir='ltr'>Mefizraeum</span> <span class='ocrx_word' id='word_1_289' title='bbox 779 1573 788 1587; x_wconf 81' lang='lat'>‚</span> <span class='ocrx_word' id='word_1_290' title='bbox 829 1551 935 1590; x_wconf 84' lang='lat' dir='ltr'>Hepar</span> <span class='ocrx_word' id='word_1_291' title='bbox 957 1570 969 1587; x_wconf 85' lang='lat'>,</span> <span class='ocrx_word' id='word_1_292' title='bbox 1013 1550 1135 1583; x_wconf 81' lang='lat' dir='ltr'>Lienem</span> <span class='ocrx_word' id='word_1_293' title='bbox 1157 1570 1169 1587; x_wconf 90' lang='lat'>,</span> <span class='ocrx_word' id='word_1_294' title='bbox 1213 1549 1341 1585; x_wconf 78' lang='lat' dir='ltr'>‘Pulmo-</span> 
     </span>
     <span class='ocr_line' id='line_1_35' title="bbox 334 1590 1340 1635; baseline -0.003 -9"><span class='ocrx_word' id='word_1_295' title='bbox 334 1605 387 1629; x_wconf 83' lang='lat' dir='ltr'>nes</span> <span class='ocrx_word' id='word_1_296' title='bbox 412 1618 423 1634; x_wconf 93' lang='lat'>,</span> <span class='ocrx_word' id='word_1_297' title='bbox 470 1598 525 1627; x_wconf 87' lang='lat' dir='ltr'>Cor</span> <span class='ocrx_word' id='word_1_298' title='bbox 547 1604 663 1635; x_wconf 60' lang='lat' dir='ltr'>qaoque</span> <span class='ocrx_word' id='word_1_299' title='bbox 695 1592 794 1633; x_wconf 74' lang='lat' dir='ltr'>ipsum</span> <span class='ocrx_word' id='word_1_300' title='bbox 812 1616 819 1630; x_wconf 90' lang='lat'>,</span> <span class='ocrx_word' id='word_1_301' title='bbox 853 1592 894 1623; x_wconf 64' lang='grc' dir='ltr'>(θ’</span> <span class='ocrx_word' id='word_1_302' title='bbox 914 1591 1121 1625; x_wconf 73' lang='lat' dir='ltr'>‘Peritonaeum</span> <span class='ocrx_word' id='word_1_303' title='bbox 1153 1590 1248 1634; x_wconf 83' lang='lat' dir='ltr'>obfita</span> <span class='ocrx_word' id='word_1_304' title='bbox 1287 1604 1340 1628; x_wconf 70' lang='lat' dir='ltr'>ve.</span> 
     </span>
     <span class='ocr_line' id='line_1_36' title="bbox 326 1634 1337 1681; baseline 0 -10"><span class='ocrx_word' id='word_1_305' title='bbox 326 1638 437 1681; x_wconf 75' lang='lat' dir='ltr'>siculis</span> <span class='ocrx_word' id='word_1_306' title='bbox 459 1648 538 1680; x_wconf 72' lang='lat' dir='ltr'>aqua</span> <span class='ocrx_word' id='word_1_307' title='bbox 558 1635 714 1678; x_wconf 69' lang='lat' dir='ltr'>pariffirrm</span> <span class='ocrx_word' id='word_1_308' title='bbox 734 1635 855 1681; x_wconf 70' lang='lat' dir='ltr'>plenis,</span> <span class='ocrx_word' id='word_1_309' title='bbox 881 1645 919 1667; x_wconf 84' lang='lat' dir='ltr'>ex</span> <span class='ocrx_word' id='word_1_310' title='bbox 942 1634 1087 1672; x_wconf 80' lang='lat' dir='ltr'>Ballonii</span> <span class='ocrx_word' id='word_1_311' title='bbox 1111 1640 1122 1677; x_wconf 96' lang='lat'>(</span> <span class='ocrx_word' id='word_1_312' title='bbox 1143 1636 1190 1677; x_wconf 85' lang='grc' dir='ltr'>ι’)</span> <span class='ocrx_word' id='word_1_313' title='bbox 1213 1637 1337 1674; x_wconf 70' lang='lat' dir='ltr'>Obser-⁰</span> 
     </span>
     <span class='ocr_line' id='line_1_37' title="bbox 333 1692 481 1716; baseline -0.014 0"><span class='ocrx_word' id='word_1_314' title='bbox 333 1692 481 1716; x_wconf 82' lang='lat' dir='ltr'>vatione.</span> 
     </span>
    </p>

    <p class='ocr_par' dir='ltr' id='par_1_3' title="bbox 299 1722 1349 3464">
     <span class='ocr_line' id='line_1_38' title="bbox 373 1722 1339 1768; baseline -0.004 -9"><span class='ocrx_word' id='word_1_315' title='bbox 373 1728 424 1768; x_wconf 82' lang='lat'>36.</span> <span class='ocrx_word' id='word_1_316' title='bbox 452 1724 555 1759; x_wconf 85' lang='lat' dir='ltr'>Vides</span> <span class='ocrx_word' id='word_1_317' title='bbox 578 1724 680 1766; x_wconf 77' lang='lat' dir='ltr'>igitur</span> <span class='ocrx_word' id='word_1_318' title='bbox 703 1734 775 1766; x_wconf 83' lang='lat' dir='ltr'>quae</span> <span class='ocrx_word' id='word_1_319' title='bbox 799 1722 907 1765; x_wconf 76' lang='lat' dir='ltr'>passim</span> <span class='ocrx_word' id='word_1_320' title='bbox 934 1724 967 1755; x_wconf 89' lang='lat' dir='ltr'>in</span> <span class='ocrx_word' id='word_1_321' title='bbox 994 1723 1099 1757; x_wconf 84' lang='lat' dir='ltr'>nostra</span> <span class='ocrx_word' id='word_1_322' title='bbox 1123 1723 1262 1767; x_wconf 83' lang='lat' dir='ltr'>Virgine</span> <span class='ocrx_word' id='word_1_323' title='bbox 1285 1734 1339 1760; x_wconf 61' lang='lat' dir='ltr'>tu„</span> 
     </span>
     <span class='ocr_line' id='line_1_39' title="bbox 331 1765 1342 1811; baseline -0.001 -8"><span class='ocrx_word' id='word_1_324' title='bbox 331 1769 469 1804; x_wconf 87' lang='lat' dir='ltr'>berculis</span> <span class='ocrx_word' id='word_1_325' title='bbox 494 1769 608 1811; x_wconf 69' lang='lat' dir='ltr'>asperae</span> <span class='ocrx_word' id='word_1_326' title='bbox 633 1777 721 1800; x_wconf 79' lang='lat' dir='ltr'>erant</span> <span class='ocrx_word' id='word_1_327' title='bbox 735 1767 841 1800; x_wconf 84' lang='lat' dir='ltr'>Partes</span> <span class='ocrx_word' id='word_1_328' title='bbox 858 1792 866 1805; x_wconf 85' lang='lat'>,</span> <span class='ocrx_word' id='word_1_329' title='bbox 890 1768 923 1800; x_wconf 89' lang='lat' dir='ltr'>in</span> <span class='ocrx_word' id='word_1_330' title='bbox 949 1766 1019 1800; x_wconf 86' lang='lat' dir='ltr'>aliis</span> <span class='ocrx_word' id='word_1_331' title='bbox 1041 1765 1251 1810; x_wconf 79' lang='lat' dir='ltr'>hydropicis,</span> <span class='ocrx_word' id='word_1_332' title='bbox 1278 1768 1342 1811; x_wconf 85' lang='lat' dir='ltr'>hy·</span> 
     </span>
     <span class='ocr_line' id='line_1_40' title="bbox 331 1809 1338 1852; baseline -0.005 -6"><span class='ocrx_word' id='word_1_333' title='bbox 331 1812 498 1848; x_wconf 82' lang='lat' dir='ltr'>datidibus</span> <span class='ocrx_word' id='word_1_334' title='bbox 521 1810 760 1845; x_wconf 78' lang='lat' dir='ltr'>confertiilimis</span> <span class='ocrx_word' id='word_1_335' title='bbox 795 1809 887 1845; x_wconf 77' lang='lat' dir='ltr'>fuisse</span> <span class='ocrx_word' id='word_1_336' title='bbox 910 1811 1029 1844; x_wconf 85' lang='lat' dir='ltr'>oblitas</span> <span class='ocrx_word' id='word_1_337' title='bbox 1052 1832 1062 1847; x_wconf 90' lang='lat'>‚</span> <span class='ocrx_word' id='word_1_338' title='bbox 1087 1813 1259 1852; x_wconf 84' lang='lat' dir='ltr'>intestina,</span> <span class='ocrx_word' id='word_1_339' title='bbox 1283 1814 1338 1846; x_wconf 86' lang='lat' dir='ltr'>lie.</span> 
     </span>
     <span class='ocr_line' id='line_1_41' title="bbox 299 1854 1339 1898; baseline -0.003 -7"><span class='ocrx_word' id='word_1_340' title='bbox 299 1858 301 1860; x_wconf 73' lang='grc'>’</span> <span class='ocrx_word' id='word_1_341' title='bbox 331 1869 429 1897; x_wconf 82' lang='lat' dir='ltr'>nem,</span> <span class='ocrx_word' id='word_1_342' title='bbox 455 1859 668 1898; x_wconf 70' lang='lat' dir='ltr'>peritonaeum</span> <span class='ocrx_word' id='word_1_343' title='bbox 694 1880 701 1887; x_wconf 95' lang='lat'>.</span> <span class='ocrx_word' id='word_1_344' title='bbox 726 1855 816 1894; x_wconf 82' lang='lat' dir='ltr'>Qun</span> <span class='ocrx_word' id='word_1_345' title='bbox 841 1854 903 1888; x_wconf 89' lang='lat' dir='ltr'>hoc</span> <span class='ocrx_word' id='word_1_346' title='bbox 928 1855 1104 1896; x_wconf 84' lang='lat' dir='ltr'>aliquando</span> <span class='ocrx_word' id='word_1_347' title='bbox 1126 1864 1178 1888; x_wconf 90' lang='lat' dir='ltr'>tot</span> <span class='ocrx_word' id='word_1_348' title='bbox 1200 1856 1339 1890; x_wconf 88' lang='lat' dir='ltr'>obduci-</span> 
     </span>
     <span class='ocr_line' id='line_1_42' title="bbox 332 1896 1341 1941; baseline -0.002 -8"><span class='ocrx_word' id='word_1_349' title='bbox 332 1910 385 1938; x_wconf 82' lang='lat' dir='ltr'>tur</span> <span class='ocrx_word' id='word_1_350' title='bbox 414 1927 420 1936; x_wconf 72' lang='grc'>,</span> <span class='ocrx_word' id='word_1_351' title='bbox 447 1910 481 1935; x_wconf 83' lang='lat' dir='ltr'>ut</span> <span class='ocrx_word' id='word_1_352' title='bbox 508 1898 611 1941; x_wconf 86' lang='lat' dir='ltr'>ipsum</span> <span class='ocrx_word' id='word_1_353' title='bbox 632 1902 688 1931; x_wconf 68' lang='lat' dir='ltr'>vix</span> <span class='ocrx_word' id='word_1_354' title='bbox 711 1899 742 1931; x_wconf 84' lang='lat' dir='ltr'>in</span> <span class='ocrx_word' id='word_1_355' title='bbox 767 1896 962 1940; x_wconf 72' lang='lat' dir='ltr'>conspec‘lum-</span> <span class='ocrx_word' id='word_1_356' title='bbox 981 1898 1107 1934; x_wconf 68' lang='lat' dir='ltr'>veniat,</span> <span class='ocrx_word' id='word_1_357' title='bbox 1131 1898 1226 1934; x_wconf 83' lang='lat' dir='ltr'>sicuti</span> <span class='ocrx_word' id='word_1_358' title='bbox 1251 1910 1341 1941; x_wconf 86' lang='lat' dir='ltr'>repe-</span> 
     </span>
     <span class='ocr_line' id='line_1_43' title="bbox 331 1939 1337 1985; baseline -0.003 -7"><span class='ocrx_word' id='word_1_359' title='bbox 331 1948 378 1978; x_wconf 80' lang='lat' dir='ltr'>rit</span> <span class='ocrx_word' id='word_1_360' title='bbox 408 1966 415 1979; x_wconf 91' lang='lat'>‚</span> <span class='ocrx_word' id='word_1_361' title='bbox 441 1944 612 1985; x_wconf 82' lang='lat' dir='ltr'>pinxitque</span> <span class='ocrx_word' id='word_1_362' title='bbox 637 1941 823 1984; x_wconf 79' lang='lat' dir='ltr'>Ruylchius</span> <span class='ocrx_word' id='word_1_363' title='bbox 848 1945 857 1982; x_wconf 77' lang='grc'><strong>(</strong></span> <span class='ocrx_word' id='word_1_364' title='bbox 883 1939 934 1982; x_wconf 51' lang='lat' dir='ltr'>lc)</span> <span class='ocrx_word' id='word_1_365' title='bbox 960 1963 968 1978; x_wconf 92' lang='lat'><em>‚</em></span> <span class='ocrx_word' id='word_1_366' title='bbox 994 1940 1048 1974; x_wconf 75' lang='lat' dir='ltr'>au&#39;t</span> <span class='ocrx_word' id='word_1_367' title='bbox 1072 1943 1106 1974; x_wconf 89' lang='lat' dir='ltr'>in</span> <span class='ocrx_word' id='word_1_368' title='bbox 1139 1940 1303 1975; x_wconf 86' lang='lat' dir='ltr'>filamenta</span> <span class='ocrx_word' id='word_1_369' title='bbox 1326 1965 1337 1980; x_wconf 95' lang='lat'>‚</span> 
     </span>
     <span class='ocr_line' id='line_1_44' title="bbox 332 1985 1337 2031; baseline -0.002 -11"><span class='ocrx_word' id='word_1_370' title='bbox 332 1990 364 2020; x_wconf 73' lang='grc' dir='ltr'>ἃ</span> <span class='ocrx_word' id='word_1_371' title='bbox 389 1987 539 2021; x_wconf 70' lang='lat' dir='ltr'>vesiculas</span> <span class='ocrx_word' id='word_1_372' title='bbox 565 1985 741 2031; x_wconf 64' lang='lat' dir='ltr'>resolvatur</span> <span class='ocrx_word' id='word_1_373' title='bbox 766 1996 854 2026; x_wconf 84' lang='lat' dir='ltr'>aquae</span> <span class='ocrx_word' id='word_1_374' title='bbox 888 1986 994 2026; x_wconf 82' lang='lat' dir='ltr'>plenas</span> <span class='ocrx_word' id='word_1_375' title='bbox 1017 2007 1029 2024; x_wconf 86' lang='lat'>,</span> <span class='ocrx_word' id='word_1_376' title='bbox 1064 1985 1337 2027; x_wconf 81' lang='lat' dir='ltr'>quemadmodum</span> 
     </span>
     <span class='ocr_line' id='line_1_45' title="bbox 332 2028 1336 2073; baseline -0.004 -8"><span class='ocrx_word' id='word_1_377' title='bbox 332 2032 367 2065; x_wconf 85' lang='lat' dir='ltr'>in</span> <span class='ocrx_word' id='word_1_378' title='bbox 391 2032 512 2065; x_wconf 83' lang='lat' dir='ltr'>ventris</span> <span class='ocrx_word' id='word_1_379' title='bbox 536 2040 616 2064; x_wconf 81' lang='lat' dir='ltr'>cavo</span> <span class='ocrx_word' id='word_1_380' title='bbox 639 2029 814 2064; x_wconf 76' lang='lat' dir='ltr'>resolutum</span> <span class='ocrx_word' id='word_1_381' title='bbox 830 2030 974 2073; x_wconf 16' lang='lat' dir='ltr'>‘agnovit</span> <span class='ocrx_word' id='word_1_382' title='bbox 999 2029 1141 2064; x_wconf 80' lang='lat' dir='ltr'>Paawius</span> <span class='ocrx_word' id='word_1_383' title='bbox 1163 2028 1219 2071; x_wconf 81' lang='lat' dir='ltr'>(l)</span> <span class='ocrx_word' id='word_1_384' title='bbox 1244 2028 1336 2063; x_wconf 65' lang='lat' dir='ltr'>simul</span> 
     </span>
     <span class='ocr_line' id='line_1_46' title="bbox 336 2071 1337 2115; baseline -0.006 -5"><span class='ocrx_word' id='word_1_385' title='bbox 336 2086 410 2111; x_wconf 80' lang='lat' dir='ltr'>tum</span> <span class='ocrx_word' id='word_1_386' title='bbox 436 2083 570 2108; x_wconf 78' lang='lat' dir='ltr'>omento</span> <span class='ocrx_word' id='word_1_387' title='bbox 595 2099 603 2114; x_wconf 93' lang='lat'>,</span> <span class='ocrx_word' id='word_1_388' title='bbox 629 2083 702 2105; x_wconf 88' lang='lat' dir='ltr'>cum</span> <span class='ocrx_word' id='word_1_389' title='bbox 729 2082 900 2115; x_wconf 85' lang='lat' dir='ltr'>utrumque</span> <span class='ocrx_word' id='word_1_390' title='bbox 925 2073 989 2106; x_wconf 82' lang='lat' dir='ltr'>suis</span> <span class='ocrx_word' id='word_1_391' title='bbox 1011 2073 1046 2104; x_wconf 88' lang='lat' dir='ltr'>in</span> <span class='ocrx_word' id='word_1_392' title='bbox 1072 2071 1196 2106; x_wconf 82' lang='lat' dir='ltr'>sedibus</span> <span class='ocrx_word' id='word_1_393' title='bbox 1217 2071 1337 2105; x_wconf 85' lang='lat' dir='ltr'>defide-</span> 
     </span>
     <span class='ocr_line' id='line_1_47' title="bbox 334 2115 1338 2157; baseline -0.003 -6"><span class='ocrx_word' id='word_1_394' title='bbox 334 2129 478 2152; x_wconf 81' lang='lat' dir='ltr'>raretur.</span> <span class='ocrx_word' id='word_1_395' title='bbox 503 2118 561 2152; x_wconf 84' lang='lat' dir='ltr'>Sed</span> <span class='ocrx_word' id='word_1_396' title='bbox 585 2127 778 2156; x_wconf 86' lang='lat' dir='ltr'>omentum,</span> <span class='ocrx_word' id='word_1_397' title='bbox 800 2118 946 2157; x_wconf 80' lang='lat' dir='ltr'>quamvis</span> <span class='ocrx_word' id='word_1_398' title='bbox 970 2116 1138 2157; x_wconf 78' lang='lat' dir='ltr'>peritonaei</span> <span class='ocrx_word' id='word_1_399' title='bbox 1163 2115 1338 2157; x_wconf 67' lang='lat' dir='ltr'>produfflo</span> 
     </span>
     <span class='ocr_line' id='line_1_48' title="bbox 333 2157 1337 2197; baseline -0.004 -1"><span class='ocrx_word' id='word_1_400' title='bbox 333 2162 371 2196; x_wconf 81' lang='lat' dir='ltr'>sit</span> <span class='ocrx_word' id='word_1_401' title='bbox 397 2162 481 2197; x_wconf 82' lang='lat' dir='ltr'>haud</span> <span class='ocrx_word' id='word_1_402' title='bbox 506 2160 592 2195; x_wconf 88' lang='lat' dir='ltr'>secus</span> <span class='ocrx_word' id='word_1_403' title='bbox 618 2173 652 2193; x_wconf 85' lang='lat' dir='ltr'>ac</span> <span class='ocrx_word' id='word_1_404' title='bbox 676 2160 790 2196; x_wconf 85' lang='lat' dir='ltr'>lienis,</span> <span class='ocrx_word' id='word_1_405' title='bbox 812 2161 844 2193; x_wconf 88' lang='lat'><strong>&amp;</strong></span> <span class='ocrx_word' id='word_1_406' title='bbox 866 2157 1093 2193; x_wconf 75' lang='lat' dir='ltr'>intestinorum</span> <span class='ocrx_word' id='word_1_407' title='bbox 1123 2160 1230 2192; x_wconf 87' lang='lat' dir='ltr'>tunica</span> <span class='ocrx_word' id='word_1_408' title='bbox 1253 2160 1337 2192; x_wconf 88' lang='lat' dir='ltr'>exti-</span> 
     </span>
     <span class='ocr_line' id='line_1_49' title="bbox 336 2202 1338 2247; baseline -0.004 -7"><span class='ocrx_word' id='word_1_409' title='bbox 336 2218 386 2240; x_wconf 82' lang='lat' dir='ltr'>ma</span> <span class='ocrx_word' id='word_1_410' title='bbox 407 2233 416 2246; x_wconf 82' lang='lat'>‚</span> <span class='ocrx_word' id='word_1_411' title='bbox 440 2204 663 2247; x_wconf 80' lang='lat' dir='ltr'>&amp;hydatides</span> <span class='ocrx_word' id='word_1_412' title='bbox 685 2205 719 2235; x_wconf 85' lang='lat' dir='ltr'>in</span> <span class='ocrx_word' id='word_1_413' title='bbox 744 2202 813 2245; x_wconf 86' lang='lat' dir='ltr'>ipso</span> <span class='ocrx_word' id='word_1_414' title='bbox 836 2213 968 2245; x_wconf 81' lang='lat' dir='ltr'>quoque</span> <span class='ocrx_word' id='word_1_415' title='bbox 992 2226 999 2240; x_wconf 91' lang='lat'>,</span> <span class='ocrx_word' id='word_1_416' title='bbox 1025 2213 1081 2235; x_wconf 90' lang='lat' dir='ltr'>nec</span> <span class='ocrx_word' id='word_1_417' title='bbox 1105 2212 1178 2235; x_wconf 87' lang='lat' dir='ltr'>raro</span> <span class='ocrx_word' id='word_1_418' title='bbox 1201 2224 1210 2240; x_wconf 91' lang='lat'>,</span> <span class='ocrx_word' id='word_1_419' title='bbox 1243 2204 1338 2236; x_wconf 85' lang='lat' dir='ltr'>inna-</span> 
     </span>
     <span class='ocr_line' id='line_1_50' title="bbox 337 2245 1338 2290; baseline -0.004 -7"><span class='ocrx_word' id='word_1_420' title='bbox 337 2249 487 2288; x_wconf 81' lang='lat' dir='ltr'>scantur,</span> <span class='ocrx_word' id='word_1_421' title='bbox 511 2259 546 2282; x_wconf 91' lang='lat' dir='ltr'>ut</span> <span class='ocrx_word' id='word_1_422' title='bbox 571 2249 676 2290; x_wconf 79' lang='lat' dir='ltr'>plures</span> <span class='ocrx_word' id='word_1_423' title='bbox 689 2247 858 2280; x_wconf 87' lang='lat' dir='ltr'>ostendunt</span> <span class='ocrx_word' id='word_1_424' title='bbox 871 2246 1150 2283; x_wconf 78' lang='lat' dir='ltr'>Observationes,</span> <span class='ocrx_word' id='word_1_425' title='bbox 1175 2248 1205 2279; x_wconf 73' lang='grc' dir='ltr'>δι</span> <span class='ocrx_word' id='word_1_426' title='bbox 1229 2245 1338 2286; x_wconf 75' lang='lat' dir='ltr'>inhis</span> 
     </span>
     <span class='ocr_line' id='line_1_51' title="bbox 333 2289 1338 2333; baseline -0.007 -6"><span class='ocrx_word' id='word_1_427' title='bbox 333 2293 464 2327; x_wconf 86' lang='lat' dir='ltr'>Boschii</span> <span class='ocrx_word' id='word_1_428' title='bbox 493 2297 502 2332; x_wconf 92' lang='lat'>(</span> <span class='ocrx_word' id='word_1_429' title='bbox 525 2303 556 2325; x_wconf 81' lang='lat' dir='ltr'>m</span> <span class='ocrx_word' id='word_1_430' title='bbox 579 2295 609 2331; x_wconf 59' lang='lat'>&gt;2</span> <span class='ocrx_word' id='word_1_431' title='bbox 636 2290 813 2333; x_wconf 80' lang='lat' dir='ltr'>Malpighii</span> <span class='ocrx_word' id='word_1_432' title='bbox 837 2294 847 2329; x_wconf 96' lang='lat'>(</span> <span class='ocrx_word' id='word_1_433' title='bbox 870 2299 890 2321; x_wconf 86' lang='lat' dir='ltr'>n</span> <span class='ocrx_word' id='word_1_434' title='bbox 912 2292 947 2329; x_wconf 87' lang='lat'>),</span> <span class='ocrx_word' id='word_1_435' title='bbox 974 2289 1129 2323; x_wconf 75' lang='lat' dir='ltr'>Valsalvae</span> <span class='ocrx_word' id='word_1_436' title='bbox 1155 2289 1205 2330; x_wconf 86' lang='lat' dir='ltr'>(o</span> <span class='ocrx_word' id='word_1_437' title='bbox 1230 2292 1240 2327; x_wconf 88' lang='lat'>)</span> <span class='ocrx_word' id='word_1_438' title='bbox 1265 2314 1274 2329; x_wconf 90' lang='lat'>,</span> <span class='ocrx_word' id='word_1_439' title='bbox 1307 2291 1338 2323; x_wconf 68' lang='grc' dir='ltr'>ἅς</span> 
     </span>
     <span class='ocr_line' id='line_1_52' title="bbox 335 2332 1335 2377; baseline -0.005 -6"><span class='ocrx_word' id='word_1_440' title='bbox 335 2337 493 2371; x_wconf 86' lang='lat' dir='ltr'>Goekelii</span> <span class='ocrx_word' id='word_1_441' title='bbox 517 2339 530 2376; x_wconf 92' lang='lat'>(</span> <span class='ocrx_word' id='word_1_442' title='bbox 550 2347 572 2377; x_wconf 86' lang='lat' dir='ltr'>p</span> <span class='ocrx_word' id='word_1_443' title='bbox 589 2335 606 2377; x_wconf 45' lang='lat' dir='ltr'>,l</span> <span class='ocrx_word' id='word_1_444' title='bbox 626 2348 636 2372; x_wconf 94' lang='lat'>·,</span> <span class='ocrx_word' id='word_1_445' title='bbox 660 2345 769 2369; x_wconf 81' lang='lat' dir='ltr'>tamen</span> <span class='ocrx_word' id='word_1_446' title='bbox 795 2334 872 2367; x_wconf 88' lang='lat' dir='ltr'>adeo</span> <span class='ocrx_word' id='word_1_447' title='bbox 897 2334 985 2367; x_wconf 83' lang='lat' dir='ltr'>tenui</span> <span class='ocrx_word' id='word_1_448' title='bbox 1011 2333 1167 2365; x_wconf 59' lang='lat' dir='ltr'>strucfftura</span> <span class='ocrx_word' id='word_1_449' title='bbox 1191 2332 1234 2366; x_wconf 87' lang='lat' dir='ltr'>est</span> <span class='ocrx_word' id='word_1_450' title='bbox 1258 2355 1267 2370; x_wconf 88' lang='lat'>,</span> <span class='ocrx_word' id='word_1_451' title='bbox 1300 2342 1335 2366; x_wconf 91' lang='lat' dir='ltr'>ut</span> 
     </span>
     <span class='ocr_line' id='line_1_53' title="bbox 334 2374 1336 2424; baseline -0.006 -11"><span class='ocrx_word' id='word_1_452' title='bbox 334 2380 405 2415; x_wconf 76' lang='lat' dir='ltr'>illas</span> <span class='ocrx_word' id='word_1_453' title='bbox 429 2382 541 2424; x_wconf 75' lang='lat' dir='ltr'>saepius</span> <span class='ocrx_word' id='word_1_454' title='bbox 565 2390 709 2412; x_wconf 85' lang='lat' dir='ltr'>coercere</span> <span class='ocrx_word' id='word_1_455' title='bbox 731 2378 816 2410; x_wconf 88' lang='lat' dir='ltr'>inter</span> <span class='ocrx_word' id='word_1_456' title='bbox 839 2377 908 2409; x_wconf 86' lang='lat' dir='ltr'>suas</span> <span class='ocrx_word' id='word_1_457' title='bbox 932 2376 1064 2409; x_wconf 85' lang='lat' dir='ltr'>laminas</span> <span class='ocrx_word' id='word_1_458' title='bbox 1088 2376 1144 2409; x_wconf 90' lang='lat' dir='ltr'>diu</span> <span class='ocrx_word' id='word_1_459' title='bbox 1167 2386 1231 2408; x_wconf 87' lang='lat' dir='ltr'>non</span> <span class='ocrx_word' id='word_1_460' title='bbox 1263 2374 1336 2417; x_wconf 91' lang='lat' dir='ltr'>pos-</span> 
     </span>
     <span class='ocr_line' id='line_1_54' title="bbox 334 2418 1338 2467; baseline -0.007 -10"><span class='ocrx_word' id='word_1_461' title='bbox 334 2423 375 2457; x_wconf 77' lang='lat' dir='ltr'>sit</span> <span class='ocrx_word' id='word_1_462' title='bbox 390 2438 399 2456; x_wconf 90' lang='lat'>:</span> <span class='ocrx_word' id='word_1_463' title='bbox 423 2423 634 2467; x_wconf 82' lang='lat' dir='ltr'>quamobrem</span> <span class='ocrx_word' id='word_1_464' title='bbox 656 2419 825 2454; x_wconf 86' lang='lat' dir='ltr'>crescendo</span> <span class='ocrx_word' id='word_1_465' title='bbox 848 2420 1140 2460; x_wconf 77' lang='lat' dir='ltr'>citiusplerumque</span> <span class='ocrx_word' id='word_1_466' title='bbox 1162 2418 1338 2459; x_wconf 85' lang='lat' dir='ltr'>diffiliuut‚</span> 
     </span>
     <span class='ocr_line' id='line_1_55' title="bbox 335 2462 1335 2510; baseline -0.007 -10"><span class='ocrx_word' id='word_1_467' title='bbox 335 2467 507 2510; x_wconf 82' lang='lat' dir='ltr'>ipsumque</span> <span class='ocrx_word' id='word_1_468' title='bbox 530 2464 622 2499; x_wconf 79' lang='lat' dir='ltr'>simul</span> <span class='ocrx_word' id='word_1_469' title='bbox 646 2464 851 2505; x_wconf 87' lang='lat' dir='ltr'>discerpunt,</span> <span class='ocrx_word' id='word_1_470' title='bbox 875 2466 905 2495; x_wconf 88' lang='lat'>&amp;</span> <span class='ocrx_word' id='word_1_471' title='bbox 927 2464 1045 2496; x_wconf 84' lang='lat' dir='ltr'>vitiant</span> <span class='ocrx_word' id='word_1_472' title='bbox 1070 2473 1080 2499; x_wconf 76' lang='lat'>5</span> <span class='ocrx_word' id='word_1_473' title='bbox 1107 2462 1252 2504; x_wconf 75' lang='lat' dir='ltr'>hancque</span> <span class='ocrx_word' id='word_1_474' title='bbox 1276 2473 1335 2502; x_wconf 80' lang='lat' dir='ltr'>ego</span> 
     </span>
     <span class='ocr_line' id='line_1_56' title="bbox 336 2504 1341 2551; baseline -0.008 -7"><span class='ocrx_word' id='word_1_475' title='bbox 336 2522 431 2546; x_wconf 87' lang='lat' dir='ltr'>unam</span> <span class='ocrx_word' id='word_1_476' title='bbox 456 2522 495 2545; x_wconf 83' lang='lat' dir='ltr'>ex</span> <span class='ocrx_word' id='word_1_477' title='bbox 517 2509 686 2551; x_wconf 65' lang='lat' dir='ltr'>praecipuis</span> <span class='ocrx_word' id='word_1_478' title='bbox 709 2505 809 2539; x_wconf 81' lang='lat' dir='ltr'>causis</span> <span class='ocrx_word' id='word_1_479' title='bbox 831 2506 978 2540; x_wconf 82' lang='lat' dir='ltr'>existimo</span> <span class='ocrx_word' id='word_1_480' title='bbox 1000 2527 1012 2545; x_wconf 88' lang='lat'>,</span> <span class='ocrx_word' id='word_1_481' title='bbox 1035 2516 1091 2538; x_wconf 88' lang='lat' dir='ltr'>cur</span> <span class='ocrx_word' id='word_1_482' title='bbox 1115 2504 1248 2540; x_wconf 86' lang='lat' dir='ltr'>asciticis</span> <span class='ocrx_word' id='word_1_483' title='bbox 1274 2505 1341 2546; x_wconf 87' lang='lat' dir='ltr'>ple-</span> 
     </span>
     <span class='ocr_line' id='line_1_57' title="bbox 337 2549 1335 2596; baseline -0.01 -7"><span class='ocrx_word' id='word_1_484' title='bbox 337 2565 473 2596; x_wconf 88' lang='lat' dir='ltr'>rumque</span> <span class='ocrx_word' id='word_1_485' title='bbox 499 2564 510 2591; x_wconf 81' lang='lat'>3</span> <span class='ocrx_word' id='word_1_486' title='bbox 533 2553 567 2586; x_wconf 83' lang='lat' dir='ltr'>id</span> <span class='ocrx_word' id='word_1_487' title='bbox 590 2552 677 2595; x_wconf 84' lang='lat' dir='ltr'>quod</span> <span class='ocrx_word' id='word_1_488' title='bbox 702 2552 817 2583; x_wconf 67' lang='lat' dir='ltr'>nostrae</span> <span class='ocrx_word' id='word_1_489' title='bbox 840 2555 971 2591; x_wconf 84' lang='lat' dir='ltr'>quoque</span> <span class='ocrx_word' id='word_1_490' title='bbox 996 2549 1154 2581; x_wconf 89' lang='lat' dir='ltr'>acciderat</span> <span class='ocrx_word' id='word_1_491' title='bbox 1178 2549 1335 2590; x_wconf 78' lang='lat' dir='ltr'>Virgini3</span> 
     </span>
     <span class='ocr_line' id='line_1_58' title="bbox 336 2591 1338 2639; baseline -0.01 -7"><span class='ocrx_word' id='word_1_492' title='bbox 336 2599 470 2633; x_wconf 87' lang='lat' dir='ltr'>minime</span> <span class='ocrx_word' id='word_1_493' title='bbox 493 2598 655 2639; x_wconf 81' lang='lat' dir='ltr'>integrum</span> <span class='ocrx_word' id='word_1_494' title='bbox 679 2603 847 2628; x_wconf 82' lang='lat' dir='ltr'>omentum</span> <span class='ocrx_word' id='word_1_495' title='bbox 874 2601 1019 2626; x_wconf 87' lang='lat' dir='ltr'>maneat.</span> <span class='ocrx_word' id='word_1_496' title='bbox 1046 2591 1186 2634; x_wconf 81' lang='lat' dir='ltr'>Indeque</span> <span class='ocrx_word' id='word_1_497' title='bbox 1211 2592 1338 2633; x_wconf 83' lang='lat' dir='ltr'>Hippo-</span> 
     </span>
     <span class='ocr_line' id='line_1_59' title="bbox 335 2634 1340 2684; baseline -0.01 -8"><span class='ocrx_word' id='word_1_498' title='bbox 335 2642 416 2676; x_wconf 81' lang='lat' dir='ltr'>crati</span> <span class='ocrx_word' id='word_1_499' title='bbox 439 2642 454 2684; x_wconf 91' lang='lat'>(</span> <span class='ocrx_word' id='word_1_500' title='bbox 476 2651 496 2682; x_wconf 87' lang='lat' dir='ltr'>q</span> <span class='ocrx_word' id='word_1_501' title='bbox 517 2644 530 2680; x_wconf 93' lang='lat'>)</span> <span class='ocrx_word' id='word_1_502' title='bbox 549 2637 753 2674; x_wconf 24' lang='lat' dir='ltr'>*occasionem</span> <span class='ocrx_word' id='word_1_503' title='bbox 776 2636 884 2670; x_wconf 86' lang='lat' dir='ltr'>datam</span> <span class='ocrx_word' id='word_1_504' title='bbox 910 2645 989 2678; x_wconf 91' lang='lat' dir='ltr'>puto</span> <span class='ocrx_word' id='word_1_505' title='bbox 1012 2634 1173 2668; x_wconf 86' lang='lat' dir='ltr'>scribendi</span> <span class='ocrx_word' id='word_1_506' title='bbox 1199 2649 1205 2669; x_wconf 88' lang='lat'><strong>:</strong></span> <span class='ocrx_word' id='word_1_507' title='bbox 1231 2635 1340 2677; x_wconf 59' lang='lat' dir='ltr'>quilius</span> 
     </span>
     <span class='ocr_line' id='line_1_60' title="bbox 337 2678 1336 2727; baseline -0.006 -11"><span class='ocrx_word' id='word_1_508' title='bbox 337 2686 432 2727; x_wconf 83' lang='lat' dir='ltr'>hepar</span> <span class='ocrx_word' id='word_1_509' title='bbox 454 2694 533 2725; x_wconf 83' lang='lat' dir='ltr'>aqua</span> <span class='ocrx_word' id='word_1_510' title='bbox 551 2682 678 2724; x_wconf 83' lang='lat' dir='ltr'>plenum</span> <span class='ocrx_word' id='word_1_511' title='bbox 705 2691 735 2715; x_wconf 79' lang='lat' dir='ltr'>m</span> <span class='ocrx_word' id='word_1_512' title='bbox 760 2688 915 2713; x_wconf 79' lang='lat' dir='ltr'>omentum</span> <span class='ocrx_word' id='word_1_513' title='bbox 939 2678 1075 2720; x_wconf 75' lang='lat' dir='ltr'>eruperit</span> <span class='ocrx_word' id='word_1_514' title='bbox 1098 2699 1107 2715; x_wconf 87' lang='lat'>,</span> <span class='ocrx_word' id='word_1_515' title='bbox 1129 2679 1171 2711; x_wconf 81' lang='lat' dir='ltr'>iis</span> <span class='ocrx_word' id='word_1_516' title='bbox 1194 2686 1336 2712; x_wconf 71' lang='lat' dir='ltr'>ventrem</span> 
     </span>
     <span class='ocr_line' id='line_1_61' title="bbox 337 2719 1340 2771; baseline -0.008 -10"><span class='ocrx_word' id='word_1_517' title='bbox 337 2726 582 2771; x_wconf 68' lang='lat' dir='ltr'>aqua&#39;impleri.</span> <span class='ocrx_word' id='word_1_518' title='bbox 605 2726 675 2766; x_wconf 77' lang='lat' dir='ltr'>Qi</span> <span class='ocrx_word' id='word_1_519' title='bbox 699 2725 785 2758; x_wconf 88' lang='lat' dir='ltr'>enirn</span> <span class='ocrx_word' id='word_1_520' title='bbox 810 2724 846 2756; x_wconf 88' lang='lat' dir='ltr'>in</span> <span class='ocrx_word' id='word_1_521' title='bbox 868 2722 973 2756; x_wconf 86' lang='lat' dir='ltr'>brutis</span> <span class='ocrx_word' id='word_1_522' title='bbox 997 2723 1215 2755; x_wconf 86' lang='lat' dir='ltr'>animantibus</span> <span class='ocrx_word' id='word_1_523' title='bbox 1239 2719 1340 2761; x_wconf 88' lang='lat' dir='ltr'>hyda-</span> 
     </span>
     <span class='ocr_line' id='line_1_62' title="bbox 337 2766 1343 2808; baseline -0.009 -3"><span class='ocrx_word' id='word_1_524' title='bbox 337 2772 439 2808; x_wconf 82' lang='lat' dir='ltr'>tides‚</span> <span class='ocrx_word' id='word_1_525' title='bbox 463 2779 500 2804; x_wconf 90' lang='lat' dir='ltr'>ut</span> <span class='ocrx_word' id='word_1_526' title='bbox 525 2770 561 2803; x_wconf 87' lang='lat' dir='ltr'>ad</span> <span class='ocrx_word' id='word_1_527' title='bbox 574 2780 603 2803; x_wconf 89' lang='lat' dir='ltr'>te</span> <span class='ocrx_word' id='word_1_528' title='bbox 615 2771 691 2804; x_wconf 80' lang='lat' dir='ltr'>alias</span> <span class='ocrx_word' id='word_1_529' title='bbox 716 2767 890 2801; x_wconf 86' lang='lat' dir='ltr'>scribentes</span> <span class='ocrx_word' id='word_1_530' title='bbox 911 2766 1241 2800; x_wconf 74' lang='lat' dir='ltr'>commemoravimus</span> <span class='ocrx_word' id='word_1_531' title='bbox 1264 2767 1343 2804; x_wconf 89' lang='lat' dir='ltr'>(r),</span> 
     </span>
     <span class='ocr_line' id='line_1_63' title="bbox 337 2809 1345 2860; baseline -0.008 -12"><span class='ocrx_word' id='word_1_532' title='bbox 337 2810 529 2860; x_wconf 87' lang='lat' dir='ltr'>pulmonum</span> <span class='ocrx_word' id='word_1_533' title='bbox 553 2813 657 2851; x_wconf 88' lang='lat' dir='ltr'>vidit,</span> <span class='ocrx_word' id='word_1_534' title='bbox 682 2811 766 2845; x_wconf 88' lang='lat' dir='ltr'>idem</span> <span class='ocrx_word' id='word_1_535' title='bbox 790 2813 825 2843; x_wconf 90' lang='lat' dir='ltr'>in</span> <span class='ocrx_word' id='word_1_536' title='bbox 848 2810 888 2843; x_wconf 84' lang='lat' dir='ltr'>iis</span> <span class='ocrx_word' id='word_1_537' title='bbox 911 2810 965 2844; x_wconf 90' lang='lat' dir='ltr'>illa</span> <span class='ocrx_word' id='word_1_538' title='bbox 989 2809 1251 2842; x_wconf 85' lang='lat' dir='ltr'>animadverterit</span> <span class='ocrx_word' id='word_1_539' title='bbox 1273 2819 1345 2847; x_wconf 75' lang='lat' dir='ltr'>quae</span> 
     </span>
     <span class='ocr_line' id='line_1_64' title="bbox 339 2851 1344 2896; baseline -0.007 -5"><span class='ocrx_word' id='word_1_540' title='bbox 339 2858 440 2892; x_wconf 87' lang='lat' dir='ltr'>modo</span> <span class='ocrx_word' id='word_1_541' title='bbox 462 2856 645 2890; x_wconf 81' lang='lat' dir='ltr'>dicebamus</span> <span class='ocrx_word' id='word_1_542' title='bbox 668 2878 679 2896; x_wconf 91' lang='lat'><em>‚</em></span> <span class='ocrx_word' id='word_1_543' title='bbox 704 2854 855 2889; x_wconf 88' lang='lat' dir='ltr'>videlicet</span> <span class='ocrx_word' id='word_1_544' title='bbox 877 2855 1001 2887; x_wconf 87' lang='lat' dir='ltr'>omenti</span> <span class='ocrx_word' id='word_1_545' title='bbox 1025 2863 1258 2894; x_wconf 83' lang='lat' dir='ltr'>nonnunquam</span> <span class='ocrx_word' id='word_1_546' title='bbox 1283 2851 1344 2893; x_wconf 84' lang='lat' dir='ltr'>hy-</span> 
     </span>
     <span class='ocr_line' id='line_1_65' title="bbox 343 2894 1343 2942; baseline -0.007 -8"><span class='ocrx_word' id='word_1_547' title='bbox 343 2900 467 2935; x_wconf 84' lang='lat' dir='ltr'>datides</span> <span class='ocrx_word' id='word_1_548' title='bbox 492 2922 501 2938; x_wconf 91' lang='lat'>,</span> <span class='ocrx_word' id='word_1_549' title='bbox 538 2899 651 2942; x_wconf 83' lang='lat' dir='ltr'>saepius</span> <span class='ocrx_word' id='word_1_550' title='bbox 683 2909 759 2931; x_wconf 84' lang='lat' dir='ltr'>vero</span> <span class='ocrx_word' id='word_1_551' title='bbox 781 2898 871 2931; x_wconf 84' lang='lat' dir='ltr'>illam</span> <span class='ocrx_word' id='word_1_552' title='bbox 901 2909 1000 2940; x_wconf 84' lang='lat' dir='ltr'>quarn</span> <span class='ocrx_word' id='word_1_553' title='bbox 1024 2897 1169 2933; x_wconf 82' lang='lat' dir='ltr'>Galenus</span> <span class='ocrx_word' id='word_1_554' title='bbox 1192 2894 1272 2939; x_wconf 85' lang='lat' dir='ltr'>(s)</span> <span class='ocrx_word' id='word_1_555' title='bbox 1294 2906 1343 2927; x_wconf 87' lang='lat' dir='ltr'>re-</span> 
     </span>
     <span class='ocr_line' id='line_1_66' title="bbox 340 2938 1343 2987; baseline -0.006 -10"><span class='ocrx_word' id='word_1_556' title='bbox 340 2944 492 2987; x_wconf 87' lang='lat' dir='ltr'>quirebat</span> <span class='ocrx_word' id='word_1_557' title='bbox 516 2965 525 2980; x_wconf 92' lang='lat'><em>‚</em></span> <span class='ocrx_word' id='word_1_558' title='bbox 558 2942 721 2985; x_wconf 67' lang='lat' dir='ltr'>exefionem</span> <span class='ocrx_word' id='word_1_559' title='bbox 747 2955 755 2978; x_wconf 65' lang='grc' dir='ltr'><strong>ς</strong></span> <span class='ocrx_word' id='word_1_560' title='bbox 780 2952 892 2983; x_wconf 85' lang='lat' dir='ltr'>aquam</span> <span class='ocrx_word' id='word_1_561' title='bbox 918 2951 1022 2974; x_wconf 86' lang='lat' dir='ltr'>autem</span> <span class='ocrx_word' id='word_1_562' title='bbox 1047 2952 1061 2971; x_wconf 91' lang='lat' dir='ltr'>a</span> <span class='ocrx_word' id='word_1_563' title='bbox 1096 2941 1206 2972; x_wconf 91' lang='lat' dir='ltr'>vicino</span> <span class='ocrx_word' id='word_1_564' title='bbox 1229 2938 1343 2980; x_wconf 82' lang='lat' dir='ltr'>hepate</span> 
     </span>
     <span class='ocr_line' id='line_1_67' title="bbox 339 2981 1344 3026; baseline -0.008 -4"><span class='ocrx_word' id='word_1_565' title='bbox 339 2989 375 3022; x_wconf 89' lang='lat' dir='ltr'>in</span> <span class='ocrx_word' id='word_1_566' title='bbox 398 2995 566 3021; x_wconf 76' lang='lat' dir='ltr'>omentum</span> <span class='ocrx_word' id='word_1_567' title='bbox 592 2985 780 3024; x_wconf 83' lang='lat' dir='ltr'>deduxerit,</span> <span class='ocrx_word' id='word_1_568' title='bbox 801 2994 838 3018; x_wconf 91' lang='lat' dir='ltr'>ut</span> <span class='ocrx_word' id='word_1_569' title='bbox 863 2997 878 3018; x_wconf 90' lang='lat' dir='ltr'>a</span> <span class='ocrx_word' id='word_1_570' title='bbox 903 2984 1022 3017; x_wconf 83' lang='lat' dir='ltr'>viscere</span> <span class='ocrx_word' id='word_1_571' title='bbox 1046 2981 1196 3026; x_wconf 73' lang='lat' dir='ltr'>aptzffimo</span> <span class='ocrx_word' id='word_1_572' title='bbox 1220 2983 1255 3015; x_wconf 91' lang='lat' dir='ltr'>ad</span> <span class='ocrx_word' id='word_1_573' title='bbox 1283 2982 1344 3023; x_wconf 74' lang='lat' dir='ltr'>hy-</span> 
     </span>
     <span class='ocr_line' id='line_1_68' title="bbox 342 3025 1345 3069; baseline -0.008 -4"><span class='ocrx_word' id='word_1_574' title='bbox 342 3032 467 3065; x_wconf 84' lang='lat' dir='ltr'>datides</span> <span class='ocrx_word' id='word_1_575' title='bbox 489 3053 498 3068; x_wconf 95' lang='lat'>‚</span> <span class='ocrx_word' id='word_1_576' title='bbox 524 3029 616 3063; x_wconf 81' lang='lat' dir='ltr'>sicuti</span> <span class='ocrx_word' id='word_1_577' title='bbox 642 3029 783 3062; x_wconf 87' lang='lat' dir='ltr'>Galenus</span> <span class='ocrx_word' id='word_1_578' title='bbox 808 3029 852 3060; x_wconf 90' lang='lat' dir='ltr'>ait</span> <span class='ocrx_word' id='word_1_579' title='bbox 877 3050 886 3064; x_wconf 84' lang='lat'>,</span> <span class='ocrx_word' id='word_1_580' title='bbox 924 3029 955 3060; x_wconf 80' lang='lat' dir='ltr'>in</span> <span class='ocrx_word' id='word_1_581' title='bbox 979 3039 1013 3060; x_wconf 82' lang='lat' dir='ltr'>ea</span> <span class='ocrx_word' id='word_1_582' title='bbox 1037 3037 1099 3069; x_wconf 80' lang='lat' dir='ltr'>quae</span> <span class='ocrx_word' id='word_1_583' title='bbox 1122 3025 1221 3068; x_wconf 76' lang='lat' dir='ltr'>ipsum</span> <span class='ocrx_word' id='word_1_584' title='bbox 1245 3025 1345 3058; x_wconf 78' lang='lat' dir='ltr'>ambit</span> 
     </span>
     <span class='ocr_line' id='line_1_69' title="bbox 344 3069 1347 3113; baseline -0.009 -4"><span class='ocrx_word' id='word_1_585' title='bbox 344 3075 480 3110; x_wconf 78' lang='lat' dir='ltr'>exterius</span> <span class='ocrx_word' id='word_1_586' title='bbox 502 3095 512 3111; x_wconf 89' lang='lat'>‚</span> <span class='ocrx_word' id='word_1_587' title='bbox 535 3071 712 3106; x_wconf 80' lang='lat' dir='ltr'>membrana</span> <span class='ocrx_word' id='word_1_588' title='bbox 733 3071 939 3113; x_wconf 76' lang='lat' dir='ltr'>generandas,</span> <span class='ocrx_word' id='word_1_589' title='bbox 963 3073 1084 3113; x_wconf 82' lang='lat' dir='ltr'>quippe</span> <span class='ocrx_word' id='word_1_590' title='bbox 1107 3080 1180 3103; x_wconf 90' lang='lat' dir='ltr'>cum</span> <span class='ocrx_word' id='word_1_591' title='bbox 1201 3069 1347 3101; x_wconf 67' lang='lat' dir='ltr'>viaeatur</span> 
     </span>
     <span class='ocr_line' id='line_1_70' title="bbox 343 3111 1344 3159; baseline -0.008 -8"><span class='ocrx_word' id='word_1_592' title='bbox 343 3118 426 3155; x_wconf 73' lang='lat' dir='ltr'>&amp;in</span> <span class='ocrx_word' id='word_1_593' title='bbox 445 3115 606 3159; x_wconf 74' lang='lat' dir='ltr'>jugulatis</span> <span class='ocrx_word' id='word_1_594' title='bbox 627 3112 815 3148; x_wconf 81' lang='lat' dir='ltr'>animalibus</span> <span class='ocrx_word' id='word_1_595' title='bbox 838 3113 930 3155; x_wconf 81' lang='lat' dir='ltr'>hepar</span> <span class='ocrx_word' id='word_1_596' title='bbox 953 3114 1002 3147; x_wconf 74' lang='lat' dir='ltr'>his</span> <span class='ocrx_word' id='word_1_597' title='bbox 1024 3113 1188 3155; x_wconf 76' lang='lat' dir='ltr'>aliquando</span> <span class='ocrx_word' id='word_1_598' title='bbox 1209 3111 1344 3153; x_wconf 80' lang='lat' dir='ltr'>plenum.</span> 
     </span>
     <span class='ocr_line' id='line_1_71' title="bbox 343 3154 1348 3201; baseline -0.009 -7"><span class='ocrx_word' id='word_1_599' title='bbox 343 3161 531 3195; x_wconf 83' lang='lat' dir='ltr'>Priscorum</span> <span class='ocrx_word' id='word_1_600' title='bbox 554 3169 660 3193; x_wconf 86' lang='lat' dir='ltr'>autem</span> <span class='ocrx_word' id='word_1_601' title='bbox 683 3158 919 3199; x_wconf 75' lang='lat' dir='ltr'>Praeceptoru&#39;m</span> <span class='ocrx_word' id='word_1_602' title='bbox 942 3158 975 3189; x_wconf 88' lang='lat' dir='ltr'>in</span> <span class='ocrx_word' id='word_1_603' title='bbox 998 3157 1105 3190; x_wconf 84' lang='lat' dir='ltr'>bestiis</span> <span class='ocrx_word' id='word_1_604' title='bbox 1130 3156 1257 3189; x_wconf 88' lang='lat' dir='ltr'>habitas</span> <span class='ocrx_word' id='word_1_605' title='bbox 1275 3154 1348 3201; x_wconf 77' lang='lat' dir='ltr'>Ob-</span> 
     </span>
     <span class='ocr_line' id='line_1_72' title="bbox 345 3199 1348 3246; baseline -0.007 -9"><span class='ocrx_word' id='word_1_606' title='bbox 345 3204 560 3242; x_wconf 65' lang='lat' dir='ltr'>serv-atrones,</span> <span class='ocrx_word' id='word_1_607' title='bbox 585 3201 754 3246; x_wconf 86' lang='lat' dir='ltr'>postquam</span> <span class='ocrx_word' id='word_1_608' title='bbox 778 3200 914 3234; x_wconf 86' lang='lat' dir='ltr'>humana</span> <span class='ocrx_word' id='word_1_609' title='bbox 938 3199 1100 3234; x_wconf 68' lang='lat' dir='ltr'>incidendi</span> <span class='ocrx_word' id='word_1_610' title='bbox 1124 3199 1275 3240; x_wconf 82' lang='lat' dir='ltr'>cadavera</span> <span class='ocrx_word' id='word_1_611' title='bbox 1300 3200 1348 3230; x_wconf 70' lang='lat' dir='ltr'>ia-</span> 
     </span>
     <span class='ocr_line' id='line_1_73' title="bbox 346 3240 1349 3291; baseline -0.008 -10"><span class='ocrx_word' id='word_1_612' title='bbox 346 3247 395 3281; x_wconf 67' lang='lat' dir='ltr'>&amp;a</span> <span class='ocrx_word' id='word_1_613' title='bbox 417 3249 512 3291; x_wconf 73' lang='lat' dir='ltr'>copia</span> <span class='ocrx_word' id='word_1_614' title='bbox 537 3245 579 3279; x_wconf 86' lang='lat' dir='ltr'>est</span> <span class='ocrx_word' id='word_1_615' title='bbox 603 3268 612 3283; x_wconf 96' lang='lat'>,</span> <span class='ocrx_word' id='word_1_616' title='bbox 648 3244 770 3279; x_wconf 80' lang='lat' dir='ltr'>Medici</span> <span class='ocrx_word' id='word_1_617' title='bbox 794 3245 831 3278; x_wconf 81' lang='lat' dir='ltr'>ut&#39;</span> <span class='ocrx_word' id='word_1_618' title='bbox 862 3244 978 3278; x_wconf 90' lang='lat' dir='ltr'>horum</span> <span class='ocrx_word' id='word_1_619' title='bbox 1002 3243 1198 3285; x_wconf 71' lang='lat' dir='ltr'>inspeetione</span> <span class='ocrx_word' id='word_1_620' title='bbox 1230 3240 1349 3275; x_wconf 84' lang='lat' dir='ltr'>confir-</span> 
     </span>
     <span class='ocr_line' id='line_1_74' title="bbox 349 3284 1345 3333; baseline -0.009 -8"><span class='ocrx_word' id='word_1_621' title='bbox 349 3301 478 3325; x_wconf 84' lang='lat' dir='ltr'>marunt</span> <span class='ocrx_word' id='word_1_622' title='bbox 506 3315 516 3330; x_wconf 89' lang='lat'>‚</span> <span class='ocrx_word' id='word_1_623' title='bbox 547 3289 589 3323; x_wconf 82' lang='lat' dir='ltr'>fic</span> <span class='ocrx_word' id='word_1_624' title='bbox 613 3289 745 3322; x_wconf 85' lang='lat' dir='ltr'>illorum</span> <span class='ocrx_word' id='word_1_625' title='bbox 769 3289 912 3330; x_wconf 80' lang='lat' dir='ltr'>cogitata</span> <span class='ocrx_word' id='word_1_626' title='bbox 938 3289 1140 3321; x_wconf 85' lang='lat' dir='ltr'>retinuerunt</span> <span class='ocrx_word' id='word_1_627' title='bbox 1164 3285 1201 3319; x_wconf 89' lang='lat' dir='ltr'>de</span> <span class='ocrx_word' id='word_1_628' title='bbox 1226 3284 1345 3333; x_wconf 80' lang='lat' dir='ltr'>hydro-</span> 
     </span>
     <span class='ocr_line' id='line_1_75' title="bbox 352 3329 1344 3377; baseline -0.004 -11"><span class='ocrx_word' id='word_1_629' title='bbox 352 3337 399 3377; x_wconf 81' lang='lat' dir='ltr'>pis</span> <span class='ocrx_word' id='word_1_630' title='bbox 422 3334 514 3368; x_wconf 87' lang='lat' dir='ltr'>causa</span> <span class='ocrx_word' id='word_1_631' title='bbox 541 3332 652 3375; x_wconf 82' lang='lat' dir='ltr'>saepius</span> <span class='ocrx_word' id='word_1_632' title='bbox 676 3344 713 3365; x_wconf 88' lang='lat' dir='ltr'>ex</span> <span class='ocrx_word' id='word_1_633' title='bbox 737 3343 815 3375; x_wconf 83' lang='lat' dir='ltr'>aqua</span> <span class='ocrx_word' id='word_1_634' title='bbox 840 3329 937 3365; x_wconf 86' lang='lat' dir='ltr'>effusa</span> <span class='ocrx_word' id='word_1_635' title='bbox 962 3343 978 3362; x_wconf 90' lang='lat' dir='ltr'>e</span> <span class='ocrx_word' id='word_1_636' title='bbox 999 3329 1154 3372; x_wconf 83' lang='lat' dir='ltr'>disruptis</span> <span class='ocrx_word' id='word_1_637' title='bbox 1179 3330 1344 3362; x_wconf 68' lang='lat' dir='ltr'>vericulis,</span> 
     </span>
     <span class='ocr_line' id='line_1_76' title="bbox 352 3371 1346 3420; baseline -0.009 -9"><span class='ocrx_word' id='word_1_638' title='bbox 352 3390 386 3411; x_wconf 76' lang='lat' dir='ltr'>in</span> <span class='ocrx_word' id='word_1_639' title='bbox 420 3388 615 3420; x_wconf 86' lang='lat' dir='ltr'>quocunque</span> <span class='ocrx_word' id='word_1_640' title='bbox 647 3387 753 3409; x_wconf 84' lang='lat' dir='ltr'>tamen</span> <span class='ocrx_word' id='word_1_641' title='bbox 786 3374 835 3410; x_wconf 79' lang='lat' dir='ltr'>hae</span> <span class='ocrx_word' id='word_1_642' title='bbox 869 3375 929 3408; x_wconf 82' lang='lat' dir='ltr'>fint</span> <span class='ocrx_word' id='word_1_643' title='bbox 960 3373 1104 3410; x_wconf 88' lang='lat' dir='ltr'>viscere,</span> <span class='ocrx_word' id='word_1_644' title='bbox 1140 3371 1346 3405; x_wconf 75' lang='lat' dir='ltr'>deducenda:</span> 
     </span>
     <span class='ocr_line' id='line_1_77' title="bbox 346 3415 1347 3464; baseline -0.008 -10"><span class='ocrx_word' id='word_1_645' title='bbox 346 3432 536 3464; x_wconf 77' lang='lat' dir='ltr'>quanquam</span> <span class='ocrx_word' id='word_1_646' title='bbox 580 3419 629 3454; x_wconf 91' lang='lat' dir='ltr'>vel</span> <span class='ocrx_word' id='word_1_647' title='bbox 674 3419 781 3463; x_wconf 83' lang='lat' dir='ltr'>postea</span> <span class='ocrx_word' id='word_1_648' title='bbox 826 3417 1003 3452; x_wconf 85' lang='lat' dir='ltr'>identidem</span> <span class='ocrx_word' id='word_1_649' title='bbox 1049 3415 1086 3451; x_wconf 81' lang='lat' dir='ltr'>ad</span> <span class='ocrx_word' id='word_1_650' title='bbox 1129 3416 1237 3451; x_wconf 88' lang='lat' dir='ltr'>brutas</span> <span class='ocrx_word' id='word_1_651' title='bbox 1281 3416 1347 3447; x_wconf 68' lang='lat' dir='ltr'>ani-2</span> 
     </span>
    </p>
   </div>
   <div class='ocr_carea' id='block_1_3' title="bbox 968 55 1855 149">
    <p class='ocr_par' dir='ltr' id='par_1_4' title="bbox 968 55 1855 149">
     <span class='ocr_line' id='line_1_78' title="bbox 968 55 1855 149; baseline -0.002 -11"><span class='ocrx_word' id='word_1_652' title='bbox 968 82 1126 138; x_wconf 88' lang='lat' dir='ltr'>Liber</span> <span class='ocrx_word' id='word_1_653' title='bbox 1158 55 1247 138; x_wconf 65' lang='lat'>111}</span> <span class='ocrx_word' id='word_1_654' title='bbox 1281 84 1365 137; x_wconf 89' lang='lat' dir='ltr'>De</span> <span class='ocrx_word' id='word_1_655' title='bbox 1397 83 1606 149; x_wconf 88' lang='lat' dir='ltr'>Morbis</span> <span class='ocrx_word' id='word_1_656' title='bbox 1641 85 1855 138; x_wconf 83' lang='lat' dir='ltr'>Ventris</span> 
     </span>
    </p>
   </div>
   <div class='ocr_carea' id='block_1_4' title="bbox 1387 162 2395 1071">
    <p class='ocr_par' dir='ltr' id='par_1_5' title="bbox 1388 162 2393 335">
     <span class='ocr_line' id='line_1_79' title="bbox 1388 162 2393 206; baseline 0 -8"><span class='ocrx_word' id='word_1_657' title='bbox 1388 173 1513 198; x_wconf 75' lang='lat' dir='ltr'>mantes</span> <span class='ocrx_word' id='word_1_658' title='bbox 1535 163 1687 198; x_wconf 84' lang='lat' dir='ltr'>redierint</span> <span class='ocrx_word' id='word_1_659' title='bbox 1711 175 1729 200; x_wconf 48' lang='lat'>‚⁷</span> <span class='ocrx_word' id='word_1_660' title='bbox 1757 166 1781 199; x_wconf 86' lang='lat' dir='ltr'><strong>fi</strong></span> <span class='ocrx_word' id='word_1_661' title='bbox 1815 164 1900 197; x_wconf 84' lang='lat' dir='ltr'>forte</span> <span class='ocrx_word' id='word_1_662' title='bbox 1924 162 2080 198; x_wconf 80' lang='lat' dir='ltr'>nonnulla</span> <span class='ocrx_word' id='word_1_663' title='bbox 2102 174 2173 206; x_wconf 80' lang='lat' dir='ltr'>quae</span> <span class='ocrx_word' id='word_1_664' title='bbox 2197 165 2235 200; x_wconf 85' lang='lat' dir='ltr'>ad</span> <span class='ocrx_word' id='word_1_665' title='bbox 2258 163 2393 206; x_wconf 84' lang='lat' dir='ltr'>hydati-</span> 
     </span>
     <span class='ocr_line' id='line_1_80' title="bbox 1393 206 2389 251; baseline 0.001 -11"><span class='ocrx_word' id='word_1_666' title='bbox 1393 207 1471 240; x_wconf 90' lang='lat' dir='ltr'>dum</span> <span class='ocrx_word' id='word_1_667' title='bbox 1494 218 1626 241; x_wconf 79' lang='lat' dir='ltr'>examen</span> <span class='ocrx_word' id='word_1_668' title='bbox 1641 208 1781 241; x_wconf 83' lang='lat' dir='ltr'>attinent</span> <span class='ocrx_word' id='word_1_669' title='bbox 1793 231 1803 246; x_wconf 88' lang='lat'>‚</span> <span class='ocrx_word' id='word_1_670' title='bbox 1828 207 2019 241; x_wconf 87' lang='lat' dir='ltr'>luculentius</span> <span class='ocrx_word' id='word_1_671' title='bbox 2040 207 2261 249; x_wconf 88' lang='lat' dir='ltr'>conspicerent</span> <span class='ocrx_word' id='word_1_672' title='bbox 2275 221 2285 240; x_wconf 87' lang='grc'>.-</span> <span class='ocrx_word' id='word_1_673' title='bbox 2299 206 2389 251; x_wconf 85' lang='lat' dir='ltr'>quod</span> 
     </span>
     <span class='ocr_line' id='line_1_81' title="bbox 1393 249 2389 296; baseline 0.005 -14"><span class='ocrx_word' id='word_1_674' title='bbox 1393 259 1550 296; x_wconf 36' lang='lat' dir='ltr'>nec-rne5</span> <span class='ocrx_word' id='word_1_675' title='bbox 1570 262 1637 293; x_wconf 90' lang='lat' dir='ltr'>quo</span> <span class='ocrx_word' id='word_1_676' title='bbox 1658 250 1698 283; x_wconf 88' lang='lat' dir='ltr'>ad</span> <span class='ocrx_word' id='word_1_677' title='bbox 1722 251 1817 285; x_wconf 84' lang='lat' dir='ltr'>licuit</span> <span class='ocrx_word' id='word_1_678' title='bbox 1841 272 1850 287; x_wconf 72' lang='lat'>2</span> <span class='ocrx_word' id='word_1_679' title='bbox 1888 249 2119 293; x_wconf 72' lang='lat' dir='ltr'>praetermisisse</span> <span class='ocrx_word' id='word_1_680' title='bbox 2141 275 2150 290; x_wconf 80' lang='lat'>‚</span> <span class='ocrx_word' id='word_1_681' title='bbox 2185 263 2223 285; x_wconf 70' lang='lat' dir='ltr'>ex</span> <span class='ocrx_word' id='word_1_682' title='bbox 2238 253 2294 287; x_wconf 81' lang='lat' dir='ltr'>&#39;his</span> <span class='ocrx_word' id='word_1_683' title='bbox 2317 262 2389 294; x_wconf 78' lang='lat' dir='ltr'>quae</span> 
     </span>
     <span class='ocr_line' id='line_1_82' title="bbox 1394 292 1910 335; baseline 0.004 -10"><span class='ocrx_word' id='word_1_684' title='bbox 1394 292 1582 334; x_wconf 70' lang='lat' dir='ltr'>subjiciam,</span> <span class='ocrx_word' id='word_1_685' title='bbox 1607 293 1764 335; x_wconf 81' lang='lat' dir='ltr'>intelliges</span> <span class='ocrx_word' id='word_1_686' title='bbox 1776 320 1783 327; x_wconf 84' lang='lat'><em>.</em></span> <span class='ocrx_word' id='word_1_687' title='bbox 1906 302 1910 305; x_wconf 76' lang='grc'>’</span> 
     </span>
    </p>

    <p class='ocr_par' dir='ltr' id='par_1_6' title="bbox 1387 334 2395 1071">
     <span class='ocr_line' id='line_1_83' title="bbox 1436 334 2393 379; baseline 0.001 -12"><span class='ocrx_word' id='word_1_688' title='bbox 1436 347 1489 378; x_wconf 86' lang='lat'>37.</span> <span class='ocrx_word' id='word_1_689' title='bbox 1515 337 1565 370; x_wconf 87' lang='lat' dir='ltr'>Ex</span> <span class='ocrx_word' id='word_1_690' title='bbox 1587 339 1736 370; x_wconf 84' lang='lat' dir='ltr'>maximis</span> <span class='ocrx_word' id='word_1_691' title='bbox 1749 346 1835 371; x_wconf 87' lang='lat' dir='ltr'>certe</span> <span class='ocrx_word' id='word_1_692' title='bbox 1846 334 2056 378; x_wconf 86' lang='lat' dir='ltr'>hydatidibus</span> <span class='ocrx_word' id='word_1_693' title='bbox 2078 336 2134 369; x_wconf 86' lang='lat' dir='ltr'>illa</span> <span class='ocrx_word' id='word_1_694' title='bbox 2154 336 2220 371; x_wconf 80' lang='lat' dir='ltr'>fuit</span> <span class='ocrx_word' id='word_1_695' title='bbox 2240 343 2337 379; x_wconf 80' lang='lat' dir='ltr'>quam</span> <span class='ocrx_word' id='word_1_696' title='bbox 2359 336 2393 369; x_wconf 89' lang='lat' dir='ltr'>in</span> 
     </span>
     <span class='ocr_line' id='line_1_84' title="bbox 1391 378 2394 422; baseline -0.001 -10"><span class='ocrx_word' id='word_1_697' title='bbox 1391 379 1516 413; x_wconf 89' lang='lat' dir='ltr'>bubulo</span> <span class='ocrx_word' id='word_1_698' title='bbox 1537 379 1678 422; x_wconf 82' lang='lat' dir='ltr'>jecinore</span> <span class='ocrx_word' id='word_1_699' title='bbox 1702 379 1785 414; x_wconf 90' lang='lat' dir='ltr'>vidit</span> <span class='ocrx_word' id='word_1_700' title='bbox 1812 378 1975 413; x_wconf 83' lang='lat' dir='ltr'>Caldefius</span> <span class='ocrx_word' id='word_1_701' title='bbox 1997 382 2087 418; x_wconf 67' lang='lat' dir='ltr'>(t)·,</span> <span class='ocrx_word' id='word_1_702' title='bbox 2104 390 2222 413; x_wconf 89' lang='lat' dir='ltr'>novem</span> <span class='ocrx_word' id='word_1_703' title='bbox 2244 383 2330 414; x_wconf 88' lang='lat' dir='ltr'>enim</span> <span class='ocrx_word' id='word_1_704' title='bbox 2354 379 2394 412; x_wconf 94' lang='lat' dir='ltr'>li-</span> 
     </span>
     <span class='ocr_line' id='line_1_85' title="bbox 1392 421 2395 469; baseline 0.001 -13"><span class='ocrx_word' id='word_1_705' title='bbox 1392 423 1465 456; x_wconf 84' lang='lat' dir='ltr'>bras</span> <span class='ocrx_word' id='word_1_706' title='bbox 1487 422 1644 466; x_wconf 85' lang='lat' dir='ltr'>pendebat</span> <span class='ocrx_word' id='word_1_707' title='bbox 1667 432 1763 462; x_wconf 89' lang='lat' dir='ltr'>tota;</span> <span class='ocrx_word' id='word_1_708' title='bbox 1784 423 1901 457; x_wconf 78' lang='lat' dir='ltr'>tunicae</span> <span class='ocrx_word' id='word_1_709' title='bbox 1924 432 2031 455; x_wconf 88' lang='lat' dir='ltr'>autem</span> <span class='ocrx_word' id='word_1_710' title='bbox 2053 421 2126 469; x_wconf 72' lang='lat' dir='ltr'>solae</span> <span class='ocrx_word' id='word_1_711' title='bbox 2151 424 2260 456; x_wconf 86' lang='lat' dir='ltr'>uncias</span> <span class='ocrx_word' id='word_1_712' title='bbox 2284 422 2395 457; x_wconf 79' lang='lat' dir='ltr'>sexde-</span> 
     </span>
     <span class='ocr_line' id='line_1_86' title="bbox 1394 464 2394 507; baseline 0 -7"><span class='ocrx_word' id='word_1_713' title='bbox 1394 468 1480 500; x_wconf 89' lang='lat' dir='ltr'>cim.</span> <span class='ocrx_word' id='word_1_714' title='bbox 1503 466 1587 504; x_wconf 81' lang='lat' dir='ltr'>Quae</span> <span class='ocrx_word' id='word_1_715' title='bbox 1611 467 1728 499; x_wconf 85' lang='lat' dir='ltr'>tunicae</span> <span class='ocrx_word' id='word_1_716' title='bbox 1751 477 1825 499; x_wconf 88' lang='lat' dir='ltr'>cum</span> <span class='ocrx_word' id='word_1_717' title='bbox 1849 466 1945 499; x_wconf 82' lang='lat' dir='ltr'>essent</span> <span class='ocrx_word' id='word_1_718' title='bbox 1968 474 2032 498; x_wconf 87' lang='lat' dir='ltr'>tres</span> <span class='ocrx_word' id='word_1_719' title='bbox 2054 476 2065 503; x_wconf 74' lang='grc' dir='ltr'><strong><em>ς</em></strong></span> <span class='ocrx_word' id='word_1_720' title='bbox 2087 466 2218 507; x_wconf 69' lang='lat' dir='ltr'>singulae</span> <span class='ocrx_word' id='word_1_721' title='bbox 2241 464 2340 500; x_wconf 88' lang='lat' dir='ltr'>ferme</span> <span class='ocrx_word' id='word_1_722' title='bbox 2360 468 2394 500; x_wconf 86' lang='lat'>&amp;</span> 
     </span>
     <span class='ocr_line' id='line_1_87' title="bbox 1395 509 2392 552; baseline -0.001 -8"><span class='ocrx_word' id='word_1_723' title='bbox 1395 521 1434 544; x_wconf 86' lang='lat' dir='ltr'>ex</span> <span class='ocrx_word' id='word_1_724' title='bbox 1458 509 1530 543; x_wconf 86' lang='lat' dir='ltr'>aliis</span> <span class='ocrx_word' id='word_1_725' title='bbox 1555 510 1698 552; x_wconf 85' lang='lat' dir='ltr'>pluribus</span> <span class='ocrx_word' id='word_1_726' title='bbox 1720 509 1905 547; x_wconf 81' lang='lat' dir='ltr'>constabant</span> <span class='ocrx_word' id='word_1_727' title='bbox 1929 510 2091 546; x_wconf 87' lang='lat' dir='ltr'>laminis·,</span> <span class='ocrx_word' id='word_1_728' title='bbox 2129 513 2160 542; x_wconf 92' lang='lat'>&amp;</span> <span class='ocrx_word' id='word_1_729' title='bbox 2196 509 2335 542; x_wconf 83' lang='lat' dir='ltr'>robustae</span> <span class='ocrx_word' id='word_1_730' title='bbox 2358 522 2392 543; x_wconf 91' lang='lat' dir='ltr'>e-</span> 
     </span>
     <span class='ocr_line' id='line_1_88' title="bbox 1397 550 2392 595; baseline 0 -9"><span class='ocrx_word' id='word_1_731' title='bbox 1397 562 1492 592; x_wconf 88' lang='lat' dir='ltr'>rant,</span> <span class='ocrx_word' id='word_1_732' title='bbox 1514 561 1609 594; x_wconf 88' lang='lat' dir='ltr'>atque</span> <span class='ocrx_word' id='word_1_733' title='bbox 1631 552 1794 590; x_wconf 69' lang='lat' dir='ltr'>carnosae,</span> <span class='ocrx_word' id='word_1_734' title='bbox 1818 553 1957 585; x_wconf 84' lang='lat' dir='ltr'>exterior</span> <span class='ocrx_word' id='word_1_735' title='bbox 1983 550 2158 595; x_wconf 75' lang='lat' dir='ltr'>praesertim</span> <span class='ocrx_word' id='word_1_736' title='bbox 2181 553 2282 593; x_wconf 79' lang='lat' dir='ltr'>magis</span> <span class='ocrx_word' id='word_1_737' title='bbox 2295 563 2392 595; x_wconf 81' lang='lat' dir='ltr'>quarn</span> 
     </span>
     <span class='ocr_line' id='line_1_89' title="bbox 1393 594 2392 634; baseline -0.001 -5"><span class='ocrx_word' id='word_1_738' title='bbox 1393 606 1535 634; x_wconf 81' lang='lat' dir='ltr'>caeterae,</span> <span class='ocrx_word' id='word_1_739' title='bbox 1559 596 1672 632; x_wconf 81' lang='lat' dir='ltr'>firma,</span> <span class='ocrx_word' id='word_1_740' title='bbox 1695 598 1726 629; x_wconf 89' lang='lat'>&amp;</span> <span class='ocrx_word' id='word_1_741' title='bbox 1749 595 1945 632; x_wconf 81' lang='lat' dir='ltr'>musculosa,</span> <span class='ocrx_word' id='word_1_742' title='bbox 1969 607 2007 628; x_wconf 85' lang='lat' dir='ltr'>ex</span> <span class='ocrx_word' id='word_1_743' title='bbox 2031 594 2120 629; x_wconf 81' lang='lat' dir='ltr'>fibris</span> <span class='ocrx_word' id='word_1_744' title='bbox 2142 596 2286 629; x_wconf 83' lang='lat' dir='ltr'>constans</span> <span class='ocrx_word' id='word_1_745' title='bbox 2309 597 2392 629; x_wconf 88' lang='lat' dir='ltr'>inter</span> 
     </span>
     <span class='ocr_line' id='line_1_90' title="bbox 1393 638 2392 681; baseline -0.003 -9"><span class='ocrx_word' id='word_1_746' title='bbox 1393 640 1422 672; x_wconf 82' lang='lat' dir='ltr'>se</span> <span class='ocrx_word' id='word_1_747' title='bbox 1446 641 1582 673; x_wconf 77' lang='lat' dir='ltr'>maxime</span> <span class='ocrx_word' id='word_1_748' title='bbox 1605 638 1775 681; x_wconf 87' lang='lat' dir='ltr'>implicitis</span> <span class='ocrx_word' id='word_1_749' title='bbox 1801 649 1811 676; x_wconf 73' lang='grc' dir='ltr'>ς</span> <span class='ocrx_word' id='word_1_750' title='bbox 1842 650 1917 671; x_wconf 89' lang='lat' dir='ltr'>cum</span> <span class='ocrx_word' id='word_1_751' title='bbox 1940 641 2079 672; x_wconf 87' lang='lat' dir='ltr'>interior</span> <span class='ocrx_word' id='word_1_752' title='bbox 2114 638 2190 672; x_wconf 73' lang='lat' dir='ltr'>esset</span> <span class='ocrx_word' id='word_1_753' title='bbox 2213 638 2392 674; x_wconf 74' lang='lat' dir='ltr'>infirmiss-</span> 
     </span>
     <span class='ocr_line' id='line_1_91' title="bbox 1394 681 2394 728; baseline -0.001 -13"><span class='ocrx_word' id='word_1_754' title='bbox 1394 694 1444 715; x_wconf 85' lang='lat' dir='ltr'>ma</span> <span class='ocrx_word' id='word_1_755' title='bbox 1469 705 1481 723; x_wconf 83' lang='lat'>,</span> <span class='ocrx_word' id='word_1_756' title='bbox 1503 685 1534 717; x_wconf 85' lang='lat'>&amp;</span> <span class='ocrx_word' id='word_1_757' title='bbox 1558 685 1685 717; x_wconf 83' lang='lat' dir='ltr'>tenuis:</span> <span class='ocrx_word' id='word_1_758' title='bbox 1709 681 1812 715; x_wconf 88' lang='lat' dir='ltr'>media</span> <span class='ocrx_word' id='word_1_759' title='bbox 1837 690 1940 728; x_wconf 72' lang='lat' dir='ltr'>autem</span> <span class='ocrx_word' id='word_1_760' title='bbox 1963 683 2073 715; x_wconf 86' lang='lat' dir='ltr'>colore</span> <span class='ocrx_word' id='word_1_761' title='bbox 2096 693 2214 720; x_wconf 85' lang='lat' dir='ltr'>aureo,</span> <span class='ocrx_word' id='word_1_762' title='bbox 2238 685 2268 715; x_wconf 89' lang='lat'>&amp;</span> <span class='ocrx_word' id='word_1_763' title='bbox 2291 690 2394 724; x_wconf 75' lang='lat' dir='ltr'>rugo-¹</span> 
     </span>
     <span class='ocr_line' id='line_1_92' title="bbox 1393 723 2394 767; baseline -0.001 -8"><span class='ocrx_word' id='word_1_764' title='bbox 1393 725 1421 759; x_wconf 86' lang='lat' dir='ltr'>sa</span> <span class='ocrx_word' id='word_1_765' title='bbox 1436 751 1445 766; x_wconf 93' lang='lat'><strong><em>‚</em></strong></span> <span class='ocrx_word' id='word_1_766' title='bbox 1471 726 1561 760; x_wconf 84' lang='lat' dir='ltr'>affixa</span> <span class='ocrx_word' id='word_1_767' title='bbox 1584 725 1724 760; x_wconf 87' lang='lat' dir='ltr'>habebat</span> <span class='ocrx_word' id='word_1_768' title='bbox 1745 726 1844 760; x_wconf 82' lang='lat' dir='ltr'>frusta</span> <span class='ocrx_word' id='word_1_769' title='bbox 1868 723 2014 767; x_wconf 82' lang='lat' dir='ltr'>quaedam</span> <span class='ocrx_word' id='word_1_770' title='bbox 2037 737 2075 758; x_wconf 85' lang='lat' dir='ltr'>ex</span> <span class='ocrx_word' id='word_1_771' title='bbox 2099 725 2235 767; x_wconf 84' lang='lat' dir='ltr'>gypsea,</span> <span class='ocrx_word' id='word_1_772' title='bbox 2258 726 2308 759; x_wconf 88' lang='lat' dir='ltr'>vel</span> <span class='ocrx_word' id='word_1_773' title='bbox 2335 736 2394 766; x_wconf 87' lang='lat' dir='ltr'>po-</span> 
     </span>
     <span class='ocr_line' id='line_1_93' title="bbox 1387 767 2392 811; baseline -0.002 -9"><span class='ocrx_word' id='word_1_774' title='bbox 1387 770 1453 803; x_wconf 88' lang='lat' dir='ltr'>tius</span> <span class='ocrx_word' id='word_1_775' title='bbox 1475 769 1558 803; x_wconf 79' lang='lat' dir='ltr'>ossea</span> <span class='ocrx_word' id='word_1_776' title='bbox 1583 771 1735 802; x_wconf 87' lang='lat' dir='ltr'>materia.</span> <span class='ocrx_word' id='word_1_777' title='bbox 1759 770 1859 811; x_wconf 85' lang='lat' dir='ltr'>Aqua</span> <span class='ocrx_word' id='word_1_778' title='bbox 1890 793 1898 807; x_wconf 91' lang='lat'>‚</span> <span class='ocrx_word' id='word_1_779' title='bbox 1922 767 1972 802; x_wconf 89' lang='lat' dir='ltr'>his</span> <span class='ocrx_word' id='word_1_780' title='bbox 1999 769 2120 802; x_wconf 89' lang='lat' dir='ltr'>tunicis</span> <span class='ocrx_word' id='word_1_781' title='bbox 2142 767 2392 811; x_wconf 83' lang='lat' dir='ltr'>comprehensa,</span> 
     </span>
     <span class='ocr_line' id='line_1_94' title="bbox 1387 811 2392 855; baseline -0.002 -8"><span class='ocrx_word' id='word_1_782' title='bbox 1387 812 1543 855; x_wconf 79' lang='lat' dir='ltr'>limpida,</span> <span class='ocrx_word' id='word_1_783' title='bbox 1567 815 1597 845; x_wconf 69' lang='grc' dir='ltr'>δε</span> <span class='ocrx_word' id='word_1_784' title='bbox 1620 812 1777 849; x_wconf 79' lang='lat' dir='ltr'>subsalsa,</span> <span class='ocrx_word' id='word_1_785' title='bbox 1800 812 1899 844; x_wconf 85' lang='lat' dir='ltr'>variis</span> <span class='ocrx_word' id='word_1_786' title='bbox 1921 811 2060 846; x_wconf 85' lang='lat' dir='ltr'>admistis</span> <span class='ocrx_word' id='word_1_787' title='bbox 2092 812 2275 854; x_wconf 83' lang='lat' dir='ltr'>liquoribus</span> <span class='ocrx_word' id='word_1_788' title='bbox 2307 812 2392 845; x_wconf 89' lang='lat' dir='ltr'>nihil</span> 
     </span>
     <span class='ocr_line' id='line_1_95' title="bbox 1389 854 2392 898; baseline 0 -9"><span class='ocrx_word' id='word_1_789' title='bbox 1389 857 1518 898; x_wconf 84' lang='lat' dir='ltr'>prorsus</span> <span class='ocrx_word' id='word_1_790' title='bbox 1542 866 1668 890; x_wconf 86' lang='lat' dir='ltr'>mutata</span> <span class='ocrx_word' id='word_1_791' title='bbox 1692 856 1738 889; x_wconf 91' lang='lat' dir='ltr'>est</span> <span class='ocrx_word' id='word_1_792' title='bbox 1762 868 1770 887; x_wconf 73' lang='grc' dir='ltr'><em>ι</em></span> <span class='ocrx_word' id='word_1_793' title='bbox 1812 865 1846 887; x_wconf 92' lang='lat' dir='ltr'>ut</span> <span class='ocrx_word' id='word_1_794' title='bbox 1871 865 1973 898; x_wconf 85' lang='lat' dir='ltr'>neque</span> <span class='ocrx_word' id='word_1_795' title='bbox 1996 854 2164 889; x_wconf 87' lang='lat' dir='ltr'>bulliendo</span> <span class='ocrx_word' id='word_1_796' title='bbox 2188 856 2288 898; x_wconf 85' lang='lat' dir='ltr'>magis</span> <span class='ocrx_word' id='word_1_797' title='bbox 2309 866 2392 889; x_wconf 89' lang='lat' dir='ltr'>con-</span> 
     </span>
     <span class='ocr_line' id='line_1_96' title="bbox 1389 897 2393 944; baseline -0.003 -10"><span class='ocrx_word' id='word_1_798' title='bbox 1389 904 1532 934; x_wconf 82' lang='lat' dir='ltr'>creverat</span> <span class='ocrx_word' id='word_1_799' title='bbox 1555 921 1566 939; x_wconf 85' lang='lat'>,</span> <span class='ocrx_word' id='word_1_800' title='bbox 1589 911 1651 942; x_wconf 85' lang='lat' dir='ltr'>qua</span> <span class='ocrx_word' id='word_1_801' title='bbox 1677 908 1864 932; x_wconf 71' lang='lat' dir='ltr'>caeterarum</span> <span class='ocrx_word' id='word_1_802' title='bbox 1891 923 1901 938; x_wconf 93' lang='lat'>‚</span> <span class='ocrx_word' id='word_1_803' title='bbox 1925 900 1959 930; x_wconf 90' lang='lat' dir='ltr'>in</span> <span class='ocrx_word' id='word_1_804' title='bbox 1975 899 2100 944; x_wconf 77' lang='lat' dir='ltr'>&#39;quibus</span> <span class='ocrx_word' id='word_1_805' title='bbox 2124 897 2235 934; x_wconf 80' lang='lat' dir='ltr'>frustra</span> <span class='ocrx_word' id='word_1_806' title='bbox 2259 898 2292 932; x_wconf 90' lang='lat' dir='ltr'>id</span> <span class='ocrx_word' id='word_1_807' title='bbox 2322 908 2393 932; x_wconf 90' lang='lat' dir='ltr'>ten-</span> 
     </span>
     <span class='ocr_line' id='line_1_97' title="bbox 1392 941 2390 985; baseline 0 -9"><span class='ocrx_word' id='word_1_808' title='bbox 1392 945 1475 977; x_wconf 86' lang='lat' dir='ltr'>tavit</span> <span class='ocrx_word' id='word_1_809' title='bbox 1499 966 1508 981; x_wconf 86' lang='lat'>,</span> <span class='ocrx_word' id='word_1_810' title='bbox 1562 941 1766 985; x_wconf 77' lang='lat' dir='ltr'>hydatidum</span> <span class='ocrx_word' id='word_1_811' title='bbox 1782 966 1789 974; x_wconf 92' lang='lat'>.</span> <span class='ocrx_word' id='word_1_812' title='bbox 1836 942 1867 973; x_wconf 91' lang='lat' dir='ltr'>Si</span> <span class='ocrx_word' id='word_1_813' title='bbox 1912 953 1987 975; x_wconf 88' lang='lat' dir='ltr'>cum</span> <span class='ocrx_word' id='word_1_814' title='bbox 2030 941 2185 975; x_wconf 64' lang='lat' dir='ltr'>strufflrra</span> <span class='ocrx_word' id='word_1_815' title='bbox 2231 942 2390 985; x_wconf 88' lang='lat' dir='ltr'>descripta</span> 
     </span>
     <span class='ocr_line' id='line_1_98' title="bbox 1390 983 2391 1029; baseline 0 -10"><span class='ocrx_word' id='word_1_816' title='bbox 1390 999 1459 1020; x_wconf 87' lang='lat' dir='ltr'>eam</span> <span class='ocrx_word' id='word_1_817' title='bbox 1485 986 1630 1020; x_wconf 87' lang='lat' dir='ltr'>conferas</span> <span class='ocrx_word' id='word_1_818' title='bbox 1654 997 1752 1029; x_wconf 85' lang='lat' dir='ltr'>quam</span> <span class='ocrx_word' id='word_1_819' title='bbox 1777 987 1810 1017; x_wconf 86' lang='lat' dir='ltr'>in</span> <span class='ocrx_word' id='word_1_820' title='bbox 1836 983 1898 1018; x_wconf 84' lang='lat' dir='ltr'>suis</span> <span class='ocrx_word' id='word_1_821' title='bbox 1931 986 1996 1018; x_wconf 84' lang='lat' dir='ltr'>illis</span> <span class='ocrx_word' id='word_1_822' title='bbox 2027 993 2077 1017; x_wconf 91' lang='lat' dir='ltr'>tot</span> <span class='ocrx_word' id='word_1_823' title='bbox 2101 985 2211 1018; x_wconf 82' lang='lat' dir='ltr'>vesicis</span> <span class='ocrx_word' id='word_1_824' title='bbox 2240 987 2391 1019; x_wconf 74' lang='lat' dir='ltr'>animad-</span> 
     </span>
     <span class='ocr_line' id='line_1_99' title="bbox 1388 1027 2393 1071; baseline 0.002 -10"><span class='ocrx_word' id='word_1_825' title='bbox 1388 1031 1485 1064; x_wconf 87' lang='lat' dir='ltr'>vertit</span> <span class='ocrx_word' id='word_1_826' title='bbox 1499 1030 1654 1064; x_wconf 83' lang='lat' dir='ltr'>Cordaeus</span> <span class='ocrx_word' id='word_1_827' title='bbox 1675 1032 1688 1068; x_wconf 71' lang='grc' dir='ltr'>Ε</span> <span class='ocrx_word' id='word_1_828' title='bbox 1712 1040 1731 1062; x_wconf 78' lang='grc' dir='ltr'>ιι</span> <span class='ocrx_word' id='word_1_829' title='bbox 1750 1029 1767 1071; x_wconf 86' lang='grc'><strong><em>)</em></strong></span> <span class='ocrx_word' id='word_1_830' title='bbox 1790 1032 1886 1067; x_wconf 87' lang='lat' dir='ltr'>(nam</span> <span class='ocrx_word' id='word_1_831' title='bbox 1912 1027 2032 1063; x_wconf 77' lang='lat' dir='ltr'>Persius</span> <span class='ocrx_word' id='word_1_832' title='bbox 2056 1028 2110 1071; x_wconf 84' lang='lat' dir='ltr'>(x</span> <span class='ocrx_word' id='word_1_833' title='bbox 2129 1031 2143 1066; x_wconf 89' lang='lat'><em>)</em></span> <span class='ocrx_word' id='word_1_834' title='bbox 2166 1028 2212 1060; x_wconf 91' lang='lat' dir='ltr'>nil</span> <span class='ocrx_word' id='word_1_835' title='bbox 2235 1028 2330 1062; x_wconf 84' lang='lat' dir='ltr'>habet</span> <span class='ocrx_word' id='word_1_836' title='bbox 2354 1029 2393 1063; x_wconf 90' lang='lat' dir='ltr'>de</span> 
     </span>
    </p>
   </div>
   <div class='ocr_carea' id='block_1_5' title="bbox 1387 1070 2400 1114">
    <p class='ocr_par' dir='ltr' id='par_1_7' title="bbox 1387 1070 2400 1114">
     <span class='ocr_line' id='line_1_100' title="bbox 1387 1070 2400 1114; baseline 0 -8"><span class='ocrx_word' id='word_1_837' title='bbox 1387 1072 1562 1112; x_wconf 64' lang='lat' dir='ltr'>structura,</span> <span class='ocrx_word' id='word_1_838' title='bbox 1585 1073 1627 1108; x_wconf 85' lang='lat' dir='ltr'>ut</span> <span class='ocrx_word' id='word_1_839' title='bbox 1645 1084 1747 1114; x_wconf 87' lang='lat' dir='ltr'>neque</span> <span class='ocrx_word' id='word_1_840' title='bbox 1773 1072 1937 1105; x_wconf 79' lang='lat' dir='ltr'>Ballonius</span> <span class='ocrx_word' id='word_1_841' title='bbox 1962 1077 2014 1113; x_wconf 87' lang='lat' dir='ltr'>(y</span> <span class='ocrx_word' id='word_1_842' title='bbox 2036 1074 2050 1110; x_wconf 91' lang='lat'><strong>)</strong></span> <span class='ocrx_word' id='word_1_843' title='bbox 2074 1070 2133 1103; x_wconf 85' lang='lat' dir='ltr'>nifi</span> <span class='ocrx_word' id='word_1_844' title='bbox 2157 1072 2245 1113; x_wconf 88' lang='lat' dir='ltr'>quod</span> <span class='ocrx_word' id='word_1_845' title='bbox 2281 1072 2400 1114; x_wconf 76' lang='lat' dir='ltr'>tripli-v</span> 
     </span>
    </p>
   </div>
   <div class='ocr_carea' id='block_1_6' title="bbox 1383 1115 2403 3374">
    <p class='ocr_par' dir='ltr' id='par_1_8' title="bbox 1383 1115 2403 3374">
     <span class='ocr_line' id='line_1_101' title="bbox 1388 1115 2392 1161; baseline -0.001 -13"><span class='ocrx_word' id='word_1_846' title='bbox 1388 1126 1453 1149; x_wconf 82' lang='lat' dir='ltr'>cem</span> <span class='ocrx_word' id='word_1_847' title='bbox 1478 1116 1672 1157; x_wconf 77' lang='lat' dir='ltr'>fingularum</span> <span class='ocrx_word' id='word_1_848' title='bbox 1698 1115 1836 1161; x_wconf 56' lang='lat' dir='ltr'>tunicari}</span> <span class='ocrx_word' id='word_1_849' title='bbox 1860 1115 2030 1148; x_wconf 83' lang='lat' dir='ltr'>adnotavit</span> <span class='ocrx_word' id='word_1_850' title='bbox 2054 1116 2063 1152; x_wconf 97' lang='lat'><em>)</em></span> <span class='ocrx_word' id='word_1_851' title='bbox 2088 1115 2247 1157; x_wconf 83' lang='lat' dir='ltr'>intelliges</span> <span class='ocrx_word' id='word_1_852' title='bbox 2271 1115 2392 1156; x_wconf 86' lang='lat' dir='ltr'>facile,</span> 
     </span>
     <span class='ocr_line' id='line_1_102' title="bbox 1390 1156 2392 1201; baseline 0 -9"><span class='ocrx_word' id='word_1_853' title='bbox 1390 1170 1546 1200; x_wconf 86' lang='lat' dir='ltr'>quantum</span> <span class='ocrx_word' id='word_1_854' title='bbox 1573 1158 1722 1192; x_wconf 80' lang='lat' dir='ltr'>Caldefio</span> <span class='ocrx_word' id='word_1_855' title='bbox 1746 1158 1905 1200; x_wconf 61' lang='lat' dir='ltr'>profuerit</span> <span class='ocrx_word' id='word_1_856' title='bbox 1931 1158 1990 1192; x_wconf 84' lang='lat' dir='ltr'>suae</span> <span class='ocrx_word' id='word_1_857' title='bbox 2025 1156 2193 1200; x_wconf 84' lang='lat' dir='ltr'>hydatidis</span> <span class='ocrx_word' id='word_1_858' title='bbox 2225 1162 2392 1201; x_wconf 81' lang='lat' dir='ltr'>magnitu-</span> 
     </span>
     <span class='ocr_line' id='line_1_103' title="bbox 1389 1201 2392 1245; baseline 0.001 -10"><span class='ocrx_word' id='word_1_859' title='bbox 1389 1203 1452 1236; x_wconf 91' lang='lat' dir='ltr'>do.</span> <span class='ocrx_word' id='word_1_860' title='bbox 1477 1202 1632 1237; x_wconf 85' lang='lat' dir='ltr'>Cordaeus</span> <span class='ocrx_word' id='word_1_861' title='bbox 1655 1213 1739 1236; x_wconf 81' lang='lat' dir='ltr'>enim</span> <span class='ocrx_word' id='word_1_862' title='bbox 1765 1201 1830 1235; x_wconf 84' lang='lat' dir='ltr'>haec</span> <span class='ocrx_word' id='word_1_863' title='bbox 1854 1211 1980 1235; x_wconf 83' lang='lat' dir='ltr'>tantum</span> <span class='ocrx_word' id='word_1_864' title='bbox 2003 1201 2090 1234; x_wconf 85' lang='lat' dir='ltr'>vidit</span> <span class='ocrx_word' id='word_1_865' title='bbox 2114 1202 2192 1240; x_wconf 48' lang='lat' dir='ltr'>sut</span> <span class='ocrx_word' id='word_1_866' title='bbox 2213 1201 2291 1235; x_wconf 75' lang='lat' dir='ltr'>hina·</span> <span class='ocrx_word' id='word_1_867' title='bbox 2322 1202 2392 1245; x_wconf 88' lang='lat' dir='ltr'>illas</span> 
     </span>
     <span class='ocr_line' id='line_1_104' title="bbox 1390 1244 2392 1288; baseline 0 -10"><span class='ocrx_word' id='word_1_868' title='bbox 1390 1245 1570 1280; x_wconf 66' lang='lat' dir='ltr'>membrana</span> <span class='ocrx_word' id='word_1_869' title='bbox 1592 1245 1772 1288; x_wconf 79' lang='lat' dir='ltr'>conficerent</span> <span class='ocrx_word' id='word_1_870' title='bbox 1785 1270 1793 1281; x_wconf 76' lang='grc'><em>,</em></span> <span class='ocrx_word' id='word_1_871' title='bbox 1814 1244 1904 1278; x_wconf 69' lang='lat' dir='ltr'>valde</span> <span class='ocrx_word' id='word_1_872' title='bbox 1926 1245 2090 1278; x_wconf 73' lang='lat' dir='ltr'>candicans</span> <span class='ocrx_word' id='word_1_873' title='bbox 2113 1245 2241 1277; x_wconf 72' lang='lat' dir='ltr'>interior</span> <span class='ocrx_word' id='word_1_874' title='bbox 2254 1268 2266 1285; x_wconf 90' lang='lat'><em>‚</em></span> <span class='ocrx_word' id='word_1_875' title='bbox 2288 1245 2392 1280; x_wconf 80' lang='lat' dir='ltr'>altem</span> 
     </span>
     <span class='ocr_line' id='line_1_105' title="bbox 1391 1285 2392 1329; baseline 0 -6"><span class='ocrx_word' id='word_1_876' title='bbox 1391 1289 1499 1323; x_wconf 66' lang='lat' dir='ltr'>tunicae</span> <span class='ocrx_word' id='word_1_877' title='bbox 1520 1289 1689 1323; x_wconf 64' lang='lat' dir='ltr'>ventriculi</span> <span class='ocrx_word' id='word_1_878' title='bbox 1705 1287 1868 1329; x_wconf 72' lang='lat' dir='ltr'>fimiltima</span> <span class='ocrx_word' id='word_1_879' title='bbox 1893 1310 1900 1323; x_wconf 91' lang='lat'>‚</span> <span class='ocrx_word' id='word_1_880' title='bbox 1925 1289 2046 1321; x_wconf 80' lang='lat' dir='ltr'>tenuior</span> <span class='ocrx_word' id='word_1_881' title='bbox 2069 1285 2230 1328; x_wconf 64' lang='lat' dir='ltr'>aliquanto</span> <span class='ocrx_word' id='word_1_882' title='bbox 2252 1296 2355 1323; x_wconf 80' lang='lat' dir='ltr'>tamen</span> <span class='ocrx_word' id='word_1_883' title='bbox 2380 1312 2392 1329; x_wconf 85' lang='lat'>‚</span> 
     </span>
     <span class='ocr_line' id='line_1_106' title="bbox 1383 1330 2391 1375; baseline -0.001 -10"><span class='ocrx_word' id='word_1_884' title='bbox 1383 1330 1475 1375; x_wconf 77' lang='lat' dir='ltr'>fedei</span> <span class='ocrx_word' id='word_1_885' title='bbox 1486 1333 1607 1373; x_wconf 71' lang='lat' dir='ltr'>quidem</span> <span class='ocrx_word' id='word_1_886' title='bbox 1630 1330 1788 1366; x_wconf 80' lang='lat' dir='ltr'>concolor.</span> <span class='ocrx_word' id='word_1_887' title='bbox 1816 1331 1902 1374; x_wconf 66' lang='lat' dir='ltr'>Mihi</span> <span class='ocrx_word' id='word_1_888' title='bbox 1927 1343 2021 1367; x_wconf 63' lang='grc' dir='ltr'><em>γεῖος</em></span> <span class='ocrx_word' id='word_1_889' title='bbox 2045 1341 2236 1372; x_wconf 72' lang='lat' dir='ltr'>quanquam</span> <span class='ocrx_word' id='word_1_890' title='bbox 2254 1332 2391 1368; x_wconf 87' lang='lat' dir='ltr'>dubium</span> 
     </span>
     <span class='ocr_line' id='line_1_107' title="bbox 1390 1374 2389 1417; baseline 0.001 -9"><span class='ocrx_word' id='word_1_891' title='bbox 1390 1375 1448 1408; x_wconf 87' lang='lat' dir='ltr'>esle</span> <span class='ocrx_word' id='word_1_892' title='bbox 1474 1386 1537 1409; x_wconf 92' lang='lat' dir='ltr'>non</span> <span class='ocrx_word' id='word_1_893' title='bbox 1564 1377 1665 1417; x_wconf 83' lang='lat' dir='ltr'>potest</span> <span class='ocrx_word' id='word_1_894' title='bbox 1691 1399 1698 1411; x_wconf 84' lang='lat'>,</span> <span class='ocrx_word' id='word_1_895' title='bbox 1731 1376 1811 1417; x_wconf 84' lang='lat' dir='ltr'>quin</span> <span class='ocrx_word' id='word_1_896' title='bbox 1847 1386 1958 1408; x_wconf 85' lang='lat' dir='ltr'>eorum</span> <span class='ocrx_word' id='word_1_897' title='bbox 1983 1385 2053 1417; x_wconf 78' lang='lat' dir='ltr'>quae</span> <span class='ocrx_word' id='word_1_898' title='bbox 2079 1374 2246 1416; x_wconf 84' lang='lat' dir='ltr'>conspexit</span> <span class='ocrx_word' id='word_1_899' title='bbox 2271 1376 2389 1409; x_wconf 83' lang='lat' dir='ltr'>Calde-</span> 
     </span>
     <span class='ocr_line' id='line_1_108' title="bbox 1388 1417 2395 1460; baseline 0.001 -8"><span class='ocrx_word' id='word_1_900' title='bbox 1388 1419 1468 1455; x_wconf 77' lang='lat' dir='ltr'>fias,</span> <span class='ocrx_word' id='word_1_901' title='bbox 1494 1419 1648 1460; x_wconf 83' lang='lat' dir='ltr'>quaedam·</span> <span class='ocrx_word' id='word_1_902' title='bbox 1665 1417 1786 1452; x_wconf 81' lang='lat' dir='ltr'>fuerint</span> <span class='ocrx_word' id='word_1_903' title='bbox 1809 1417 1895 1452; x_wconf 84' lang='lat' dir='ltr'>illius</span> <span class='ocrx_word' id='word_1_904' title='bbox 1919 1417 2084 1459; x_wconf 79' lang='lat' dir='ltr'>hydatidis</span> <span class='ocrx_word' id='word_1_905' title='bbox 2108 1419 2304 1458; x_wconf 74' lang='lat' dir='ltr'>peculiari23</span> <span class='ocrx_word' id='word_1_906' title='bbox 2320 1430 2395 1453; x_wconf 84' lang='lat' dir='ltr'>nec-</span> 
     </span>
     <span class='ocr_line' id='line_1_109' title="bbox 1391 1461 2392 1505; baseline 0 -10"><span class='ocrx_word' id='word_1_907' title='bbox 1391 1463 1469 1496; x_wconf 91' lang='lat' dir='ltr'>dum</span> <span class='ocrx_word' id='word_1_908' title='bbox 1492 1463 1634 1505; x_wconf 71' lang='lat' dir='ltr'>contigit</span> <span class='ocrx_word' id='word_1_909' title='bbox 1658 1485 1670 1502; x_wconf 82' lang='lat'>,</span> <span class='ocrx_word' id='word_1_910' title='bbox 1700 1471 1735 1494; x_wconf 86' lang='lat' dir='ltr'>ut</span> <span class='ocrx_word' id='word_1_911' title='bbox 1759 1464 1794 1495; x_wconf 90' lang='lat' dir='ltr'>in</span> <span class='ocrx_word' id='word_1_912' title='bbox 1818 1472 1883 1495; x_wconf 89' lang='lat' dir='ltr'>tam</span> <span class='ocrx_word' id='word_1_913' title='bbox 1907 1472 2035 1503; x_wconf 76' lang='lat' dir='ltr'>magnas</span> <span class='ocrx_word' id='word_1_914' title='bbox 2058 1461 2237 1495; x_wconf 85' lang='lat' dir='ltr'>inciderem</span> <span class='ocrx_word' id='word_1_915' title='bbox 2260 1484 2269 1499; x_wconf 88' lang='lat'>‚</span> <span class='ocrx_word' id='word_1_916' title='bbox 2293 1474 2392 1505; x_wconf 81' lang='lat' dir='ltr'>quam</span> 
     </span>
     <span class='ocr_line' id='line_1_110' title="bbox 1392 1504 2394 1547; baseline 0 -9"><span class='ocrx_word' id='word_1_917' title='bbox 1392 1504 1560 1540; x_wconf 80' lang='lat' dir='ltr'>voluissem</span> <span class='ocrx_word' id='word_1_918' title='bbox 1576 1530 1585 1546; x_wconf 87' lang='lat'>,</span> <span class='ocrx_word' id='word_1_919' title='bbox 1610 1508 1641 1539; x_wconf 62' lang='grc' dir='ltr'>ἃς</span> <span class='ocrx_word' id='word_1_920' title='bbox 1664 1517 1738 1540; x_wconf 87' lang='lat' dir='ltr'>cum</span> <span class='ocrx_word' id='word_1_921' title='bbox 1760 1505 1884 1544; x_wconf 84' lang='lat' dir='ltr'>incidi,</span> <span class='ocrx_word' id='word_1_922' title='bbox 1907 1514 1945 1538; x_wconf 89' lang='lat' dir='ltr'>ut</span> <span class='ocrx_word' id='word_1_923' title='bbox 1968 1506 2076 1538; x_wconf 84' lang='lat' dir='ltr'>liceret</span> <span class='ocrx_word' id='word_1_924' title='bbox 2101 1504 2194 1538; x_wconf 87' lang='lat' dir='ltr'>aliter</span> <span class='ocrx_word' id='word_1_925' title='bbox 2217 1517 2314 1547; x_wconf 83' lang='lat' dir='ltr'>quam</span> <span class='ocrx_word' id='word_1_926' title='bbox 2331 1518 2394 1541; x_wconf 41' lang='lat' dir='ltr'>rex.</span> 
     </span>
     <span class='ocr_line' id='line_1_111' title="bbox 1393 1547 2392 1592; baseline 0.001 -9"><span class='ocrx_word' id='word_1_927' title='bbox 1393 1552 1490 1583; x_wconf 84' lang='lat' dir='ltr'>terius</span> <span class='ocrx_word' id='word_1_928' title='bbox 1513 1549 1673 1592; x_wconf 63' lang='lat' dir='ltr'>spectare.</span> <span class='ocrx_word' id='word_1_929' title='bbox 1699 1549 1761 1582; x_wconf 89' lang='lat' dir='ltr'>Vel</span> <span class='ocrx_word' id='word_1_930' title='bbox 1785 1548 1825 1581; x_wconf 76' lang='lat' dir='ltr'>sic</span> <span class='ocrx_word' id='word_1_931' title='bbox 1850 1559 1955 1581; x_wconf 84' lang='lat' dir='ltr'>tamen</span> <span class='ocrx_word' id='word_1_932' title='bbox 1979 1547 2135 1581; x_wconf 85' lang='lat' dir='ltr'>nonnulla</span> <span class='ocrx_word' id='word_1_933' title='bbox 2149 1548 2303 1582; x_wconf 88' lang='lat' dir='ltr'>adnotavi</span> <span class='ocrx_word' id='word_1_934' title='bbox 2327 1561 2392 1584; x_wconf 88' lang='lat' dir='ltr'>non</span> 
     </span>
     <span class='ocr_line' id='line_1_112' title="bbox 1390 1590 2394 1636; baseline 0 -10"><span class='ocrx_word' id='word_1_935' title='bbox 1390 1593 1525 1635; x_wconf 83' lang='lat' dir='ltr'>indigna</span> <span class='ocrx_word' id='word_1_936' title='bbox 1548 1591 1678 1626; x_wconf 74' lang='lat' dir='ltr'>fortasse</span> <span class='ocrx_word' id='word_1_937' title='bbox 1700 1603 1771 1634; x_wconf 77' lang='lat' dir='ltr'>quae</span> <span class='ocrx_word' id='word_1_938' title='bbox 1795 1593 1828 1624; x_wconf 88' lang='lat' dir='ltr'>in</span> <span class='ocrx_word' id='word_1_939' title='bbox 1854 1592 1923 1624; x_wconf 80' lang='lat' dir='ltr'>aliis</span> <span class='ocrx_word' id='word_1_940' title='bbox 1957 1590 2115 1633; x_wconf 80' lang='lat' dir='ltr'>ejusmodi</span> <span class='ocrx_word' id='word_1_941' title='bbox 2138 1591 2250 1625; x_wconf 83' lang='lat' dir='ltr'>sedulo</span> <span class='ocrx_word' id='word_1_942' title='bbox 2281 1595 2394 1636; x_wconf 69' lang='lat' dir='ltr'>iuqui-</span> 
     </span>
     <span class='ocr_line' id='line_1_113' title="bbox 1389 1634 2394 1680; baseline 0.001 -11"><span class='ocrx_word' id='word_1_943' title='bbox 1389 1646 1522 1669; x_wconf 81' lang='lat' dir='ltr'>rantur.</span> <span class='ocrx_word' id='word_1_944' title='bbox 1548 1636 1658 1669; x_wconf 87' lang='lat' dir='ltr'>Unam</span> <span class='ocrx_word' id='word_1_945' title='bbox 1682 1637 1767 1676; x_wconf 30' lang='lat' dir='ltr'>etnim</span> <span class='ocrx_word' id='word_1_946' title='bbox 1793 1635 1858 1667; x_wconf 83' lang='lat' dir='ltr'>vidi</span> <span class='ocrx_word' id='word_1_947' title='bbox 1884 1634 2127 1668; x_wconf 82' lang='lat' dir='ltr'>oliminvitulo</span> <span class='ocrx_word' id='word_1_948' title='bbox 2149 1635 2272 1669; x_wconf 89' lang='lat' dir='ltr'>dierum</span> <span class='ocrx_word' id='word_1_949' title='bbox 2296 1638 2394 1680; x_wconf 88' lang='lat' dir='ltr'>quin-</span> 
     </span>
     <span class='ocr_line' id='line_1_114' title="bbox 1389 1676 2392 1720; baseline 0.002 -7"><span class='ocrx_word' id='word_1_950' title='bbox 1389 1680 1516 1718; x_wconf 80' lang='lat' dir='ltr'>decim,</span> <span class='ocrx_word' id='word_1_951' title='bbox 1539 1679 1738 1718; x_wconf 86' lang='lat' dir='ltr'>rotundam,</span> <span class='ocrx_word' id='word_1_952' title='bbox 1760 1679 1920 1711; x_wconf 80' lang='lat' dir='ltr'>diametro</span> <span class='ocrx_word' id='word_1_953' title='bbox 1943 1676 1994 1710; x_wconf 84' lang='lat' dir='ltr'>sex</span> <span class='ocrx_word' id='word_1_954' title='bbox 2018 1677 2174 1719; x_wconf 79' lang='lat' dir='ltr'>septemve</span> <span class='ocrx_word' id='word_1_955' title='bbox 2197 1679 2392 1720; x_wconf 79' lang='lat' dir='ltr'>digitorum,</span> 
     </span>
     <span class='ocr_line' id='line_1_115' title="bbox 1391 1719 2394 1764; baseline 0.001 -9"><span class='ocrx_word' id='word_1_956' title='bbox 1391 1721 1584 1764; x_wconf 85' lang='lat' dir='ltr'>pendentem</span> <span class='ocrx_word' id='word_1_957' title='bbox 1615 1733 1632 1756; x_wconf 89' lang='lat' dir='ltr'>a</span> <span class='ocrx_word' id='word_1_958' title='bbox 1667 1719 1746 1755; x_wconf 81' lang='lat' dir='ltr'>fima</span> <span class='ocrx_word' id='word_1_959' title='bbox 1782 1721 1990 1763; x_wconf 81' lang='lat' dir='ltr'>supremaque</span> <span class='ocrx_word' id='word_1_960' title='bbox 2025 1719 2176 1763; x_wconf 80' lang='lat' dir='ltr'>jecinoris</span> <span class='ocrx_word' id='word_1_961' title='bbox 2200 1733 2289 1764; x_wconf 85' lang='lat' dir='ltr'>parte</span> <span class='ocrx_word' id='word_1_962' title='bbox 2312 1746 2325 1763; x_wconf 86' lang='lat'>,</span> <span class='ocrx_word' id='word_1_963' title='bbox 2358 1728 2394 1758; x_wconf 85' lang='lat' dir='ltr'>in</span> 
     </span>
     <span class='ocr_line' id='line_1_116' title="bbox 1391 1763 2395 1808; baseline 0.003 -10"><span class='ocrx_word' id='word_1_964' title='bbox 1391 1777 1488 1808; x_wconf 88' lang='lat' dir='ltr'>quam</span> <span class='ocrx_word' id='word_1_965' title='bbox 1513 1764 1542 1799; x_wconf 91' lang='lat' dir='ltr'>se</span> <span class='ocrx_word' id='word_1_966' title='bbox 1566 1765 1768 1808; x_wconf 85' lang='lat' dir='ltr'>aliquantum</span> <span class='ocrx_word' id='word_1_967' title='bbox 1792 1765 1950 1797; x_wconf 85' lang='lat' dir='ltr'>inserebat</span> <span class='ocrx_word' id='word_1_968' title='bbox 1972 1786 1982 1801; x_wconf 89' lang='lat'>‚</span> <span class='ocrx_word' id='word_1_969' title='bbox 2020 1764 2103 1797; x_wconf 68' lang='lat' dir='ltr'>arc‘le</span> <span class='ocrx_word' id='word_1_970' title='bbox 2137 1763 2229 1798; x_wconf 82' lang='lat' dir='ltr'>affixa</span> <span class='ocrx_word' id='word_1_971' title='bbox 2252 1765 2290 1800; x_wconf 88' lang='lat' dir='ltr'>ad</span> <span class='ocrx_word' id='word_1_972' title='bbox 2313 1767 2395 1801; x_wconf 89' lang='lat' dir='ltr'>duo-</span> 
     </span>
     <span class='ocr_line' id='line_1_117' title="bbox 1392 1807 2395 1852; baseline 0.002 -10"><span class='ocrx_word' id='word_1_973' title='bbox 1392 1819 1463 1842; x_wconf 81' lang='lat' dir='ltr'>rum</span> <span class='ocrx_word' id='word_1_974' title='bbox 1486 1835 1493 1848; x_wconf 89' lang='lat'>‚</span> <span class='ocrx_word' id='word_1_975' title='bbox 1516 1819 1570 1842; x_wconf 86' lang='lat' dir='ltr'>aut</span> <span class='ocrx_word' id='word_1_976' title='bbox 1594 1811 1694 1842; x_wconf 84' lang='lat' dir='ltr'>trium</span> <span class='ocrx_word' id='word_1_977' title='bbox 1719 1808 1901 1850; x_wconf 81' lang='lat' dir='ltr'>digitorum</span> <span class='ocrx_word' id='word_1_978' title='bbox 1928 1807 2064 1841; x_wconf 62' lang='lat' dir='ltr'>tractum</span> <span class='ocrx_word' id='word_1_979' title='bbox 2087 1819 2097 1840; x_wconf 77' lang='grc' dir='ltr'><em>τ</em></span> <span class='ocrx_word' id='word_1_980' title='bbox 2123 1808 2162 1842; x_wconf 88' lang='lat' dir='ltr'>ab</span> <span class='ocrx_word' id='word_1_981' title='bbox 2184 1820 2283 1852; x_wconf 84' lang='lat' dir='ltr'>eaque</span> <span class='ocrx_word' id='word_1_982' title='bbox 2306 1821 2395 1852; x_wconf 84' lang='lat' dir='ltr'>parte</span> 
     </span>
     <span class='ocr_line' id='line_1_118' title="bbox 1393 1850 2394 1894; baseline -0.003 -9"><span class='ocrx_word' id='word_1_983' title='bbox 1393 1851 1574 1894; x_wconf 73' lang='lat' dir='ltr'>[anguifera</span> <span class='ocrx_word' id='word_1_984' title='bbox 1599 1853 1776 1894; x_wconf 81' lang='lat' dir='ltr'>accipiebat</span> <span class='ocrx_word' id='word_1_985' title='bbox 1801 1851 1872 1885; x_wconf 89' lang='lat' dir='ltr'>vasa</span> <span class='ocrx_word' id='word_1_986' title='bbox 1888 1874 1900 1891; x_wconf 78' lang='lat'>,</span> <span class='ocrx_word' id='word_1_987' title='bbox 1925 1850 1973 1884; x_wconf 86' lang='lat' dir='ltr'>sed</span> <span class='ocrx_word' id='word_1_988' title='bbox 1999 1851 2148 1894; x_wconf 81' lang='lat' dir='ltr'>pleraque</span> <span class='ocrx_word' id='word_1_989' title='bbox 2172 1863 2207 1885; x_wconf 79' lang='lat' dir='ltr'>ea</span> <span class='ocrx_word' id='word_1_990' title='bbox 2232 1855 2361 1888; x_wconf 72' lang='lat' dir='ltr'>ratione</span> <span class='ocrx_word' id='word_1_991' title='bbox 2383 1876 2394 1892; x_wconf 93' lang='lat'>,</span> 
     </span>
     <span class='ocr_line' id='line_1_119' title="bbox 1392 1894 2397 1939; baseline -0.001 -11"><span class='ocrx_word' id='word_1_992' title='bbox 1392 1907 1488 1938; x_wconf 84' lang='lat' dir='ltr'>quarn</span> <span class='ocrx_word' id='word_1_993' title='bbox 1514 1904 1549 1928; x_wconf 91' lang='lat' dir='ltr'>ut</span> <span class='ocrx_word' id='word_1_994' title='bbox 1573 1895 1712 1929; x_wconf 85' lang='lat' dir='ltr'>firmiter</span> <span class='ocrx_word' id='word_1_995' title='bbox 1737 1897 1892 1928; x_wconf 85' lang='lat' dir='ltr'>memoria</span> <span class='ocrx_word' id='word_1_996' title='bbox 1916 1903 2010 1927; x_wconf 82' lang='lat' dir='ltr'>teneo</span> <span class='ocrx_word' id='word_1_997' title='bbox 2035 1920 2045 1934; x_wconf 85' lang='lat'>‚</span> <span class='ocrx_word' id='word_1_998' title='bbox 2081 1895 2124 1929; x_wconf 81' lang='lat' dir='ltr'>sic</span> <span class='ocrx_word' id='word_1_999' title='bbox 2148 1897 2212 1929; x_wconf 86' lang='lat' dir='ltr'>tibi</span> <span class='ocrx_word' id='word_1_1000' title='bbox 2234 1894 2397 1939; x_wconf 70' lang='lat' dir='ltr'>fignifica-</span> 
     </span>
     <span class='ocr_line' id='line_1_120' title="bbox 1392 1937 2396 1981; baseline 0.002 -9"><span class='ocrx_word' id='word_1_1001' title='bbox 1392 1938 1455 1972; x_wconf 93' lang='lat' dir='ltr'>bo.</span> <span class='ocrx_word' id='word_1_1002' title='bbox 1481 1939 1635 1981; x_wconf 81' lang='lat' dir='ltr'>Namque</span> <span class='ocrx_word' id='word_1_1003' title='bbox 1659 1949 1695 1972; x_wconf 91' lang='lat' dir='ltr'>ut</span> <span class='ocrx_word' id='word_1_1004' title='bbox 1720 1950 1774 1981; x_wconf 84' lang='lat' dir='ltr'>per</span> <span class='ocrx_word' id='word_1_1005' title='bbox 1798 1938 1862 1980; x_wconf 75' lang='lat' dir='ltr'>ejus</span> <span class='ocrx_word' id='word_1_1006' title='bbox 1887 1937 1996 1972; x_wconf 81' lang='lat' dir='ltr'>veficae</span> <span class='ocrx_word' id='word_1_1007' title='bbox 2020 1939 2239 1972; x_wconf 87' lang='lat' dir='ltr'>membranam</span> <span class='ocrx_word' id='word_1_1008' title='bbox 2262 1962 2274 1979; x_wconf 89' lang='lat'>,</span> <span class='ocrx_word' id='word_1_1009' title='bbox 2312 1941 2396 1976; x_wconf 85' lang='lat' dir='ltr'>alio-</span> 
     </span>
     <span class='ocr_line' id='line_1_121' title="bbox 1389 1982 2395 2024; baseline 0.005 -11"><span class='ocrx_word' id='word_1_1010' title='bbox 1389 1983 1467 2024; x_wconf 80' lang='lat' dir='ltr'>quin</span> <span class='ocrx_word' id='word_1_1011' title='bbox 1493 1985 1635 2017; x_wconf 84' lang='lat' dir='ltr'>ut-inter</span> <span class='ocrx_word' id='word_1_1012' title='bbox 1658 1983 1778 2023; x_wconf 83' lang='lat' dir='ltr'>digitos</span> <span class='ocrx_word' id='word_1_1013' title='bbox 1804 1982 1987 2023; x_wconf 87' lang='lat' dir='ltr'>arripiendo</span> <span class='ocrx_word' id='word_1_1014' title='bbox 2011 1983 2249 2024; x_wconf 84' lang='lat' dir='ltr'>percipiebam,</span> <span class='ocrx_word' id='word_1_1015' title='bbox 2273 1995 2337 2018; x_wconf 91' lang='lat' dir='ltr'>non</span> <span class='ocrx_word' id='word_1_1016' title='bbox 2349 1997 2395 2018; x_wconf 90' lang='lat' dir='ltr'>te-</span> 
     </span>
     <span class='ocr_line' id='line_1_122' title="bbox 1389 2025 2396 2067; baseline 0.004 -8"><span class='ocrx_word' id='word_1_1017' title='bbox 1389 2025 1572 2059; x_wconf 82' lang='lat' dir='ltr'>nuiffirnam</span> <span class='ocrx_word' id='word_1_1018' title='bbox 1594 2048 1606 2065; x_wconf 87' lang='lat'>‚</span> <span class='ocrx_word' id='word_1_1019' title='bbox 1637 2026 1752 2059; x_wconf 80' lang='lat' dir='ltr'>licebat</span> <span class='ocrx_word' id='word_1_1020' title='bbox 1787 2026 1980 2066; x_wconf 80' lang='lat' dir='ltr'>transpicere</span> <span class='ocrx_word' id='word_1_1021' title='bbox 2004 2048 2012 2064; x_wconf 88' lang='lat'>‚</span> <span class='ocrx_word' id='word_1_1022' title='bbox 2043 2037 2106 2058; x_wconf 85' lang='lat' dir='ltr'>non</span> <span class='ocrx_word' id='word_1_1023' title='bbox 2144 2037 2256 2067; x_wconf 81' lang='lat' dir='ltr'>aquarn</span> <span class='ocrx_word' id='word_1_1024' title='bbox 2296 2029 2396 2063; x_wconf 88' lang='lat' dir='ltr'>modo</span> 
     </span>
     <span class='ocr_line' id='line_1_123' title="bbox 1387 2068 2394 2112; baseline 0.001 -11"><span class='ocrx_word' id='word_1_1025' title='bbox 1387 2080 1486 2101; x_wconf 79' lang='lat' dir='ltr'>Quam</span> <span class='ocrx_word' id='word_1_1026' title='bbox 1509 2069 1717 2108; x_wconf 78' lang='lat' dir='ltr'>continebat,</span> <span class='ocrx_word' id='word_1_1027' title='bbox 1743 2080 1781 2102; x_wconf 86' lang='lat' dir='ltr'>ex</span> <span class='ocrx_word' id='word_1_1028' title='bbox 1804 2068 1963 2103; x_wconf 85' lang='lat' dir='ltr'>subviridi</span> <span class='ocrx_word' id='word_1_1029' title='bbox 1987 2068 2139 2102; x_wconf 84' lang='lat' dir='ltr'>leviffime</span> <span class='ocrx_word' id='word_1_1030' title='bbox 2156 2070 2394 2112; x_wconf 70' lang='lat' dir='ltr'>flavescentem3</span> 
     </span>
     <span class='ocr_line' id='line_1_124' title="bbox 1388 2111 2395 2159; baseline -0.001 -14"><span class='ocrx_word' id='word_1_1031' title='bbox 1388 2111 1437 2145; x_wconf 88' lang='lat' dir='ltr'>sed</span> <span class='ocrx_word' id='word_1_1032' title='bbox 1462 2113 1559 2147; x_wconf 87' lang='lat' dir='ltr'>etiam</span> <span class='ocrx_word' id='word_1_1033' title='bbox 1581 2134 1593 2152; x_wconf 84' lang='lat'><em>‚</em></span> <span class='ocrx_word' id='word_1_1034' title='bbox 1624 2114 1780 2154; x_wconf 87' lang='lat' dir='ltr'>quoniam</span> <span class='ocrx_word' id='word_1_1035' title='bbox 1804 2124 1882 2154; x_wconf 87' lang='lat' dir='ltr'>aqua</span> <span class='ocrx_word' id='word_1_1036' title='bbox 1909 2112 1964 2144; x_wconf 84' lang='lat' dir='ltr'>illa</span> <span class='ocrx_word' id='word_1_1037' title='bbox 1989 2122 2055 2146; x_wconf 88' lang='lat' dir='ltr'>erat</span> <span class='ocrx_word' id='word_1_1038' title='bbox 2081 2112 2242 2155; x_wconf 84' lang='lat' dir='ltr'>pellucida</span> <span class='ocrx_word' id='word_1_1039' title='bbox 2265 2141 2274 2157; x_wconf 90' lang='lat'>‚</span> <span class='ocrx_word' id='word_1_1040' title='bbox 2297 2117 2395 2159; x_wconf 72' lang='lat' dir='ltr'>qmd-</span> 
     </span>
     <span class='ocr_line' id='line_1_125' title="bbox 1390 2155 2393 2199; baseline 0.007 -12"><span class='ocrx_word' id='word_1_1041' title='bbox 1390 2156 1470 2196; x_wconf 90' lang='lat' dir='ltr'>quid</span> <span class='ocrx_word' id='word_1_1042' title='bbox 1492 2158 1526 2189; x_wconf 88' lang='lat' dir='ltr'>in</span> <span class='ocrx_word' id='word_1_1043' title='bbox 1551 2155 1617 2199; x_wconf 86' lang='lat' dir='ltr'>ipsa</span> <span class='ocrx_word' id='word_1_1044' title='bbox 1642 2156 1812 2189; x_wconf 84' lang='lat' dir='ltr'>innatabat</span> <span class='ocrx_word' id='word_1_1045' title='bbox 1836 2169 1845 2195; x_wconf 72' lang='lat'>3</span> <span class='ocrx_word' id='word_1_1046' title='bbox 1876 2157 1919 2188; x_wconf 84' lang='lat' dir='ltr'>ita</span> <span class='ocrx_word' id='word_1_1047' title='bbox 1943 2166 1981 2189; x_wconf 77' lang='lat' dir='ltr'>ex</span> <span class='ocrx_word' id='word_1_1048' title='bbox 2015 2155 2131 2197; x_wconf 84' lang='lat' dir='ltr'>hepate</span> <span class='ocrx_word' id='word_1_1049' title='bbox 2167 2168 2221 2199; x_wconf 88' lang='lat' dir='ltr'>per</span> <span class='ocrx_word' id='word_1_1050' title='bbox 2253 2160 2393 2195; x_wconf 81' lang='lat' dir='ltr'>medium</span> 
     </span>
     <span class='ocr_line' id='line_1_126' title="bbox 1391 2198 2396 2242; baseline -0.001 -9"><span class='ocrx_word' id='word_1_1051' title='bbox 1391 2198 1501 2234; x_wconf 78' lang='lat' dir='ltr'>velicae</span> <span class='ocrx_word' id='word_1_1052' title='bbox 1522 2210 1638 2234; x_wconf 88' lang='lat' dir='ltr'>cavum</span> <span class='ocrx_word' id='word_1_1053' title='bbox 1663 2198 1738 2232; x_wconf 82' lang='lat' dir='ltr'>ferri</span> <span class='ocrx_word' id='word_1_1054' title='bbox 1763 2199 1955 2232; x_wconf 82' lang='lat' dir='ltr'>videbantur</span> <span class='ocrx_word' id='word_1_1055' title='bbox 1979 2198 2114 2242; x_wconf 89' lang='lat' dir='ltr'>quidam</span> <span class='ocrx_word' id='word_1_1056' title='bbox 2128 2200 2275 2235; x_wconf 87' lang='lat' dir='ltr'>vasorum</span> <span class='ocrx_word' id='word_1_1057' title='bbox 2301 2214 2396 2238; x_wconf 80' lang='lat' dir='ltr'>trun..</span> 
     </span>
     <span class='ocr_line' id='line_1_127' title="bbox 1389 2241 2394 2286; baseline 0.005 -12"><span class='ocrx_word' id='word_1_1058' title='bbox 1389 2243 1454 2275; x_wconf 89' lang='lat' dir='ltr'>culi</span> <span class='ocrx_word' id='word_1_1059' title='bbox 1481 2264 1490 2280; x_wconf 92' lang='lat'>,</span> <span class='ocrx_word' id='word_1_1060' title='bbox 1522 2244 1579 2285; x_wconf 90' lang='lat' dir='ltr'>qui</span> <span class='ocrx_word' id='word_1_1061' title='bbox 1604 2243 1786 2285; x_wconf 82' lang='lat' dir='ltr'>oppositam</span> <span class='ocrx_word' id='word_1_1062' title='bbox 1811 2241 1939 2276; x_wconf 70' lang='lat' dir='ltr'>ass‘ecuti</span> <span class='ocrx_word' id='word_1_1063' title='bbox 1966 2241 2075 2276; x_wconf 72' lang='lat' dir='ltr'>vesicae</span> <span class='ocrx_word' id='word_1_1064' title='bbox 2101 2253 2221 2286; x_wconf 89' lang='lat' dir='ltr'>partem</span> <span class='ocrx_word' id='word_1_1065' title='bbox 2246 2268 2258 2285; x_wconf 90' lang='lat'>,</span> <span class='ocrx_word' id='word_1_1066' title='bbox 2295 2246 2323 2279; x_wconf 88' lang='lat' dir='ltr'>se</span> <span class='ocrx_word' id='word_1_1067' title='bbox 2358 2249 2394 2284; x_wconf 83' lang='lat' dir='ltr'>in</span> 
     </span>
     <span class='ocr_line' id='line_1_128' title="bbox 1389 2284 2395 2334; baseline 0.006 -15"><span class='ocrx_word' id='word_1_1068' title='bbox 1389 2284 1486 2326; x_wconf 83' lang='lat' dir='ltr'>hujus</span> <span class='ocrx_word' id='word_1_1069' title='bbox 1506 2287 1697 2320; x_wconf 81' lang='lat' dir='ltr'>exteriorem</span> <span class='ocrx_word' id='word_1_1070' title='bbox 1722 2287 1835 2320; x_wconf 63' lang='lat' dir='ltr'>taciem</span> <span class='ocrx_word' id='word_1_1071' title='bbox 1861 2285 2056 2320; x_wconf 57' lang='lat' dir='ltr'>reflecterent</span> <span class='ocrx_word' id='word_1_1072' title='bbox 2081 2309 2090 2324; x_wconf 92' lang='lat'>‚</span> <span class='ocrx_word' id='word_1_1073' title='bbox 2128 2298 2182 2329; x_wconf 86' lang='lat' dir='ltr'>per</span> <span class='ocrx_word' id='word_1_1074' title='bbox 2200 2287 2338 2334; x_wconf 68' lang='lat' dir='ltr'>&#39;eamque</span> <span class='ocrx_word' id='word_1_1075' title='bbox 2361 2292 2395 2326; x_wconf 83' lang='lat' dir='ltr'>in</span> 
     </span>
     <span class='ocr_line' id='line_1_129' title="bbox 1389 2327 2395 2372; baseline 0.007 -10"><span class='ocrx_word' id='word_1_1076' title='bbox 1389 2340 1493 2362; x_wconf 88' lang='lat' dir='ltr'>ramos</span> <span class='ocrx_word' id='word_1_1077' title='bbox 1515 2352 1527 2369; x_wconf 86' lang='lat'><em>‚</em></span> <span class='ocrx_word' id='word_1_1078' title='bbox 1553 2329 1754 2371; x_wconf 81' lang='lat' dir='ltr'>ramulosque</span> <span class='ocrx_word' id='word_1_1079' title='bbox 1776 2327 1869 2363; x_wconf 79' lang='lat' dir='ltr'>divisi</span> <span class='ocrx_word' id='word_1_1080' title='bbox 1896 2354 1905 2370; x_wconf 90' lang='lat'>,</span> <span class='ocrx_word' id='word_1_1081' title='bbox 1943 2340 2006 2363; x_wconf 82' lang='lat' dir='ltr'>rete</span> <span class='ocrx_word' id='word_1_1082' title='bbox 2029 2331 2118 2371; x_wconf 82' lang='lat' dir='ltr'>quasi</span> <span class='ocrx_word' id='word_1_1083' title='bbox 2141 2332 2303 2372; x_wconf 82' lang='lat' dir='ltr'>quoddam</span> <span class='ocrx_word' id='word_1_1084' title='bbox 2328 2334 2395 2369; x_wconf 84' lang='lat' dir='ltr'>effi-</span> 
     </span>
     <span class='ocr_line' id='line_1_130' title="bbox 1388 2372 2396 2414; baseline 0.007 -9"><span class='ocrx_word' id='word_1_1085' title='bbox 1388 2383 1515 2406; x_wconf 87' lang='lat' dir='ltr'>cerent.</span> <span class='ocrx_word' id='word_1_1086' title='bbox 1540 2373 1666 2407; x_wconf 87' lang='lat' dir='ltr'>Verum</span> <span class='ocrx_word' id='word_1_1087' title='bbox 1691 2382 1725 2407; x_wconf 90' lang='lat' dir='ltr'>ut</span> <span class='ocrx_word' id='word_1_1088' title='bbox 1750 2372 1812 2407; x_wconf 89' lang='lat' dir='ltr'>hoc</span> <span class='ocrx_word' id='word_1_1089' title='bbox 1836 2382 1924 2413; x_wconf 84' lang='lat' dir='ltr'>rete,</span> <span class='ocrx_word' id='word_1_1090' title='bbox 1947 2372 2060 2414; x_wconf 84' lang='lat' dir='ltr'>eosque</span> <span class='ocrx_word' id='word_1_1091' title='bbox 2084 2373 2279 2414; x_wconf 70' lang='lat' dir='ltr'>sanguiseros</span> <span class='ocrx_word' id='word_1_1092' title='bbox 2292 2389 2396 2412; x_wconf 80' lang='lat' dir='ltr'>ramos</span> 
     </span>
     <span class='ocr_line' id='line_1_131' title="bbox 1389 2415 2394 2462; baseline -0.001 -13"><span class='ocrx_word' id='word_1_1093' title='bbox 1389 2425 1474 2449; x_wconf 88' lang='lat' dir='ltr'>certe</span> <span class='ocrx_word' id='word_1_1094' title='bbox 1497 2415 1626 2459; x_wconf 82' lang='lat' dir='ltr'>quidem</span> <span class='ocrx_word' id='word_1_1095' title='bbox 1650 2415 1908 2459; x_wconf 83' lang='lat' dir='ltr'>conspiciebam,</span> <span class='ocrx_word' id='word_1_1096' title='bbox 1934 2418 1963 2448; x_wconf 69' lang='grc' dir='ltr'>ὅ(</span> <span class='ocrx_word' id='word_1_1097' title='bbox 1989 2416 2183 2451; x_wconf 83' lang='lat' dir='ltr'>tenuiffimas</span> <span class='ocrx_word' id='word_1_1098' title='bbox 2206 2420 2290 2460; x_wconf 80' lang='lat' dir='ltr'>quasi</span> <span class='ocrx_word' id='word_1_1099' title='bbox 2318 2422 2394 2462; x_wconf 77' lang='lat' dir='ltr'>pin..</span> 
     </span>
     <span class='ocr_line' id='line_1_132' title="bbox 1390 2458 2395 2501; baseline -0.001 -9"><span class='ocrx_word' id='word_1_1100' title='bbox 1390 2460 1538 2501; x_wconf 85' lang='lat' dir='ltr'>guedinis</span> <span class='ocrx_word' id='word_1_1101' title='bbox 1561 2459 1668 2499; x_wconf 82' lang='lat' dir='ltr'>strias,</span> <span class='ocrx_word' id='word_1_1102' title='bbox 1692 2459 1818 2493; x_wconf 89' lang='lat' dir='ltr'>eosdem</span> <span class='ocrx_word' id='word_1_1103' title='bbox 1840 2458 2008 2501; x_wconf 82' lang='lat' dir='ltr'>stipantes3</span> <span class='ocrx_word' id='word_1_1104' title='bbox 2034 2460 2080 2493; x_wconf 92' lang='lat' dir='ltr'>ita</span> <span class='ocrx_word' id='word_1_1105' title='bbox 2093 2461 2230 2495; x_wconf 82' lang='lat' dir='ltr'>inclusos</span> <span class='ocrx_word' id='word_1_1106' title='bbox 2253 2463 2395 2498; x_wconf 62' lang='lat' dir='ltr'>illo&#39;sm-</span> 
     </span>
     <span class='ocr_line' id='line_1_133' title="bbox 1391 2502 2395 2545; baseline 0.005 -10"><span class='ocrx_word' id='word_1_1107' title='bbox 1391 2502 1557 2545; x_wconf 84' lang='lat' dir='ltr'>tantesque</span> <span class='ocrx_word' id='word_1_1108' title='bbox 1581 2503 1768 2540; x_wconf 87' lang='lat' dir='ltr'>trunculos,</span> <span class='ocrx_word' id='word_1_1109' title='bbox 1792 2514 1872 2545; x_wconf 86' lang='lat' dir='ltr'>quos</span> <span class='ocrx_word' id='word_1_1110' title='bbox 1895 2502 2234 2545; x_wconf 74' lang='lat' dir='ltr'>striae-ejusdemmodi</span> <span class='ocrx_word' id='word_1_1111' title='bbox 2256 2511 2395 2540; x_wconf 74' lang='lat' dir='ltr'>comita-</span> 
     </span>
     <span class='ocr_line' id='line_1_134' title="bbox 1390 2545 2396 2589; baseline 0.002 -12"><span class='ocrx_word' id='word_1_1112' title='bbox 1390 2547 1418 2579; x_wconf 87' lang='lat' dir='ltr'>ri</span> <span class='ocrx_word' id='word_1_1113' title='bbox 1444 2545 1634 2580; x_wconf 83' lang='lat' dir='ltr'>videbantur</span> <span class='ocrx_word' id='word_1_1114' title='bbox 1656 2570 1665 2584; x_wconf 91' lang='lat'><em>‚</em></span> <span class='ocrx_word' id='word_1_1115' title='bbox 1690 2557 1764 2580; x_wconf 90' lang='lat' dir='ltr'>curn</span> <span class='ocrx_word' id='word_1_1116' title='bbox 1789 2546 2016 2579; x_wconf 87' lang='lat' dir='ltr'>tantummodo</span> <span class='ocrx_word' id='word_1_1117' title='bbox 2042 2547 2267 2589; x_wconf 83' lang='lat' dir='ltr'>transpicerem</span> <span class='ocrx_word' id='word_1_1118' title='bbox 2291 2563 2300 2587; x_wconf 81' lang='lat'>3</span> <span class='ocrx_word' id='word_1_1119' title='bbox 2326 2551 2396 2584; x_wconf 60' lang='grc' dir='ltr'>ἔω-</span> 
     </span>
     <span class='ocr_line' id='line_1_135' title="bbox 1391 2587 2401 2636; baseline 0.007 -17"><span class='ocrx_word' id='word_1_1120' title='bbox 1391 2587 1450 2621; x_wconf 86' lang='lat' dir='ltr'>stra</span> <span class='ocrx_word' id='word_1_1121' title='bbox 1476 2590 1514 2624; x_wconf 72' lang='lat' dir='ltr'>ab</span> <span class='ocrx_word' id='word_1_1122' title='bbox 1539 2589 1603 2623; x_wconf 79' lang='lat' dir='ltr'>illis</span> <span class='ocrx_word' id='word_1_1123' title='bbox 1628 2590 1707 2632; x_wconf 86' lang='lat' dir='ltr'>petii</span> <span class='ocrx_word' id='word_1_1124' title='bbox 1730 2590 1786 2631; x_wconf 84' lang='lat' dir='ltr'>qui</span> <span class='ocrx_word' id='word_1_1125' title='bbox 1812 2600 1878 2622; x_wconf 84' lang='lat' dir='ltr'>eam</span> <span class='ocrx_word' id='word_1_1126' title='bbox 1904 2588 1984 2623; x_wconf 87' lang='lat' dir='ltr'>mihi</span> <span class='ocrx_word' id='word_1_1127' title='bbox 2011 2589 2145 2624; x_wconf 81' lang='lat' dir='ltr'>vesicam</span> <span class='ocrx_word' id='word_1_1128' title='bbox 2169 2591 2371 2628; x_wconf 81' lang='lat' dir='ltr'>ostenderant</span> <span class='ocrx_word' id='word_1_1129' title='bbox 2382 2599 2401 2636; x_wconf 69' lang='lat'>,⁴</span> 
     </span>
     <span class='ocr_line' id='line_1_136' title="bbox 1393 2633 2397 2674; baseline 0.008 -10"><span class='ocrx_word' id='word_1_1130' title='bbox 1393 2641 1430 2665; x_wconf 92' lang='lat' dir='ltr'>ut</span> <span class='ocrx_word' id='word_1_1131' title='bbox 1454 2633 1595 2666; x_wconf 81' lang='lat' dir='ltr'>incidere</span> <span class='ocrx_word' id='word_1_1132' title='bbox 1618 2634 1751 2672; x_wconf 88' lang='lat' dir='ltr'>liceret,</span> <span class='ocrx_word' id='word_1_1133' title='bbox 1773 2644 1848 2666; x_wconf 90' lang='lat' dir='ltr'>curn</span> <span class='ocrx_word' id='word_1_1134' title='bbox 1872 2633 1944 2666; x_wconf 88' lang='lat' dir='ltr'>aliis</span> <span class='ocrx_word' id='word_1_1135' title='bbox 1969 2643 2066 2674; x_wconf 88' lang='lat' dir='ltr'>porro</span> <span class='ocrx_word' id='word_1_1136' title='bbox 2089 2634 2254 2669; x_wconf 88' lang='lat' dir='ltr'>ostendere</span> <span class='ocrx_word' id='word_1_1137' title='bbox 2277 2636 2306 2672; x_wconf 86' lang='lat' dir='ltr'>se</span> <span class='ocrx_word' id='word_1_1138' title='bbox 2331 2639 2397 2671; x_wconf 89' lang='lat' dir='ltr'>vel-</span> 
     </span>
     <span class='ocr_line' id='line_1_137' title="bbox 1391 2674 2396 2718; baseline 0.008 -11"><span class='ocrx_word' id='word_1_1139' title='bbox 1391 2674 1441 2714; x_wconf 89' lang='lat' dir='ltr'>le,</span> <span class='ocrx_word' id='word_1_1140' title='bbox 1465 2675 1627 2715; x_wconf 84' lang='lat' dir='ltr'>dicerent,</span> <span class='ocrx_word' id='word_1_1141' title='bbox 1649 2676 1769 2718; x_wconf 88' lang='lat' dir='ltr'>quibus</span> <span class='ocrx_word' id='word_1_1142' title='bbox 1793 2676 1888 2718; x_wconf 89' lang='lat' dir='ltr'>paulo</span> <span class='ocrx_word' id='word_1_1143' title='bbox 1912 2685 1984 2709; x_wconf 86' lang='lat' dir='ltr'>ante</span> <span class='ocrx_word' id='word_1_1144' title='bbox 2009 2677 2151 2717; x_wconf 79' lang='lat' dir='ltr'>polliciti</span> <span class='ocrx_word' id='word_1_1145' title='bbox 2176 2677 2274 2714; x_wconf 83' lang='lat' dir='ltr'>effent</span> <span class='ocrx_word' id='word_1_1146' title='bbox 2298 2704 2305 2713; x_wconf 88' lang='lat'><em>.</em></span> <span class='ocrx_word' id='word_1_1147' title='bbox 2343 2681 2396 2714; x_wconf 84' lang='lat' dir='ltr'>Ab</span> 
     </span>
     <span class='ocr_line' id='line_1_138' title="bbox 1390 2718 2397 2758; baseline 0.007 -7"><span class='ocrx_word' id='word_1_1148' title='bbox 1390 2719 1431 2751; x_wconf 86' lang='lat' dir='ltr'>iis</span> <span class='ocrx_word' id='word_1_1149' title='bbox 1455 2730 1552 2757; x_wconf 85' lang='lat' dir='ltr'>vero,</span> <span class='ocrx_word' id='word_1_1150' title='bbox 1578 2730 1630 2753; x_wconf 88' lang='lat' dir='ltr'>aut</span> <span class='ocrx_word' id='word_1_1151' title='bbox 1654 2718 1793 2754; x_wconf 88' lang='lat' dir='ltr'>inclusos</span> <span class='ocrx_word' id='word_1_1152' title='bbox 1817 2720 1985 2754; x_wconf 88' lang='lat' dir='ltr'>trunculos</span> <span class='ocrx_word' id='word_1_1153' title='bbox 2008 2730 2073 2752; x_wconf 86' lang='lat' dir='ltr'>non</span> <span class='ocrx_word' id='word_1_1154' title='bbox 2098 2721 2172 2755; x_wconf 87' lang='lat' dir='ltr'>satis</span> <span class='ocrx_word' id='word_1_1155' title='bbox 2197 2722 2397 2758; x_wconf 86' lang='lat' dir='ltr'>attendenti-</span> 
     </span>
     <span class='ocr_line' id='line_1_139' title="bbox 1398 2761 2398 2806; baseline 0.007 -11"><span class='ocrx_word' id='word_1_1156' title='bbox 1398 2761 1455 2795; x_wconf 86' lang='lat' dir='ltr'>bus</span> <span class='ocrx_word' id='word_1_1157' title='bbox 1477 2786 1490 2803; x_wconf 85' lang='lat'>,</span> <span class='ocrx_word' id='word_1_1158' title='bbox 1531 2775 1584 2798; x_wconf 87' lang='lat' dir='ltr'>aut</span> <span class='ocrx_word' id='word_1_1159' title='bbox 1606 2763 1684 2806; x_wconf 87' lang='lat' dir='ltr'>quid</span> <span class='ocrx_word' id='word_1_1160' title='bbox 1709 2774 1747 2796; x_wconf 82' lang='lat' dir='ltr'>ex</span> <span class='ocrx_word' id='word_1_1161' title='bbox 1770 2762 1824 2795; x_wconf 88' lang='lat' dir='ltr'>illa</span> <span class='ocrx_word' id='word_1_1162' title='bbox 1847 2775 1959 2796; x_wconf 87' lang='lat' dir='ltr'>eorum</span> <span class='ocrx_word' id='word_1_1163' title='bbox 1982 2773 2036 2806; x_wconf 87' lang='lat' dir='ltr'>per</span> <span class='ocrx_word' id='word_1_1164' title='bbox 2061 2764 2166 2799; x_wconf 75' lang='lat' dir='ltr'>vesicae</span> <span class='ocrx_word' id='word_1_1165' title='bbox 2192 2777 2307 2800; x_wconf 83' lang='lat' dir='ltr'>cavum</span> <span class='ocrx_word' id='word_1_1166' title='bbox 2333 2779 2398 2802; x_wconf 82' lang='lat' dir='ltr'>tra-</span> 
     </span>
     <span class='ocr_line' id='line_1_140' title="bbox 1396 2804 2398 2851; baseline 0.004 -13"><span class='ocrx_word' id='word_1_1167' title='bbox 1396 2804 1548 2840; x_wconf 68' lang='lat' dir='ltr'>duc‘tione</span> <span class='ocrx_word' id='word_1_1168' title='bbox 1573 2807 1839 2847; x_wconf 85' lang='lat' dir='ltr'>consequeretur,</span> <span class='ocrx_word' id='word_1_1169' title='bbox 1864 2818 1926 2839; x_wconf 86' lang='lat' dir='ltr'>non</span> <span class='ocrx_word' id='word_1_1170' title='bbox 1951 2807 2029 2840; x_wconf 85' lang='lat' dir='ltr'>bene</span> <span class='ocrx_word' id='word_1_1171' title='bbox 2053 2808 2398 2851; x_wconf 84' lang='lat' dir='ltr'>animadvertentibus,</span> 
     </span>
     <span class='ocr_line' id='line_1_141' title="bbox 1395 2848 2398 2892; baseline 0.008 -12"><span class='ocrx_word' id='word_1_1172' title='bbox 1395 2848 1476 2882; x_wconf 88' lang='lat' dir='ltr'>nihil</span> <span class='ocrx_word' id='word_1_1173' title='bbox 1500 2849 1609 2884; x_wconf 87' lang='lat' dir='ltr'>rescire</span> <span class='ocrx_word' id='word_1_1174' title='bbox 1634 2850 1720 2883; x_wconf 83' lang='lat' dir='ltr'>aliud</span> <span class='ocrx_word' id='word_1_1175' title='bbox 1744 2852 1858 2891; x_wconf 85' lang='lat' dir='ltr'>potui,</span> <span class='ocrx_word' id='word_1_1176' title='bbox 1883 2849 1941 2882; x_wconf 81' lang='lat' dir='ltr'>nisi</span> <span class='ocrx_word' id='word_1_1177' title='bbox 1966 2860 2100 2892; x_wconf 71' lang='lat' dir='ltr'>aquam,</span> <span class='ocrx_word' id='word_1_1178' title='bbox 2124 2851 2291 2888; x_wconf 86' lang='lat' dir='ltr'>subsalsam</span> <span class='ocrx_word' id='word_1_1179' title='bbox 2315 2854 2398 2889; x_wconf 88' lang='lat' dir='ltr'>fuis-</span> 
     </span>
     <span class='ocr_line' id='line_1_142' title="bbox 1395 2891 2397 2935; baseline 0.008 -11"><span class='ocrx_word' id='word_1_1180' title='bbox 1395 2891 1423 2925; x_wconf 88' lang='lat' dir='ltr'>se</span> <span class='ocrx_word' id='word_1_1181' title='bbox 1449 2914 1457 2929; x_wconf 80' lang='lat'>,</span> <span class='ocrx_word' id='word_1_1182' title='bbox 1491 2896 1523 2927; x_wconf 91' lang='lat'>&amp;</span> <span class='ocrx_word' id='word_1_1183' title='bbox 1557 2895 1688 2927; x_wconf 85' lang='lat' dir='ltr'>minime</span> <span class='ocrx_word' id='word_1_1184' title='bbox 1723 2894 1759 2926; x_wconf 90' lang='lat' dir='ltr'>ad</span> <span class='ocrx_word' id='word_1_1185' title='bbox 1806 2894 1913 2935; x_wconf 81' lang='lat' dir='ltr'>ignem</span> <span class='ocrx_word' id='word_1_1186' title='bbox 1959 2894 2152 2929; x_wconf 77' lang='lat' dir='ltr'>concrevisse</span> <span class='ocrx_word' id='word_1_1187' title='bbox 2176 2922 2184 2930; x_wconf 93' lang='lat'><strong>.</strong></span> <span class='ocrx_word' id='word_1_1188' title='bbox 2317 2898 2397 2932; x_wconf 76' lang='lat' dir='ltr'>Non</span> 
     </span>
     <span class='ocr_line' id='line_1_143' title="bbox 1395 2936 2397 2981; baseline 0.007 -13"><span class='ocrx_word' id='word_1_1189' title='bbox 1395 2936 1500 2970; x_wconf 85' lang='lat' dir='ltr'>multo</span> <span class='ocrx_word' id='word_1_1190' title='bbox 1532 2938 1602 2981; x_wconf 84' lang='lat' dir='ltr'>post</span> <span class='ocrx_word' id='word_1_1191' title='bbox 1627 2937 1797 2971; x_wconf 86' lang='lat' dir='ltr'>vitulinam</span> <span class='ocrx_word' id='word_1_1192' title='bbox 1823 2961 1831 2975; x_wconf 90' lang='lat'>‚</span> <span class='ocrx_word' id='word_1_1193' title='bbox 1864 2936 2051 2979; x_wconf 87' lang='lat' dir='ltr'>hydatidem</span> <span class='ocrx_word' id='word_1_1194' title='bbox 2084 2939 2218 2974; x_wconf 86' lang='lat' dir='ltr'>alteram</span> <span class='ocrx_word' id='word_1_1195' title='bbox 2245 2940 2337 2981; x_wconf 84' lang='lat' dir='ltr'>vidi,</span> <span class='ocrx_word' id='word_1_1196' title='bbox 2360 2953 2397 2975; x_wconf 84' lang='lat' dir='ltr'>ea</span> 
     </span>
     <span class='ocr_line' id='line_1_144' title="bbox 1395 2980 2397 3025; baseline 0.006 -13"><span class='ocrx_word' id='word_1_1197' title='bbox 1395 2980 1524 3021; x_wconf 84' lang='lat' dir='ltr'>quidem</span> <span class='ocrx_word' id='word_1_1198' title='bbox 1556 2982 1711 3015; x_wconf 82' lang='lat' dir='ltr'>minorem</span> <span class='ocrx_word' id='word_1_1199' title='bbox 1738 2993 1747 3017; x_wconf 86' lang='lat'>;</span> <span class='ocrx_word' id='word_1_1200' title='bbox 1780 2990 1881 3022; x_wconf 87' lang='lat' dir='ltr'>neque</span> <span class='ocrx_word' id='word_1_1201' title='bbox 1915 2982 2009 3023; x_wconf 15' lang='lat' dir='ltr'>enim,</span> <span class='ocrx_word' id='word_1_1202' title='bbox 2032 2993 2132 3015; x_wconf 86' lang='lat' dir='ltr'>ovum</span> <span class='ocrx_word' id='word_1_1203' title='bbox 2179 2984 2397 3025; x_wconf 84' lang='lat' dir='ltr'>gallinaceum</span> 
     </span>
     <span class='ocr_line' id='line_1_145' title="bbox 1396 3023 2396 3069; baseline 0.007 -14"><span class='ocrx_word' id='word_1_1204' title='bbox 1396 3023 1559 3064; x_wconf 81' lang='lat' dir='ltr'>superabat</span> <span class='ocrx_word' id='word_1_1205' title='bbox 1586 3039 1593 3060; x_wconf 77' lang='lat'><em>3</em></span> <span class='ocrx_word' id='word_1_1206' title='bbox 1628 3024 1677 3058; x_wconf 81' lang='lat' dir='ltr'>led</span> <span class='ocrx_word' id='word_1_1207' title='bbox 1713 3034 1771 3066; x_wconf 89' lang='lat' dir='ltr'>pro</span> <span class='ocrx_word' id='word_1_1208' title='bbox 1806 3024 1999 3057; x_wconf 80' lang='lat' dir='ltr'>animalculo</span> <span class='ocrx_word' id='word_1_1209' title='bbox 2022 3026 2055 3056; x_wconf 87' lang='lat' dir='ltr'>in</span> <span class='ocrx_word' id='word_1_1210' title='bbox 2077 3037 2144 3067; x_wconf 87' lang='lat' dir='ltr'>quo</span> <span class='ocrx_word' id='word_1_1211' title='bbox 2168 3028 2363 3069; x_wconf 80' lang='lat' dir='ltr'>deprehendi</span> <span class='ocrx_word' id='word_1_1212' title='bbox 2386 3052 2396 3068; x_wconf 84' lang='lat'>,</span> 
     </span>
     <span class='ocr_line' id='line_1_146' title="bbox 1397 3067 2398 3111; baseline 0.007 -12"><span class='ocrx_word' id='word_1_1213' title='bbox 1397 3067 1501 3101; x_wconf 89' lang='lat' dir='ltr'>multo</span> <span class='ocrx_word' id='word_1_1214' title='bbox 1542 3068 1713 3101; x_wconf 79' lang='lat' dir='ltr'>maximam</span> <span class='ocrx_word' id='word_1_1215' title='bbox 1741 3094 1748 3102; x_wconf 91' lang='lat'>.</span> <span class='ocrx_word' id='word_1_1216' title='bbox 1793 3068 1873 3100; x_wconf 88' lang='lat' dir='ltr'>Erat</span> <span class='ocrx_word' id='word_1_1217' title='bbox 1907 3069 1941 3101; x_wconf 90' lang='lat' dir='ltr'>id</span> <span class='ocrx_word' id='word_1_1218' title='bbox 1975 3069 2126 3103; x_wconf 86' lang='lat' dir='ltr'>columba</span> <span class='ocrx_word' id='word_1_1219' title='bbox 2161 3072 2267 3105; x_wconf 83' lang='lat' dir='ltr'>vetula</span> <span class='ocrx_word' id='word_1_1220' title='bbox 2290 3095 2299 3111; x_wconf 87' lang='lat'>,</span> <span class='ocrx_word' id='word_1_1221' title='bbox 2335 3084 2398 3106; x_wconf 80' lang='lat' dir='ltr'>ova</span> 
     </span>
     <span class='ocr_line' id='line_1_147' title="bbox 1397 3109 2403 3153; baseline 0.007 -11"><span class='ocrx_word' id='word_1_1222' title='bbox 1397 3118 1502 3144; x_wconf 83' lang='lat' dir='ltr'>tamen</span> <span class='ocrx_word' id='word_1_1223' title='bbox 1527 3113 1623 3150; x_wconf 87' lang='lat' dir='ltr'>etiam</span> <span class='ocrx_word' id='word_1_1224' title='bbox 1657 3121 1726 3144; x_wconf 88' lang='lat' dir='ltr'>tum</span> <span class='ocrx_word' id='word_1_1225' title='bbox 1750 3109 1842 3143; x_wconf 85' lang='lat' dir='ltr'>edens</span> <span class='ocrx_word' id='word_1_1226' title='bbox 1863 3134 1875 3149; x_wconf 84' lang='grc'>,</span> <span class='ocrx_word' id='word_1_1227' title='bbox 1910 3122 1981 3153; x_wconf 79' lang='lat' dir='ltr'>quae</span> <span class='ocrx_word' id='word_1_1228' title='bbox 2014 3123 2087 3146; x_wconf 89' lang='lat' dir='ltr'>cum</span> <span class='ocrx_word' id='word_1_1229' title='bbox 2122 3112 2275 3149; x_wconf 75' lang='lat' dir='ltr'>sanisiima</span> <span class='ocrx_word' id='word_1_1230' title='bbox 2307 3115 2403 3149; x_wconf 46' lang='lat' dir='ltr'>vide-⁷</span> 
     </span>
     <span class='ocr_line' id='line_1_148' title="bbox 1398 3154 2399 3196; baseline 0.005 -10"><span class='ocrx_word' id='word_1_1231' title='bbox 1398 3164 1485 3187; x_wconf 81' lang='lat' dir='ltr'>retur</span> <span class='ocrx_word' id='word_1_1232' title='bbox 1508 3179 1517 3194; x_wconf 87' lang='lat'>,</span> <span class='ocrx_word' id='word_1_1233' title='bbox 1548 3155 1586 3187; x_wconf 89' lang='lat' dir='ltr'>de</span> <span class='ocrx_word' id='word_1_1234' title='bbox 1618 3154 1796 3196; x_wconf 91' lang='lat' dir='ltr'>improviso</span> <span class='ocrx_word' id='word_1_1235' title='bbox 1819 3155 1852 3186; x_wconf 91' lang='lat' dir='ltr'>in</span> <span class='ocrx_word' id='word_1_1236' title='bbox 1885 3156 1964 3187; x_wconf 89' lang='lat' dir='ltr'>nido</span> <span class='ocrx_word' id='word_1_1237' title='bbox 1998 3166 2127 3190; x_wconf 87' lang='lat' dir='ltr'>mortua</span> <span class='ocrx_word' id='word_1_1238' title='bbox 2161 3159 2294 3193; x_wconf 84' lang='lat' dir='ltr'>inventa</span> <span class='ocrx_word' id='word_1_1239' title='bbox 2328 3157 2399 3192; x_wconf 81' lang='lat' dir='ltr'>fue-</span> 
     </span>
     <span class='ocr_line' id='line_1_149' title="bbox 1399 3197 2398 3240; baseline 0.005 -9"><span class='ocrx_word' id='word_1_1240' title='bbox 1399 3206 1448 3231; x_wconf 88' lang='lat' dir='ltr'>rat</span> <span class='ocrx_word' id='word_1_1241' title='bbox 1473 3223 1478 3228; x_wconf 97' lang='lat'>.</span> <span class='ocrx_word' id='word_1_1242' title='bbox 1509 3198 1700 3239; x_wconf 85' lang='lat' dir='ltr'>Repentinae</span> <span class='ocrx_word' id='word_1_1243' title='bbox 1724 3197 1836 3229; x_wconf 87' lang='lat' dir='ltr'>mortis</span> <span class='ocrx_word' id='word_1_1244' title='bbox 1858 3197 1984 3231; x_wconf 81' lang='lat' dir='ltr'>causam</span> <span class='ocrx_word' id='word_1_1245' title='bbox 2010 3224 2020 3240; x_wconf 91' lang='lat'>,</span> <span class='ocrx_word' id='word_1_1246' title='bbox 2052 3211 2126 3233; x_wconf 83' lang='lat' dir='ltr'>cum</span> <span class='ocrx_word' id='word_1_1247' title='bbox 2159 3204 2302 3238; x_wconf 78' lang='lat' dir='ltr'>exterius</span> <span class='ocrx_word' id='word_1_1248' title='bbox 2325 3203 2398 3236; x_wconf 88' lang='lat' dir='ltr'>nul-</span> 
     </span>
     <span class='ocr_line' id='line_1_150' title="bbox 1401 3240 2398 3286; baseline 0.003 -12"><span class='ocrx_word' id='word_1_1249' title='bbox 1401 3241 1430 3274; x_wconf 89' lang='lat' dir='ltr'>la</span> <span class='ocrx_word' id='word_1_1250' title='bbox 1462 3252 1625 3284; x_wconf 82' lang='lat' dir='ltr'>appareret</span> <span class='ocrx_word' id='word_1_1251' title='bbox 1651 3240 1665 3277; x_wconf 59' lang='lat'>‚⁴</span> <span class='ocrx_word' id='word_1_1252' title='bbox 1681 3241 1814 3274; x_wconf 84' lang='lat' dir='ltr'>interius</span> <span class='ocrx_word' id='word_1_1253' title='bbox 1836 3252 1978 3282; x_wconf 77' lang='lat' dir='ltr'>quaerens</span> <span class='ocrx_word' id='word_1_1254' title='bbox 2003 3264 2012 3279; x_wconf 97' lang='lat'>,</span> <span class='ocrx_word' id='word_1_1255' title='bbox 2036 3242 2199 3278; x_wconf 88' lang='lat' dir='ltr'>cerebrum</span> <span class='ocrx_word' id='word_1_1256' title='bbox 2227 3271 2236 3286; x_wconf 91' lang='lat'>,</span> <span class='ocrx_word' id='word_1_1257' title='bbox 2270 3246 2398 3286; x_wconf 77' lang='lat' dir='ltr'>pulmo-</span> 
     </span>
     <span class='ocr_line' id='line_1_151' title="bbox 1397 3283 2397 3329; baseline 0.004 -13"><span class='ocrx_word' id='word_1_1258' title='bbox 1397 3295 1450 3316; x_wconf 88' lang='lat' dir='ltr'>nes</span> <span class='ocrx_word' id='word_1_1259' title='bbox 1475 3306 1483 3320; x_wconf 93' lang='lat'>,</span> <span class='ocrx_word' id='word_1_1260' title='bbox 1516 3297 1570 3318; x_wconf 90' lang='lat' dir='ltr'>cor</span> <span class='ocrx_word' id='word_1_1261' title='bbox 1603 3284 1676 3318; x_wconf 82' lang='lat' dir='ltr'>sana</span> <span class='ocrx_word' id='word_1_1262' title='bbox 1697 3283 1895 3318; x_wconf 83' lang='lat' dir='ltr'>offenderam</span> <span class='ocrx_word' id='word_1_1263' title='bbox 1923 3310 1932 3324; x_wconf 85' lang='lat'>‚</span> <span class='ocrx_word' id='word_1_1264' title='bbox 1966 3284 2024 3318; x_wconf 80' lang='lat' dir='ltr'>nisi</span> <span class='ocrx_word' id='word_1_1265' title='bbox 2051 3286 2138 3328; x_wconf 88' lang='lat' dir='ltr'>quod</span> <span class='ocrx_word' id='word_1_1266' title='bbox 2163 3286 2297 3329; x_wconf 84' lang='lat' dir='ltr'>hujusce</span> <span class='ocrx_word' id='word_1_1267' title='bbox 2323 3299 2397 3321; x_wconf 85' lang='lat' dir='ltr'>ven-</span> 
     </span>
     <span class='ocr_line' id='line_1_152' title="bbox 1398 3329 2398 3374; baseline 0.006 -14"><span class='ocrx_word' id='word_1_1268' title='bbox 1398 3329 1509 3360; x_wconf 89' lang='lat' dir='ltr'>triculi</span> <span class='ocrx_word' id='word_1_1269' title='bbox 1542 3330 1680 3363; x_wconf 82' lang='lat' dir='ltr'>omnino</span> <span class='ocrx_word' id='word_1_1270' title='bbox 1714 3335 1802 3360; x_wconf 88' lang='lat' dir='ltr'>crant</span> <span class='ocrx_word' id='word_1_1271' title='bbox 1842 3330 1932 3363; x_wconf 84' lang='lat' dir='ltr'>vacui</span> <span class='ocrx_word' id='word_1_1272' title='bbox 1959 3351 1968 3365; x_wconf 90' lang='lat'><em>‚</em></span> <span class='ocrx_word' id='word_1_1273' title='bbox 2014 3332 2044 3361; x_wconf 71' lang='grc' dir='ltr'>ἃ</span> <span class='ocrx_word' id='word_1_1274' title='bbox 2076 3331 2179 3372; x_wconf 81' lang='lat' dir='ltr'>ipsum</span> <span class='ocrx_word' id='word_1_1275' title='bbox 2223 3342 2398 3374; x_wconf 66' lang='lat' dir='ltr'>exangues</span> 
     </span>
    </p>
   </div>
   <div class='ocr_carea' id='block_1_7' title="bbox 1398 3371 2423 3420">
    <p class='ocr_par' dir='ltr' id='par_1_9' title="bbox 1398 3371 2423 3420">
     <span class='ocr_line' id='line_1_153' title="bbox 1398 3371 2423 3420; baseline 0.005 -17"><span class='ocrx_word' id='word_1_1276' title='bbox 1398 3382 1472 3404; x_wconf 85' lang='lat' dir='ltr'>cum</span> <span class='ocrx_word' id='word_1_1277' title='bbox 1495 3371 1632 3413; x_wconf 87' lang='lat' dir='ltr'>denique</span> <span class='ocrx_word' id='word_1_1278' title='bbox 1656 3371 1694 3405; x_wconf 85' lang='lat' dir='ltr'>ad</span> <span class='ocrx_word' id='word_1_1279' title='bbox 1715 3371 2011 3420; x_wconf 68' lang='lat' dir='ltr'>jecurperveniens</span> <span class='ocrx_word' id='word_1_1280' title='bbox 2033 3396 2042 3411; x_wconf 86' lang='lat'>,</span> <span class='ocrx_word' id='word_1_1281' title='bbox 2074 3377 2105 3406; x_wconf 78' lang='grc' dir='ltr'>δι</span> <span class='ocrx_word' id='word_1_1282' title='bbox 2130 3373 2225 3414; x_wconf 78' lang='lat' dir='ltr'>hujus</span> <span class='ocrx_word' id='word_1_1283' title='bbox 2257 3378 2302 3408; x_wconf 89' lang='lat' dir='ltr'>rei</span> <span class='ocrx_word' id='word_1_1284' title='bbox 2325 3400 2334 3414; x_wconf 84' lang='lat'>,</span> <span class='ocrx_word' id='word_1_1285' title='bbox 2368 3378 2399 3408; x_wconf 86' lang='lat'>&amp;</span> <span class='ocrx_word' id='word_1_1286' title='bbox 2414 3389 2423 3393; x_wconf 82' lang='lat'><em>·</em></span> 
     </span>
    </p>
   </div>
   <div class='ocr_carea' id='block_1_8' title="bbox 1399 3415 2400 3459">
    <p class='ocr_par' dir='ltr' id='par_1_10' title="bbox 1399 3415 2400 3459">
     <span class='ocr_line' id='line_1_154' title="bbox 1399 3415 2400 3459; baseline 0.002 -12"><span class='ocrx_word' id='word_1_1287' title='bbox 1399 3415 1515 3448; x_wconf 85' lang='lat' dir='ltr'>mortis</span> <span class='ocrx_word' id='word_1_1288' title='bbox 1537 3415 1659 3448; x_wconf 84' lang='lat' dir='ltr'>causam</span> <span class='ocrx_word' id='word_1_1289' title='bbox 1685 3415 1825 3459; x_wconf 58' lang='lat' dir='ltr'>perspefss</span> <span class='ocrx_word' id='word_1_1290' title='bbox 1850 3439 1856 3445; x_wconf 94' lang='lat'><strong>.</strong></span> <span class='ocrx_word' id='word_1_1291' title='bbox 1887 3415 1985 3459; x_wconf 89' lang='lat' dir='ltr'>Jecur</span> <span class='ocrx_word' id='word_1_1292' title='bbox 2008 3416 2093 3450; x_wconf 86' lang='lat' dir='ltr'>enim</span> <span class='ocrx_word' id='word_1_1293' title='bbox 2117 3427 2184 3452; x_wconf 86' lang='lat' dir='ltr'>erat</span> <span class='ocrx_word' id='word_1_1294' title='bbox 2207 3418 2400 3455; x_wconf 83' lang='lat' dir='ltr'>lividulum‚</span> 
     </span>
    </p>
   </div>
   <div class='ocr_carea' id='block_1_9' title="bbox 2267 3464 2355 3503">
    <p class='ocr_par' dir='ltr' id='par_1_11' title="bbox 2267 3464 2355 3503">
     <span class='ocr_line' id='line_1_155' title="bbox 2267 3464 2355 3503; baseline -0.023 -7"><span class='ocrx_word' id='word_1_1295' title='bbox 2267 3464 2355 3503; x_wconf 75' lang='lat' dir='ltr'>&amp;in</span> 
     </span>
    </p>
   </div>
   <div class='ocr_carea' id='block_1_10' title="bbox 376 3591 2399 3724">
    <p class='ocr_par' dir='ltr' id='par_1_12' title="bbox 413 3591 2399 3630">
     <span class='ocr_line' id='line_1_156' title="bbox 413 3591 2399 3630; baseline -0.006 -4"><span class='ocrx_word' id='word_1_1296' title='bbox 413 3603 428 3630; x_wconf 88' lang='lat'>(</span> <span class='ocrx_word' id='word_1_1297' title='bbox 442 3610 454 3626; x_wconf 81' lang='lat' dir='ltr'>e</span> <span class='ocrx_word' id='word_1_1298' title='bbox 474 3600 556 3629; x_wconf 85' lang='lat' dir='ltr'>)0bs.</span> <span class='ocrx_word' id='word_1_1299' title='bbox 573 3603 649 3625; x_wconf 77' lang='lat' dir='ltr'>Anat.</span> <span class='ocrx_word' id='word_1_1300' title='bbox 710 3596 778 3628; x_wconf 75' lang='lat' dir='ltr'>(J)</span> <span class='ocrx_word' id='word_1_1301' title='bbox 795 3596 857 3623; x_wconf 71' lang='lat' dir='ltr'>Sest.</span> <span class='ocrx_word' id='word_1_1302' title='bbox 874 3595 919 3621; x_wconf 86' lang='lat' dir='ltr'>hac</span> <span class='ocrx_word' id='word_1_1303' title='bbox 935 3603 971 3621; x_wconf 87' lang='lat'>21.</span> <span class='ocrx_word' id='word_1_1304' title='bbox 988 3594 1048 3619; x_wconf 85' lang='lat' dir='ltr'>Obs.</span> <span class='ocrx_word' id='word_1_1305' title='bbox 1066 3602 1105 3619; x_wconf 80' lang='lat'>21.</span> <span class='ocrx_word' id='word_1_1306' title='bbox 1124 3594 1146 3625; x_wconf 85' lang='lat'>§.</span> <span class='ocrx_word' id='word_1_1307' title='bbox 1163 3595 1184 3617; x_wconf 88' lang='lat'>8.</span> <span class='ocrx_word' id='word_1_1308' title='bbox 1247 3594 1292 3622; x_wconf 78' lang='lat' dir='ltr'>(g</span> <span class='ocrx_word' id='word_1_1309' title='bbox 1307 3591 1322 3625; x_wconf 76' lang='grc'>&gt;</span> <span class='ocrx_word' id='word_1_1310' title='bbox 1339 3591 1401 3616; x_wconf 87' lang='lat' dir='ltr'>Ibid.</span> <span class='ocrx_word' id='word_1_1311' title='bbox 1421 3592 1442 3622; x_wconf 87' lang='lat'>§.</span> <span class='ocrx_word' id='word_1_1312' title='bbox 1458 3596 1482 3617; x_wconf 86' lang='lat'>6.</span> <span class='ocrx_word' id='word_1_1313' title='bbox 1532 3593 1561 3622; x_wconf 50' lang='grc' dir='ltr'>,ζ</span> <span class='ocrx_word' id='word_1_1314' title='bbox 1577 3593 1590 3616; x_wconf 86' lang='lat' dir='ltr'>h</span> <span class='ocrx_word' id='word_1_1315' title='bbox 1607 3591 1615 3622; x_wconf 68' lang='lat' dir='ltr'><strong>j</strong></span> <span class='ocrx_word' id='word_1_1316' title='bbox 1636 3592 1696 3616; x_wconf 87' lang='lat' dir='ltr'>lbid.</span> <span class='ocrx_word' id='word_1_1317' title='bbox 1716 3594 1738 3625; x_wconf 61' lang='grc' dir='ltr'>ᾗ.</span> <span class='ocrx_word' id='word_1_1318' title='bbox 1756 3601 1789 3621; x_wconf 61' lang='lat'>¹4-</span> <span class='ocrx_word' id='word_1_1319' title='bbox 1852 3596 1866 3624; x_wconf 83' lang='lat'><strong>(</strong></span> <span class='ocrx_word' id='word_1_1320' title='bbox 1882 3595 1914 3627; x_wconf 79' lang='lat' dir='ltr'>i)</span> <span class='ocrx_word' id='word_1_1321' title='bbox 1935 3595 2114 3624; x_wconf 75' lang='lat' dir='ltr'>Sepulchr‚1,3,</span> <span class='ocrx_word' id='word_1_1322' title='bbox 2128 3597 2149 3620; x_wconf 84' lang='lat' dir='ltr'>s.</span> <span class='ocrx_word' id='word_1_1323' title='bbox 2164 3603 2199 3625; x_wconf 84' lang='lat'>3⁷-</span> <span class='ocrx_word' id='word_1_1324' title='bbox 2215 3595 2271 3621; x_wconf 79' lang='lat' dir='ltr'>obs,</span> <span class='ocrx_word' id='word_1_1325' title='bbox 2287 3605 2309 3625; x_wconf 87' lang='lat'>3-</span> <span class='ocrx_word' id='word_1_1326' title='bbox 2326 3596 2349 3626; x_wconf 74' lang='lat'>§,</span> <span class='ocrx_word' id='word_1_1327' title='bbox 2362 3604 2399 3622; x_wconf 63' lang='grc' dir='ltr'>ῃ,</span> 
     </span>
    </p>

    <p class='ocr_par' dir='ltr' id='par_1_13' title="bbox 376 3621 2398 3690">
     <span class='ocr_line' id='line_1_157' title="bbox 411 3621 2398 3660; baseline -0.007 -5"><span class='ocrx_word' id='word_1_1328' title='bbox 411 3633 425 3660; x_wconf 85' lang='grc'><strong>(</strong></span> <span class='ocrx_word' id='word_1_1329' title='bbox 441 3632 457 3656; x_wconf 78' lang='lat' dir='ltr'><em>k</em></span> <span class='ocrx_word' id='word_1_1330' title='bbox 471 3633 485 3660; x_wconf 87' lang='grc'>)</span> <span class='ocrx_word' id='word_1_1331' title='bbox 500 3630 572 3656; x_wconf 82' lang='lat' dir='ltr'>Thes.</span> <span class='ocrx_word' id='word_1_1332' title='bbox 588 3639 612 3659; x_wconf 91' lang='lat'>7.</span> <span class='ocrx_word' id='word_1_1333' title='bbox 628 3637 654 3655; x_wconf 89' lang='lat' dir='ltr'>n.</span> <span class='ocrx_word' id='word_1_1334' title='bbox 670 3636 704 3660; x_wconf 79' lang='lat'>37.</span> <span class='ocrx_word' id='word_1_1335' title='bbox 722 3630 744 3653; x_wconf 71' lang='grc' dir='ltr'>ὃς</span> <span class='ocrx_word' id='word_1_1336' title='bbox 759 3628 822 3653; x_wconf 78' lang='lat' dir='ltr'>Tab.</span> <span class='ocrx_word' id='word_1_1337' title='bbox 839 3635 862 3651; x_wconf 84' lang='lat'>2.</span> <span class='ocrx_word' id='word_1_1338' title='bbox 880 3628 907 3651; x_wconf 85' lang='lat' dir='ltr'>F.</span> <span class='ocrx_word' id='word_1_1339' title='bbox 926 3634 946 3655; x_wconf 79' lang='lat'>3.</span> <span class='ocrx_word' id='word_1_1340' title='bbox 1007 3625 1015 3653; x_wconf 81' lang='lat' dir='ltr'>s</span> <span class='ocrx_word' id='word_1_1341' title='bbox 1032 3627 1041 3649; x_wconf 78' lang='grc' dir='ltr'><em>ι</em></span> <span class='ocrx_word' id='word_1_1342' title='bbox 1060 3625 1074 3654; x_wconf 88' lang='grc'>)</span> <span class='ocrx_word' id='word_1_1343' title='bbox 1092 3625 1214 3653; x_wconf 83' lang='lat' dir='ltr'>Sepulchr.</span> <span class='ocrx_word' id='word_1_1344' title='bbox 1232 3625 1255 3647; x_wconf 84' lang='lat' dir='ltr'>S.</span> <span class='ocrx_word' id='word_1_1345' title='bbox 1273 3624 1316 3646; x_wconf 80' lang='lat' dir='ltr'>hac</span> <span class='ocrx_word' id='word_1_1346' title='bbox 1332 3628 1367 3646; x_wconf 84' lang='lat'>21.</span> <span class='ocrx_word' id='word_1_1347' title='bbox 1385 3623 1442 3648; x_wconf 85' lang='lat' dir='ltr'>obs.</span> <span class='ocrx_word' id='word_1_1348' title='bbox 1460 3631 1480 3652; x_wconf 81' lang='lat'>3.</span> <span class='ocrx_word' id='word_1_1349' title='bbox 1498 3621 1518 3652; x_wconf 63' lang='grc' dir='ltr'>ξ.</span> <span class='ocrx_word' id='word_1_1350' title='bbox 1535 3626 1556 3647; x_wconf 82' lang='lat'>8,</span> <span class='ocrx_word' id='word_1_1351' title='bbox 1617 3623 1629 3651; x_wconf 70' lang='grc' dir='ltr'>ζ</span> <span class='ocrx_word' id='word_1_1352' title='bbox 1648 3632 1671 3647; x_wconf 79' lang='lat' dir='ltr'>m</span> <span class='ocrx_word' id='word_1_1353' title='bbox 1687 3624 1700 3651; x_wconf 82' lang='grc'>)</span> <span class='ocrx_word' id='word_1_1354' title='bbox 1720 3626 1770 3658; x_wconf 56' lang='lat'>‘¹³¹5‘</span> <span class='ocrx_word' id='word_1_1355' title='bbox 1798 3624 1854 3649; x_wconf 70' lang='lat' dir='ltr'>obs.</span> <span class='ocrx_word' id='word_1_1356' title='bbox 1867 3633 1905 3650; x_wconf 66' lang='lat'>21,</span> <span class='ocrx_word' id='word_1_1357' title='bbox 1925 3628 1947 3651; x_wconf 67' lang='grc' dir='ltr'>ς,</span> <span class='ocrx_word' id='word_1_1358' title='bbox 1965 3633 1990 3650; x_wconf 72' lang='lat'>2,</span> <span class='ocrx_word' id='word_1_1359' title='bbox 2053 3627 2068 3655; x_wconf 81' lang='grc'>(</span> <span class='ocrx_word' id='word_1_1360' title='bbox 2083 3635 2100 3651; x_wconf 54' lang='lat'>2,</span> <span class='ocrx_word' id='word_1_1361' title='bbox 2114 3627 2127 3656; x_wconf 83' lang='lat'>)</span> <span class='ocrx_word' id='word_1_1362' title='bbox 2142 3628 2226 3650; x_wconf 60' lang='lat' dir='ltr'>Exem,</span> <span class='ocrx_word' id='word_1_1363' title='bbox 2242 3628 2269 3650; x_wconf 57' lang='lat' dir='ltr'>d„</span> <span class='ocrx_word' id='word_1_1364' title='bbox 2280 3630 2398 3652; x_wconf 35' lang='lat' dir='ltr'>officim&amp;-</span> 
     </span>
     <span class='ocr_line' id='line_1_158' title="bbox 376 3653 2149 3690; baseline -0.002 -5"><span class='ocrx_word' id='word_1_1365' title='bbox 376 3685 378 3687; x_wconf 83' lang='grc'><em>,</em></span> <span class='ocrx_word' id='word_1_1366' title='bbox 414 3663 428 3690; x_wconf 81' lang='grc'><strong>(</strong></span> <span class='ocrx_word' id='word_1_1367' title='bbox 443 3671 455 3685; x_wconf 84' lang='grc' dir='ltr'><em>ο</em></span> <span class='ocrx_word' id='word_1_1368' title='bbox 469 3663 483 3689; x_wconf 85' lang='grc'>)</span> <span class='ocrx_word' id='word_1_1369' title='bbox 500 3662 567 3690; x_wconf 72' lang='lat' dir='ltr'>supra</span> <span class='ocrx_word' id='word_1_1370' title='bbox 582 3668 606 3685; x_wconf 84' lang='lat' dir='ltr'>n.</span> <span class='ocrx_word' id='word_1_1371' title='bbox 623 3668 646 3689; x_wconf 78' lang='lat'>4.</span> <span class='ocrx_word' id='word_1_1372' title='bbox 711 3659 774 3688; x_wconf 83' lang='lat' dir='ltr'>(p)</span> <span class='ocrx_word' id='word_1_1373' title='bbox 796 3659 861 3686; x_wconf 82' lang='lat' dir='ltr'>Eph-</span> <span class='ocrx_word' id='word_1_1374' title='bbox 877 3659 910 3683; x_wconf 80' lang='lat' dir='ltr'>N.</span> <span class='ocrx_word' id='word_1_1375' title='bbox 930 3658 957 3680; x_wconf 92' lang='lat' dir='ltr'>C.</span> <span class='ocrx_word' id='word_1_1376' title='bbox 975 3657 1048 3680; x_wconf 85' lang='lat' dir='ltr'>Cent.</span> <span class='ocrx_word' id='word_1_1377' title='bbox 1065 3660 1090 3679; x_wconf 87' lang='lat'>6.</span> <span class='ocrx_word' id='word_1_1378' title='bbox 1108 3656 1167 3689; x_wconf 75' lang='lat' dir='ltr'>Obs.</span> <span class='ocrx_word' id='word_1_1379' title='bbox 1187 3662 1223 3684; x_wconf 80' lang='grc'>94-</span> <span class='ocrx_word' id='word_1_1380' title='bbox 1285 3654 1298 3681; x_wconf 64' lang='grc' dir='ltr'>ζ</span> <span class='ocrx_word' id='word_1_1381' title='bbox 1317 3661 1330 3681; x_wconf 77' lang='lat'>11</span> <span class='ocrx_word' id='word_1_1382' title='bbox 1348 3653 1360 3680; x_wconf 83' lang='lat'><em>)</em></span> <span class='ocrx_word' id='word_1_1383' title='bbox 1376 3655 1391 3677; x_wconf 88' lang='lat' dir='ltr'>S</span> <span class='ocrx_word' id='word_1_1384' title='bbox 1416 3662 1439 3682; x_wconf 86' lang='lat'>7·</span> <span class='ocrx_word' id='word_1_1385' title='bbox 1456 3655 1518 3682; x_wconf 77' lang='lat' dir='ltr'>APh·</span> <span class='ocrx_word' id='word_1_1386' title='bbox 1536 3663 1572 3682; x_wconf 77' lang='lat'>55-</span> <span class='ocrx_word' id='word_1_1387' title='bbox 1636 3654 1649 3681; x_wconf 84' lang='lat'>(</span> <span class='ocrx_word' id='word_1_1388' title='bbox 1664 3663 1675 3676; x_wconf 74' lang='lat' dir='ltr'>r</span> <span class='ocrx_word' id='word_1_1389' title='bbox 1692 3655 1704 3682; x_wconf 84' lang='lat'>)</span> <span class='ocrx_word' id='word_1_1390' title='bbox 1722 3656 1792 3687; x_wconf 64' lang='lat' dir='ltr'>Epist.</span> <span class='ocrx_word' id='word_1_1391' title='bbox 1813 3659 1849 3678; x_wconf 80' lang='lat'>16-</span> <span class='ocrx_word' id='word_1_1392' title='bbox 1870 3664 1885 3679; x_wconf 86' lang='lat' dir='ltr'>n</span> <span class='ocrx_word' id='word_1_1393' title='bbox 1911 3663 1949 3684; x_wconf 80' lang='lat'>33·</span> <span class='ocrx_word' id='word_1_1394' title='bbox 2147 3674 2149 3677; x_wconf 92' lang='lat'><em>-</em></span> 
     </span>
    </p>

    <p class='ocr_par' dir='ltr' id='par_1_14' title="bbox 413 3683 1950 3724">
     <span class='ocr_line' id='line_1_159' title="bbox 413 3683 1950 3724; baseline -0.005 -8"><span class='ocrx_word' id='word_1_1395' title='bbox 413 3691 478 3724; x_wconf 67' lang='lat' dir='ltr'>(J)</span> <span class='ocrx_word' id='word_1_1396' title='bbox 496 3694 635 3718; x_wconf 80' lang='lat' dir='ltr'>comment.</span> <span class='ocrx_word' id='word_1_1397' title='bbox 652 3690 681 3714; x_wconf 88' lang='lat' dir='ltr'>in</span> <span class='ocrx_word' id='word_1_1398' title='bbox 695 3690 785 3720; x_wconf 57' lang='lat' dir='ltr'>Amor,</span> <span class='ocrx_word' id='word_1_1399' title='bbox 805 3689 848 3713; x_wconf 80' lang='lat' dir='ltr'>cit.</span> <span class='ocrx_word' id='word_1_1400' title='bbox 913 3688 926 3717; x_wconf 86' lang='grc'>(</span> <span class='ocrx_word' id='word_1_1401' title='bbox 941 3694 952 3711; x_wconf 72' lang='lat' dir='ltr'>t</span> <span class='ocrx_word' id='word_1_1402' title='bbox 970 3691 977 3714; x_wconf 85' lang='lat'><em>)</em></span> <span class='ocrx_word' id='word_1_1403' title='bbox 994 3687 1117 3711; x_wconf 75' lang='lat' dir='ltr'>Offervaz.</span> <span class='ocrx_word' id='word_1_1404' title='bbox 1135 3686 1179 3711; x_wconf 75' lang='lat' dir='ltr'>intL</span> <span class='ocrx_word' id='word_1_1405' title='bbox 1194 3686 1242 3710; x_wconf 69' lang='lat' dir='ltr'>alle</span> <span class='ocrx_word' id='word_1_1406' title='bbox 1260 3683 1423 3713; x_wconf 73' lang='lat' dir='ltr'>Tartarughe.</span> <span class='ocrx_word' id='word_1_1407' title='bbox 1484 3686 1490 3713; x_wconf 89' lang='lat'>(</span> <span class='ocrx_word' id='word_1_1408' title='bbox 1510 3692 1525 3706; x_wconf 79' lang='grc' dir='ltr'>ιι</span> <span class='ocrx_word' id='word_1_1409' title='bbox 1541 3685 1554 3713; x_wconf 82' lang='grc'>)</span> <span class='ocrx_word' id='word_1_1410' title='bbox 1571 3684 1578 3711; x_wconf 67' lang='lat' dir='ltr'>s</span> <span class='ocrx_word' id='word_1_1411' title='bbox 1594 3691 1608 3706; x_wconf 78' lang='lat' dir='ltr'><em>x</em></span> <span class='ocrx_word' id='word_1_1412' title='bbox 1625 3683 1638 3712; x_wconf 60' lang='lat'>3</span> <span class='ocrx_word' id='word_1_1413' title='bbox 1656 3685 1698 3714; x_wconf 76' lang='lat' dir='ltr'>(y</span> <span class='ocrx_word' id='word_1_1414' title='bbox 1715 3684 1727 3712; x_wconf 80' lang='grc'>&gt;</span> <span class='ocrx_word' id='word_1_1415' title='bbox 1745 3689 1809 3715; x_wconf 63' lang='lat' dir='ltr'>supra</span> <span class='ocrx_word' id='word_1_1416' title='bbox 1826 3685 1855 3709; x_wconf 84' lang='lat' dir='ltr'>ad</span> <span class='ocrx_word' id='word_1_1417' title='bbox 1871 3693 1895 3709; x_wconf 87' lang='lat' dir='ltr'>n.</span> <span class='ocrx_word' id='word_1_1418' title='bbox 1913 3694 1950 3715; x_wconf 73' lang='lat'>33-</span> 
     </span>
    </p>
   </div>
  </div>
 </body>
</html>
