2498 4075
357 138 358 144 =
398 108 493 171 176

326 187 371 221 ris
394 194 499 220 totam
521 186 704 222 distimstarn
720 206 729 217 .
754 181 813 219 Sed
836 186 869 218 &
893 181 1094 217 Paechionus
1116 178 1200 225 (f)
1232 184 1265 215 in
1286 184 1328 216 iis

326 230 382 273 qui
404 229 510 272 laqueo
537 229 686 274 suffocati
704 235 838 270 pereunt
855 250 866 266 ‚
900 227 1066 270 pulmones
1086 234 1248 259 memorat
1279 227 1328 259 ni-

318 286 377 318 gro
394 271 530 318 suffusos
547 273 718 317 sanguine,
742 283 778 304 ac
803 281 892 304 muco
912 293 919 301 .
948 272 996 304 De
1019 268 1130 311 spuma
1153 280 1259 303 autem
1281 268 1328 302 sa-

323 319 366 351 tis
389 317 432 351 est
454 317 668 359 Hippocratis
692 313 911 357 aphorismum
935 316 989 355 (g
1010 316 1024 352 )
1046 311 1224 353 inspicere,
1247 323 1329 355 prae-

323 361 432 395 sertim
455 369 492 393 ut
516 360 614 393 latine
637 358 782 396 redditus
804 369 820 390 a
842 355 938 391 Celso
959 360 973 396 (
995 355 1015 389 h
1037 359 1050 395 )
1073 355 1115 390 est
1137 358 1170 390 in
1184 365 1328 391 extremo

322 405 423 438 VIII.
449 404 553 445 capite
577 402 652 436 libri
674 404 724 436 ΙΙ.
746 404 864 443 Neque
887 401 917 432 is
941 401 980 432 ad
1001 400 1104 433 vitam
1127 401 1209 434 redit
1231 422 1240 437 ‚
1276 400 1329 441 qui

321 460 361 486 ex
378 446 541 489 suspendio
556 470 566 486 ,
583 446 748 488 spumante
772 454 822 477 ore
856 441 1015 476 detractus
1039 442 1078 482 esi
1100 455 1107 476 :
1143 453 1327 487 quanquam

320 493 359 527 de
381 490 446 527 hoc
470 489 656 533 aphorismo
679 489 810 526 inferius
833 489 846 525 (
870 487 882 519 i
905 488 919 524 )
940 485 1062 529 aliquid
1081 484 1328 525 adnotabimus,

313 540 351 574 a&
376 543 414 568 tu
436 532 589 570 adnotata
612 534 671 566 alia
704 532 819 574 pariter
843 527 965 568 videbis
999 541 1014 561 a
1040 531 1148 563 Praecl.
1174 531 1327 572 Langgu.

319 579 382 613 tho
403 581 417 617 ζ
438 579 457 618 l<
478 581 512 617 ).·
538 576 621 616 apud
645 585 740 618 quem
764 575 862 606 etiam
886 574 970 605 inter
1000 582 1114 605 caetera
1137 584 1209 621 quae
1235 583 1327 615 repe-

318 624 363 657 rit
386 623 420 655 in
447 621 664 663 suspensorum
687 617 870 656 diss'effione
893 619 906 655 (
927 616 939 649 l
961 619 1006 656 )‚
1038 616 1143 653 multo
1167 615 1319 658 sanguine

318 665 465 709 turgidos
490 665 656 706 pulmones
680 662 818 694 invenies
838 683 845 690 .
871 661 940 693 Cur
965 659 1043 692 talia
1067 660 1171 702 igitur
1194 658 1321 692 Valsal-

318 722 357 744 va
380 709 513 744 minime
536 703 730 743 adnotavit?
753 705 806 739 An
831 705 906 779 quia
932 701 1025 735 serius
1048 711 1085 740 ut
1108 701 1248 738 Publicae
1274 704 1322 736 A-

317 762 462 791 natomes
494 751 579 784 ratio
611 748 747 791 postulat
770 772 780 787 ‚
812 757 828 779 a
885 746 1050 788 pulmones
1094 746 1322 780 examinandos

316 793 487 832 veniebat?
510 793 646 827 Har-veii
669 794 683 830 <
706 802 737 824 m
760 795 774 831 )
798 789 1019 826 ObservatiO,
1041 800 1140 831 quarn
1153 799 1216 822 non
1237 789 1322 824 secus

317 854 353 878 ac
377 841 453 873 alias
478 836 553 873 huic
577 836 737 878 proximas
757 834 769 873 ,'
802 836 834 865 &
859 831 896 865 ad
921 831 1114 876 superiorem
1142 833 1324 867 Sectionem

317 886 511 920 attinentes,
535 881 635 913 miror
658 878 693 910 i‘n
717 875 930 918 Sepulchreto
953 873 1194 918 praetermissam
1216 900 1227 917 ,
1259 888 1326 911 rem

315 928 458 974 poterit,
481 922 696 966 quadantenus
718 918 893 953 illustrare.
919 922 1003 961 Ego,
1026 920 1134 962 inquit
1149 945 1158 957 ‚
1181 919 1326 963 aliquan..

314 974 353 1009 do
377 972 407 1004 in
430 967 579 1006 cadavere
601 964 733 1002 humano
757 963 882 998 noviter
897 961 1117 1005 strangulato,
1139 963 1224 997 intra
1247 964 1325 997 duas

316 1016 409 1051 haras
432 1025 451 1049 a
467 1007 683 1055 suspensione,
708 1014 813 1049 aperto
832 1005 954 1048 pectore
977 1006 1020 1039 (φ
1040 1008 1214 1049 pericardio
1236 1033 1245 1048 ,
1268 1018 1325 1040 an-

316 1067 442 1102 tequam
458 1054 560 1100 faciei
578 1050 677 1085 'rubor
702 1056 890 1088 evanuerat,
914 1048 1089 1084 auriculam
1103 1051 1247 1084 dextram
1258 1061 1324 1084 cor-

316 1104 386 1139 dis,
412 1102 455 1138 &²
473 1097 635 1141 pulmones
655 1094 829 1137 plurimum
851 1092 997 1132 distentos
1021 1094 1063 1126 &⁵
1078 1092 1230 1138 infarffos
1247 1092 1322 1136 san-

312 1146 430 1190 guine,
454 1141 566 1181 multis
587 1135 808 1181 attestantibus
831 1136 943 1175 ostendi
966 1159 975 1175 ‚
992 1137 1146 1179 pracipue
1168 1147 1242 1170 vero
1264 1148 1323 1170 au-

312 1188 450 1225 «riculam
471 1210 483 1227 ‚
516 1184 555 1221 ad
588 1181 721 1217 maximi
755 1179 889 1213 hominis
917 1180 1015 1222 pugni
1046 1180 1293 1223 magnitudinem
1313 1202 1324 1219 ,

314 1238 492 1274 turgentem
514 1227 588 1259 adeo
609 1233 646 1257 ut
668 1222 844 1265 disruptam
868 1223 911 1257 iri
930 1230 1063 1265 putares
1086 1247 1093 1254 .
1130 1227 1206 1269 Quae
1229 1223 1325 1257 moles

315 1276 364 1309 die
381 1274 551 1318 sequente,
573 1264 760 1310 refrigerato
779 1267 909 1310 penitus
932 1276 1078 1309 corpore,
1101 1267 1143 1301 eff
1161 1277 1219 1309 per
1241 1267 1324 1301 alias

315 1320 388 1355 vias
419 1324 524 1350 cruore
547 1309 662 1353 dilapso
684 1333 694 1348 ,
726 1308 934 1356 detumescens
957 1319 1128 1344 evanuerat
1149 1335 1158 1344 .
1194 1311 1325 1344 Scilicet

314 1358 434 1398 fluidus
457 1356 583 1401 sanguis
602 1377 614 1398 ,
647 1353 774 1397 qualem
800 1353 833 1385 in
864 1352 1020 1396 ejusmodi
1045 1352 1247 1388 cadaveribus
1268 1353 1327 1387 ob-

314 1406 474 1441 servatum
501 1399 580 1437 esse,
604 1397 774 1437 diximus,
797 1395 890 1430 facile
913 1397 952 1429 ad
976 1395 1163 1437 inferiores,
1188 1408 1249 1440 pro
1272 1409 1328 1432 eo-

313 1442 388 1485 rum
411 1447 494 1488 situ,
515 1443 660 1478 vasorum
685 1450 791 1483 partes
814 1439 975 1473 delabitur
995 1462 1005 1478 ‚
1040 1439 1078 1473 ad
1102 1440 1211 1485 easque
1244 1453 1261 1474 a
1283 1452 1331 1474 re-

315 1486 500 1537 frigeratis,
522 1488 661 1530 ideoque
684 1484 858 1518 contraffis
882 1482 972 1519 fibris
995 1483 1138 1528 undique
1159 1485 1330 1528 compelli-

313 1548 370 1576 tur
433 1545 470 1570 ut
494 1533 535 1570 sic
559 1530 752 1573 pulmonum
782 1526 868 1561 haud
891 1538 980 1570 aeque
1014 1535 1134 1561 tumere
1169 1530 1328 1562 anteriora

314 1564 419 1620 vans,
456 1590 490 1613 ac
514 1574 686 1620 posteriora
720 1573 754 1605 in
779 1570 903 1614 supinis
936 1569 1142 1606 cadaveribus
1177 1572 1293 1615 poffint
1317 1596 1325 1604 .

314 1627 433 1668 Spuma
468 1630 573 1657 autem
607 1640 616 1655 ‚
658 1616 766 1658 elapso
799 1626 815 1647 e
847 1614 945 1648 bullis
977 1625 1046 1649 aere
1075 1638 1088 1656 ,
1120 1616 1154 1648 in
1189 1627 1328 1658 paucum

315 1667 453 1703 subsidet
477 1666 648 1700 humorem
671 1682 684 1700 ‚
715 1657 877 1703 facileque
899 1684 910 1701 ‚
944 1657 1075 1692 dimoto
1096 1669 1257 1702 corpore,
1281 1658 1329 1693 ef-

313 1713 503 1749 fluxurum.
918 1745 924 1753 .

362 1767 410 1790 10.
437 1751 531 1794 Qid
562 1762 638 1784 vero
669 1746 767 1782 causae
801 1745 859 1781 esse
890 1745 1034 1780 dicemus
1054 1770 1067 1787 ,
1099 1757 1155 1781 cur
1176 1746 1326 1782 Valsalva

310 1800 473 1840 fluidum,
496 1805 532 1833 ut
557 1794 745 1830 retulimus,
771 1789 957 1833 sanguinem
981 1791 1204 1831 adnotaverit,
1227 1791 1328 1826 illud..

312 1857 374 1889 que
399 1852 549 1887 praeterea
573 1838 711 1877 diserte,
734 1834 905 1878 polyposas
925 1836 1147 1869 concretiones
1168 1835 1202 1867 in
1232 1836 1327 1870 corde

312 1889 440 1928 nullas,
463 1888 497 1920 in
521 1881 615 1918 corde
639 1881 766 1914 nullum
799 1888 948 1921 grumum
971 1877 1133 1920 sanguinis
1158 1879 1325 1913 inventum

310 1932 389 1969 esse,
413 1929 543 1975 quando
566 1928 599 1959 in
624 1924 679 1966 ista
703 1921 770 1966 ipsa
794 1920 994 1963 Sepulchreti
1016 1921 1162 1967 Sestione
1184 1924 1199 1961 (
1219 1932 1238 1954 n
1260 1926 1326 1963 >ex

311 1977 442 2014 Beslero
464 1971 603 2018 positum
627 1967 670 2002 est
691 1991 700 2007 ‚
735 1967 769 1999 in
790 1965 914 2007 virgine
938 1976 1008 2008 quae
1035 1962 1240 2008 suffocatione
1272 1976 1325 2000 ex.

306 2021 435 2065 pirabit
484 2011 699 2053 fuissetordis
722 2018 831 2051 corpus
851 2007 994 2050 grumoso
1017 2003 1169 2050 repletum
1188 2007 1319 2052 sangui.

303 2077 363 2104 ne,
380 2043 487 2107 'idqsae
511 2062 542 2094 in
559 2054 726 2102 suffocatis
756 2050 818 2086 -ess'e
843 2050 1007 2094 familiare
1030 2049 1044 2084 ?
1079 2052 1233 2085 Dicemus
1267 2052 1319 2085 ni-

301 2102 449 2148 mirum,
472 2107 505 2139 in
531 2115 564 2136 ea
592 2097 711 2135 Besleri
736 2096 877 2139 epistolae
902 2104 989 2136 parte
1008 2118 1021 2136 ,
1053 2106 1123 2138 quae
1146 2096 1180 2129 in
1212 2095 1318 2130 citato

297 2153 420 2187 ibidem
444 2147 558 2184 Zacuti
584 2145 668 2179 libro
693 2139 962 2185 Observationem
987 2137 1143 2187 facit-643
1165 2148 1231 2170 non
1260 2140 1317 2178 633

298 2183 393 2231 sicuti
416 2195 453 2229 de
477 2192 600 2229 virgine
626 2187 729 2221 sermo
752 2183 819 2222 est,
844 2193 935 2224 cujus
959 2180 1084 2215 sexenni
1109 2182 1316 2230 aegrot—ationi

298 2239 484 2278 nQviffimus
508 2233 635 2269 tandem
661 2227 781 2263 acceffit
807 2226 963 2266 morbus,
986 2223 1185 2272 suffocatiffi
1207 2234 1253 2257 ita
1265 2236 1318 2258 ve-

301 2287 328 2320 ri
354 2284 455 2318 simile
480 2280 536 2314 esse
599 2271 783 2318 hujusmodi
800 2272 926 2314 *potius
959 2268 1132 2304 suffocatos
1155 2268 1318 2303 Beslerum

300 2323 492 2363 intellexisse
516 2347 523 2357 .
557 2332 653 2364 quam
675 2329 727 2351 eos
750 2316 806 2359 qui
830 2325 905 2349 cum
938 2312 1003 2347 sani
1026 2311 1121 2345 essent
1144 2334 1157 2351 ‚
1193 2322 1320 2359 repente

303 2383 434 2406 externa
467 2370 498 2401 vi
527 2362 713 2402 strangulati
743 2359 816 2393 sunt
840 2382 852 2398 ,
886 2356 993 2400 quales
1028 2355 1096 2389 fere
1127 2365 1145 2387 a
1171 2355 1320 2388 Valsalva

304 2400 553 2460 proponuntur.
579 2402 690 2441 Aliam
714 2404 801 2436 enim
825 2400 875 2436 his
890 2424 900 2440 ,
927 2398 1112 2448 atque-illis
1131 2420 1144 2437 ‚
1167 2406 1204 2430 ut
1226 2397 1321 2446 visce-

305 2471 377 2494 rum
424 2457 463 2490 lic
489 2455 588 2489 etiam
613 2447 775 2491 sanguinis
798 2444 856 2479 esse
870 2442 1163 2480 constitutionem,
1186 2439 1322 2473 manife-

307 2483 400 2538 stum³
420 2500 462 2534 est
485 2509 549 2532 non
582 2495 688 2529 minus
708 2515 719 2531 ,
751 2500 850 2532 quam
873 2483 1004 2520 crassum
1027 2510 1035 2521 ,
1068 2488 1098 2518 δε
1135 2484 1323 2526 grumosum

539 2548 664 2584 quanto
687 2534 831 2574 ineptior
853 2530 895 2564 est
919 2528 958 2563 ad
982 2528 1173 2571 pulmonum
1198 2527 1323 2562 vascula

309 2587 521 2634 trajicienda,
543 2593 636 2617 tanto
659 2580 819 2621 aptiorem
846 2573 901 2624 esse
926 2582 1002 2623 ‚Unt
1026 2573 1061 2605 in
1084 2572 1125 2622 iis
1148 2569 1287 2621 subsistat
1311 2594 1323 2610 ,

310 2639 343 2669 ὃ(
368 2631 611 2667 sufficationem
635 2622 768 2657 inducat
792 2647 799 2654 .
834 2615 1036 2666 Qui-ipsos
1067 2624 1165 2648 etiam
1188 2627 1244 2658 qui
1279 2614 1325 2647 la-

333 2673 665 2717 ueostrangulantur,
690 2665 712 2699 fi
734 2663 1018 2703 'fortelanguinem
1039 2658 1176 2693 habeant
1200 2657 1237 2691 ad
1248 2669 1328 2691 con-

310 2692 514 2756 ⁴cqs‘escendum
539 2713 747 2758 proniorem,
773 2718 838 2741 non
862 2715 1000 2754 grumos·
1017 2712 1168 2752 tantum?
1188 2700 1241 2751 'sed
1268 2713 1328 2752 po-

313 2763 441 2809 lyposas
466 2770 595 2805 quoque
621 2752 841 2789 concretiones
864 2750 899 2781 in
923 2749 1018 2782 alvers
1043 2745 1211 2796 ’sanguinis
1236 2744 1327 2779 habi-

314 2820 403 2845 turos
429 2806 484 2840 esse
501 2828 510 2842 ‚
535 2813 599 2837 non
623 2798 763 2835 dubito,
786 2794 895 2837 quales
910 2815 924 2833 ,
950 2801 986 2825 ut
1011 2789 1090 2823 alios
1112 2798 1262 2822 omittam
1274 2811 1288 2838 ,⁸
1311 2801 1328 2821 a

315 2853 455 2887 Coitem
477 2851 491 2887 ς
513 2859 528 2880 0
547 2846 564 2888 )
592 2840 681 2877 fuisse
706 2839 857 2880 intelligo
880 2848 918 2870 ex
941 2833 1180 2868 SinibusDurae
1205 2843 1328 2865 menin-

317 2898 367 2941 gis
386 2891 551 2937 suspendio
574 2893 769 2921 enecatorum
795 2880 972 2914 extra&as.
1092 2921 1100 2928 ·
1137 2921 1143 2927 ι
1194 2920 1215 2927 ..

366 2948 400 2971 11
441 2938 540 2968 Porro
573 2929 659 2962 idem
696 2924 855 2968 sanguinis
889 2923 972 2956 fluor
994 2945 1005 2962 ‚
1044 2932 1101 2963 qui
1134 2931 1167 2953 in
1191 2931 1232 2953 iis
1263 2930 1329 2955 erat

343 2963 422 3017 uos,
446 2989 520 3012 cum
545 2974 608 3008 sani
634 2969 754 3010 essent,
777 2968 930 3001 violentia
955 2976 1085 2998 externa
1097 2963 1305 3011 strangulavit
1320 2987 1330 3002 ‚

319 2996 576 3060 {ldmirationem
602 3015 721 3050 minuit
743 3011 829 3055 quod
862 3011 895 3042 in
929 3009 1042 3042 iisdem
1067 3007 1214 3057 Vallalva
1245 3021 1330 3043 cere-

321 3071 414 3104 brum
439 3056 593 3100 invenerit
618 3059 655 3092 ab
678 3055 814 3090 naturali
838 3053 917 3087 statu
942 3051 1025 3086 nihil
1049 3049 1251 3094 discrepans,
1275 3061 1329 3086 aut

323 3111 489 3147 Craffioris
512 3104 670 3145 meningis
702 3099 771 3132 vasa
797 3096 946 3130 nonnihil
978 3095 1145 3130 dumtaxat
1179 3093 1330 3144 sanguine

324 3154 453 3198 turgida
501 3162 576 3185 cum
598 3150 718 3180 interea
742 3145 825 3176 cutis
847 3141 993 3187 cranium
1007 3140 1155 3186 *tegentis
1178 3141 1332 3173 interiora

325 3177 478 3237 vascula,³
496 3198 527 3228 δε
551 3204 622 3236 quae
645 3188 750 3223 oculis
772 3183 975 3226 circumflua
996 3187 1093 3223 lunt,
1115 3190 1168 3216 aut
1193 3194 1248 3226 per
1270 3184 1335 3216 Re-

327 3242 498 3277 tiformem
522 3237 640 3271 horum
663 3232 828 3267 tunicam,
855 3237 908 3261 aut
921 3238 975 3269 per
999 3228 1124 3260 aurium
1144 3235 1334 3269 tympanum

328 3286 494 3321 feruntur,
522 3280 599 3314 adeo
623 3284 810 3318 turgerent3
836 3280 871 3305 ut
897 3271 966 3304 aliae
991 3269 1105 3304 harum
1120 3272 1262 3313 partium
1284 3271 1334 3302 in-

329 3330 500 3364 flammatae
524 3323 707 3356 viderentur
724 3344 731 3357 ,
754 3315 916 3350 nonnullae
940 3337 952 3353 ‚
975 3323 1010 3346 ut
1035 3315 1224 3347 Membrana
1247 3323 1336 3355 tym-

451 3374 483 3406 &
508 3377 626 3402 annexa
647 3362 794 3402 officula,
819 3359 929 3393 tinctae
953 3358 1051 3390 etiam
1075 3357 1228 3400 sanguine
1243 3360 1339 3400 appa-

308 2547 494 2585 sanguinem
505 2567 516 2584 ,

329 3376 404 3417 pani
417 3396 431 3414 ,

914 106 1072 161 Libet·
1105 105 1170 158 ΙΙ.
1208 103 1293 159 De
1329 102 1532 158 Morbis
1567 102 1832 159 Thoracis

1382 189 1506 216 rerent.
1531 181 1646 216 Soluto
1669 181 1755 214 enim
1778 180 1892 223 laqueo
1910 202 1924 219 ‚
1957 177 2161 220 ampliffimis
2177 186 2216 213 ue
2238 178 2302 213 viis
2334 179 2389 211 In-

1382 232 1542 259 ternarum
1566 223 1772 269 Jugularium
1795 227 1944 257 venarum
1978 220 2125 255 redituro
2170 223 2303 266 anguini
2327 233 2391 254 ⁴re-

1379 266 1472 302 clufis
1493 290 1506 308 ,
1539 268 1646 302 multo
1679 264 1817 301 maxima
1853 264 1974 308 hujus,
2004 265 2124 313 quippe
2158 263 2250 300 fluidi
2274 288 2298 307 ‚¹
2320 276 2390 307 pars

1379 322 1396 343 e
1439 309 1562 345 cerebri
1610 308 1738 344 Sinibus
1774 332 1785 348 ,
1837 307 1987 353 venisque
2033 308 2209 351 majoribus
2252 309 2286 342 in
2329 307 2388 341 hos

1379 353 1618 394 desinentibus,
1640 352 1738 387 facile
1761 351 1900 387 defluxit
1923 374 1935 391 ,
1967 362 2042 385 cum
2065 352 2093 385 is
2124 353 2185 395 qui
2206 363 2260 395 per
2285 350 2389 385 anfra-

1379 398 1449 431 ‹stus
1464 420 1478 437 ‚
1501 396 1719 439 angustiasque
1741 396 1843 438 magis
1865 394 2041 429 diffitarum
2063 395 2248 429 venusarum
2281 396 2387 430 minus

1381 440 1565 482 expeditum
1590 439 1729 473 reditum
1753 438 1886 473 haberet
1908 463 1919 479 ,
1942 439 1976 472 in
2000 439 2040 472 iis
2064 436 2238 473 subsisteret
2261 462 2273 479 ‚
2307 450 2390 472 non-

1378 484 1476 522 nullis
1498 495 1608 518 earurn
1629 483 1791 526 exceptis,
1815 494 1892 526 quas
1915 490 1968 516 aut
1993 493 2043 516 ma
2069 482 2095 515 is
2107 482 2237 525 plenas,
2261 492 2314 516 aut
2325 484 2388 516 mi-

1378 538 1436 561 nus
1461 526 1632 561 resistentes
1653 527 1784 570 laqueus
1806 536 1877 558 ante
1898 523 2021 568 disrupi
2049 534 2080 558 et
2097 548 2110 566 ,
2134 533 2188 560 aut
2213 526 2276 560 alia
2298 536 2389 561 exte-

1378 572 1445 604 rior
1468 571 1650 611 violentia3
1674 580 1749 603 nam
1772 569 1916 604 Littrius
1938 569 1972 601 in
1995 580 2029 602 ea
2053 567 2091 603 de
2114 580 2176 612 qua
2201 569 2290 612 supra
2315 574 2388 612 (p)

1373 615 1502 651 dietum
1524 614 1566 648 est
1585 638 1599 656 ‚
1633 613 1769 651 foemina
1792 612 1940 655 tympani
1975 611 2105 650 alterius
2127 613 2350 647 Membranam
2373 636 2384 653 ‚

1374 668 1439 692 non
1463 668 1630 692 cruentam
1654 655 1781 695 mod0,
1804 657 1856 690 uti
1880 653 2051 698 Valsalva,
2077 654 2127 689 sed
2151 655 2319 691 laceratam
2332 657 2387 691 de-

1374 700 1544 745 prehendit
1564 723 1574 740 ,
1609 710 1647 735 ut
1670 701 1798 734 unciam
1831 699 1962 732 circiter
2007 698 2173 741 sanguinis
2205 698 2384 735 emisisset:

1373 756 1556 788 quanquam
1581 755 1639 786 pro
1660 744 1751 777 vario
1773 743 2033 785 strangulationis
2058 742 2157 776 modo
2181 743 2285 786 major
2306 743 2386 783 esse,

1377 797 1432 823 aut
1457 789 1565 823 minor
1586 789 1635 821 vis
1656 786 1757 821 causae
1781 785 1884 829 potest
1905 785 1975 819 vasa
1997 785 2223 829 disrumpentis
2242 810 2255 827 ‚
2277 796 2313 820 ut
2337 789 2387 820 in-

1377 831 1477 867 ferius
1498 835 1513 873 (
1535 843 1554 875 q
1575 835 1590 873 )
1612 830 1834 868 indicabitur3
1857 838 1893 863 ut
1917 829 2013 877 aliam
2036 830 2071 862 in
2097 830 2170 864 aliis
2192 842 2265 865 cum
2288 842 2387 865 venu-

1379 876 1481 912 larum
1502 899 1516 917 ,
1547 885 1617 910 turn
1640 874 1895 908 membranarum
1928 871 2082 916 ejusmodi
2107 875 2246 915 partium
2269 874 2387 908 laxita-

1378 928 1467 960 tem,
1490 917 1795 962 dispositionemque
1818 919 2010 951 omittamus
2036 939 2046 955 ,
2079 916 2162 950 unde
2184 920 2386 961 caeteroquin

1377 962 1470 997 fuisse
1492 962 1642 1005 videtur,
1668 971 1704 996 ut
1728 961 1782 995 Cl.
1807 961 2024 994 Anatomicus
2050 959 2134 993 Phil.
2149 962 2248 994 Conr.
2274 962 2387 995 Fabri-

1376 1007 1444 1041 cius
1467 1010 1482 1047 (
1503 1018 1519 1040 r
1535 1007 1555 1050 )
1575 1008 1711 1041 Corneae
1736 1003 1825 1039 oculi
1847 1004 1967 1038 tunicae
2002 1002 2160 1038 lamellam
2182 1005 2319 1039 anticam
2352 1007 2387 1039 in

1373 1051 1480 1093 laqueo
1495 1048 1701 1093 strangulatis
1720 1072 1732 1089 ‚
1757 1058 1823 1081 non
1848 1047 1967 1090 semper
1988 1069 1999 1085 ,
2032 1046 2083 1081 sed
2116 1047 2281 1089 aliquoties
2302 1070 2315 1088 ,
2346 1048 2386 1082 ab

1374 1095 1519 1133 interna,
1535 1091 1592 1135 [ἐκ
1611 1092 1726 1135 postica
1743 1091 1938 1135 secedentem
1961 1090 2144 1130 invenerit,
2168 1092 2201 1123 δε
2224 1092 2387 1135 Egregius

1376 1137 1440 1170 Vir
1471 1139 1579 1170 Petrus
1613 1134 1806 1177 Christoph.
1840 1134 2064 1177 Burgmannus
2096 1137 2110 1173 (
2126 1131 2155 1175 s
2168 1136 2182 1173 )
2216 1134 2388 1178 oculorum

1376 1181 1501 1214 tunicas
1526 1180 1711 1223 speetaverit
1735 1179 1769 1211 in
1790 1177 1856 1212 duo
1877 1177 2041 1212 cornicula
2066 1199 2077 1215 ,
2107 1176 2291 1220 digitorum
2323 1179 2388 1214 fer.

1376 1235 1427 1257 me
1449 1222 1588 1264 similia,
1611 1221 1640 1256 se
1663 1221 1903 1256 conformantes
1921 1244 1934 1261 ,
1958 1223 1990 1254 &
2015 1221 2173 1263 paulatim
2196 1220 2389 1257 descenden-

1375 1277 1422 1301 tes
1443 1266 1482 1300 ad
1504 1267 1619 1302 buccas
1640 1265 1738 1310 usque
1761 1266 1856 1300 unius
1889 1263 1927 1298 de
1951 1263 2054 1301 tribus
2083 1264 2120 1298 in
2144 1265 2295 1307 patibulo
2317 1266 2386 1300 sus.

1376 1309 1477 1355 pensis
1497 1334 1508 1350 ‚
1541 1310 1693 1345 rariffimo
1714 1307 1847 1353 quidem
1880 1307 2025 1350 exemplo
2049 1320 2060 1346 ς
2094 1318 2193 1351 neque
2216 1310 2302 1342 enim
2319 1309 2387 1352 fine

1378 1354 1517 1397 exemplo
1541 1355 1651 1395 dices,
1673 1361 1710 1387 ut
1730 1354 1936 1386 Garmannus
1971 1352 1984 1390 (
2007 1357 2022 1383 t
2042 1354 2057 1391 )
2089 1352 2170 1385 olim
2193 1350 2294 1386 dicere
2318 1352 2389 1387 for.

1380 1395 1457 1432 tasse
1502 1400 1614 1442 potuit
1649 1420 1658 1436 ,
1702 1407 1775 1432 curn
1807 1394 1891 1430 haud
1935 1392 2077 1428 absimile
2119 1394 2308 1438 produceret
2348 1407 2388 1432 ex

1383 1441 1618 1483 Kornmanno,
1642 1439 1736 1483 hujus
1758 1437 1855 1483 ipsius
1878 1438 1971 1473 verba
1994 1438 2156 1481 proferens
2182 1452 2192 1472 .·
2228 1439 2388 1483 chymisiae

1374 1483 1480 1529 furcis
1504 1484 1649 1529 suspenso
1680 1485 1739 1518 duo
1772 1494 1885 1516 cornua
1916 1492 1954 1516 ex
1982 1481 2083 1515 oculis
2114 1482 2305 1530 longitudine
2336 1483 2389 1518 in.

1372 1528 1439 1569 star
1463 1529 1557 1573 digiti
1580 1526 1803 1572 nascebantur.-
1825 1537 1897 1569 quae
1920 1523 2016 1558 verba
2038 1523 2187 1568 descripsi
2212 1550 2225 1568 ‚
2249 1538 2288 1561 ne
2310 1539 2387 1562 cum

1381 1572 1589 1614 Burgmanno
1612 1572 1696 1607 forte
1717 1581 1861 1613 quaeras,
1884 1567 1936 1602 sed
1960 1578 2025 1601 non
2039 1568 2101 1602 alia
2124 1568 2204 1611 esse,
2227 1572 2328 1612 scias,
2352 1583 2387 1606 ac

1379 1616 1498 1659 quibus
1522 1618 1707 1653 Bertramus
1742 1622 1829 1649 antea
1855 1612 1928 1650 usus
1964 1610 2071 1647 fuerat
2095 1612 2180 1657 apud
2218 1614 2388 1650 Bartholi..

1379 1670 1457 1693 num
1480 1663 1494 1699 (
1517 1672 1536 1694 u
1559 1664 1593 1701 ).

1428 1714 1478 1737 12.
1502 1704 1652 1748 Denique
1676 1716 1692 1737 a
1715 1703 1806 1743 vario
1829 1700 2236 1751 pariter-strangulationis
2260 1702 2358 1738 modo
2373 1728 2385 1743 ‚

1379 1749 1528 1791 variaque
1560 1746 1830 1791 strangulatorum
1862 1745 2093 1779 constitutione
2126 1745 2206 1779 illud
2230 1748 2264 1780 in
2299 1747 2389 1781 collo

1377 1789 1548 1825 discrimen
1568 1789 1776 1835 repetendum
1799 1788 1865 1830 est,
1887 1787 1973 1832 quod
1995 1788 2031 1821 in
2054 1789 2128 1822 aliis
2151 1789 2292 1824 musculi>
2312 1793 2389 1832 qui-

1377 1834 1451 1869 dam
1473 1834 1640 1879 disrupti,
1662 1837 1696 1868 in
1718 1835 1794 1869 aliis
1816 1833 1978 1867 nonnullae
2001 1832 2101 1865 etiam
2122 1832 2264 1877 laryngis
2288 1836 2390 1867 carti-

1378 1878 1522 1921 lagines,
1546 1879 1579 1912 in
1603 1880 1674 1913 aliis
1707 1878 1858 1920 supremae
1882 1876 2034 1909 vertebrae
2069 1876 2186 1910 luxatae
2206 1900 2220 1917 ‚
2253 1877 2304 1910 vel
2329 1890 2388 1919 po-

1374 1922 1440 1956 tius
1464 1921 1573 1956 fraCiae
1594 1945 1608 1963 ,
1637 1924 1672 1956 in
1696 1922 1768 1956 aliis
1802 1931 1876 1954 vero
1901 1918 1985 1953 nihil
2009 1916 2074 1952 fere
2106 1918 2225 1954 horum
2250 1923 2389 1966 reperia-

1374 1973 1429 1999 tur
1460 1989 1469 1997 .
1512 1966 1641 2009 Ruptos
1675 1963 1836 1998 musculos
1869 1962 2018 1997 Valsalva
2057 1964 2091 2009 in
2124 1963 2289 1998 noviffima
2335 1965 2391 2000 hi-

1374 2008 1468 2042 storia
1500 2012 1593 2050 (x)
1625 2008 1819 2043 memoravit
1853 2030 1860 2039 .
1906 2007 1993 2041 Cum
2031 2006 2145 2039 iisdem
2178 2019 2255 2041 vero
2286 2011 2388 2043 etiam

1371 2052 1511 2095 aliquam
1534 2052 1677 2095 laryngis
1699 2051 1923 2093 cartilaginem
1945 2048 2125 2092 disruptam
2148 2049 2270 2094 scripsit
2296 2055 2330 2086 in
2353 2065 2392 2088 ea.

1371 2106 1443 2139 quae
1466 2096 1625 2129 continuo
1649 2094 1858 2135 subjicietur.

1418 2148 1467 2181 13.
1494 2138 1754 2172 SUSPENSUS
1777 2137 1898 2170 laceros
1920 2134 2038 2171 habuit
2072 2136 2230 2173 musculos
2255 2141 2389 2174 sterno-

1369 2181 1569 2224 thyroidaeos
1583 2205 1596 2222 ,
1618 2183 1652 2215 δε
1671 2179 1956 2224 Hyothyroidaeos
1965 2204 1978 2221 ,
1999 2189 2036 2214 ut
2052 2180 2289 2217 membranacea
2312 2193 2387 2218 tan-

1370 2234 1443 2258 tum
1467 2224 1660 2262 substantia,
1684 2225 1819 2259 illorum
1842 2225 1936 2264 locu,
1961 2232 2135 2257 remaneret
2158 2227 2242 2260 circa
2268 2228 2390 2260 Annu-

1370 2269 1471 2301 larem
1494 2269 1744 2310 cartilaginem.
1769 2268 1863 2308 Qin
1887 2266 1955 2300 haec
1979 2268 2046 2310 ipsa
2057 2267 2218 2313 cartilago
2240 2269 2386 2313 disrupta

1372 2321 1459 2345 erat.
1593 2313 1632 2344 In
1657 2310 1817 2344 Thoracis
1840 2321 1918 2343 cavo
1941 2309 2065 2345 sinistro
2100 2312 2209 2354 pleura
2234 2311 2289 2348 hic
2315 2315 2389 2348 illic

1372 2354 1540 2398 inaequalis
1564 2354 1740 2388 tuberculis
1775 2354 1887 2387 multis
1911 2378 1919 2392 ,
1952 2354 2103 2397 durisque
2129 2366 2138 2387 :
2174 2356 2296 2392 horum
2322 2358 2386 2391 alia

1374 2400 1471 2475 ζει-πίε
1495 2423 1505 2439 ,
1533 2398 1595 2432 alia
1627 2399 1737 2432 ciceris
1763 2419 1773 2436 ,
1807 2396 1869 2429 alia
1891 2394 1971 2431 fabae
1994 2397 2254 2440 magnitudinem
2277 2413 2387 2445 :equa-

1400 2450 1474 2475 ant.

1421 2495 1471 2528 14.
1498 2484 1680 2520 Tubercula
1705 2483 1775 2519 haec
1798 2484 1836 2518 ad
1860 2484 2009 2519 morbum
2026 2485 2230 2528 attinebant,
2254 2486 2385 2523 &hunc

1376 2527 1471 2562 facile
1493 2530 1527 2563 in
1562 2527 1721 2571 squallore
1744 2529 1875 2561 carceris
1908 2529 2113 2562 conti-aerum
2137 2555 2144 2563 .
2178 2531 2277 2565 Hunc
2302 2533 2389 2566 enim

1377 2571 1484 2614 ipsum
1508 2573 1636 2609 virum,
1659 2570 1749 2615 cujus
1772 2582 1833 2614 ego
1862 2571 1996 2604 cadaver
2017 2570 2109 2607 simul
2134 2585 2209 2608 cum
2234 2575 2391 2609 valsalva

1380 2614 1509 2650 dissecui
1535 2617 1569 2649 in
1591 2614 1771 2657 Gymnafio
1794 2614 1985 2648 Bononiensi
2008 2616 2050 2649 A.
2081 2627 2174 2660 1703.
2194 2616 2389 2652 adnotatum

1380 2658 1507 2699 habeo,
1531 2670 1651 2693 annum
1674 2659 1773 2693 ferme
1804 2655 1895 2692 fuisse
1919 2660 1953 2691 in
1976 2669 2096 2692 carcere
2117 2684 2129 2701 ,
2163 2663 2195 2694 δε
2219 2672 2332 2708 praeter
2356 2674 2391 2696 ea

1381 2703 1545 2737 tubercula
1569 2702 1689 2736 duritie
1711 2699 1797 2751 quasi
1819 2701 2030 2744 cartilaginea
2050 2726 2064 2743 ‚
2084 2707 2116 2737 δε
2142 2714 2247 2737 totam
2273 2717 2391 2749 prope-

1379 2746 1514 2781 modum
1538 2747 1678 2789 pleuram
1702 2757 1769 2789 ejus
1792 2745 1898 2779 lateris
1912 2744 2115 2786 obsidentia,
2137 2746 2296 2782 sinistrum
2308 2761 2393 2792 quo-

1379 2801 1440 2836 que
1464 2790 1649 2832 pulmonem
1673 2788 1862 2834 quibusdam
1896 2790 1977 2823 locis
2000 2788 2222 2824 duriusculum
2258 2792 2390 2826 habuis-

1383 2836 1434 2871 ie,
1457 2835 1492 2866 in
1516 2832 1694 2877 eodemque
1717 2832 1859 2867 thoracis
1882 2844 1961 2866 cavo
1983 2835 2112 2875 copiam
2138 2835 2298 2869 modicam
2322 2836 2393 2870 hu-

1381 2878 1485 2910 moris
1507 2877 1648 2911 rubentis
1671 2902 1678 2910 .
1717 2878 1800 2921 Qae
1823 2886 1926 2911 autem
1949 2876 2049 2910 causae
2073 2876 2192 2911 faciant
2212 2902 2225 2919 ,
2257 2889 2292 2914 ut
2316 2892 2391 2913 reo-

1380 2931 1477 2961 rum,
1499 2923 1556 2964 qui
1578 2920 1703 2955 diutins
1727 2922 1760 2954 in
1784 2932 1905 2953 carcere
1927 2919 2136 2962 detinentur,
2159 2923 2214 2956 vix
2239 2924 2323 2957 ullus
2337 2925 2391 2956 in-

1381 2964 1419 2998 de
1442 2964 1626 3006 egrediatur
1649 2965 1760 3006 sanus,
1786 2962 2030 3006 Sepulchretum
2053 2965 2160 3006 ipsum
2183 2970 2237 3008 (y
2260 2970 2273 3006 )
2296 2979 2389 3000 com-

1382 3017 1565 3049 memorat,
1587 3008 1736 3043 videlicet
1762 3018 1874 3049 pravus
1898 3007 2014 3049 semper
2040 3019 2089 3040 aer
2104 3032 2116 3049 ,
2139 3013 2170 3042 δε
2185 3010 2262 3052 saepe
2287 3011 2387 3044 etiam

1382 3053 1511 3090 vietus,
1537 3064 1657 3086 moeror
1679 3050 1835 3090 affiduus,
1859 3053 1891 3084 ἅτ
1916 3050 1999 3084 deses
2022 3053 2112 3085 vita.-
2136 3064 2205 3096 qnae
2230 3051 2283 3086 etfi
2297 3052 2396 3096 quos-

1382 3094 1454 3128 dam
1478 3107 1518 3129 ex
1540 3097 1607 3129 illis
1630 3098 1762 3138 pingues
1785 3093 1895 3128 reddat
1916 3106 1929 3135 ;
1961 3105 2025 3127 non
2048 3106 2110 3137 ego
2143 3105 2248 3130 tamen
2283 3096 2394 3139 huius-

1384 3138 1474 3172 modi
1499 3139 1702 3182 pinguedinis
1728 3137 1819 3172 usum
1844 3138 2011 3180 probabo,
2036 3137 2088 3173 sed
2099 3138 2166 3182 ejus
2189 3151 2258 3183 quae
2282 3153 2321 3174 ex
2335 3140 2395 3174 ho-

1386 3183 1472 3216 mine
1494 3206 1506 3224 ,
1538 3183 1615 3217 dum
1638 3183 1715 3216 bene
1739 3182 1858 3214 valeret
1878 3204 1890 3221 ‚
1925 3181 2008 3215 sorte
2033 3181 2209 3216 interfecto
2244 3193 2395 3227 apparata

1385 3224 1443 3259 fit.
1579 3226 1637 3261 Sed
1661 3234 1696 3260 ut
1721 3225 1844 3258 redeam
1868 3224 1907 3258 ad
1930 3226 1986 3258 illa
2006 3249 2019 3265 ‚
2048 3238 2118 3269 quae
2144 3226 2180 3259 ad
2216 3227 2396 3261 violentam

1387 3271 1528 3303 attinent
1550 3268 1711 3303 laefionem
1736 3269 1878 3311 partium
1900 3280 1970 3312 quae
1995 3268 2029 3300 in
2052 3270 2137 3302 collo
2162 3270 2232 3303 sunt
2248 3282 2268 3314 ·;
2290 3272 2396 3307 maxi-

1388 3325 1439 3346 ma
1464 3312 1594 3355 quidem
1625 3324 1658 3345 ea
1686 3312 1751 3346 fuit
1774 3334 1782 3349 ‚
1817 3312 1905 3356 quod
1929 3311 1968 3346 ad
2001 3313 2203 3355 cartilagines
2238 3314 2359 3356 mediat
2387 3337 2396 3353 ‚

1389 3368 1485 3400 quam
1511 3358 1544 3390 in
1576 3355 1724 3400 suspenso
1747 3355 1851 3388 milite
1883 3356 2006 3391 invenit
2029 3355 2082 3389 Cl-
2107 3354 2266 3390 Professor
2289 3356 2398 3432 {Veis-

2308 3411 2356 3436 lus

332 3506 2400 3532 .-----————-—————--—-——--——---—--—--—-—--

480 3606 552 3632 oper.
571 3603 637 3627 Edit.
655 3610 679 3628 ο.
695 3601 720 3625 in
737 3598 844 3627 Prolaps.
862 3598 935 3622 cord.
954 3597 1007 3622 hin.
1025 3605 1048 3623 ι.
1111 3594 1122 3625 s
1137 3602 1156 3626 g
1174 3594 1182 3624 J
1197 3602 1236 3624 43.
1255 3594 1315 3619 sest.
1334 3602 1355 3618 ².

1416 3593 1426 3623 s
1443 3595 1458 3619 b
1473 3594 1535 3624 >De
1552 3595 1645 3620 Medic.
1710 3597 1722 3620 (
1737 3596 1747 3618 ι’
1765 3594 1772 3623 l
1792 3603 1814 3619 n.
1836 3598 1874 3624 36.

396 3604 469 3666 {st}
489 3634 554 3661 Disp-
571 3633 600 3657 de
616 3633 679 3656 redd.
697 3638 742 3655 rec.
761 3629 896 3659 praefocatis
910 3629 1009 3654 ademta
1026 3627 1107 3652 anima
1125 3626 1147 3656 §.
1166 3632 1202 3652 Π.
1265 3624 1273 3653 (
1290 3625 1300 3648 Ι
1315 3625 1329 3662 ᾗ
1346 3624 1408 3650 lbid.
1427 3626 1452 3656 §.
1470 3633 1507 3651 10.
1572 3628 1586 3655 (
1602 3635 1626 3649 m
1643 3630 1654 3654 )
1670 3627 1705 3651 De
1723 3627 1816 3652 Circul.
1835 3628 1905 3656 Sang.
1923 3628 2009 3652 Exere.
2026 3634 2049 3656 3.
2110 3628 2125 3656 (
2141 3636 2156 3650 n
2176 3627 2190 3657 )
2206 3627 2263 3652 obs.
2282 3636 2320 3658 3²·

396 3667 403 3696 (
423 3674 436 3690 0
454 3669 462 3692 )
478 3664 539 3687 obs.
557 3666 628 3687 Anat.
691 3664 730 3692 (p
746 3660 759 3689 )
778 3668 801 3684 n.
819 3668 839 3689 ι),
907 3661 921 3688 ζ
934 3667 950 3688 q
965 3659 978 3686 )
997 3667 1023 3683 n.
1042 3660 1078 3688 38.
1142 3659 1155 3686 (
1171 3656 1208 3690 ⁹1)
1224 3655 1286 3680 ldeae
1303 3659 1421 3680 anatem.
1440 3656 1516 3682 Praei.
1533 3656 1592 3691 Sess.
1609 3668 1631 3685 a.
1834 3687 1839 3691 ,

402 3696 416 3724 ζ
428 3696 471 3724 s)
487 3694 579 3718 Diiseu.
599 3692 696 3720 Epistol.
714 3694 741 3715 de
760 3690 874 3720 singulari
889 3690 993 3714 tunicar-
1012 3687 1114 3718 utriusq.
1129 3688 1194 3711 oculi
1212 3686 1315 3714 Expans*
1379 3688 1394 3717 (
1408 3694 1419 3722 r
1434 3688 1449 3716 )
1463 3690 1479 3711 1.
1497 3696 1522 3712 1.
1536 3693 1578 3711 cit.
1597 3687 1677 3716 supra,
1693 3688 1723 3711 ad
1741 3696 1763 3712 n.
1781 3692 1805 3712 6.
1821 3691 1860 3712 tit.
1880 3695 1914 3712 10.
1934 3687 1956 3718 §.
1976 3695 2012 3713 ιο.
2029 3690 2052 3712 Sc
2070 3694 2106 3713 u.

399 3727 412 3755 (
430 3734 445 3750 u
461 3726 476 3755 )
491 3727 562 3750 cent.
581 3732 601 3748 ².
618 3722 690 3752 Epist.
707 3722 778 3746 Med.
797 3728 832 3746 ii.
894 3721 907 3749 (
924 3729 938 3745 x
958 3721 965 3749 )
982 3724 1006 3743 n.
1024 3721 1048 3743 8.
1111 3721 1152 3749 (y
1168 3720 1177 3748 l
1193 3717 1212 3741 l.
1227 3716 1273 3741 hoc
1289 3724 1310 3740 2·
1328 3719 1349 3742 S.
1368 3726 1391 3747 7-
1409 3725 1434 3742 in
1451 3718 1530 3744 adnot.
1548 3719 1576 3743 ad
1593 3717 1652 3742 obs.
1671 3725 1707 3743 ιι.
