2498 4075
419 165 504 227 '338

354 238 452 284 filins
473 244 572 290 (z),
593 246 711 290 mortis
734 244 884 286 videlicet
893 267 903 284 ,
926 254 980 287 aut
1002 246 1254 294 gravissimorum
1285 249 1369 293 sym-

355 294 546 331 promarum
566 289 606 323 ab
629 287 780 326 adhibito
803 289 986 331 ulceribus,
1009 292 1078 325 imo
1100 290 1216 329 scabiei
1239 291 1298 336 ipsi
1307 302 1367 328 un-

355 334 482 375 guento
504 340 644 374 quocum
668 331 847 371 arsenicum
869 332 1012 380 japetum
1035 332 1108 369 esset
1131 361 1139 369 .
1174 336 1255 377 Qo
1297 335 1366 371 for-

354 374 432 416 tasse
452 375 550 411 etiam
574 375 710 417 pertinet
732 375 885 411 vetustior
895 376 1006 414 Baccii'
1027 380 1094 422 (a)
1111 377 1368 414 Observatioin-

353 417 371 457 s
391 417 449 457 ersi
471 416 600 456 arsenici
622 417 745 456 buboni
766 419 933 456 exedenti,
954 421 1007 460 cui
1021 419 1205 463 insperfioni
1229 423 1296 465 post
1311 424 1369 457 tri-

354 429 458 496 csaum
481 471 568 496 mors
593 460 732 498 fucceffit
754 472 808 504 per
841 463 989 497 vomitus⁴
1017 464 1186 507 aeruginofi
1222 465 1369 500 humoris

381 512 465 550 raves
490 503 589 542 ardeo,
609 512 645 540 ut
668 503 807 547 suspicio
828 507 969 544 oriretur
998 507 1067 540 dati
1102 508 1186 543 clam
1219 510 1368 544 mercurii

365 547 519 584 *ublimati
544 571 552 579 .
584 548 681 585 Certe
714 556 822 586 autem
855 550 1016 591 pertinent
1039 560 1177 587 recentes
1210 552 1369 588 Goul'ardi

353 590 420 632 (b)
446 589 602 633 Chirurgi
628 591 898 633 Experientiffimi
921 592 1190 635 Observationes,
1212 607 1284 629 curn
1297 598 1369 632 aliis

354 645 433 677 quas
456 640 495 669 ,ex
517 633 679 670 Morando
703 634 826 672 indicat
853 661 862 676 ,
884 646 1095 678 congruentes
1117 660 1130 678 ‚
1152 640 1305 673 nimirum
1337 651 1370 673 a-

353 678 441 711 ctius
461 676 686 717 erodentium,
706 690 777 721 quae
800 680 992 713 excrescenti
1015 681 1155 716 ulcerum
1186 684 1272 717 carni
1305 685 1369 717 im-

357 729 544 764 ponuntur,
568 722 878 760 medicamentorum
901 732 1007 758 tenues
1033 725 1204 766 particulas
1234 727 1268 761 in
1302 726 1370 761 san-

352 767 484 807 guinem
505 766 551 798 ita
575 774 755 807 permeare,
777 775 813 801 nt
837 777 919 808 aeger
940 777 1060 802 veneno
1091 767 1222 803 affectus
1253 772 1372 805 moria-

355 816 431 847 tur,
454 807 494 845 de
518 818 590 840 vera
614 809 743 843 interim
768 810 884 843 mortis
906 809 996 844 causa
1021 812 1144 845 nemine
1168 811 1344 855 suspicante
1359 840 1367 848 .

361 848 448 889 Quae
473 851 581 883 omnia
605 850 627 886 fi
652 851 844 894 perpendere
866 853 1030 894 volueri55
1054 855 1128 889 inde
1151 857 1248 889 ctiam
1271 858 1367 892 colli-

351 904 434 936 ges,
455 901 552 936 quam
566 893 659 927 facile
683 904 701 927 e
723 895 937 931 scabiosorum
960 897 1109 932 musculis
1133 901 1271 942 propriae
1295 912 1367 934 ero-

361 936 470 971 dentis
494 938 636 975 materiae
660 940 825 980 particulae
848 940 882 973 in
906 939 1090 983 sanguinem
1128 943 1335 980 traducantur
1356 969 1364 979 ,

487 981 609 1018 Verum
630 990 800 1023 antequam
822 981 861 1016 de
885 981 986 1017 scabie
1011 982 1167 1019 scribendi
1192 984 1287 1020 finem
1319 985 1367 1021 fa-

351 1023 434 1057 ciam
449 1047 459 1062 ‚
482 1036 602 1068 quaeres
626 1023 780 1066 fortasse,
803 1036 862 1060 cur
884 1035 1045 1070 nunquam
1070 1028 1108 1061 de
1132 1028 1276 1065 Sebaceis
1310 1041 1368 1065 cu—

350 1069 394 1101 tis
418 1068 600 1110 glandulis,
625 1068 800 1111 secretaque
823 1069 862 1102 ab
885 1067 936 1103 his
957 1072 1087 1106 materia
1110 1075 1308 1107 mentionem
1320 1070 1367 1108 fe.

358 1112 481 1144 cerim?
505 1112 578 1155 Ego
601 1123 675 1146 vero
696 1123 770 1147 cum
793 1112 831 1146 de
854 1112 1023 1149 Sironibus
1047 1115 1148 1150 sermo
1170 1115 1243 1150 esset
1269 1119 1280 1157 (
1302 1130 1320 1152 ι·
1339 1121 1368 1159 ),

354 1154 585 1197 supervacuum
608 1151 665 1189 esse
688 1156 810 1190 credidi
835 1155 1025 1196 admonere,
1049 1169 1115 1192 non
1138 1158 1195 1193 esse
1206 1160 1366 1203 cumipfis

349 1197 510 1241 quandam
532 1200 784 1233 vermiculorum
805 1197 1070 1240 similitudinem,
1096 1210 1132 1235 ut
1156 1203 1236 1236 olim
1259 1203 1365 1241 fiebat,

349 1240 610 1276 confundendam
635 1267 647 1283 ‚
678 1242 807 1285 quando
829 1244 863 1275 in
897 1242 960 1277 hac
980 1244 1159 1279 Anatomes
1192 1245 1261 1284 luce
1283 1269 1294 1286 ‚
1329 1247 1367 1283 ad

351 1293 449 1326 quam
473 1286 626 1319 nonnihil
650 1285 825 1328 augendam
838 1297 897 1327 pro
919 1297 991 1320 meo
1012 1287 1147 1324 modulo
1168 1289 1342 1325 allaboravi
1358 1313 1367 1328 ‚

351 1328 401 1360 vel
428 1328 467 1360 ab
482 1326 675 1373 junioribus
697 1328 793 1365 video
814 1328 931 1365 diserte
956 1330 1050 1368 scribi
1073 1354 1086 1371 ,
1120 1341 1243 1369 vermes
1265 1358 1275 1372 ,
1311 1335 1367 1377 qui

355 1379 525 1412 puerorum
547 1378 651 1406 cutem
674 1369 820 1415 infestant
835 1398 843 1413 ‚
860 1372 964 1415 specie
980 1371 1120 1421 fallere,
1142 1376 1185 1409 2⁷7·
1201 1376 1366 1420 filamenta

352 1411 408 1457 effe
431 1426 447 1451 e
461 1412 623 1456 folliculis
644 1416 727 1452 cutis
743 1414 882 1459 sebaceis
905 1417 1062 1461 expreffa‚
1096 1419 1296 1460 exploratum
1312 1420 1367 1463 fiz-

352 1460 398 1491 tls
422 1458 497 1503 effie.
525 1458 619 1500 Qin
644 1460 747 1493 etiarn
766 1461 890 1501 accepi,
912 1468 987 1494 curn
1000 1460 1165 1498 eudemius
1188 1461 1275 1499 sitin
1290 1465 1366 1500 Fin-

351 1500 458 1536 landia
482 1501 614 1537 morbus
637 1513 733 1544 quem
756 1511 873 1538 vocant
895 1502 979 1542 Brest
1001 1526 1013 1544 ,
1038 1515 1169 1548 magnas
1191 1504 1367 1543 infantium

348 1544 462 1588 strages
482 1544 597 1586 edens,
620 1545 708 1588 isque
731 1546 764 1578 in
778 1546 970 1587 perminutis
991 1548 1139 1583 consistat
1150 1550 1367 1588 universaecu-

350 1590 393 1622 tis
417 1588 615 1629 tuberculis,
639 1591 672 1621 in
696 1588 852 1632 quosdam
874 1588 962 1633 quafi
993 1593 1183 1627 vermiculos
1216 1593 1246 1626 se
1277 1604 1365 1627 exte-

349 1631 545 1672 nuantibus,
570 1643 677 1672 nunc,
700 1634 853 1675 inquam,
879 1634 1009 1677 accepi,
1033 1636 1129 1670 illurn
1152 1647 1169 1669 a
1192 1637 1285 1670 Viris
1309 1637 1366 1671 do-

348 1677 409 1710 &is
433 1687 473 1709 ex
493 1675 710 1713 obstrufiione
733 1677 888 1711 dustuum
911 1679 1012 1719 repeti
1034 1678 1258 1721 glandularum
1281 1679 1366 1717 seba—

352 1729 505 1760 tearum,
528 1730 566 1752 an
589 1719 676 1762 quod
699 1719 814 1754 secreta
838 1718 876 1751 ab
898 1718 950 1753 his
973 1723 1106 1755 materia
1138 1723 1265 1756 craffior
1289 1748 1300 1764 ‚
1332 1727 1365 1757 &

355 1764 502 1796 tenacior
524 1761 563 1796 sit
578 1784 589 1801 ,
613 1772 844 1805 proptereaque
863 1784 873 1800 ,
895 1762 974 1796 dum
996 1764 1054 1798 vix
1077 1765 1194 1798 lentius
1227 1766 1364 1808 prodit,

349 1809 381 1839 δε
407 1806 506 1844 ferme
531 1804 689 1843 subsistit,
715 1807 748 1839 in
772 1805 932 1839 filamenta
946 1805 1127 1849 formetur,
1150 1818 1215 1841 non
1225 1807 1290 1851 ejus
1313 1809 1367 1844 so-.

352 1851 422 1883 lum
444 1862 515 1893 quae
539 1861 636 1891 porro
660 1850 785 1885 excerni
809 1849 955 1888 deberet,
981 1849 1031 1885 sed
1056 1853 1088 1889 δε
1110 1851 1292 1894 compressis
1321 1853 1365 1896 ,ab

349 1893 409 1927 hec
433 1893 591 1935 proximis
616 1892 733 1935 ubique
756 1891 943 1935 sanguiferis
965 1894 1119 1935 vasculis,
1149 1895 1291 1932 materiae
1312 1897 1365 1933 in.

351 1937 507 1977 sensibilis
532 1937 774 1980 perspirationis
798 1935 1001 1976 necessarium
1024 1937 1104 1976 adeo
1127 1937 1279 1979 egressum
1292 1949 1364 1975 mo-

348 1979 477 2015 rantia?
501 1980 601 2017 Vides
624 1982 750 2024 igitur,
774 1991 832 2014 cur
855 1980 893 2018 de
917 1980 1082 2019 Sironibus
1105 1981 1198 2015 verba
1220 1981 1362 2022 faciens,

347 2026 609 2068 supervacaneum
634 2023 807 2062 censuerim
845 2024 982 2065 amplius
1007 2027 1174 2060 materiam
1205 2024 1363 2071 sebaceam

348 2080 619 2105 commemorare..
646 2069 757 2106 Potius
780 2066 916 2104 fortaffis
939 2067 973 2105 id
999 2079 1013 2100 a
1036 2079 1086 2103 me
1107 2066 1177 2101 fieri
1200 2069 1364 2106 aliisldcis

350 2112 525 2155 potuisset.
551 2114 636 2146 Cum
659 2113 744 2145 enirn
777 2111 910 2145 secretio
944 2111 1057 2144 oleosae
1090 2111 1177 2145 illius
1221 2115 1364 2152 materiae

352 2168 427 2190 cum
453 2164 586 2199 propter
606 2156 694 2195 alia,
718 2164 787 2189 tum
811 2155 985 2197 praesertim
1008 2153 1046 2188 ad
1069 2155 1201 2189 mollem
1230 2161 1364 2200 cutem,

348 2200 551 2243 flexilemque
575 2198 772 2238 servandam,
797 2202 828 2232 ἃ
852 2197 998 2232 adversus
1019 2198 1183 2238 erodentia
1194 2201 1362 2243 corpuscu-

348 2244 379 2277 la
402 2244 608 2278 muniendam
634 2243 780 2277 instituta
802 2240 859 2289 esse
884 2242 1049 2277 videatur:
1081 2243 1285 2286 consequitur
1307 2244 1361 2278 ubi

348 2288 402 2321 illa
430 2287 563 2324 secretio
587 2296 639 2321 aut
664 2286 786 2321 sublata
808 2285 870 2324 ht,
896 2296 950 2321 aut
972 2286 1163 2330 depravata,
1186 2286 1257 2324 fore
1281 2297 1317 2322 ut
1328 2299 1362 2322 ea

352 2330 448 2364 facile
472 2331 620 2367 oriantur
643 2331 723 2364 vitia
746 2340 816 2373 quae
840 2330 873 2362 in
895 2334 1039 2365 cutaneis
1072 2329 1305 2368 infessionibus
1329 2344 1361 2367 a-

355 2373 658 2409 nimadvertuntur.
685 2375 737 2407 Sic
761 2376 794 2408 in
817 2372 1048 2416 elephantiasi,
1082 2383 1118 2409 ut
1140 2374 1271 2416 quidam
1294 2374 1361 2416 hoc

349 2429 465 2451 nomen
491 2418 675 2459 accipiunt,
700 2417 880 2455 inflexilis‚
904 2417 1071 2460 rigidaque
1087 2416 1125 2455 fit
1136 2418 1238 2453 cutis:
1261 2429 1361 2461 quan-

350 2472 448 2504 quam
469 2462 566 2494 etiam
591 2460 653 2493 sine
676 2458 881 2503 elephantiasi
907 2460 1098 2501 interdum,
1121 2459 1208 2495 velut
1231 2461 1265 2494 in
1290 2473 1359 2496 mu-

350 2507 425 2538 liere
447 2517 543 2548 quam
566 2504 647 2537 olim
671 2505 756 2537 intra
779 2502 997 2541 hebdomadas
1021 2512 1084 2537 tres
1107 2502 1252 2544 sanavit,
1270 2513 1306 2538 ut
1318 2504 1361 2542 est

350 2548 434 2590 apud
460 2548 669 2591 Stalpartium
691 2547 781 2588 (d),
804 2546 860 2591 jo.
886 2546 975 2580 Fred.
1000 2548 1195 2584 Helvetius‚
1228 2549 1263 2581 in
1287 2548 1367 2584 alia·

350 2603 411 2633 que
438 2591 476 2625 ab
502 2590 789 2625 Diemerbroeckio
812 2590 872 2632 (e)
893 2588 1048 2632 descripta
1071 2603 1080 2626 ς
1113 2590 1211 2623 aliam
1243 2592 1329 2629 enim
1352 2614 1365 2632 ,

350 2646 423 2668 cum
449 2635 678 2679 descriptiones
701 2635 786 2667 inter
809 2633 838 2666 se
859 2632 1016 2669 confero,
1038 2631 1097 2666 esse
1120 2633 1264 2668 arbitror
1286 2656 1295 2672 ‚
1332 2636 1363 2671 ὅ(

351 2679 487 2721 denique
510 2680 543 2712 in
568 2677 786 2721 Neapolitana
809 2676 869 2709 illa
893 2675 984 2719 cujus
1007 2679 1038 2708 δε
1061 2676 1194 2711 morbus
1209 2700 1221 2717 ,
1254 2679 1286 2713 &
1308 2688 1364 2711 cu-

352 2723 437 2755 ratio
460 2721 622 2765 propofita
645 2720 736 2760 sunt,
759 2729 796 2759 ut
818 2718 924 2760 nosti,
949 2732 965 2754 a
989 2720 1258 2770 Carolo-Curtio
1280 2719 1361 2764 (f).

351 2765 453 2801 Quod
474 2777 549 2799 vero
572 2763 610 2799 ad
634 2763 811 2798 erosionem
836 2764 978 2803 attinet,
1008 2761 1090 2800 hanc
1125 2773 1159 2799 in
1197 2773 1237 2796 ris·
1260 2764 1364 2797 multo

351 2809 480 2843 {acilius
504 2811 712 2851 contingere,
734 2807 885 2843 credibile
909 2805 951 2840 est
972 2806 1088 2849 quibus
1112 2816 1175 2839 non
1211 2809 1365 2849 contagio

353 2853 467 2886 scabies
488 2854 616 2889 oritur,
639 2849 690 2886 sed
715 2863 753 2886 ex
776 2849 996 2888 erodentibuS,
1020 2861 1090 2892 quae
1112 2851 1145 2881 in
1171 2849 1318 2891 sanguine
1330 2862 1363 2883 a-

355 2896 416 2929 deo
438 2896 635 2937 redundent,
657 2893 857 2938 corpusculis
883 2916 895 2934 ,
928 2903 964 2927 ut
991 2894 1038 2926 vel
1062 2893 1164 2935 ipsam
1188 2892 1361 2942 inficiendo

353 2941 526 2975 materiam
549 2939 729 2979 sebaceam,
753 2949 817 2973 non
841 2936 942 2974 modo
963 2937 1108 2985 ineptam
1140 2935 1181 2969 ad
1213 2947 1361 2971 munien-

354 2983 434 3016 dum
456 2984 644 3020 inunstione
668 2982 721 3017 sua
744 2979 889 3014 adversus
913 2982 1079 3017 irritantes
1104 2979 1229 3015 sudoris
1252 2979 1327 3015 sales
1351 3004 1363 3020 ,

354 3027 405 3060 sed
428 3036 541 3059 contra
566 3025 603 3059 ad
626 3024 820 3061 irritandum
846 3048 855 3064 ‚
887 3025 920 3060 δε
953 3021 1145 3058 erodendum
1179 3021 1366 3066 aptissimam

353 3069 486 3103 reddant
511 3093 518 3100 .
544 3071 613 3103 Cur'
635 3069 738 3111 igitur
754 3093 762 3106 ,
787 3067 895 3109 inquis
918 3089 928 3104 ‚
954 3064 1022 3103 haec
1047 3066 1137 3109 supra
1161 3077 1225 3101 non
1251 3068 1366 3109 attigi-

355 3113 420 3147 sti?
443 3113 617 3146 Nimirum
640 3123 704 3149 non
729 3111 849 3152 attigi,
875 3120 913 3141 ne
937 3110 990 3142 Cl.
1016 3110 1187 3145 nonnullos
1200 3110 1300 3143 Viros
1313 3120 1367 3144 aut

355 3157 489 3191 minoris
514 3156 639 3196 facere,
662 3165 759 3198 quam
782 3165 907 3196 aequum
932 3151 970 3189 fit
992 3174 1004 3192 2
1037 3163 1092 3189 aut
1117 3150 1256 3190 lacessere
1279 3153 1367 3187 vide-

357 3212 428 3238 rer,
451 3199 473 3232 fi
498 3211 532 3233 ea
557 3209 610 3233 aut
636 3197 762 3241 prorsus
786 3197 1003 3239 negligerem,
1026 3194 1292 3235 aut‘discutienda
1317 3196 1367 3231 su.

356 3244 506 3285 sciperem
530 3254 599 3285 quae
624 3251 694 3277 ante
720 3242 842 3282 aliquot
866 3250 964 3274 annos
989 3239 1038 3272 illi
1063 3240 1101 3274 de
1126 3241 1259 3274 sebaceis
1280 3240 1369 3281 glan-

357 3286 467 3326 dulis,
490 3286 666 3329 secretaque
689 3284 727 3319 ab
751 3284 800 3319 his
824 3284 954 3319 materia
966 3283 1217 3326 proposuerunt.
1243 3283 1371 3316 Cnidi-

358 3329 501 3364 icuffioni
527 3329 652 3372 insuper
675 3339 739 3361 non
764 3327 805 3360 est
826 3326 880 3361 hic
903 3328 1228 3369 opportunuslocus,
1251 3328 1370 3373 quippe

359 3385 429 3417 quae
452 3376 484 3406 δε
510 3373 641 3415 longum
665 3373 865 3410 sermonem,
886 3372 918 3403 &
943 3368 1006 3404 tibi
1025 3394 1034 3408 ‚
1058 3370 1174 3405 nedum
1189 3370 1294 3410 mihi,
1319 3372 1368 3402 in-

358 3426 490 3458 gratum
508 3425 635 3459 propter
658 3413 857 3449 necessariam
879 3413 958 3455 saepe
980 3423 1088 3447 eorum
1110 3426 1181 3457 quae
1196 3414 1270 3446 alias
1293 3412 1368 3446 satis

359 3455 508 3503 superque
531 3458 673 3499 tradidi,
695 3458 917 3501 repetitionem
942 3455 1100 3498 flagitaret
1115 3481 1122 3489 .
1161 3458 1310 3498 Qorum
1330 3468 1368 3495 u-

659 170 817 228 Liber
851 167 939 228 IV-
965 168 1067 225 -De
1100 169 1310 228 Morbis
1342 167 1699 244 Chirurgicss,
1731 173 1787 226 &
1823 170 2216 232 Universalibus

1423 251 1570 294 tranique
1594 259 1632 283 ex
1656 249 1766 291 paucis
1787 258 1857 293 quae
1881 244 1975 292 presse
1998 249 2176 293 indicabo,
2207 252 2304 288 facile
2323 245 2425 293 conji-

1420 292 1500 339 cies.
1531 291 1703 327 Glandulae
1728 292 1858 327 sebaceae
1882 293 1978 333 sunt,
2000 294 2175 336 inquiunt,
2207 297 2243 330 in*
2263 294 2423 341 trachea)

1417 334 1521 371 canali
1540 335 1759 370 alimentorum
1780 336 1849 370 &a
1872 336 1918 370 At
1941 344 1978 370 tu
2000 336 2071 379 lege
2091 337 2226 373 Advers.
2239 339 2316 374 =1V.
2339 339 2423 370 Am-

1419 376 1509 412 inad..
1531 388 1580 422 13.
1708 377 1886 417 Glandulas
1920 379 2060 414 sebaceas
2090 380 2212 426 paffimj'
2231 391 2287 426 per
2314 387 2427 415 rcutem

1419 419 1568 464 disjectas
1589 428 1747 465 nunquam
1766 423 1905 458 invenire
1926 421 2001 466 ipsis
2035 424 2150 459 licuit.
2183 424 2240 460 Tu
2263 435 2338 458 vero
2372 424 2425 456 in-

1420 464 1535 507 spicias
1568 465 1671 509 Epist.
1705 465 1805 498 Anat.
1830 466 1896 500 ΙΙΙ.
1931 479 1962 500 n.
1984 474 2014 510 3.
2042 468 2074 500 δε
2096 481 2128 510 4.
2261 468 2427 504 Viderunt

1419 517 1526 541 tamen
1552 509 1584 542 in
1606 516 1675 542 cute
1689 505 1792 552 faciei
1804 533 1814 549 ‚
1832 508 1988 550 pectoris,
2013 510 2055 543 (ν
2075 510 2270 547 brachiorum
2292 519 2437 555 quorun-7

1421 551 1493 585 dam
1515 550 1675 586 hominum
1693 551 1845 594 punclula
1866 553 1955 595 nigra
1969 576 1981 593 ‚
2003 564 2042 586 ex
2064 554 2166 597 iisque
2177 555 2257 590 locis
2279 566 2342 588 non
2358 564 2426 586 mo-

1421 593 1464 627 do
1486 605 1519 626 ea
1542 595 1692 636 punctula
1705 618 1719 635 ,
1740 593 1792 629 sed
1815 595 2014 638 unguinosam
2036 607 2154 639 quoque
2167 621 2176 637 ,
2203 606 2335 633 teretem
2355 605 2428 644 veis-

1419 636 1571 671 miculam
1593 637 1815 678 mentientem,
1839 638 1973 680 exprimi
1994 642 2180 675 materiam:
2204 640 2261 676 ess‘e
2272 643 2373 686 igitur
2396 649 2430 672 m

1419 686 1492 714 cute
1513 690 1590 715 cava
1613 680 1747 724 quaedam
1769 681 1900 715 minima
1913 703 1923 719 ,
1945 690 2008 723 quae
2031 683 2149 727 orificio
2171 688 2290 728 mafora
2324 686 2431 729 depre-

1420 722 1620 763 henduntnr3
1644 723 1694 757 sed
1717 722 1786 758 haec
1809 732 1880 767 quae
1903 725 2052 760 viderunt
2077 751 2088 767 ‚
2120 728 2153 760 in
2168 726 2254 768 statu
2270 730 2349 774 sano
2372 734 2430 760 non

1420 764 1537 809 adeffe,
1559 767 1778 801 contendunt.
1804 768 1834 802 A
1856 773 1888 800 t'e
1911 776 2017 802 autem
2041 770 2159 804 iterum
2181 770 2431 814 quaeindic'avi,

1421 809 1540 852 aliaque
1564 818 1708 844 meorum
1732 810 1925 854 scriptorum
1949 812 2019 845 loca
2042 835 2055 853 ,
2077 814 2124 846 vel
2148 816 2258 856 potius
2280 811 2346 848 nafi
2374 814 2430 848 21ae

1419 853 1454 885 in
1476 855 1551 887 viris
1575 852 1755 901 plerisque,
1778 856 1811 887 δε
1834 853 1965 897 quidem
1989 855 2069 889 sanis
2084 879 2097 896 ,
2121 856 2431 899 suntinspiciendae.

1419 895 1513 939 Qid
1536 897 1638 940 igitur
1660 897 1744 934 esse,
1767 896 1856 940 ajunt
1872 919 1882 935 ,
1905 908 1981 931 cava
2002 898 2085 933 ista?
2107 901 2255 943 Vaginam
2277 910 2350 944 quae
2375 910 2432 935 an-

1419 947 1468 972 tea
1491 940 1572 982 pili,
1595 951 1678 975 nunc
1699 939 1864 981 destruffi,
1886 941 2026 976 radicem
2047 944 2329 986 complectebatur.
2356 942 2426 978 Hic

1421 982 1485 1017 tibi
1509 983 1644 1017 Advers.
1682 983 1710 1018 1.
1742 994 1772 1016 n.
1802 993 1849 1016 12.
1873 987 1937 1026 (g)
1960 987 1993 1018 &
2014 986 2151 1020 Advers.
2177 988 2238 1022 lV.
2272 986 2429 1022 Animad-

1418 1036 1472 1073 33.
1498 1025 1562 1066 (h)
1583 1026 1713 1069 legenda
1736 1026 1807 1060 sunt
1831 1050 1845 1067 ,
1876 1029 1910 1060 in
1933 1028 1998 1063 illis
2023 1030 2108 1063 enim
2132 1041 2192 1073 ego
2215 1031 2358 1078 primum
2390 1041 2430 1065 ex

1420 1069 1564 1111 pilorum
1587 1071 1824 1113 conceptaculis
1848 1070 1991 1106 adversus
2012 1073 2177 1115 glandulas
2209 1074 2347 1108 iebaceas
2369 1072 2431 1108 du-

1418 1112 1610 1148 bitationem
1632 1114 1797 1154 indicavi,
1840 1115 1874 1147 in
1897 1114 2040 1158 utrisque
2064 1125 2171 1151 autem
2191 1116 2337 1160 quaedam
2369 1116 2428 1160 ipsi

1417 1154 1610 1192 adversantia
1631 1180 1644 1197 ,
1666 1165 1719 1191 aut
1742 1166 1825 1191 certe
1846 1157 1947 1201 ipsam
1971 1159 2146 1194 limitantia
2178 1170 2242 1194 non
2274 1162 2391 1195 reticui
2414 1172 2426 1194 τ

1416 1199 1532 1241 quibus
1554 1210 1639 1234 nunc
1662 1199 1776 1240 addas,
1797 1212 1861 1235 non
1884 1200 1991 1235 futura
2015 1202 2073 1237 ista
2095 1215 2171 1237 cava
2204 1205 2237 1236 in
2271 1203 2334 1238 nasi
2371 1204 2429 1238 alis

1418 1242 1562 1285 majora,
1585 1243 1640 1277 ubi
1664 1243 1815 1278 videlicet
1837 1245 1965 1278 minimi
1990 1255 2079 1280 erant
2102 1248 2184 1289 pili.
2221 1248 2347 1290 Vagina
2372 1259 2429 1282 au-

1418 1294 1485 1319 tem
1508 1284 1564 1322 ista
1587 1285 1644 1320 sub
1665 1293 1737 1321 cute
1758 1288 1792 1321 in
1817 1288 2009 1331 pinguedine
2042 1289 2154 1324 defixa
2175 1288 2251 1329 est.;
2281 1291 2425 1325 columbi

1419 1330 1506 1362 enim
1522 1327 1710 1371 sententiam
1732 1331 1868 1365 veritate
1890 1333 1976 1373 niti,
1999 1341 2186 1372 autumant,
2214 1344 2316 1368 omnes
2335 1333 2431 1377 scili-

1416 1380 1467 1407 cet
1484 1372 1569 1414 pilos
1590 1374 1724 1418 radicem
1737 1373 1831 1416 suam
1863 1374 1896 1407 in
1925 1375 2111 1419 pinguedine
2142 1375 2291 1412 collocare
2321 1402 2328 1411 .
2361 1378 2430 1410 Co-

1419 1415 1547 1450 lumbus
1571 1422 1645 1449 vero
1667 1424 1769 1459 neque
1791 1427 1894 1452 omnes
1916 1418 2064 1461 scripsit,
2087 1429 2191 1464 neque
2213 1431 2274 1464 ego
2295 1419 2428 1464 scripsi,

1417 1470 1492 1493 cum
1516 1457 1583 1501 ejus
1604 1460 1878 1503 primumquoque
1890 1459 2078 1498 sententiam
2090 1464 2237 1506 protuli,
2261 1471 2296 1498 ut
2309 1474 2347 1498 ex
2357 1463 2430 1499 Ad-

1417 1501 1496 1536 vers.
1521 1502 1568 1536 11.
1589 1502 1744 1547 Animad.
1770 1513 1800 1546 5.
1822 1505 2012 1547 cognosces.
2036 1508 2111 1550 Ego
2133 1508 2218 1540 enim
2243 1518 2307 1540 non
2329 1507 2430 1541 modo

1417 1546 1577 1586 sciebam,
1598 1545 1658 1579 esse
1680 1547 1766 1590 pilos
1788 1559 1804 1580 a
1826 1549 1941 1591 quibus
1963 1557 2065 1583 totam
2089 1552 2173 1584 cutis
2195 1550 2432 1585 craffitudinem

1418 1589 1546 1632 pervadi
1562 1612 1574 1629 ,
1598 1589 1756 1624 ostendere
1777 1601 1840 1625 non
1863 1591 2035 1634 poffimus3
2059 1592 2109 1626 sed
2128 1596 2161 1627 &
2181 1592 2381 1629 Columbum
2400 1596 2431 1628 i-

1417 1632 1508 1675 psum
1530 1632 1676 1666 videbam
1697 1635 1783 1667 inter
1806 1644 1938 1669 caeteros
1959 1636 2015 1678 qui
2040 1635 2428 1680 pinguediniaffiguntur‚

1419 1687 1472 1709 eos
1492 1675 1607 1709 diserte
1629 1677 1782 1721 excepisse
1804 1678 1860 1720 qui
1890 1679 1924 1712 in
1965 1679 2072 1712 scroto
2107 1680 2201 1713 sunt:
2235 1679 2287 1714 his
2320 1688 2428 1716 autem

1420 1718 1617 1762 adjiciendos
1639 1718 1697 1753 esse
1719 1721 1798 1753 alios
1813 1746 1822 1761 ,
1846 1730 1882 1754 ut
1906 1728 1982 1763 puta
1993 1724 2049 1765 qui
2075 1732 2114 1756 ex
2127 1724 2428 1765 proximicolisin-

1423 1763 1638 1804 tegumentis,
1662 1765 1695 1795 δε
1717 1764 1774 1806 qui
1798 1764 1967 1798 tenuissimi
1991 1776 2029 1798 ex
2052 1766 2203 1799 auriculae
2227 1768 2322 1809 pinna
2346 1791 2357 1808 ,
2392 1770 2428 1802 &e

1415 1816 1454 1839 ex
1473 1805 1641 1848 ,lacrymali
1663 1806 1834 1841 caruncula
1856 1807 2012 1842 existunt.
2143 1809 2228 1842 Noli
2251 1818 2354 1844 tamen
2364 1820 2431 1845 cre.

1415 1848 1510 1889 dere,
1532 1851 1660 1891 vaginas
1683 1848 1756 1883 istas
1779 1848 1921 1892 pilorum
1944 1863 2015 1894 quae
2037 1860 2096 1895 pro
2120 1850 2254 1887 sebaceis
2265 1853 2427 1895 glandulis

1416 1892 1673 1930 substituuntur,
1697 1891 1774 1926 ideo
1795 1894 1830 1926 in
1853 1894 2048 1937 pinguedine
2069 1894 2189 1928 defixas
2212 1897 2313 1939 poni,
2337 1907 2423 1933 utex

1414 1933 1474 1969 hac
1496 1935 1637 1970 oleosam
1659 1935 1820 1978 accipiant
1844 1938 2029 1972 materiam.
2062 1937 2194 1973 Prodire
2216 1939 2348 1982 quidem
2382 1952 2427 1976 ex

1412 1979 1455 2016 iis
1477 1979 1602 2024 vaginis
1625 1980 1756 2013 materia
1781 1978 1903 2014 dicitur
1925 1992 1995 2024 quae
2026 1979 2150 2014 sebac'ea
2172 1992 2306 2018 vocatur
2329 1997 2338 2022 3
2372 1983 2427 2018 sed

1415 2022 1521 2056 oleosa
1545 2031 1651 2056 tamen
1673 2031 1738 2055 non
1761 2020 1841 2064 effe,
1864 2024 1938 2066 quia
1960 2023 2058 2058 lintea
2080 2025 2212 2058 materia
2246 2026 2305 2060 hac
2328 2028 2433 2069 copio-

1409 2064 1444 2112 se
1467 2064 1614 2107 imbuta,
1638 2066 1775 2100 flammis
1793 2062 1876 2108 satis
1899 2068 1952 2101 diu
1975 2067 2137 2111 refistunt;
2158 2067 2329 2112 quasivero
2344 2080 2429 2112 prae-

1415 2118 1463 2142 ter
1485 2108 1576 2142 illam
1599 2108 1684 2143 nihil
1707 2108 1838 2143 indutiis
1859 2132 1873 2149 ,
1907 2110 2014 2145 aliisve
2045 2110 2154 2146 linteis
2184 2111 2357 2148 adhaereret
2389 2124 2430 2148 ex

1414 2150 1557 2193 sudoris,
1581 2151 1813 2190 &insensibilis
1823 2153 2061 2196 perspiratioliis
2088 2156 2220 2189 materia
2234 2181 2242 2196 ‚
2265 2165 2319 2191 aut
2336 2156 2429 2191 illam

1413 2195 1592 2243 quidquam
1616 2205 1733 2240 praeter
1756 2207 1872 2239 purum
1883 2197 1991 2232 oleum
2014 2197 2093 2239 esse,
2116 2197 2307 2242 negass'emus
2325 2208 2425 2244 :quo-

1414 2250 1486 2274 rum
1510 2245 1660 2278 neutrum
1682 2237 1790 2274 cadere
1812 2241 1846 2273 in
1870 2241 2012 2276 animum
2036 2250 2160 2284 poterat
2195 2243 2343 2286 quotidie
2374 2244 2425 2278 vi-

1413 2282 1582 2322 dentium,
1605 2294 1702 2327 quam
1737 2282 1830 2320 facile
1859 2286 1943 2319 cutis
1975 2284 2080 2319 sordes
2112 2296 2192 2329 aqua
2225 2287 2394 2322 abluantur
2416 2311 2431 2321 ..

1412 2326 1493 2362 Non
1517 2327 1614 2362 modo
1636 2328 1739 2369 igitur
1762 2338 1818 2370 per
1841 2330 2003 2370 exterius,
2027 2328 2077 2363 sed
2101 2340 2155 2372 per
2177 2331 2429 2366 interiusetiam

1413 2369 1543 2405 admista
1566 2370 1657 2406 illam
1678 2369 1722 2403 fic
1743 2371 1819 2407 satis
1836 2371 2010 2415 fizponaceae
2034 2372 2148 2406 indolis
2158 2371 2232 2416 effe,
2255 2373 2428 2416 credimus,

1414 2424 1470 2447 nec
1492 2423 1598 2451 tamen
1623 2421 1660 2448 ut
1681 2423 1786 2448 omnes
1809 2413 1952 2449 humores
1974 2416 2111 2458 corporis
2133 2417 2226 2455 nostri
2235 2441 2248 2457 ‚
2271 2417 2320 2451 sed
2333 2427 2428 2461 pecu-

1413 2457 1488 2490 liari
1511 2457 1652 2501 quodam
1675 2456 1788 2496 modo,
1802 2458 1835 2490 δε
1857 2455 1932 2495 hinc
1954 2457 2036 2496 fieri,
2046 2466 2082 2492 ut
2103 2458 2126 2492 fi
2150 2459 2256 2494 statim
2282 2471 2375 2504 atque
2389 2462 2427 2495 in

1414 2510 1552 2542 corpore
1574 2500 1648 2538 sano
1671 2500 1784 2534 secreta
1809 2499 1852 2534 cst
1865 2523 1879 2541 ‚
1901 2500 2116 2544 inspiciatur,
2140 2505 2172 2536 ὃς
2195 2506 2424 2541 contrectetur,

1417 2542 1544 2587 ejusque
1565 2542 1695 2581 effec-’tus
1717 2544 1917 2587 speRenttir,
1949 2553 2104 2587 quantum
2128 2557 2143 2578 a
2166 2548 2288 2580 caeteris
2311 2546 2429 2581 humo-

1416 2587 1506 2620 ribus
1527 2584 1680 2627 differat,
1703 2587 1906 2630 intelligatur
1929 2611 1937 2619 .
1962 2588 2044 2625 Haec
2068 2599 2142 2622 vero
2165 2588 2204 2622 ad
2228 2590 2317 2623 illam
2341 2602 2425 2633 quo-

1415 2641 1477 2673 que
1500 2631 1668 2666 materiam
1692 2630 1850 2667 sebaceam
1873 2630 2061 2675 transferas,
2093 2632 2215 2672 velim,
2246 2643 2317 2676 quae
2340 2635 2426 2667 circa

1415 2673 1529 2707 oculos
1561 2685 1577 2707 a
1611 2673 1768 2708 tarsorum
1789 2672 1972 2715 glandulis,
2005 2677 2036 2708 δι
2062 2676 2219 2717 proximae
2240 2677 2423 2711 carunculae

1415 2716 1598 2761 separatur,
1630 2727 1703 2750 narn
1726 2719 1759 2751 &
1781 2727 1817 2750 ea
1836 2727 1910 2751 cum
1933 2718 2124 2759 lacrymali,
2147 2716 2264 2760 jugiter
2288 2719 2425 2759 secreto,

1415 2760 1553 2796 humore
1581 2760 1802 2802 permiscetur.
1936 2761 2065 2801 Quibus
2098 2762 2132 2795 in
2166 2762 2327 2804 glandulis
2350 2784 2360 2800 ‚
2392 2765 2427 2796 δε

1415 2815 1478 2847 qua
1501 2805 1534 2837 in
1557 2804 1729 2839 caruncula
1755 2827 1765 2843 ‚
1792 2804 1832 2836 'in
1855 2815 1953 2848 eaque
1974 2805 2095 2840 vicinia
2131 2804 2210 2847 quid
2233 2806 2314 2839 olim
2337 2815 2426 2840 meus

1416 2858 1545 2890 quoque
1568 2847 1659 2880 labor
1681 2846 1887 2890 praestiterit,
1910 2846 2027 2891 possem
2050 2859 2109 2889 ego
2131 2848 2319 2890 quibusdam
2352 2849 2425 2882 aliis

1416 2891 1541 2932 dicere,
1565 2891 1621 2933 qui
1644 2891 1678 2923 in
1701 2891 1768 2924 illis
1790 2899 1861 2923 ante
1884 2890 1943 2930 hos
1953 2889 2179 2933 duodeviginti
2202 2903 2298 2926 annos
2309 2892 2427 2927 descri-

1414 2934 1524 2969 bendis
1547 2935 1724 2971 Anatomes
1745 2933 1909 2971 historiam
1932 2943 1985 2968 aut
2008 2933 2186 2975 senescire,
2211 2935 2424 2973 autsisciunt.

1416 2978 1513 3013 nimis
1537 2986 1645 3021 aperte
1667 2976 1875 3016 diffimulare‚
1901 2976 2122 3013 ostenderunt.
2158 2977 2217 3013 Sed
2254 2989 2310 3013 nec
2340 2979 2430 3012 tanti'

1420 3021 1455 3055 id
1477 3020 1587 3060 facio,
1611 3023 1644 3058 ὅτ
1667 3019 1732 3064 jam
1756 3020 1818 3054 tibi
1842 3021 1963 3055 oblitus
1985 3020 2112 3055 fortasse
2133 3020 2266 3063 videor,
2288 3020 2362 3062 hic,
2387 3031 2425 3056 ut

1421 3064 1512 3105 supra
1533 3064 1625 3105 dixi,
1648 3074 1869 3107 opportunum
1899 3063 2135 3104 discussionibus
2172 3063 2330 3108 ejusmodi
2359 3076 2431 3100 noxe

1420 3107 1479 3142 esse
1501 3108 1610 3142 locum
1626 3131 1635 3140 .
1675 3109 1677 3111 ’

1463 3162 1512 3194 13.
1537 3152 1647 3194 Igitur
1670 3162 1686 3185 a
1709 3151 1832 3190 scabie,
1856 3150 1890 3185 id
1914 3151 1985 3185 esta
2010 3150 2188 3187 minoribus
2201 3152 2370 3187 ulcusculis
2381 3150 2422 3187 ad

1416 3204 1527 3229 caetera
1549 3195 1654 3230 ulcera
1677 3194 1890 3229 transeamus.
1914 3195 2084 3239 Ampliora
2108 3206 2203 3237 quarn
2222 3198 2275 3235 sin*
2295 3194 2417 3230 rustico

1420 3240 1509 3272 Viro
1532 3249 1589 3272 nos
1611 3236 1732 3277 vidisse,
1744 3248 1808 3273 non
1819 3239 2023 3276 meminimus
2036 3263 2044 3270 .
2058 3239 2165 3275 Quem
2175 3239 2310 3278 nudum,
2321 3239 2426 3280 proli-

1420 3282 1523 3315 ciendi
1550 3280 1672 3315 sudoris
1682 3280 1786 3322 causa,
1807 3282 1840 3314 in
1853 3281 2218 3325 gurgustioloinclusum
2233 3309 2240 3322 ‚
2262 3282 2422 3324 Chirurgi

1422 3327 1562 3368 primum
1597 3325 1759 3367 imperitia
1792 3326 1900 3359 nimio
1922 3327 2007 3367 ignis
2042 3325 2145 3358 calore
2177 3326 2329 3365 admoto,
2351 3334 2422 3359 tum

1419 3369 1595 3411 pertinacia
1617 3368 1773 3410 negleffis
1797 3368 1903 3405 rustici
1926 3368 2061 3411 querelis
2084 3367 2112 3401 se
2128 3370 2272 3406 comburi
2283 3369 2422 3401 clamant-

1419 3414 1463 3445 tis
1477 3435 1487 3451 ‚
1513 3410 1734 3451 pessundedit.
1758 3411 1875 3455 Neque
1898 3414 1981 3446 enim
2006 3421 2077 3445 ante
2099 3411 2210 3445 eduxit
2225 3435 2234 3450 ‚
2256 3422 2351 3456 quam
2372 3419 2421 3442 to-

1417 3463 1453 3490 to
1477 3453 1550 3489 esset
1572 3455 1719 3497 corporis
1750 3455 1872 3488 ambitu
1907 3455 2170 3493 semiustulatus·.
2203 3454 2420 3527 Quamob}em

2322 3504 2352 3531 et
2367 3507 2377 3527 ι

514 3720 576 3747 Eph.
593 3723 626 3745 N.
644 3721 672 3744 C.
690 3720 761 3744 Ceut.
780 3725 801 3748 3.
819 3718 842 3743 &-
858 3726 880 3746 4.
898 3717 958 3743 obs.
977 3724 1027 3747 127.
1044 3717 1070 3742 in
1086 3717 1167 3743 Schol.

510 3750 629 3774 Memoire
646 3750 683 3774 sur
700 3751 733 3775 les
748 3749 869 3772 Maladies
886 3748 914 3771 de
931 3749 1044 3774 l'Uretre.
1055 3766 1062 3773 .
1123 3749 1130 3773 s
1147 3755 1159 3773 c
1175 3747 1188 3775 )
1205 3754 1228 3770 n-
1245 3756 1268 3776 4-

1062 3779 1078 3809 (
1090 3787 1107 3808 ε
1123 3777 1137 3806 )
1155 3776 1234 3806 versus
1249 3778 1339 3803 finem.

424 3718 499 3775 fe?

435 3779 449 3806 ζ
462 3776 480 3807 s
490 3778 504 3807 )
519 3778 614 3804 Diseuff.
630 3779 692 3804 d’un
708 3787 762 3805 raro
778 3779 863 3805 morbo
879 3784 982 3804 eutarico
993 3796 1000 3804 .

1229 3715 1240 3746 s
1255 3723 1272 3742 a
1285 3715 1300 3745 )
1315 3716 1353 3740 De
1368 3713 1474 3740 Veneriis
1488 3714 1532 3739 ἃς.
1549 3711 1591 3737 ubi
1607 3712 1637 3737 de
1653 3713 1746 3739 Venen.
1762 3720 1816 3744 quae
1829 3712 1974 3741 extrinsecus
1990 3711 2035 3738 ἃς.

1329 3749 1344 3776 (
1357 3746 1373 3771 d
1388 3747 1402 3776 )
1418 3748 1489 3770 cent.
1506 3743 1570 3768 Post.
1588 3744 1616 3769 P.
1634 3751 1656 3773 ι,
1671 3744 1732 3770 obs.
1746 3751 1788 3775 43.

1400 3773 1588 3809 (hflnfine.
1851 3744 2150 3776 (eJAnnt.t.8.e=i.
