2498 4075
445 88 506 155 78

377 179 481 209 turae.
503 174 587 207 Cito
610 170 694 207 enim
717 169 872 209 insultus,
897 177 984 204 antea
1006 169 1247 204 innumerabiles
1265 194 1277 211 ‚
1300 180 1376 213 pau-

373 217 477 250 ciores
501 217 571 251 fieri
596 214 724 257 coepisse
739 239 750 255 ,
773 217 856 248 intra
878 213 1062 259 quindecim
1072 221 1177 247 autem
1197 212 1263 247 dies
1285 223 1377 255 pror-

375 257 426 292 sus
451 259 590 300 desiisse,
612 258 760 292 redeunte
781 257 873 292 simul
896 256 1053 290 insistendi
1075 257 1240 294 cruribus,
1265 255 1376 289 ambu-

376 301 528 346 iandique
562 302 713 336 facultate
731 326 739 333 .
771 300 1056 341 Confirmabatque
1088 299 1151 332 Vir
1171 301 1224 333 Cl.
1250 310 1315 332 non
1337 309 1375 330 eo

372 344 543 380 dumtaxat
566 347 601 379 in
621 344 720 385 casu,
744 343 794 378 sed
818 347 850 377 δι
873 343 949 375 alias
973 343 1005 374 in
1029 342 1101 375 aliis
1122 342 1290 385 veficantia
1312 339 1370 374 sibi

373 387 517 423 adversus
549 387 766 429 convulsiones
789 384 1011 428 respondisse3
1046 394 1082 418 ut
1113 387 1229 418 merito
1259 385 1371 417 fecerit

369 431 586 474 Hippocrates
608 434 624 471 (
637 431 665 474 s
678 435 694 473 )
715 441 787 464 cum
809 429 921 462 docuit
947 449 955 464 ‚
989 427 1210 470 convulfionem
1226 427 1301 471 fieri
1320 425 1372 459 vel

373 485 411 508 ex
434 476 599 517 repletione
615 498 626 514 ,
647 474 701 510 ,vel
722 484 760 508 ex
781 471 971 516 inanitione:
993 482 1072 513 quas
1093 470 1168 504 duas
1189 470 1295 504 causas
1305 471 1373 503 Ga-

373 517 462 551 senus
495 529 623 561 quoque
648 518 822 558 praecipuas
856 515 962 556 posuit
984 536 997 553 ,
1026 513 1082 546 etfi
1107 515 1196 547 illam
1227 524 1373 547 nonnun-

372 571 468 605 quam
493 561 616 595 addidit
637 563 652 599 (
673 567 688 592 t
708 564 740 599 ),
765 570 834 601 quae
858 555 1014 599 plerisque
1038 556 1140 599 postea
1163 559 1207 590 ita
1229 556 1374 599 placuit,

374 613 409 637 ut
430 605 553 646 priores
576 604 652 638 duas
674 601 872 644 abjecerint,
895 600 1050 633 nimirum
1072 612 1142 642 quae
1174 610 1210 633 ex
1231 599 1370 632 morden-

367 652 400 680 te
433 648 475 680 ἐφ
497 648 584 681 tenui
615 645 740 679 humore
762 645 881 687 petitur
902 667 910 680 ‚
940 644 994 684 qui
1016 642 1142 685 nervosa
1164 651 1291 684 corpora
1322 652 1372 674 ro-

372 689 450 727 dat,
473 690 623 724 videlicet
647 689 814 726 irritatio,
839 685 951 719 nostris
975 694 1081 718 tamen
1104 686 1201 718 etiarn
1215 685 1372 726 tempori-

366 732 423 765 bus
454 732 493 765 ab
516 731 620 765 doc‘tis
642 730 830 772 quibusdam
856 729 945 761 Viris
970 727 1007 760 ad
1030 727 1230 769 repletionem
1253 728 1368 761 relata.

367 776 542 818 Utcunque
565 774 597 807 id
621 773 664 806 est
684 797 692 812 ‚
724 783 810 806 certe
831 775 905 806 cum
936 783 952 803 a
976 771 1149 812 repletione
1171 794 1183 811 ‚
1215 780 1252 804 ut
1275 771 1308 803 in
1330 782 1369 803 eo

367 827 485 859 puero,
508 816 723 851 convulsiones
746 814 827 849 fiunt
847 837 860 854 ,
893 825 956 847 non
981 813 1038 846 nisi
1063 813 1166 846 ablata
1189 815 1245 848 illa
1268 822 1368 847 mate-

364 862 410 893 ria
433 861 534 900 tolli,
555 871 625 898 quae
649 869 702 893 aut
725 858 908 900 gravando.
933 866 987 890 aut
1011 855 1238 898 distrahendo,
1262 868 1311 891 eas
1321 855 1368 889 fa-

362 905 429 936 cit.
453 904 534 936 Haec
557 902 655 935 ferme
677 901 753 935 ille.
886 900 986 940 Qod
1010 911 1084 933 vero
1106 899 1145 934 ad
1169 901 1290 944 reliqua
1315 909 1363 933 at-

365 946 448 982 tinet
470 958 549 989 quae*
563 947 598 978 in
621 944 755 979 historia
778 955 837 987 pro
860 942 1024 983 osuimus;
1046 943 1174 977 morbus
1198 945 1301 986 regius
1325 954 1365 976 an

361 990 406 1022 ob
426 1000 494 1022 eam
527 988 650 1022 causam
673 987 704 1020 se
733 987 825 1029 prodi
852 989 909 1025 it;
943 988 1018 1030 quia
1041 986 1203 1021 convulsio
1234 987 1366 1020 bilarios

362 1034 459 1066 etiam
481 1032 596 1065 duc‘tus
619 1031 870 1070 constrinxerat,
894 1041 948 1073 per
969 1041 1050 1073 quos
1072 1030 1149 1064 bilis
1171 1053 1179 1067 ,
1205 1030 1360 1064 salubrem

362 1073 489 1109 fortaffe
514 1074 639 1111 fluxum
662 1074 782 1108 factura
796 1095 807 1112 ,
832 1073 958 1117 prodire
969 1073 1034 1116 jam
1055 1073 1220 1116 coeperat?
1243 1074 1296 1107 An
1308 1073 1360 1105 bi-

361 1119 401 1152 lis
426 1120 459 1151 in
484 1119 632 1159 sanguine
657 1127 777 1151 retenta
799 1141 811 1157 ,
843 1118 924 1149 inter
945 1117 1048 1150 causas
1083 1115 1149 1150 fuit
1172 1129 1242 1160 quae
1277 1114 1361 1149 hunc

360 1161 498 1196 fluidum
523 1159 708 1196 servarunt?
733 1172 806 1194 narn
828 1163 861 1193 &
885 1161 959 1194 alias
983 1159 1074 1194 fuiffe
1090 1160 1212 1197 causas,
1237 1160 1361 1193 indicio

359 1203 403 1238 est
424 1203 521 1247 ipsius
536 1225 544 1240 ‚
567 1206 629 1237 aeri
652 1203 811 1246 expositi,
836 1202 939 1237 secuta
962 1204 1127 1237 concretio
1147 1226 1158 1243 ,
1183 1202 1245 1236 five
1269 1203 1357 1246 quod

360 1259 467 1290 aqueae
492 1247 676 1289 particulae,
700 1247 762 1281 sive
784 1246 872 1290 quod
894 1247 964 1280 aliae
986 1270 998 1287 ,
1022 1245 1206 1280 intestinum
1232 1256 1358 1280 motum

359 1293 501 1330 cientes,
522 1291 557 1323 in
580 1302 668 1324 auras
692 1290 827 1322 abierint
851 1315 858 1321 .
894 1291 947 1324 An
971 1289 1166 1322 convulsioni
1191 1298 1256 1322 atra
1279 1301 1362 1332 quo-

355 1345 415 1378 que
437 1335 493 1367 illa
516 1332 648 1376 nigredo
661 1334 755 1368 Reffi
780 1332 919 1366 intestini
942 1332 1137 1373 debebatur,
1160 1332 1220 1366 five
1241 1332 1362 1366 canales

360 1388 513 1411 venarum
538 1376 703 1418 adstrifri,
727 1376 910 1419 sanguinem
931 1375 1099 1410 dumtaxat
1123 1376 1301 1415 morando,
1323 1375 1364 1408 si·

357 1432 394 1453 ve
415 1421 467 1454 *ad
490 1431 689 1464 gangraenam
723 1419 819 1462 usque
843 1419 1009 1453 retinendo
1030 1443 1044 1460 ,
1076 1430 1143 1452 eam
1167 1419 1364 1462 nigredinem

356 1461 544 1499 effecerint?
567 1464 656 1496 Nam
678 1463 715 1496 de
739 1463 841 1496 rubris
863 1464 896 1495 in
918 1472 991 1496 cute
1015 1463 1146 1496 maculis
1165 1486 1177 1503 ‚
1213 1466 1245 1496 &
1269 1461 1306 1495 de
1332 1474 1365 1494 a-

358 1519 430 1551 quae
461 1507 555 1549 copia
591 1507 624 1538 in
658 1505 840 1550 pericardio
874 1505 948 1538 satis
981 1505 1160 1539 indicatum
1203 1506 1244 1539 est
1275 1513 1364 1538 antea

353 1553 368 1589 <
391 1551 470 1593 u).
497 1548 658 1583 Postremo
680 1549 768 1592 quod
792 1559 858 1582 non
882 1549 1006 1589 serum,
1031 1548 1080 1583 sed
1100 1549 1246 1591 gelatinae
1268 1548 1363 1581 instar

355 1593 395 1626 ad
420 1595 578 1634 meninges
602 1594 769 1626 inventurn
794 1592 835 1626 est
855 1605 866 1629 ς
889 1594 956 1626 noli
979 1593 1019 1626 sic
1045 1594 1186 1634 accipere
1207 1592 1291 1635 quasi
1316 1591 1361 1625 ibi

354 1636 459 1670 serum
482 1634 628 1670 defuisset
649 1659 661 1676 ,
694 1647 804 1669 eorum
829 1646 951 1668 memor
973 1647 1043 1678 quae
1067 1635 1144 1668 alibi
1168 1639 1182 1674 ζ
1204 1646 1225 1669 x
1248 1639 1261 1675 >
1286 1635 1362 1668 scri-

308 1688 309 1691 ’
353 1679 471 1725 piimus
503 1679 540 1714 de
563 1679 717 1715 cellulcsis
749 1679 933 1713 tenuisiimis
968 1677 1195 1721 pellucidisque
1228 1679 1362 1718 lamellis

357 1724 405 1756 ita
427 1723 526 1762 serum
550 1723 856 1765 intercipientibus,
880 1728 916 1756 ut
941 1722 984 1756 ob
997 1733 1103 1756 earum
1127 1721 1333 1764 interjectum
1347 1745 1359 1762 ‚

354 1766 501 1813 gelatinae
524 1766 541 1799 s
540 1767 660 1808 peciem
685 1766 858 1801 mentiatur
874 1791 882 1799 .

398 1823 432 1851 9.
457 1810 669 1855 PUEALLUS
688 1834 700 1849 ,
736 1808 838 1842 matre
866 1810 993 1852 genitus
1026 1808 1253 1843 valetudinaria
1275 1834 1284 1848 ,
1327 1812 1358 1842 &

354 1866 449 1896 quae,
473 1855 647 1896 praesertim
669 1864 741 1886 cum
766 1851 870 1895 ipsum
895 1864 984 1887 utero
1007 1863 1147 1894 gereret,
1171 1853 1267 1895 variis
1289 1875 1301 1892 ,
1323 1854 1356 1885 ἅτ

355 1897 561 1940 complicatis
583 1897 722 1930 obnoxia
746 1895 865 1930 morbis
885 1920 896 1936 ,
918 1896 1057 1930 crebrius
1076 1920 1089 1937 ,
1121 1906 1158 1930 ut
1184 1894 1241 1928 hos
1269 1894 1355 1927 seda-

355 1949 428 1981 ret,
451 1939 602 1974 muliebri
626 1939 762 1973 consilio
784 1961 794 1976 ‚
826 1939 965 1983 generosi
986 1940 1054 1972 vini
1091 1939 1281 1982 potionibus
1305 1937 1356 1971 usa

354 1984 481 2024 fuerat,
506 1982 674 2018 achoribus
697 1983 836 2025 primum
859 2007 868 2022 ,
889 1982 963 2016 dein
986 1982 1085 2016 scabie
1110 1980 1263 2021 affe&us,
1285 1992 1358 2014 cum

351 2027 486 2071 pustulae
510 2038 582 2060 non⁴
597 2027 757 2062 maderent
774 2027 931 2071 amplius,
954 2025 1095 2061 febribus
1118 2034 1283 2066 correptus
1294 2023 1335 2057 est
1349 2047 1356 2055 .

353 2072 438 2107 His,
463 2082 535 2105 cum
559 2073 676 2107 iterum
701 2070 831 2114 pustulae
855 2069 965 2103 ichore
987 2069 1141 2102 scaterent
1166 2093 1177 2109 ,
1210 2068 1358 2100 abeunti-

352 2115 433 2151 bus.
457 2115 585 2157 gravius
608 2114 713 2147 saevire
735 2114 851 2147 scabies
872 2115 995 2155 coepit,
1021 2111 1185 2154 infansque
1209 2110 1360 2143 macesce-

357 2170 411 2191 re.
437 2158 586 2201 Denique
609 2158 720 2194 multis
745 2154 919 2199 interjeffis
943 2156 1053 2190 diebus
1073 2178 1087 2196 ,
1110 2153 1359 2188 siccatis-rursus

354 2201 513 2245 pustulis,
539 2201 599 2234 alvi
625 2200 731 2237 fluxu,
758 2198 997 2232 &convulsivis
1021 2198 1164 2234 motibus
1186 2197 1360 2230 crebroin-

358 2256 408 2278 tra
433 2244 604 2278 odtiduum
614 2253 765 2279 vexatus,
788 2244 872 2276 circa
894 2242 1005 2275 mensis
1016 2243 1121 2275 offavi
1145 2241 1262 2280 finem,
1283 2251 1358 2274 cum

353 2287 512 2323 'Incis'ores
535 2287 641 2322 dentes
664 2286 839 2328 superiores
861 2285 924 2327 jam
948 2284 1043 2319 ess‘ent
1066 2286 1230 2327 erupturi,
1249 2284 1358 2329 rivere

361 2331 474 2365 desiit.
547 2331 550 2335 ’
605 2330 818 2363 VENTRIS
851 2329 922 2362 sana
953 2330 1062 2362 omnia
1093 2336 1182 2361 erant
1206 2328 1324 2359 viscera
1346 2350 1356 2365 ‚

358 2372 516 2418 ipsiusque
538 2373 661 2417 hepatis
695 2371 884 2413 magnitudo
916 2373 1038 2405 caeteris
1071 2372 1280 2413 proportione
1312 2382 1361 2401 re-

361 2417 534 2461 spondebat
547 2441 555 2449 .
688 2417 725 2448 In
750 2413 922 2454 Thorace,
955 2414 1066 2455 pulmo
1086 2414 1196 2446 dexter
1219 2413 1360 2454 undique

362 2462 478 2503 pleurae
502 2460 657 2493 tenaciter
680 2457 882 2494 adhaerebat:
903 2456 1055 2490 &dexter
1078 2466 1206 2496 tamen,
1229 2458 1262 2488 &
1285 2455 1361 2488 sini-

362 2506 422 2538 ster
447 2504 543 2538 nullis
566 2502 708 2537 distincti
734 2511 819 2534 erant
845 2500 1003 2542 maculis,
1026 2504 1058 2534 δε
1081 2501 1216 2532 omnino
1240 2497 1328 2532 illaesi
1351 2524 1360 2530 .

358 2551 429 2582 Cor
452 2547 570 2580 nullam
594 2545 782 2588 polyposam
815 2545 1055 2578 concretionem
1077 2542 1210 2577 habebat
1226 2567 1234 2573 .

362 2593 450 2625 Inter
472 2590 605 2624 Cerebri
642 2590 804 2630 meninges
828 2586 1000 2621 mediocris
1033 2586 1090 2620 seri
1122 2585 1283 2628 stagnabat
1305 2597 1361 2619 co·

360 2636 432 2678 pia.
457 2633 587 2667 Cerebri
612 2642 718 2666 autem
742 2630 838 2678 ipsius
861 2629 1016 2676 posterior
1039 2641 1107 2673 pars
1133 2653 1142 2668 ‚
1165 2640 1229 2661 non
1253 2637 1363 2662 rotun·

361 2678 434 2711 data
463 2700 476 2718 ,
507 2677 546 2711 ad
582 2675 728 2710 cubicarn
764 2675 874 2720 potius
909 2674 1046 2709 sormam
1078 2672 1248 2707 videbatur
1281 2683 1367 2704 acce-

361 2722 434 2755 dere
453 2747 460 2754 .

408 2775 457 2798 10.
484 2766 630 2808 Apparet
661 2775 700 2797 ex
720 2762 782 2796 hac
817 2760 947 2795 historia
971 2785 981 2800 ‚
1014 2760 1128 2805 quanti
1161 2757 1274 2793 referat
1298 2758 1364 2801 pri-

361 2818 473 2848 mum,
496 2817 632 2844 matres,
656 2818 727 2841 cum
750 2816 875 2839 uterum
899 2804 1005 2850 ferunt
1017 2828 1029 2845 ,
1049 2804 1170 2842 valere,
1193 2814 1248 2836 nec
1270 2813 1368 2836 mera-

362 2850 450 2883 tiore
472 2852 551 2884 vino
575 2851 664 2883 abuti
686 2874 695 2889 ‚
717 2847 833 2882 deinde
856 2850 1033 2883 insantium
1057 2846 1184 2880 achores
1205 2868 1214 2882 ,
1249 2848 1276 2880 δι
1304 2844 1368 2878 sca.

363 2894 451 2927 hiem
475 2892 692 2935 intempestive
715 2902 779 2925 non
804 2890 932 2926 siccari.
957 2893 1045 2925 Nam
1067 2891 1206 2924 dentitio
1216 2887 1368 2933 quidem,

362 2946 401 2970 ut
424 2937 500 2970 alias
514 2936 620 2979 scripsi
643 2938 698 2978 (y
722 2939 757 2975 )‚
780 2943 849 2968 tum
861 2945 1029 2968 nervorum
1048 2933 1276 2973 distentiones,
1297 2941 1368 2965 tum

364 2979 462 3014 simul
481 2991 573 3022 opem
599 2980 743 3018 laturos,
765 2977 787 3011 fi
811 2979 893 3011 intra
916 2978 1047 3012 modum
1069 2977 1152 3016 finr,
1174 2977 1236 3009 alvi
1261 2975 1366 3009 fluxus

363 3023 490 3057 inducit
515 3037 521 3057 :
556 3023 606 3056 sed
630 3021 664 3054 hi
689 3022 794 3055 minus
816 3042 826 3057 ‚
858 3019 921 3054 illae
946 3022 1015 3063 plus
1048 3021 1152 3054 valent
1172 3042 1182 3058 ,
1216 3017 1368 3065 siquando

364 3067 494 3109 sanguis
518 3065 721 3099 irritantium
747 3064 974 3106 particularum
994 3088 1006 3104 ‚
1040 3076 1110 3107 quae
1136 3064 1197 3096 alia
1219 3065 1268 3096 via
1292 3062 1366 3103 ejici

364 3108 557 3144 consuessent
578 3134 591 3151 ‚
614 3119 691 3142 tunc
715 3107 865 3141 redundet
889 3108 983 3150 copia
1007 3131 1017 3146 ,
1052 3107 1138 3140 velut
1162 3106 1235 3140 hic.

365 3153 516 3194 Figuram
540 3162 645 3187 autem
669 3160 829 3185 externam
852 3150 990 3191 cerebri,
1015 3162 1085 3194 quae
1106 3151 1205 3183 cranii
1230 3148 1365 3181 formam

364 3194 452 3239 sequi
479 3197 582 3235 solet,
607 3192 690 3238 posse
713 3218 725 3235 ‚
758 3204 832 3227 cum
854 3194 1005 3226 naturalis
1029 3205 1090 3226 non
1113 3193 1156 3227 est
1174 3217 1188 3234 ,
1224 3190 1365 3225 indicare

366 3239 489 3281 aliquid
519 3240 552 3272 in
577 3239 728 3273 struftura
761 3248 887 3280 quoque
910 3237 1033 3270 interna
1066 3236 1153 3280 quod
1178 3237 1216 3270 ab
1241 3244 1361 3268 naturae

366 3282 515 3315 instituto
540 3285 657 3324 pariter
679 3279 849 3314 abhorreat
868 3303 880 3319 ,
904 3283 935 3313 δε
959 3281 1088 3322 pronius
1110 3281 1191 3314 illud
1216 3279 1253 3312 ad
1276 3288 1365 3311 mor-

368 3325 426 3358 bos
460 3324 558 3359 faciat
581 3350 589 3363 ‚
623 3335 685 3356 non
710 3324 833 3357 videtur
866 3324 1001 3356 omnino
1034 3323 1228 3367 negandum.

368 3368 531 3402 HaGtenus
554 3367 709 3402 Valsalvae
735 3365 981 3402 Observationes
1005 3366 1153 3409 proposui
1175 3380 1185 3406 3
1219 3375 1299 3399 nunc
1321 3364 1361 3397 ad

368 3423 450 3445 rneas
472 3412 615 3450 transeo,
638 3411 736 3443 initio
757 3423 773 3442 a
795 3409 913 3443 duabus
935 3419 1029 3451 capto
1044 3434 1056 3450 ‚
1088 3422 1163 3453 quas
1185 3410 1266 3443 olim
1287 3418 1362 3440 cum

368 3454 438 3497 ipso
462 3454 585 3496 habui,
605 3452 783 3496 chartaeque
803 3464 815 3491 5
847 3452 882 3487 id
904 3452 990 3497 quod
1012 3453 1077 3497 ipse
1101 3453 1195 3488 facile
1216 3462 1279 3486 non
1303 3461 1361 3494 po-

987 87 1142 146 Liber
1175 89 1210 142 Ι.
1244 84 1328 142 De
1363 87 1568 143 Morbis
1599 84 1804 151 Capitis

1428 168 1515 203 tuit,
1537 166 1656 242 qnippe
1677 164 1941 208 occupationibus
1964 174 2041 200 tune
2073 165 2211 200 maxime
2245 164 2421 207 distentus;

1427 220 1548 244 commi
1564 222 1592 242 ι.

1473 263 1520 285 11.
1555 252 1963 286 BARTHOLOMAEUS
2005 252 2290 286 MANZOLIUS
2333 253 2426 287 Mar-

1424 296 1502 330 chio
1526 320 1535 334 ,
1569 298 1601 328 &
1624 295 1755 342 Senator¹
1778 294 1985 328 Bononiensis
2016 294 2211 338 gravissimus
2233 319 2246 337 ,
2275 296 2302 328 is
2325 306 2423 338 quem

1424 337 1572 373 Valsalva
1596 341 1610 377 (
1633 349 1654 379 z
1677 340 1717 376 )‚
1754 340 1870 381 &sego
1902 341 1916 377 (
1936 351 1955 371 a
1977 342 1990 377 )
2023 338 2066 371 ob
2089 338 2210 371 colores
2233 338 2390 380 quosdam
2412 361 2427 379 ‚

1422 381 1577 425 mirasque
1599 380 1678 414 alias
1701 379 1842 421 species,
1863 380 1930 426 ejus
1952 382 2054 414 oculis
2065 381 2283 422 obversantes,
2306 393 2429 415 memo-
2466 417 2468 419 ,

1423 427 1560 459 ravimus
1583 446 1593 462 ,
1628 424 1752 456 caeteris
1773 435 1844 466 quoe
1868 435 1939 457 tum
1962 423 2059 466 presse
2074 447 2088 465 ,
2125 427 2158 457 δε
2181 425 2291 457 leviter
2314 425 2429 467 attigi·
2466 464 2468 468 ,

1423 480 1515 509 mus,
1537 465 1752 500 incommodis
1776 465 1814 499 ad
1837 465 1922 501 hunc
1946 467 2080 501 modurn
2112 467 2154 500 est
2186 467 2393 502 conflie‘tatus
2413 492 2423 500 .

1418 513 1494 558 Jam
1516 512 1597 544 olim
1611 534 1624 551 ,
1646 520 1721 557 qum
1744 517 1819 544 aetas
1844 512 1987 552 vigeret,
2009 523 2043 543 ea
2065 511 2344 554 expe&oraverat‚
2366 509 2429 544 iis-

1422 567 1482 596 que
1506 553 1594 587 simul
1620 551 1787 586 astefflbus
1809 562 1975 595 correptus
2008 553 2130 592 suerat,
2155 564 2191 587 ut
2215 552 2338 587 Medici
2361 553 2429 588 duo

1423 597 1608 631 nobilislirni
1633 595 1788 635 Fabrius,
1809 598 1841 629 &
1864 596 2066 638 Malpighius
2101 597 2297 640 phthisicum
2319 596 2430 630 crede-

1425 653 1508 676 rent.
1535 638 1643 673 Evasit
1666 647 1791 672 tamen.
1819 638 1963 672 Calculis
1986 640 2100 674 deinde
2133 641 2291 675 obnoxius
2326 649 2393 673 erat
2415 664 2424 672 .
2471 645 2483 666 ἓ

1423 686 1472 716 lta
1495 683 1596 716 senior
1620 681 1720 716 s'assus
1741 681 1943 723 vertiginosis
1967 706 1979 722 ,
2013 683 2144 727 aliisque
2165 684 2198 718 id
2220 694 2319 726 genus
2340 683 2428 725 capi-

1421 729 1463 760 tis
1487 725 1710 759 affectionibus
1735 724 1825 757 sexto
1847 733 1917 757 ante
1939 736 2077 760 mortem
2100 727 2348 761 anner'tentatus
2363 724 2425 760 est.

1421 773 1510 804 Intra
1533 768 1733 802 noviffimum
1755 777 1884 808 autem,
1907 779 2000 811 quem
2024 771 2107 803 vixit
2131 794 2143 810 ,
2177 781 2291 804 annum
2315 770 2427 803 leviter

1418 812 1573 855 quidem,
1598 811 1647 845 sed
1672 810 1854 853 frequenter
1877 821 1946 845 tum
1968 812 2185 854 convulsivis,
2207 823 2277 847 tum
2301 814 2428 856 paraly-

1419 857 1494 889 ticis
1519 854 1691 889 insultibus
1714 852 1965 896 prehendebatur
1985 879 1996 895 ,
2031 864 2164 899 torpore
2186 857 2358 899 praes'ertim
2380 855 2429 889 la-

1418 901 1493 932 teris
1517 901 1621 932 totius
1646 898 1746 931 modo
1768 896 1918 937 dexteri,
1941 898 2039 932 modo
2063 899 2202 940 sinistri,
2236 900 2426 943 plerumque

1417 952 1522 976 autem
1546 941 1683 977 sinistri:
1707 952 1800 983 quem
1825 951 2014 983 torporem,
2036 954 2110 976 cum
2127 943 2258 985 majoris
2282 944 2428 986 aliquan-

1415 985 1458 1018 do
1483 986 1558 1019 mali
1582 986 1737 1019 incuteret
1762 994 1883 1017 metum
1901 1007 1913 1024 ,
1947 985 2073 1026 sanguis
2096 998 2133 1019 ex
2156 985 2291 1019 brachio
2315 997 2425 1030 oppo-

1415 1028 1476 1062 fito
1500 1026 1605 1062 missus
1632 1051 1643 1068 ,
1675 1027 1768 1060 illico
1791 1027 1905 1060 levavit
1929 1051 1936 1058 .
1973 1028 2176 1062 Difficultate
2198 1040 2325 1073 quoque
2360 1029 2426 1072 spi-

1416 1071 1504 1105 randi
1527 1070 1690 1104 interdum
1714 1071 1888 1104 vexabatur
1908 1096 1914 1102 .
1948 1070 2053 1105 Postea
2078 1072 2285 1106 intumescere
2316 1083 2428 1115 coepe-

1413 1124 1487 1149 runt
1510 1126 1599 1148 crura
1614 1139 1622 1152 ‚
1644 1118 1673 1146 &a
1699 1113 1835 1155 denique
1857 1113 2029 1147 exulcerari
2051 1138 2064 1155 ,
2098 1117 2131 1148 &
2155 1126 2269 1158 aquam
2292 1115 2425 1149 emitte-

1413 1170 1443 1191 re
1468 1182 1475 1189 .
1511 1160 1638 1191 Verum
1676 1167 1741 1190 uno
1765 1156 1864 1190 ferme
1887 1166 1957 1189 ante
1981 1158 2109 1191 obitum
2132 1159 2236 1192 mense
2260 1158 2427 1193 detumue-

1413 1211 1482 1235 rant
1495 1214 1508 1247 ε.
1526 1212 1591 1244 quo
1615 1210 1757 1241 tempore
1781 1201 1871 1234 urina
1895 1211 2022 1243 quoque
2045 1202 2221 1237 imminuta
2246 1202 2287 1236 est
2309 1227 2316 1235 .
2341 1200 2424 1235 Affi-

1414 1245 1474 1278 dua
1496 1255 1560 1287 Jam
1582 1253 1649 1276 erat
1673 1243 1802 1288 spiritus
1827 1242 1999 1277 difficultas
2019 1268 2031 1284 ,
2064 1245 2099 1277 in
2120 1256 2214 1288 eaque
2237 1245 2427 1279 difficultate

1415 1286 1563 1321 molestus
1596 1285 1726 1330 quidam
1750 1286 1852 1321 sensus
1878 1309 1890 1327 ,
1919 1285 2009 1329 cujus
2043 1286 2145 1321 sedem
2179 1288 2218 1322 ad
2241 1298 2303 1322 tres
2333 1288 2427 1331 supra

1415 1330 1606 1365 umbilicum
1629 1329 1775 1371 digitos,
1804 1328 2002 1363 sedinte-rius
2020 1355 2028 1369 ,
2051 1330 2345 1375 aegerdesignabat,
2367 1341 2429 1365 un-

1414 1374 1452 1408 de
1475 1385 1625 1422 quoque,
1649 1372 1750 1416 ajebat
1773 1399 1780 1412 ‚
1817 1371 2020 1406 affectionem
2043 1375 2185 1417 incipere
2204 1398 2218 1416 ,
2253 1377 2285 1408 δε
2308 1373 2431 1408 sursum

1414 1419 1500 1465 quasi
1524 1415 1889 1459 efferri-quotiescunque
1913 1418 2073 1458 gravioris
2087 1417 2305 1461 respirationis
2328 1416 2431 1451 acces-

1416 1461 1460 1493 sio
1483 1459 1545 1503 jam
1568 1459 1632 1503 jam
1657 1460 1859 1493 immineret.
1885 1460 1988 1494 Nulla
2012 1469 2118 1494 tamen
2143 1461 2237 1503 sitis,
2262 1462 2368 1498 nullus
2393 1462 2429 1494 in

1415 1503 1545 1538 thorace
1568 1502 1718 1547 ponderis
1740 1526 1748 1540 ,
1774 1512 1831 1536 aut
1852 1504 1895 1535 rei
1920 1503 2175 1539 alterius—sensus
2195 1530 2208 1546 ‚
2241 1503 2323 1538 unde
2346 1514 2429 1547 aeger

1414 1547 1579 1586 crederet,
1602 1558 1715 1589 aquam
1737 1545 1793 1579 sibi
1818 1546 1850 1578 in
1874 1546 1962 1580 illius
1986 1558 2069 1579 cavo
2091 1548 2262 1583 colleetarn
2284 1546 2365 1586 esse3
2388 1555 2426 1582 ut

1417 1591 1577 1633 Medicis,
1601 1590 1631 1622 id
1658 1589 1907 1632 suspicantibus,
1933 1590 1960 1622 se
1985 1588 2126 1624 assentiri
2150 1591 2257 1634 posse,
2279 1600 2430 1634 negaret3

1413 1633 1467 1667 *sed
1501 1631 1699 1666 convulsivos
1733 1632 1842 1664 mallet
1879 1632 2019 1666 incusare
2053 1635 2227 1672 ventriculi
2263 1632 2392 1668 affectus
2414 1657 2430 1676 ‚

1414 1676 1530 1719 quibus
1553 1677 1649 1709 etiam
1673 1675 1835 1714 interdum
1860 1675 2019 1709 obnoxius
2055 1675 2157 1712 fuerat
2182 1702 2190 1709 .
2226 1680 2350 1711 Interea
2374 1677 2449 1716 ab·;

1413 1721 1528 1753 domen
1565 1717 1794 1753 intumescebat
1820 1731 1828 1750 :
1861 1721 1894 1750 ἃ
1925 1718 2145 1754 convulsiones
2177 1732 2251 1755 cum
2283 1721 2427 1755 balbutie

1410 1764 1618 1802 exercebant,
1643 1763 1769 1796 ultimis
1792 1760 1968 1803 praesertim
1990 1761 2100 1796 diebus
2126 1788 2133 1795 .
2170 1765 2262 1804 Quin
2288 1763 2427 1799 biduum

1411 1817 1588 1840 extremum
1613 1806 1848 1839 balbutientem
1865 1829 1873 1843 ,
1896 1807 1928 1837 &
1951 1805 2054 1838 aliena
2079 1805 2142 1840 fere
2167 1807 2425 1850 loquentem‚&

1408 1859 1503 1892 caput
1529 1849 1681 1889 subinde,
1705 1847 1789 1893 quasi
1813 1848 1949 1890 amplius
1974 1847 2121 1883 sustinere
2144 1861 2209 1883 non
2222 1848 2321 1893 posset
2336 1875 2349 1892 ,
2372 1851 2428 1885 de-

1408 1897 1592 1927 mittentem
1613 1915 1623 1930 ,
1660 1895 1796 1925 acriores
1819 1913 1831 1930 ‚
1848 1902 1934 1933 ,quae
1959 1903 2034 1926 cum
2057 1891 2252 1927 distortione
2279 1895 2347 1927 oris
2370 1894 2428 1928 de-

1411 1949 1501 1970 mum
1523 1937 1708 1977 ingruerant
1732 1962 1742 1976 ,
1774 1933 1991 1968 convulfiones
2018 1937 2139 1970 Virum
2172 1937 2427 1972 Nobilissimum

1411 1979 1620 2014 sustulerunt.
1756 1977 1962 2012 VENTER
1987 1978 2041 2012 etfi
2066 1980 2099 2012 in
2134 1990 2426 2025 mortuo-quoque

1411 2024 1552 2056 tumebat
1576 2045 1588 2061 ,
1623 2021 1820 2064 subjeftique
1854 2021 1919 2052 coli
1952 2021 2117 2056 involucra
2155 2023 2290 2067 aquosus
2316 2034 2427 2061 tumor

1411 2065 1627 2101 distendebat,
1652 2076 1751 2107 neque
1775 2066 1859 2096 inter
1894 2065 2064 2106 inguinum
2099 2067 2320 2110 integumenta
2345 2079 2430 2117 aqua

1410 2109 1518 2142 deerat
1541 2121 1552 2147 3
1588 2106 1672 2140 nihil
1698 2110 1805 2140 tamen
1828 2106 1883 2138 ille
1904 2131 1913 2147 ,
1949 2116 2004 2140 aut
2027 2118 2113 2142 certe
2147 2121 2315 2153 perparum
2338 2111 2428 2146 estufi

1410 2151 1524 2186 habuit
1548 2151 1696 2185 humoris
1717 2173 1725 2181 .
1762 2149 1892 2182 Scilicet
1919 2161 1986 2182 aere
2012 2151 2137 2185 tumida
2161 2153 2309 2188 intestina
2331 2165 2427 2190 extu-

1409 2197 1518 2229 berans
1543 2194 1700 2228 abdomen
1734 2191 1901 2227 effecerant
1927 2218 1935 2227 .
1970 2194 2079 2236 Hepar
2104 2199 2134 2229 δι
2160 2197 2294 2238 colore,
2317 2201 2349 2231 &
2372 2198 2428 2232 fir..

1410 2239 1568 2272 mitudine
1591 2246 1657 2270 erat
1681 2246 1768 2281 extra
1791 2246 1911 2269 naturae
1935 2236 2094 2277 modurn3
2119 2238 2168 2272 sed
2194 2240 2308 2273 leviter
2326 2264 2334 2273 .
2360 2242 2429 2276 Re.

1409 2285 1458 2315 nis
1484 2291 1591 2315 autem
1617 2281 1780 2322 utriusque
1805 2280 1905 2321 pelvis
1930 2281 2072 2314 calculos
2096 2283 2273 2325 gratiosos,
2296 2287 2328 2318 &
2351 2284 2430 2319 sub-

1413 2326 1511 2360 flavos
1533 2322 1739 2357 continebat.
1766 2322 1838 2354 Nec
1861 2323 1955 2364 plura
1978 2325 2011 2356 in
2035 2335 2143 2358 ventre
2167 2326 2396 2362 adnotavimus
2421 2353 2431 2359 .

1544 2366 1682 2400 Thorax
1706 2376 1782 2399 vero
1804 2367 1944 2399 maxima
1970 2377 2062 2409 aquae
2088 2369 2120 2400 vi
2143 2371 2293 2412 utrinque
2317 2372 2427 2414 plenus

1412 2410 1477 2444 fuit
1498 2434 1510 2451 ,
1542 2413 1574 2443 δε
1597 2410 1631 2442 in
1655 2408 1713 2443 hac
1737 2408 1899 2451 pulmones
1925 2419 1963 2441 ex
1985 2420 2148 2451 purpureo
2180 2413 2393 2455 nigrescentes
2418 2438 2428 2451 ,

1411 2454 1567 2497 nusquam
1589 2462 1695 2485 tamen
1719 2452 1792 2486 duri
1815 2474 1825 2489 ,
1859 2460 1914 2484 aut
1937 2452 2114 2486 cicatricosi
2134 2476 2145 2492 ,
2176 2458 2208 2488 δε
2250 2458 2306 2489 vix
2339 2467 2427 2501 parte

1414 2499 1519 2540 aliqua
1537 2520 1550 2536 ,
1574 2507 1669 2539 eaque
1693 2494 1844 2533 modica,
1869 2495 1983 2537 pleurae
2007 2499 2119 2530 annexi
2145 2522 2153 2529 .
2181 2499 2218 2531 In
2243 2500 2427 2541 pericardio

1414 2542 1517 2575 serum
1541 2540 1706 2578 multum,
1729 2538 1762 2570 in
1786 2548 1887 2580 eoque
1909 2549 1966 2571 cor
1989 2539 2097 2572 laxius
2121 2566 2131 2581 ,
2166 2552 2202 2574 ac
2227 2543 2324 2576 latius
2350 2569 2360 2585 ‚
2393 2547 2429 2578 δε

1415 2585 1454 2617 ad
1479 2582 1572 2627 hujus
1597 2581 1812 2615 ventriculum
1835 2580 2000 2615 dexterum
2025 2585 2192 2617 concretio
2226 2587 2343 2628 exigua
2366 2598 2428 2630 po-

1416 2626 1547 2670 lyposa.
1681 2625 1828 2659 Calvaria
1860 2625 1997 2668 denique
2020 2626 2136 2660 reclusa
2167 2651 2179 2668 ,
2213 2629 2317 2663 multa
2339 2632 2428 2663 inter

1417 2672 1582 2712 meninges
1606 2680 1683 2712 aqua
1704 2690 1714 2707 ,
1749 2679 1814 2701 non
1839 2678 1936 2710 pauca
1969 2669 2003 2701 in
2036 2670 2156 2703 cerebri
2194 2670 2390 2707 anfractibus
2414 2697 2427 2713 ,

1417 2713 1472 2748 ubi
1497 2712 1591 2756 paulo
1614 2710 1807 2754 glutinosior
1827 2711 1992 2744 videbatur
2013 2735 2027 2752 ,
2057 2715 2212 2748 nonnulla
2237 2718 2335 2749 etiam
2367 2728 2428 2751 co-

1418 2759 1473 2800 pia
1496 2757 1534 2790 ad
1558 2755 1680 2796 basim,
1703 2754 1856 2788 nonnulla
1880 2756 1912 2786 in
1924 2756 2110 2790 ventriculis
2125 2781 2132 2788 .
2159 2757 2344 2793 Choroides
2356 2760 2425 2803 ple-

1418 2812 1477 2834 xus
1501 2799 1647 2842 palliduli
1668 2822 1681 2839 ,
1712 2800 1746 2831 in
1770 2798 1870 2841 iisque
1900 2796 2040 2834 vesiculae
2064 2800 2188 2846 aliquot
2226 2812 2385 2838 tumentes
2410 2830 2424 2837 ..

1420 2845 1594 2877 Cerebrum
1617 2841 1687 2884 ipsu
1702 2854 1734 2875 m
1757 2841 1882 2875 laxius.

1465 2897 1513 2920 12,
1538 2888 1583 2919 Iis
1605 2897 1676 2928 qute
1700 2887 1733 2917 in
1758 2885 1818 2917 hoc
1841 2884 1986 2918 cadavere
1999 2884 2147 2919 adnotata
2172 2887 2243 2921 sunt
2261 2913 2270 2929 ,
2292 2888 2425 2934 conspe-

1419 2930 1480 2963 Ctis
1498 2953 1511 2970 ,
1543 2932 1575 2962 &
1598 2940 1672 2962 cum
1697 2929 1801 2962 morbi
1823 2927 1956 2962 historia
1979 2929 2104 2963 collatis
2126 2954 2139 2971 ‚
2171 2930 2251 2964 adeo
2274 2932 2423 2967 Valsalva

1419 2985 1484 3006 non
1508 2972 1699 3012 dubitabat,
1723 2972 1828 3005 multo
1851 2980 1941 3004 antea
1964 2973 1996 3004 in
2021 2972 2148 3015 capite,
2171 2986 2266 3017 quam
2288 2971 2322 3007 iti
2346 2975 2423 3013 tho-

1418 3027 1508 3056 race,
1531 3015 1660 3049 effusam
1684 3026 1794 3058 aquam
1820 3013 1929 3051 fuisse,
1952 3025 1987 3048 ut
2009 3016 2170 3058 crederet,
2192 3026 2268 3052 tunc
2291 3020 2421 3053 demum

1417 3061 1451 3092 in
1476 3059 1537 3094 hoc
1560 3057 1678 3093 effundi
1704 3056 1856 3101 coepiffe,
1881 3069 1955 3091 cum
1977 3059 2059 3094 illud
2083 3059 2141 3095 'am
2164 3061 2235 3103 plus
2249 3060 2422 3096 admittere

1417 3114 1482 3136 non
1506 3102 1628 3146 posset,
1653 3101 1802 3135 videlicet
1826 3100 1912 3135 haud
1937 3103 2041 3135 multo
2063 3072 2148 3138 sicus
2173 3116 2269 3145 quam
2301 3108 2420 3149 capitis

1415 3146 1596 3181 vulneribus
1619 3146 1706 3187 puris
1728 3145 1821 3186 copia
1846 3144 2096 3181 redundantibus
2121 3171 2135 3189 ,
2172 3145 2267 3189 huius
2290 3161 2360 3192 pars
2387 3162 2422 3184 a-

1416 3190 1463 3223 lio
1484 3213 1494 3229 ‚
1529 3193 1562 3225 &
1585 3188 1745 3222 interdum
1779 3187 1817 3221 ad
1848 3187 2010 3223 thoracem
2041 3190 2147 3232 ipsum
2195 3192 2385 3227 transfertur
2406 3220 2418 3227 .

1545 3231 1633 3266 Mihi
1657 3230 1740 3265 illud
1763 3231 1874 3264 saltem
1899 3233 2029 3265 minime
2052 3232 2230 3276 negandum
2254 3235 2383 3274 videtur
2410 3261 2425 3280 ,

1416 3286 1496 3310 tunc
1530 3274 1724 3318 potiffimum
1759 3275 1794 3306 in
1817 3273 1950 3308 thorace
1977 3287 2090 3319 aquam
2112 3277 2294 3320 congestam
2324 3277 2382 3313 effe
2403 3305 2417 3321 ,

1412 3332 1484 3354 cum
1508 3317 1795 3352 detumescentibus
1818 3320 1961 3353 cruribus
1982 3343 1994 3360 ,
2029 3322 2059 3353 δι
2085 3323 2175 3353 urina
2208 3323 2380 3357 imminuta
2403 3348 2419 3366 ‚

1412 3363 1532 3408 assidua
1558 3361 1640 3395 faeta
1673 3360 1715 3394 es't
1744 3360 1883 3404 spirandi
1916 3362 2086 3396 difficultas
2112 3376 2123 3397 :
2158 3375 2340 3408 quanquam
2380 3367 2418 3403 ad

1413 3407 1492 3440 hanc
1517 3404 1646 3438 subinde
1669 3406 1847 3445 graviorem
1870 3404 2064 3438 efficiendam
2086 3407 2308 3442 convulsiones
2331 3420 2417 3451 quo-

1411 3460 1471 3493 que
1494 3447 1592 3482 videri
1616 3445 1740 3492 possunt
1764 3448 1960 3488 conveniss'e5
1984 3449 2147 3483 indicante
2170 3451 2231 3484 illo
2256 3450 2342 3485 sensu
2365 3454 2417 3487 in-

2252 3495 2373 3538 cipien.

435 3659 449 3687 C
467 3657 500 3688 s)
519 3660 532 3693 ’ἲ
551 3659 582 3691 f·
603 3660 661 3688 ΑΡΗ·
678 3668 714 3689 39
777 3663 790 3690 (
806 3669 816 3685 2
830 3662 844 3689 ⁶)
861 3662 942 3686 Meth.
960 3662 1026 3687 Med>
1045 3664 1062 3686 l.
1079 3673 1114 3690 1².
1130 3664 1155 3688 in
1172 3663 1214 3688 fin.

427 3692 436 3717 (
452 3697 470 3719 y
488 3694 496 3718 )
514 3689 583 3719 kpisi.
602 3697 621 3717 9v
641 3698 663 3712 n.
680 3699 702 3719 4.
720 3693 740 3715 Se
759 3692 832 3721 Epist.
850 3692 874 3717 in
891 3694 1013 3719 Samonic.
1034 3695 1052 3717 1.

1273 3662 1281 3693 s
1303 3671 1317 3685 ιι
1337 3660 1344 3692 )
1359 3669 1383 3685 n.
1400 3669 1423 3689 ‹²-

1115 3695 1129 3724 (
1145 3702 1163 3722 ζ
1178 3695 1185 3724 '3
1206 3692 1298 3718 niffen.
1320 3695 1392 3716 Anat.
1410 3699 1429 3715 z,

1487 3661 1502 3690 (
1516 3668 1532 3684 a·
1546 3660 1560 3689 )
1576 3658 1649 3687 Epist.
1667 3661 1688 3681 6.
1707 3666 1731 3682 n.
1749 3664 1783 3681 ιι.
1805 3665 1840 3686 13-
1857 3657 1880 3682 ἃ
1896 3657 1970 3687 Epist.
1987 3666 2008 3688 7.
2026 3665 2048 3682 u.
2069 3664 2106 3682 11.

1449 3699 1471 3716 n.
1489 3699 1510 3720 9.
1574 3691 1616 3719 (a
1636 3688 1732 3718 >Epist
1750 3689 1822 3714 Anat.
1842 3690 1879 3713 18.
1895 3697 1918 3712 n.
1931 3698 1962 3725 ὃ.
