2498 4075
1957 222 2014 258 12

81 281 157 325 'oat
207 281 254 323 in
301 281 451 324 animo
478 311 493 336 ,
542 279 742 324 edidiffet
781 282 962 333 ;'certe
1013 279 1104 336 ipso
1152 280 1331 332 dignam
1384 280 1582 324 futuram
1612 277 1760 322 ‘fuisse
1801 308 1814 332 ,
1866 280 1965 337 quae
2020 223 2112 335 {jus

83 350 269 406 vulgatis
319 352 494 410 Scriptis
543 350 785 407 interjetss'tae
836 351 935 395 sunt
982 349 1324 396 Observationes
1365 379 1379 402 ,
1430 352 1488 396 ad
1541 350 1586 396 id
1631 363 1766 405 genus
1825 350 2058 394 attinentes
2098 382 2112 406 ,

82 421 288 480 praeclare
336 422 567 467 ostendunt
606 453 616 463 .
673 421 1005 480 Ostenduntque
1056 421 1221 480 pariter
1273 433 1380 477 quas
1429 422 1515 465 suis
1568 422 1754 479 quisque
1809 420 1953 465 libris.
1978 421 2115 465 inter*

80 491 277 547 jecerunt
337 493 588 539 Praestantes
638 491 738 539 Viri
793 493 1070 550 Highmorus
1098 523 1112 550 :³
1160 488 1429 535 Warthonus
1470 522 1484 546 ,
1550 492 1784 536 Gliff'onius
1826 521 1840 545 ,
1896 492 2115 548 inprimi-ff

79 578 168 622 que
195 563 402 609 Willifius
431 593 445 617 ,
485 576 619 620 quam·
657 561 847 611 libenter
885 566 971 612 hac
1011 576 1188 623 quoque
1238 564 1283 605 in
1324 572 1448 620 parte
1487 564 1648 610 imitati
1689 562 1771 606 fint
1799 561 2008 606 'Harveii
2048 562 2114 607 la-

80 636 232 680 borem
256 669 266 678 .
310 635 480 678 Omitto
519 633 626 678 alios
667 663 681 689 2
734 638 784 682 ὃς
815 636 1056 693 praesertim
1108 637 1184 693 qui
1221 633 1331 692 vpost
1383 633 1478 678 illos
1520 634 1786 691 scripserunt
1829 651 1844 677 :
1895 647 2004 691 quos
2046 634 2114 676 in-

80 718 147 750 ter
194 706 372 753 laudare
431 705 594 762 poffem
654 705 935 763 quamplures
978 736 991 759 ,
1044 707 1090 749 in
1155 706 1309 764 hisque
1366 705 1597 758 Lowerum
1636 735 1650 759 ,
1704 705 1966 762 Cowperum
2002 734 2017 758 ,
2068 707 2112 747 δε

81 778 161 835 qui
201 792 270 822 me
299 779 341 820 &
374 776 602 820 honestare
631 808 644 827 ,
682 779 726 820 &
770 776 936 820 donare
986 777 1070 821 suis
1106 778 1283 834 Scriptis
1322 776 1559 821 voluerunt
1589 806 1603 831 ,
1645 776 1883 820 Meadium
1913 806 1925 829 ,
1966 775 2116 817 Coch-

81 849 293 894 burnium
324 876 337 899 ,
392 846 619 905 Ruttyum
660 878 670 888 .
726 846 802 890 Ab
854 861 907 891 eo
963 850 1079 891 enim
1114 858 1334 906 vtempore
1392 863 1449 896 ex
1509 861 1599 904 quo
1648 847 1788 905 Regia
1842 845 1921 889 ista
1976 843 2118 891 Socie-

81 930 146 963 tas
177 950 190 976 ,
231 918 412 975 aliaeque
441 947 455 972 ,
506 917 600 974 ejus
659 917 854 966 maxime
904 918 1110 974 exemplo
1161 921 1371 974 permotae'
1398 948 1412 971 ,
1463 907 1539 965 sua
1578 918 1623 960 in
1675 917 1903 978 publicum
1944 915 2119 959 emitte-0

80 1005 129 1036 re
176 991 292 1033 Aeta
337 1018 350 1041 ,
410 989 714 1047 Excerptaque
765 989 1043 1038 instituerunt
1073 1016 1087 1040 ,
1126 991 1348 1036 neminem
1389 988 1702 1045 propemodum
1755 987 1891 1031 latere
1933 986 2065 1044 potest
2105 1016 2119 1039 ,

88 1072 251 1119 quanta
304 1073 412 1103 cura
465 1050 649 1103 Medici
683 1062 847 1117 quique
897 1059 1106 1117 praecipui
1146 1090 1159 1114 ,
1211 1063 1253 1106 δέ
1310 1060 1516 1113 Chirurgi
1569 1073 1673 1101 cum
1724 1058 1824 1105 Itali
1865 1088 1879 1111 ,
1932 1058 2119 1100 Germa-

81 1133 129 1175 ni
159 1161 173 1185 ,
220 1130 378 1183 Galli,
422 1140 517 1173 tum
558 1133 729 1186 egregie
777 1119 930 1177 'meriti
973 1130 1193 1180 Vestrates
1234 1132 1484 1179 Anatomen
1535 1128 1656 1171 illam
1707 1128 1980 1172 excoluerint
2010 1158 2023 1181 ,
2064 1128 2120 1170 de

83 1217 171 1261 qua
210 1202 307 1249 ideo
356 1212 450 1244 tam
507 1200 687 1261 longum
735 1203 809 1249 hic
861 1202 1103 1250 sermonem
1155 1201 1371 1258 suscepi,
1425 1215 1512 1244 non
1562 1199 1681 1256 quod
1733 1200 1826 1244 haec
1878 1199 1985 1243 Tibi
2041 1198 2123 1241 mi-

81 1288 165 1317 nus
207 1287 344 1333 quam
385 1274 497 1319 mihi
539 1302 553 1330 ,
604 1274 781 1328 cognita
821 1274 999 1319 credam
1039 1283 1171 1334 atque
1208 1270 1433 1335 ΡεΓΓρεᾶει
1468 1287 1480 1322 ;
1521 1270 1594 1318 sed
1636 1279 1685 1313 ut
1722 1270 1778 1313 de
1822 1269 1939 1313 hisce
1980 1269 2123 1313 omni-

82 1346 165 1393 bus
207 1358 325 1391 nunc
381 1344 624 1399 recogitans
664 1374 678 1397 ,
731 1345 852 1393 haud
902 1343 1075 1390 mireris
1104 1372 1119 1396 ,
1176 1342 1207 1385 fi
1259 1342 1527 1399 propositum
1579 1354 1729 1386 meum
1783 1341 1827 1383 id
1868 1339 2125 1396 persequen-

88 1418 136 1464 di
165 1447 179 1474 ,
228 1416 348 1473 quod
389 1414 469 1460 nisi
519 1414 791 1459 utiliffimum
835 1415 950 1458 foret
980 1443 995 1468 ,
1045 1413 1235 1458 Medicae
1277 1412 1511 1461 Facultatis
1553 1411 1675 1471 Magi
1679 1412 1752 1454 st1i
1794 1425 1880 1454 non
1918 1411 2037 1453 omni
2081 1412 2126 1453 δέ

87 1501 286 1547 tempore
320 1518 333 1541 ,
376 1489 419 1529 &
460 1485 557 1528 loco
596 1484 765 1529 summa
807 1487 1087 1532 contentione
1119 1484 1412 1542 quaefiviffent
1443 1501 1455 1537 3
1499 1484 1621 1526 haud
1663 1483 1832 1526 mireris
1862 1512 1877 1535 ,
1916 1482 2124 1538 inquam,

82 1561 115 1604 fi
145 1558 414 1617 propositum
454 1558 539 1604 hoc
567 1569 717 1603 meum
747 1557 929 1603 minime
958 1555 1186 1615 indignum
1216 1555 1465 1618 putaverim
1493 1553 1613 1612 quod
1643 1554 1795 1610 Regiae
1823 1553 2025 1598 Societati
2054 1551 2123 1596 of·
2163 1602 2173 1611 ὅ

83 1634 278 1677 feratur.

146 1703 257 1759 Qua
287 1700 330 1745 in
360 1700 577 1757 opinione,
596 1699 835 1745 confirmor
862 1729 877 1759 ,
916 1714 1023 1745 cum
1052 1712 1117 1744 eae
1155 1715 1263 1759 quas
1303 1699 1540 1757 descriptas
1580 1698 1771 1744 exhibeo
1809 1728 1824 1753 ,
1877 1697 2010 1755 hujus
2050 1711 2125 1752 ge-

89 1775 204 1819 neris
245 1771 584 1815 Observationes
626 1784 713 1814 non
747 1784 775 1814 a
814 1785 885 1815 me
923 1786 1013 1816 uno
1041 1801 1057 1828 ,
1095 1772 1168 1817 secl
1208 1774 1328 1817 haud
1368 1761 1507 1830 parva
1536 1785 1596 1815 ex
1624 1782 1745 1830 parte
1784 1770 1843 1814 ab
1886 1770 1984 1814 aliis
2015 1769 2124 1822 sint,

72 1849 129 1890 ⁴&
170 1843 435 1888 nominatim
463 1855 490 1889 a
524 1840 705 1886 Medico
734 1870 749 1896 ,
787 1841 1013 1899 Chirurgo
1035 1873 1049 1898 ,
1095 1845 1359 1888 Anatomico
1400 1843 1646 1887 Clariffimo
1676 1871 1690 1895 ‚
1733 1846 1777 1890 &
1821 1841 2041 1887 Societatis
2080 1854 2126 1882 e·-

86 1915 254 1973 jusdem
288 1945 302 1972 ,
341 1927 445 1958 cum
484 1912 658 1958 viveret
688 1944 702 1969 ,
743 1913 930 1968 Sodali,
968 1915 1165 1963 Antonio
1206 1915 1359 1958 Maria
1400 1913 1632 1962 Valsalva.
1667 1913 1810 1970 Cujus
1852 1913 2035 1969 egregiis
2065 1911 2127 1955 la-

82 1986 263 2034 boribus
305 2001 359 2032 ne
401 1983 518 2031 idem
558 1984 672 2028 forte
716 1985 963 2039 accideret,
992 1986 1113 2044 quod
1153 1995 1218 2030 tot
1259 1986 1448 2030 aliorum
1488 1985 1689 2030 accidisse
1724 1986 1974 2030 dolemus·
1963 2018 1975 2036 ,
2016 1997 2128 2027 meae

82 2073 171 2105 non
212 2057 346 2104 modo
397 2056 443 2100 in
486 2054 819 2112 Praeceptorem
845 2058 1027 2115 pietatis
1053 2089 1067 2113 ,
1108 2057 1183 2101 sed
1231 2061 1274 2100 δε
1314 2057 1526 2102 Studiosos
1576 2056 1817 2113 adjuvandi
1871 2056 2126 2114 cupiditatis

83 2130 170 2175 effe
209 2129 321 2174 duxi
366 2127 411 2172 id
451 2126 598 2171 facere
640 2128 763 2183 quod
805 2128 836 2171 fi
867 2129 1059 2172 Andreae
1091 2127 1279 2181 Vesalii,
1311 2128 1428 2172 Petri
1468 2127 1646 2172 Castelli
1676 2160 1690 2184 ,
1735 2128 1965 2175 Guilielmi
2007 2126 2128 2171 Har-

82 2202 173 2246 veii
214 2197 418 2257 discipuli
457 2197 564 2242 olim
600 2198 749 2242 ,facere
789 2200 1024 2255 potuissent
1052 2214 1065 2250 ;
1107 2213 1248 2258 neque
1290 2200 1408 2258 apud
1442 2187 1662 2249 „Ioannem
1703 2201 2022 2256 Schenckium,
2052 2212 2129 2243 ne-

83 2287 172 2332 que
212 2271 330 2327 apud
372 2261 676 2324 Theophilum
718 2269 934 2314 Bonetum
964 2300 978 2326 ,
1020 2284 1163 2328 neque
1204 2271 1323 2327 apud
1365 2271 1590 2314 Thomam
1629 2271 1944 2318 Bartholinum
1969 2285 2129 2330 quere-

84 2343 148 2388 las
191 2340 433 2398 justissimas
476 2338 719 2394 legeremus
756 2342 812 2385 de
857 2340 1133 2397 irreparabili
1187 2341 1359 2396 jaetura
1398 2354 1425 2384 a
1475 2342 1666 2386 Medicis
1706 2343 1825 2388 faeta
1868 2346 1914 2387 iu
1952 2343 2128 2402 posthu-

85 2414 171 2459 mis
223 2410 405 2468 hujusce
458 2414 629 2466 generis
677 2412 815 2455 trium
868 2410 1044 2456 illorum
1086 2412 1295 2469 Scriptis.
1339 2412 1603 2457 Schenckius
1656 2414 1775 2458 enim
1830 2416 2033 2473 perhibet
2085 2415 2130 2456 in

87 2483 215 2530 Praef.
267 2483 325 2528 ad
362 2481 548 2526 Observ.
597 2482 821 2526 Vesalium
875 2482 998 2539 Opus
1041 2482 1232 2526 alterum
1274 2484 1593 2527 Anatomicum
1644 2486 1938 2543 conscripsisse
1981 2517 1995 2541 ,
2042 2499 2130 2543 quo

86 2554 162 2600 vel
217 2569 267 2597 ex
318 2551 481 2595 occultis
530 2551 796 2616 diuturnisque
846 2552 988 2597 morbis
1022 2555 1307 2597 demortuorum
1361 2569 1558 2611 corporum
1615 2550 1872 2616 difficffiouum
1928 2559 1992 2602 Hi
2028 2560 2131 2602 orias

77 2620 267 2690 fufiffime
309 2621 529 2680 complexus
556 2621 738 2687 fueram
781 2625 970 2670 Bonetus
1011 2636 1159 2669 autem
1214 2627 1259 2668 in
1302 2624 1427 2668 Praef.
1458 2627 1514 2668 ad
1566 2627 1787 2684 Sepulchr.
1834 2630 1998 2674 indicat
2049 2634 2125 2690 qui

88 2699 343 2744 Romanurn
387 2693 670 2740 Profefforem
706 2695 953 2740 Castellum
1004 2698 1215 2741 ducentas
1269 2697 1366 2741 suas
1415 2697 1732 2752 ejusdemmodi
1785 2700 2127 2747 Observationes

89 2769 309 2812 editurum
338 2764 462 2811 fuiffe
491 2795 505 2819 ,
545 2766 742 2810 scribunt
765 2799 775 2809 .
822 2767 878 2812 Et
919 2769 1018 2812 sane
1060 2767 1278 2812 Castellus
1319 2769 1407 2826 ipse
1461 2771 1506 2811 in
1547 2769 1740 2825 Epistola
1790 2786 1889 2828 quae
1927 2773 2126 2818 Panaroli

85 2836 407 2892 Jatrologismis
445 2836 628 2895 praefixa
662 2837 722 2881 est
752 2868 766 2893 ,
810 2843 849 2884 in
890 2856 970 2883 meo
1015 2838 1255 2895 Sepulchreto
1286 2870 1299 2893 ,
1352 2840 1495 2898 inquit
1520 2870 1534 2893 ,
1574 2840 1632 2883 bis
1673 2856 1846 2885 centenus
1884 2841 2129 2904 observatio-

91 2928 154 2957 nes
179 2940 193 2964 ,
233 2912 272 2952 in
313 2908 572 2953 cadaveribus
613 2926 638 2952 a
677 2926 736 2953 me
767 2908 911 2974 fastus
940 2942 954 2965 ,
996 2907 1167 2969 reposui,
1197 2910 1297 2968 quod
1335 2915 1421 2954 Deo
1461 2912 1573 2956 dame
1733 2916 1836 2970 typis
1864 2913 1958 2958 dabo
1990 2949 2000 2958 .
2040 2917 2110 2960 De

93 2984 227 3040 nique
273 2979 470 3022 Thomas
511 2980 797 3026 Bartholinus
837 2985 883 3026 in
924 2982 1084 3027 Consil.
1109 2981 1181 3026 >de
1205 2984 1339 3026 Anat.
1372 2983 1510 3027 Praei.
1553 2998 1610 3027 ex
1648 2986 1898 3030 cadaverib.
1940 2989 2125 3033 morbos.

92 3051 351 3100 adornanda
382 3081 396 3105 ,
433 3052 487 3098 ad
517 3053 638 3109 quod
680 3053 790 3098 Asta
821 3056 970 3110 Regiae
1006 3054 1125 3097 istius
1167 3055 1385 3099 Societatis
1425 3054 1514 3109 jam
1554 3065 1650 3100 tum
1691 3071 1893 3115 utramque
1943 3062 2126 3115 pagiuam

95 3124 253 3183 implere
282 3154 296 3179 ,
337 3123 476 3178 dixit,
503 3126 558 3170 de
598 3125 800 3171 Harveio
842 3128 935 3170 haec
976 3126 1108 3170 habet
1141 3141 1151 3169 :
1192 3124 1517 3182 &comparabilis
1555 3130 1738 3189 Naturae
1775 3129 1920 3192 AAysta
1950 3129 2126 3173 Guiliel-

95 3214 178 3244 mus
219 3196 430 3246 Harvejus
469 3226 483 3251 ,
535 3195 692 3253 Angliae
734 3197 956 3242 immortale
998 3198 1107 3242 decus
1131 3226 1146 3250 ,
1196 3196 1298 3240 haud
1347 3196 1424 3241 ulli
1466 3196 1642 3243 Veterum
1692 3202 1846 3244 virtute
1890 3197 2079 3263 ficundus
2106 3229 2122 3253 ,

101 3270 352 3328 cogitationes
390 3263 481 3327 suas
521 3270 623 3311 inter
661 3268 745 3313 alia
776 3267 972 3333 faventia
998 3267 1135 3330 studia
1163 3268 1214 3311 ad
1236 3267 1332 3311 hanc
1363 3270 1583 3313 Anutomen
1612 3275 1779 3328 partitus
1800 3269 1938 3333 fertur
1967 3273 1979 3323 (
2009 3274 2124 3328 imo,

99 3351 150 3388 ut
190 3338 321 3397 paulo
362 3349 464 3383 ante
501 3340 617 3394 dixi,
645 3342 833 3399 partitus
875 3340 1064 3396 fuerat)
1093 3334 1168 3398 fid
1195 3370 1209 3394 ,
1248 3335 1367 3398 tufi-1⁰0
1408 3357 1477 3397 quo
1505 3339 1601 3399 fato
1631 3373 1644 3396 ,
1673 3340 1784 3406 spem
1820 3341 2015 3398 publicum
2049 3348 2124 3388 im-

105 3410 208 3468 plerss
251 3426 322 3453 nou
364 3412 490 3467 potuit
519 3443 529 3453 .
573 3413 690 3457 Mihi
714 3411 876 3471 fimi-’lia
916 3416 1086 3458 teutuuti
1135 3411 1259 3457 illuzt
1296 3410 1525 3467 Vulcanus,
1567 3420 1671 3470 Opus
1709 3444 1722 3467 ,
1772 3423 1821 3456 ut
1862 3429 1967 3459 mox
2015 3420 2079 3461 ait
2108 3448 2123 3472 ,

100 3496 187 3539 pene
228 3481 441 3547 confestum
481 3485 576 3527 XX.
617 3500 806 3528 cim-torum
844 3485 1172 3529 lucubrationibus
1201 3516 1215 3539 ,
1246 3480 1496 3549 fiabripiendo
1517 3504 1534 3539 ,-
1574 3499 1621 3532 ut
1660 3501 1759 3544 quae
1800 3487 1993 3543 pericula
2031 3499 2124 3535 tarn

101 3553 310 3609 gravibus
340 3584 354 3607 ,
394 3554 701 3612 diuturnisque
733 3556 982 3610 laboribus,
1025 3557 1277 3604 viventibus
1305 3587 1318 3610 ,
1359 3556 1520 3600 nedum
1558 3560 1740 3603 mortuis
1768 3589 1782 3613 ,
1818 3560 1893 3615 qui
1934 3561 2124 3616 pertule-

101 3635 205 3671 runt
234 3656 248 3681 ,
293 3626 551 3671 immineant
581 3657 595 3681 ,
636 3641 786 3673 omnes
825 3629 1119 3684 intelligamus
1146 3661 1158 3673 .
1201 3632 1309 3687 Quo
1350 3630 1487 3682 magis
1526 3645 1596 3674 me
1635 3630 1755 3687 juvat
1807 3630 2000 3677 officium
2041 3636 2126 3680 hoc

1360 3720 1363 3722 ,
1960 3704 2069 3746 prae-
