2498 4075
435 105 563 161 lvnt

452 226 586 259 XXVII.
611 226 661 258 28.

495 269 552 303 Eae
574 268 707 311 pustulae
730 282 835 314 quarn
858 271 988 307 funestae
1012 272 1092 304 fint.
1121 275 1258 305 XXVII.
1282 286 1333 317 30.

362 309 513 348 Arterias
530 312 758 389 ὶοζίξζεδςῌίεᾶεε
783 317 843 360 qui
867 317 949 351 olim
972 315 1175 350 observarint
1200 341 1207 350 .
1243 320 1368 353 XVIII.

496 378 503 385 -
665 384 672 390 .
700 366 712 390 1
741 384 750 392 .

449 365 536 432 33In
547 410 656 435 earum
674 370 792 438 tufficis
809 402 951 437 duriores
960 405 1185 438 concretiones
1194 415 1266 447 quae
1277 404 1368 439 osleae

535 441 620 484 fint,
643 446 676 477 &
698 456 772 487 quae
784 444 948 489 tophaceae
963 471 971 479 .
997 448 1136 478 XXVII.
1164 458 1214 480 20.
1238 448 1367 491 &seqq.

450 484 580 523 Harum
602 490 852 524 concretionum
876 488 999 523 causae.
1024 491 1131 522 XVII.
1160 502 1209 533 24.
1235 492 1361 526 XVIII.

539 542 593 576 31.
618 533 649 563 ὃ(
674 531 760 576 seqq.
787 533 925 565 XXVII.
950 542 1000 565 21.
1027 535 1058 564 &
1084 533 1169 574 seqq.

579 574 739 617 Qaedam
764 586 830 609 non
854 577 1011 617 probata.
1040 577 1168 608 XVIII.
1195 587 1245 615 29.

577 619 641 651 Pro
666 617 933 658 Boerhaaviana,
956 620 1130 654 nonnulla.
1158 620 1285 656 XVIII.
1308 632 1361 666 31.

619 664 654 694 &
680 660 766 707 seqq.
792 663 931 695 XXVII.
956 673 1006 705 27.

489 704 529 741 Id
554 705 672 739 vitium
694 705 728 738 in
753 716 815 738 anu
833 727 843 741 ‚
866 706 1082 749 nonagenaria
1118 705 1236 748 majori
1257 731 1271 748 ,
1306 709 1364 744 vix

535 748 658 783 ullum.
684 748 825 781 LXVII.
853 758 901 781 11.

575 803 641 835 quo
665 790 801 824 inferius
823 791 1054 831 descendebat,
1078 804 1116 827 eo
1129 792 1233 836 majus
1245 793 1361 830 fiebat.

622 835 755 869 LXVII.
783 845 831 878 14.
859 845 907 878 15.

576 886 738 951 ςυὲῐέᾟῐιῃ
781 877 1078 954 οὺῦὲΧὲῗῗςυὶῃίς
1110 880 1321 916 circulationi
1347 892 1359 918 ;

728 944 734 951 .
760 932 813 965 32.
966 948 974 956 .
998 932 1043 962 ¹5·

571 974 735 1043 quantur?3
755 968 786 1000 ei
810 966 969 1001 tribueret
993 967 1185 1000 Santorinus
1202 993 1209 1000 .
1238 969 1356 1002 XXVI.

569 1020 641 1095 qu}
679 1020 820 1087 r{media
863 1053 1038 1087 convenire
1083 1062 1162 1088 tunc
1208 1054 1324 1098 poffint
1348 1080 1357 1089 .

619 1097 756 1130 XXVII.
782 1107 836 1141 30.

569 1139 704 1174 maculae
727 1152 799 1183 quae
822 1139 953 1174 illarum
977 1140 1224 1174 concretionum
1258 1142 1354 1176 initia

610 1182 682 1226 sunt
696 1205 705 1219 ,
728 1195 824 1227 quam
848 1182 952 1218 sedern
963 1183 1103 1218 habeant
1116 1186 1170 1224 ,&
1183 1194 1351 1220 naturam.

616 1228 752 1260 XXVII.
779 1230 832 1259 26.
860 1237 912 1271 ²7·

350 1268 559 1306 Arretinum
594 1269 731 1305 internae
765 1269 1024 1305 exulcerationes
1054 1281 1128 1305 cum
1161 1271 1251 1305 duris
1283 1271 1350 1306 illis

432 1312 716 1354 concretionibus,
738 1316 771 1348 &
794 1314 835 1349 ab
856 1314 923 1349 illis
946 1311 1037 1349 faetae
1066 1327 1073 1348 :
1108 1318 1140 1351 δε
1162 1315 1225 1349 fine
1248 1316 1317 1349 illis
1339 1341 1349 1350 .

434 1356 575 1392 XXVII.
598 1366 648 1390 22.
674 1369 725 1400 24.
749 1367 802 1399 25.

524 1400 594 1438 Qi
607 1400 648 1434 ab
659 1401 724 1435 illis
736 1400 835 1436 faetas
846 1411 939 1435 antea
950 1403 1348 1447 agnoverint.XXVII.24.

524 1445 645 1517 Magn}
670 1445 773 1519 abHiis
805 1445 1096 1481 exulcerationibus
1131 1445 1345 1480 detrimenta.

648 1491 702 1518 XV
746 1514 754 1522 .
779 1500 794 1522 2
824 1514 832 1521 .

349 1531 553 1565 Arteriarum
577 1534 726 1565 omnium
753 1500 892 1575 pul4satio
904 1532 1175 1567 vehementiffima
1187 1532 1270 1568 unde
1283 1531 1321 1566 fit
1332 1557 1342 1567 .

434 1575 550 1607 XXIV.
574 1586 627 1617 35.
654 1578 770 1609 XXIX.
794 1586 844 1608 20.
871 1586 922 1609 21.
946 1578 1063 1609 LXIV.
1093 1587 1141 1610 10.

350 1617 542 1653 Arteriosus
565 1620 775 1654 Canaliculus
807 1620 841 1653 in
874 1621 991 1654 arteria
1024 1619 1126 1655 adulti
1157 1620 1342 1655 Pulmonari

433 1671 580 1704 apertus.
608 1663 676 1696 LX.
698 1674 730 1706 4.

344 1707 585 1740 Arteriotomia
609 1706 756 1741 adversus
781 1706 946 1740 Maniam.
972 1708 1070 1740 VIII.
1093 1718 1125 1750 4.

343 1749 526 1784 Arthritis.
551 1750 632 1784 Vid.
656 1751 754 1784 etiam
778 1749 951 1784 Ischiadis-
977 1752 1145 1794 Podagra.

476 1804 535 1827 cur
558 1792 734 1837 aliquando
759 1805 824 1826 non
848 1794 1173 1836 incipiatapedibus.
1199 1793 1337 1839 J.V11.4.

475 1847 558 1880 quos
583 1838 736 1872 articulos
760 1848 945 1882 nunquam;
966 1849 1049 1881 quos
1070 1837 1183 1881 saepius
1206 1847 1311 1871 tentet
1332 1859 1343 1875 ,

521 1883 553 1916 &
575 1893 633 1916 cur
654 1905 662 1914 .
687 1880 772 1915 Ibid.

473 1925 509 1957 in
532 1926 650 1959 teneris
673 1927 778 1968 pueris
802 1925 968 1959 observata
986 1950 993 1958 .
1018 1924 1103 1958 Ibid.

338 1967 542 2007 Arthritidis
564 1968 665 2003 causae
689 1969 794 2012 plures
809 1993 817 2001 .
841 1970 946 2002 LVII.
969 1980 999 2013 3.
1023 1972 1054 2002 ὃ(
1077 1968 1165 2009 seqq.

470 2014 605 2047 materia
629 2013 669 2046 ab
694 2012 838 2046 articulis
862 2013 1029 2055 prohibita
1054 2036 1063 2052 ,
1086 2012 1204 2045 nedum
1229 2011 1338 2054 repul-

514 2055 569 2097 sa,
592 2067 692 2101 quam
718 2056 916 2098 periculosa.
943 2058 1050 2089 LVII.
1075 2068 1105 2096 9.
1130 2057 1161 2089 &
1184 2055 1270 2098 seqq.

467 2102 608 2178 nuffvilri
628 2099 842 2134 articulorum
866 2111 942 2134 cava
965 2109 1132 2145 penetrare
1166 2107 1302 2142 nequeat
1326 2105 1337 2133 .‘

342 2187 567 2225 Arthritidem
600 2156 664 2222 cur?
695 2186 810 2231 saepius
845 2187 997 2228 sequatur
1030 2185 1191 2230 nephritis
1212 2208 1222 2225 ,
1255 2184 1336 2219 hanc

422 2242 530 2266 autem
552 2231 675 2265 cerebri
697 2231 826 2265 morbi.
852 2232 920 2263 XL.
944 2240 976 2273 3.

335 2274 546 2351 Αῐώτίιίεἰὶ
550 2285 619 2349 3311]
643 2272 718 2309 solis
740 2274 859 2308 humor
881 2275 964 2308 inest
987 2275 1022 2308 in
1051 2283 1133 2308 cavo
1165 2273 1240 2306 imae
1264 2272 1337 2315 Spi-

422 2328 493 2354 nae-
622 2340 630 2349 ι
677 2342 687 2351 υ

466 2372 547 2397 num
570 2328 741 2404 purggntia
763 2361 874 2394 omnia
899 2360 1020 2402 semper
1042 2360 1158 2394 noxia.
1182 2359 1289 2391 LVII.
1302 2362 1333 2392 6.

465 2415 547 2440 num
568 2405 619 2438 lac
641 2404 796 2448 quodque
819 2404 943 2446 semper
966 2405 1124 2438 noxium.
1151 2401 1260 2435 LVII.
1283 2414 1314 2445 7.

465 2460 532 2492 quo
557 2446 673 2482 saeculo
694 2446 846 2481 omissum
861 2471 870 2479 .
893 2448 998 2479 LVII.
1024 2459 1053 2488 7.

464 2491 546 2536 quid
577 2493 617 2526 de
640 2492 711 2525 aliis
743 2491 882 2524 internis
901 2512 911 2528 ,
947 2490 1149 2534 externisque
1184 2487 1334 2524 remediis

513 2535 724 2570 censendum.
750 2535 855 2567 LVII.
879 2533 908 2565 8.
935 2536 966 2566 δέ
990 2533 1052 2576 seq.

467 2579 640 2622 quomodo
663 2579 770 2621 aliqua
804 2576 907 2611 videri
943 2577 1059 2620 poffint
1094 2577 1191 2612 utilia
1225 2576 1335 2611 fuine.

335 2665 562 2700 Articulorum
573 2667 716 2703 vitium,
740 2663 824 2708 apud
836 2674 893 2697 nos
905 2675 1072 2705 perrarum
1090 2690 1098 2698 .
1125 2663 1334 2698 VidGenu.

336 2712 441 2744 Artus
460 2734 468 2741 .
492 2711 533 2742 In
555 2710 673 2744 horum
687 2709 875 2743 vulneribus
898 2708 1050 2743 ficrassus
1061 2706 1235 2743 arteriosus
1246 2716 1339 2742 trun·

421 2764 475 2787 cus
498 2754 615 2788 incisus
640 2753 679 2787 sit
695 2777 704 2792 ,
725 2751 807 2794 quid
832 2751 989 2794 agendum
1005 2776 1014 2784 .
1040 2753 1127 2785 LIV.
1152 2762 1204 2794 47.

335 2796 592 2838 Arytaenoidaeas
617 2796 783 2839 glandulas
805 2806 871 2828 non
893 2792 985 2829 fuisse
1010 2807 1027 2829 a
1049 2794 1197 2832 Galerio,
1212 2794 1337 2837 Carpo,
1386 2829 1395 2835 ,

422 2840 594 2877 Fabricio,
617 2837 879 2874 Schelhammero
902 2839 1180 2880 praemonstratas,
1204 2838 1334 2873 eviden-

421 2882 539 2917 tiffime
557 2882 756 2917 ostenditur.
782 2882 870 2913 XIX.
896 2890 949 2925 55.
976 2885 1029 2922 56.

463 2927 500 2960 in
513 2926 677 3000 Xqlqtodarrr
708 2924 899 2961 monstrosas
927 2924 1114 2960 observavit
1137 2924 1301 2960 Lancifius
1326 2950 1333 2958 .

337 3014 424 3049 Afili
461 2980 780 3057 aculens'qfss'modo
802 3011 900 3046 boves
924 3023 1160 3057 nonnunquam
1183 3014 1218 3047 in
1240 3013 1335 3048 furo-

420 3067 487 3092 rem
511 3065 606 3100 agat,
630 3058 834 3101 inquiritur.
860 3057 948 3090 LIX.
973 3061 1024 3090 26.

340 3100 478 3144 Asperae
502 3103 627 3136 arteriae
650 3099 800 3143 glandula
826 3099 914 3134 valde
937 3100 1078 3135 distenta
1096 3123 1106 3141 ,
1141 3096 1273 3141 ejusque
1296 3100 1336 3135 fi-

430 3153 513 3187 gna.
540 3145 612 3178 XV.
637 3156 685 3186 15.
711 3147 741 3177 &
769 3145 817 3176 16.

466 3186 635 3263 semgpluxlli
667 3188 708 3264 ξιξ
734 3185 955 3227 ⁸offificatione
978 3188 1011 3223 in
1047 3188 1150 3232 figura
1183 3188 1302 3222 mutati
1327 3212 1337 3220 .

471 3257 638 3318 polyposae‘
648 3297 658 3313 ,
670 3255 865 3318 tarnosaeque
877 3275 1097 3310 concretiones
1108 3298 1117 3307 .
1142 3275 1222 3309 Vid.
1238 3274 1339 3317 Sputa

535 3317 567 3350 ol
618 3320 690 3351 osa.

471 3328 806 3395 ulcperaygontumacia
829 3373 892 3405 qua
918 3363 1045 3398 ratione
1068 3361 1198 3398 demum
1233 3362 1339 3404 persa-

513 3413 588 3438 nata
611 3404 693 3438 sint·
722 3407 825 3437 XXII.
851 3417 901 3449 27.

339 3443 509 3489 Asphyxia
525 3473 534 3482 .
558 3447 640 3482 Vid.
664 3446 819 3482 Pulsuum
846 3449 1009 3490 privatio.

340 3489 435 3532 Aspis
457 3501 531 3536 vera
554 3502 632 3525 num
658 3500 747 3525 extra
771 3489 918 3526 Africam
941 3492 1002 3526 fit.
1027 3492 1113 3525 LIX.
1141 3503 1183 3535 37

468 3543 536 3574 ejus
547 3534 689 3568 morsum
703 3534 827 3576 potest,
850 3537 882 3568 δε
904 3536 1070 3576 quomodo
1082 3535 1187 3569 nullus
1209 3535 1243 3568 in
1267 3536 1330 3568 iera

492 3618 499 3622 ἱ
514 3586 604 3617 parte
619 3578 714 3615 livor,
726 3586 779 3611 aut
790 3586 900 3611 tumor
911 3577 1016 3620 sequi.
1035 3579 1186 3620 LIX.40.
1211 3581 1241 3611 δι
1267 3578 1328 3620 seq.

471 3629 536 3660 ejus
559 3620 687 3657 morsu,
710 3619 899 3663 aninje&o‚
922 3621 1086 3663 sumptove
1098 3633 1219 3656 veneno
1232 3622 1330 3658 Cleo·

515 3671 603 3703 patra
627 3663 809 3698 interierit.
834 3664 916 3698 LIX.
942 3665 994 3708 38.
1017 3666 1047 3697 &
1073 3664 1160 3708 seqq.

922 106 1291 163 INDEX
1360 111 1944 174 NOMINUM

364 182 505 218 Arteriae
524 206 532 219 ‚
553 189 721 225 quotquot
744 192 867 229 apertae
891 184 989 226 sunt,
1010 184 1372 231 pustulisintusplenae.

1423 190 1570 265 Asthpgas
1586 194 1810 279 cqnvulfivum
1833 199 1890 240 qui
1924 196 2079 232 noverint
2111 207 2187 234 ante
2209 200 2390 240 winifium
2410 196 2423 225 ’ἕ

1550 291 1607 314 cur
1631 281 1750 331 mirum
1774 281 1832 321 fit,
1855 294 1919 317 non
1955 282 2049 318 fuisse
2071 284 2211 321 Medicis
2239 289 2420 333 antiquiffi-

1597 335 1659 358 mis
1680 335 1815 359 notum.
1841 329 1911 360 XV.
1935 337 1965 369 ς.

1550 366 1610 401 effe
1634 368 1737 410 potest
1761 381 1776 402 a
1801 371 1923 404 cerebri
1949 370 2131 407 laefionibus
2147 399 2157 414 ‚
2178 373 2238 407 etsi
2261 375 2348 409 nulla
2361 376 2418 410 ha-

1594 422 1665 445 rum
1688 424 1861 455 appareant
1886 416 1994 455 figna.
2021 417 2088 448 XV.
2113 429 2144 457 9.

1417 453 1560 493 Astruc,
1576 454 1744 498 joannes,
1766 468 1807 489 ex
1829 458 1872 490 R.
1899 459 1946 491 Sc.
1975 459 2092 492 Societ.
2119 459 2284 503 Monspel.
2305 460 2417 496 lauda-

1505 507 1574 531 tus.
1600 499 1705 530 XLII.-
1729 499 1782 542 38.
1807 500 1925 532 XLIV.
1950 512 1979 534 2.
2004 502 2032 534 8.
2059 503 2183 537 LVIII.
2210 515 2260 546 ις.
2288 512 2337 544 19-

1414 540 1522 574 Attali
1548 542 1650 584 Regis
1673 542 1843 584 apoplexia
1866 545 1991 585 qualis.
2018 546 2084 579 III.
2113 556 2162 588 17.

1413 585 1809 659 AttichstIlfpmponius
1831 610 1841 619 .
1874 588 1923 620 De
1960 586 2031 629 ejus
2074 591 2194 624 morbo
2226 591 2375 633 quaedam
2399 619 2407 625 .

1414 671 1581 706 Avicenna
1604 671 1715 705 docuit
1737 697 1746 712 ,
1779 673 1980 715 apoplexiam
2011 676 2177 709 interdurn
2198 675 2267 710 fieri
2304 690 2321 712 a
2347 678 2415 712 san-

1501 716 1597 760 guine
1619 716 1652 748 in
1675 717 1874 750 ventriculos
1896 717 2018 750 cerebri
2042 718 2162 753 effuso..
2188 721 2233 751 11.
2257 732 2291 764 7.

1539 769 1615 793 num
1640 758 1705 791 ossa
1729 760 1840 792 mollia
1863 758 1949 793 fasta
1972 760 2193 796 observaverit
2216 788 2227 804 ,
2264 768 2297 797 &
2321 775 2415 799 cura-

1586 803 1672 835 verit
1688 825 1696 832 .
1722 803 1849 834 LVIII.
1873 805 1905 836 6.

1413 845 1538 879 Avium
1562 845 1723 879 seniorum
1747 847 1894 879 tendines
1915 844 2016 880 osseos
2039 847 2109 882 fieri
2132 873 2143 889 ‚
2170 850 2230 892 qui
2253 851 2302 884 vel
2325 851 2408 885 olim

1499 890 1703 933 scripserint.
1730 890 1852 920 XVIII.
1878 900 1929 932 23.

1541 932 1784 967 domesticarum
1808 932 1951 967 morsum
1972 932 2144 968 consecuta
2169 933 2409 979 symptomata.

1584 976 1664 1009 Vid.
1692 976 1841 1009 Morsus.

1408 1019 1701 1095 Au‘³{<⁰>¹<²}vH}¹³X
1722 1019 1893 1063 praelongis
1915 1019 2134 1063 consertisque
2156 1021 2233 1064 pilis
2248 1025 2384 1066 praedita
2398 1051 2406 1057 .

1408 1107 1508 1141 Auris
1533 1107 1679 1140 Meatus.
1701 1108 1752 1140 De
1776 1107 1951 1146 incisione,
1974 1119 1991 1141 a
2014 1106 2213 1148 Veteribus,
2238 1111 2403 1144 &Recen-
2470 1124 2473 1126 ·

1493 1150 1634 1183 rioribus
1666 1148 1827 1191 propofita
1860 1150 1897 1184 ad
1932 1162 1965 1184 ea
1989 1161 2061 1192 quae
2094 1152 2127 1183 in
2152 1151 2256 1193 ipsum
2292 1155 2407 1196 illapsa

1492 1192 1575 1230 sint,
1600 1193 1789 1231 eximenda,
1813 1195 1981 1234 quaedam.
2008 1194 2097 1226 XIV.
2126 1204 2173 1236 13.

1532 1237 1607 1270 Alia
1631 1236 1670 1270 ad
1693 1235 1801 1269 eadem
1824 1238 1992 1270 eximenda
2027 1237 2203 1272 afferuntur
2222 1263 2235 1279 ‚
2267 1242 2298 1274 &
2331 1252 2404 1283 per-

1575 1280 1778 1322 penduntur.
1804 1279 1888 1314 Ibid.

1530 1326 1580 1359 De
1605 1322 1747 1357 indurati
1771 1324 1804 1355 in
1829 1335 1865 1356 eo
1887 1322 2062 1357 ceruminis
2094 1321 2276 1366 chirurgica
2312 1337 2405 1361 cura-

1576 1368 1665 1401 tione
1687 1366 1854 1409 quaedam.
1879 1368 1970 1399 XIV.
2000 1375 2051 1400 ιι.

1531 1410 1584 1445 Ad
1608 1421 1755 1444 cerumen
1780 1410 1975 1454 ejiciendum
1999 1420 2069 1452 quae
2080 1408 2188 1443 bestiis
2211 1412 2330 1446 auxilia
2346 1424 2405 1447 na-

1572 1464 1646 1490 tura
1672 1454 1817 1487 dederit.
1844 1456 1929 1487 Ibid.

1530 1496 1583 1530 Ad
1610 1498 1736 1531 Meatus
1764 1498 1917 1531 interiora
1942 1499 1976 1530 in
2006 1496 2207 1538 chirurgicis
2232 1501 2400 1538 operatio-

1572 1541 1667 1574 nibus
1690 1542 1899 1574 illuminanda
1924 1553 1994 1583 quae
2018 1540 2111 1573 utilia
2135 1540 2214 1574 sint.
2240 1543 2328 1575 XIV.
2345 1554 2393 1587 13.

1524 1586 1560 1617 In
1573 1596 1611 1616 eo
1622 1587 1761 1617 concreti
1772 1584 2064 1618 calculiVeteribus
2077 1585 2365 1626 incogniti.XIV.1
2378 1601 2392 1623 1

1613 1639 1628 1659 a
1652 1628 1770 1670 quibus
1795 1630 1936 1669 primum
1960 1628 2153 1660 memorati.
2179 1628 2263 1660 lbid.

1526 1671 1566 1704 In
1590 1670 1701 1704 eodem
1725 1672 1974 1705 vermiculorum
2000 1692 2008 1706 ‚
2041 1673 2073 1703 &
2097 1674 2244 1711 gravium
2285 1673 2327 1706 ab
2349 1673 2400 1708 his

1566 1713 1822 1756 symptomatum
1844 1714 2049 1748 observatio.
2076 1715 2161 1746 XIV.
2187 1726 2218 1756 7.

1609 1756 1648 1791 ad
1671 1769 1724 1792 eos
1735 1757 1885 1792 arcendos
1896 1781 1905 1796 ,
1916 1756 2125 1800 abigendosve
2138 1760 2273 1793 remedia
2287 1785 2293 1791 .
2312 1760 2397 1794 Ibid.

1528 1801 1650 1834 Ulcera
1673 1813 1730 1835 cur
1752 1812 1868 1836 temere
1891 1814 1954 1834 non
1979 1800 2154 1834 claudenda
2170 1827 2178 1834 .
2205 1804 2290 1836 XIV.
2317 1814 2347 1845 ς.

1394 1845 1496 1880 Auris
1518 1846 1689 1887 Tympani
1703 1846 1894 1879 Membrana
1915 1846 2030 1882 illaesa,
2054 1845 2265 1886 quomodoin
2290 1848 2397 1890 ipsum

1481 1889 1578 1930 injici
1604 1889 1719 1931 poffint
1745 1889 1904 1923 remedia.
1930 1889 2022 1919 XIV.
2047 1898 2080 1929 7.

1521 1932 1639 1967 Eidem
1665 1933 1863 1966 Membranae
1888 1933 1948 1964 alia
1973 1933 2007 1963 in
2044 1932 2180 1965 foetibus
2213 1935 2398 1972 membrana

1570 1975 1735 2017 appofita·.
1769 1977 1821 2010 De
1847 1975 1906 2009 hac
1929 1974 2096 2016 quaedam.
2124 1976 2212 2008 XIV.
2243 1988 2289 2010 12.

1525 2019 1695 2062 Tympani
1725 2022 1757 2053 &
1782 2020 1998 2058 Membrana,
2023 2018 2209 2053 &Oflicula
2232 2022 2399 2066 disrupta:

1570 2062 1651 2094 Vid.
1680 2061 1841 2097 Surditas.

1518 2106 1552 2139 Si
1575 2105 1686 2147 Stapes
1710 2105 1835 2139 excidat
1858 2118 1869 2145 5
1903 2104 2042 2140 surditas
2073 2105 2202 2140 videtur
2224 2108 2395 2146 necessario

1560 2147 1726 2182 secutura.
1754 2150 1838 2182 XIV.
1867 2161 1915 2182 10.

1518 2192 1688 2234 Tympani
1712 2192 1888 2227 Novorum
1911 2193 2125 2226 Foraminnm
2139 2193 2299 2229 Valsalvae
2321 2199 2393 2233 usus

1561 2235 1725 2269 interdum
1740 2257 1750 2272 ‚
1772 2235 1937 2270 defensus,
1963 2237 2048 2266 XIV.
2073 2248 2105 2276 9.

1386 2279 1485 2313 Auris
1508 2279 1646 2312 tinnitus
1671 2289 1747 2312 num
1770 2290 1880 2312 revera
1896 2305 1904 2319 ‚
1928 2282 1959 2312 &
1982 2289 2138 2321 quatenus
2161 2283 2263 2316 etiam
2286 2284 2326 2318 ab
2337 2285 2393 2321 ad..

1474 2321 1633 2356 stantibus
1657 2322 1760 2356 audiri
1785 2324 1932 2362 potuerit
1951 2346 1959 2355 .
1984 2323 2072 2355 Ibid.

1386 2366 1526 2399 Aurium
1550 2365 1628 2399 idest
1649 2364 1800 2400 audiendi
1823 2364 1915 2398 sensu
1939 2376 1996 2398 cur
2020 2365 2127 2407 plures
2163 2381 2179 2402 a
2213 2372 2390 2405 nativitate

1472 2411 1659 2450 priventur,
1683 2420 1782 2450 quam
1805 2409 1872 2443 ullo
1906 2409 1971 2441 alio
1994 2430 2003 2445 ‚
2038 2411 2185 2445 necdum
2217 2414 2357 2449 constare
2377 2439 2388 2454 ,

1473 2451 1673 2486 ostenditur.
1700 2453 1787 2485 XIV.
1814 2462 1862 2496 14.
2294 2460 2302 2466 ·’

1386 2495 1594 2529 Axillaribus
1617 2497 1650 2529 in
1675 2498 1764 2528 venis
1787 2495 1911 2530 insula.
1938 2495 2057 2527 LXIX.
2084 2506 2113 2528 2.

1389 2541 1516 2582 Azygae
1539 2550 1626 2573 venae
1651 2541 1768 2577 varix,
1791 2541 1823 2572 δι
1845 2539 1976 2581 ruptio.
2003 2540 2127 2572 XXVI.
2152 2552 2207 2580 29.

1855 2628 1923 2710 B

1470 2756 1755 2833 Aeumllirilus‚Jo.
1786 2754 1910 2791 Christ.
1946 2756 2036 2791 Med.
2062 2758 2237 2796 Weickars.
2273 2761 2381 2797 lauda==

1481 2811 1531 2834 tus
1548 2825 1555 2832 .
1637 2804 1672 2832 X.
1708 2811 1738 2841 5.

1386 2842 1518 2884 Baglivi
1545 2844 1833 2878 hallucinationes.
1860 2844 1956 2874 VIII.
1986 2854 2033 2885 13.
2062 2846 2229 2880 XXXVII.
2257 2859 2306 2892 13.

1387 2886 1540 2929 Bajerus,
1556 2888 1610 2932 Jo.
1637 2889 1701 2931 lac.
1726 2887 1848 2930 pridem
1872 2886 1970 2919 Acad.
1997 2887 2042 2919 N.
2068 2889 2107 2920 C.
2133 2890 2251 2927 Praeses
2273 2893 2385 2929 lauda.=

1473 2939 1545 2965 tus,
1571 2932 1717 2963 XXXIV.
1746 2941 1793 2972 19.
1819 2930 1929 2963 XLII.
1956 2940 2005 2968 19·

1387 2972 1551 3007 Balbutiei
1575 2976 1663 3017 quod
1686 2985 1782 3018 genus
1805 2973 1988 3007 Sansstorius
2011 2979 2128 3017 qxssmrs
2152 2979 2184 3008 in
2210 2980 2316 3018 palato
2329 2983 2381 3016 ni=

1474 3021 1535 3051 mis
1559 3021 1675 3059 apertis
1699 3017 1910 3051 foraminibus
1932 3018 2106 3052 tribueret.
2132 3023 2216 3054 XIV.
2238 3022 2291 3065 38,

1516 3062 1610 3100 Qid
1633 3061 1673 3095 de
1695 3060 1757 3094 hoc
1782 3060 1999 3094 sentiendum.
2029 3061 2113 3096 Ibid.

1515 3106 1591 3139 Alia
1613 3105 1651 3138 de
1674 3105 1745 3137 aliis
1768 3103 1924 3137 balbutiei
1949 3104 2045 3139 caulis
2068 3130 2079 3146 ,
2103 3118 2275 3151 earumque
2299 3123 2371 3154 pes-.

1557 3148 1753 3191 quifitione.
1780 3147 1863 3179 Ibid.

1387 3190 1578 3226 Barbadici‚
1598 3192 1652 3235 Jo.
1676 3192 1787 3223 Franc.
1815 3191 1844 3223 S.
1870 3192 1914 3224 R.
1939 3193 1978 3226 E.
2002 3192 2165 3227 cardinal.
2190 3199 2220 3228 δέ
2244 3197 2376 3240 Episco-

1474 3236 1506 3277 pi
1533 3235 1680 3267 Patavini
1705 3234 1857 3273 morbus,
1879 3237 1909 3268 ὃς
1935 3238 2081 3270 curatio.
2110 3239 2226 3272 XLIX,
2252 3251 2304 3282 30,

1519 3278 1559 3310 ab
1582 3278 1646 3310 alio
1668 3276 1784 3310 morbo
1804 3288 1911 3315 mors,
1936 3281 1966 3312 δέ
1989 3279 2152 3313 ὀὶῐῖεὲὶῐο.
2178 3284 2270 3314 XIII.
2295 3295 2327 3326 3.

1390 3320 1735 3357 Barbette,l³auli‚loca
1750 3319 1851 3353 minus
1862 3323 2035 3362 probanda.
2051 3324 2379 3369 XXV111.13.L1.22:

1390 3365 1543 3399 Barbette
1559 3390 1566 3403 ‚
1578 3364 1717 3404 Gregor.
1732 3361 1909 3404 Chirurgus
1923 3366 2046 3400 Bonon.
2062 3366 2225 3402 laudatus.
2240 3372 2328 3402 LVI.
2344 3382 2376 3412 5.

1389 3409 1547 3442 Batonius
1570 3431 1578 3445 ,
1616 3407 1783 3449 Philippus
1807 3405 1948 3443 Medicus
1981 3409 2172 3445 Meldulens.
2205 3413 2372 3448 laudatus.

1470 3450 1626 3484 XLVIII.
1652 3460 1701 3491 51.

1516 3492 1596 3534 Ejus
1620 3491 1838 3526 Observatio.
1864 3494 2011 3529 XLVIII.
2036 3507 2084 3538 52.

1386 3536 1794 3613 Bamssngimuvme’
1820 3536 1960 3573 Medicus
1986 3541 2162 3575 Parisiensis
2193 3542 2338 3577 laudatus
2362 3568 2371 3577 ο

1386 3602 1605 3661 ΒειῐῑὴοΙίηιίζ
1636 3591 1777 3657 {fhomae
1801 3622 2062 3660 hallucinationes
2085 3654 2093 3662 .

2130 3629 2222 3660 XIII.
2253 3641 2284 3672 7.
2313 3640 2362 3665 Π..

1472 3667 1607 3700 XXVII.
1636 3676 1685 3708 19.
1714 3668 1828 3705 XXIX.
1849 3678 1880 3709 4.
1907 3667 2006 3701 XLI'i.
2037 3680 2088 3714 32.

2253 3716 2326 3751 Bas-
