2498 4075
406 136 415 152 f
431 129 492 178 74

334 194 603 232 animadvertere,
627 199 739 234 praeter
761 192 827 226 duo
849 190 972 228 orificia
995 187 1077 224 unde
1089 189 1276 223 Coronariae
1292 189 1342 222 in-

330 254 340 273 <
355 243 458 282 {pi-„izit
484 238 604 270 arteriae
621 257 630 272 ,
653 236 786 268 tertium
812 236 866 273 hic
889 234 1015 275 insuper
1038 230 1130 265 fuisse
1151 255 1161 271 ,
1186 243 1242 266 nec
1265 245 1341 266 vero

337 284 374 317 *231
398 285 479 315 larus
503 280 624 313 dexteri
645 302 656 318 ,
691 278 743 311 sed
776 277 889 312 finisti-i
913 300 921 315 ,
956 287 1054 318 eaque
1087 276 1306 319 magnitudine
1329 300 1339 315 ‚

330 340 363 360 ‘l'k
393 336 478 358 {anta
502 333 663 365 nunquam
695 322 777 355 illud
800 318 989 362 conspexifl'e
1021 319 1220 352 meminerim
1251 318 1339 361 quod

331 375 407 404 alos
430 368 510 409 (s)
534 366 572 398 ad
595 365 718 398 dexteri
743 366 824 399 latus
847 362 991 405 descripsi
1015 389 1021 394 .
1048 361 1105 395 Sed
1131 363 1235 398 multo
1259 362 1338 395 faci-

328 416 390 447 ‘3‚..5
416 412 479 445 fuit
504 409 670 451 agnoscere
686 432 696 448 ,
721 409 760 441 ab
782 410 822 442 iis
846 407 979 442 valvulis
1003 404 1101 438 ferme
1135 405 1173 439 ad
1196 418 1263 439 eam
1289 405 1339 442 us-

327 471 387 501 quc
411 455 511 488 {edem
533 479 542 493 ,
577 451 658 486 unde
683 453 793 493 primae
826 452 974 483 oriuntur
1000 448 1216 483 Intercostales
1250 449 1339 482 Infe-

327 505 426 534 riore:
442 526 449 538 ‚
477 498 629 536 Magnam
654 498 798 527 arteriam
822 493 877 526 esse
910 492 1078 526 dilatatam
1104 516 1111 523 .
1148 491 1337 530 Quodvnon

328 546 433 577 minus
457 539 658 575 manifestum
681 548 746 571 erat
760 564 768 576 ,
790 548 884 580 quam
909 545 981 569 toto
1005 548 1043 569 eo
1066 536 1171 569 tractu
1194 536 1335 569 duriori-

328 588 387 621 bus
405 609 414 624 ,
437 588 470 619 δε
493 582 689 617 crassioribus
713 580 770 614 ess‘e
792 580 911 614 tunicis
933 603 944 619 ‚
977 578 1056 612 facie
1079 588 1185 612 autem
1209 580 1336 612 interna

326 630 483 673 plerisque
507 630 539 659 in
565 627 646 658 locis
673 625 752 658 flava
776 647 784 663 ‚
820 627 852 656 8<
876 622 995 655 indicia
1019 621 1198 655 ostendente
1224 623 1336 661 proxi-

326 675 385 708 riiae
409 675 443 706 in
466 684 501 704 os
525 669 715 707 mutationis
736 692 747 707 ,
780 667 886 711 qualia
909 668 1006 699 etiarn
1029 667 1161 698 initium
1184 663 1334 699 exhibuit

325 719 453 751 alterins
480 713 652 751 Subclavi'ae
677 736 683 742 .
717 712 809 746 Quin
832 710 937 742 statim
970 719 1063 752 atquc
1086 710 1190 741 Aorta
1226 710 1334 742 vocari

323 760 509 795 descendens
532 765 655 799 poterat
671 778 680 792 ‚
704 754 872 786 nonnullas
897 764 1028 794 parvas,
1051 751 1102 785 sed
1125 763 1227 784 revera
1237 750 1333 786 oss'eas

325 806 456 842 laminas
481 803 567 833 intus
592 798 748 836 habebatj
772 797 952 839 ibidemque
977 806 1040 828 non
1075 795 1159 828 secus
1183 806 1216 828 ac
1240 794 1262 827 si
1283 796 1334 829 di-

324 849 434 883 ili-asta
458 841 589 881 fuisset,
614 841 730 880 fibi-as,
755 852 809 872 nec
832 838 1000 881 angustum
1017 838 1055 872 ad
1069 839 1208 880 spatium
1230 838 1334 872 osten-

323 893 418 925 debat
444 889 527 922 snas.
556 885 718 918 Postremo
741 896 802 926 qua
827 882 864 915 ad
898 882 1107 925 diaphragma
1132 881 1298 916 accedebat
1322 907 1335 924 ‚

323 932 514 976 quibusdam
537 927 625 972 quali
649 927 741 961 sulcis
764 926 934 960 secundum
957 925 1196 969 longitudinem
1228 924 1334 960 dusiis

325 977 449 1012 exarata
476 974 646 1009 videbatur
661 996 668 1002 .

369 1033 419 1066 35.
445 1023 495 1054 De
520 1017 569 1053 his
592 1016 722 1059 quidem
747 1014 840 1048 sulcis
863 1014 941 1047 alias
963 1016 977 1053 (
997 1021 1012 1046 r
1034 1017 1047 1054 )
1070 1012 1108 1046 ad
1132 1021 1162 1045 te
1176 1012 1333 1053 scribam3

323 1079 396 1100 riam
418 1070 449 1098 ἃ
474 1065 507 1096 iri
533 1062 602 1094 aliis
626 1059 855 1092 animadverti.
991 1059 1041 1091 De
1066 1066 1154 1090 tanta
1166 1065 1271 1090 autem
1295 1058 1335 1089 il-

322 1112 352 1143 la
376 1123 391 1142 a
414 1106 609 1144 visceribus,
632 1103 753 1135 ventris
779 1102 982 1143 praesertim,
1005 1110 1159 1143 concepta
1185 1099 1222 1133 ad
1247 1100 1334 1133 inso-

321 1156 416 1187 litam
450 1150 650 1194 putredinem
682 1144 890 1188 dispolitione
914 1168 926 1184 ‚
958 1154 1011 1177 aut
1045 1143 1082 1176 de
1116 1143 1255 1185 pulsibus
1277 1145 1334 1187 qui

320 1197 441 1240 percipi
467 1205 528 1227 non
551 1200 697 1234 poterant
722 1213 734 1229 ,
759 1188 842 1222 nihil
867 1188 965 1222 liabeo
987 1187 1076 1231 quod
1102 1187 1206 1221 dicam
1228 1210 1241 1227 ,
1273 1186 1331 1220 nili

322 1243 381 1278 hos
406 1240 488 1273 forte
510 1233 707 1270 convulsioni
732 1233 787 1276 (u
809 1236 844 1273 ),
868 1232 959 1264 illam
984 1241 1059 1263 vero
1082 1230 1238 1272 peffimae,
1260 1243 1330 1273 quae

320 1286 348 1319 se
373 1294 470 1328 nuper
493 1276 683 1322 adjunxisset
698 1302 706 1316 ‚
733 1274 813 1308 febri
838 1276 972 1308 velimus
996 1275 1175 1316 imputare.
1202 1273 1260 1307 Sed
1273 1286 1331 1311 pu-

321 1330 446 1362 rulenta
471 1333 620 1368 quoque,
644 1331 681 1354 ati
707 1319 814 1362 potius
840 1317 1032 1361 puriformia
1057 1316 1147 1360 sputa
1170 1317 1330 1351 noviffirne

319 1372 508 1407 extiterint,
534 1368 568 1399 iri
592 1363 701 1398 medio
725 1363 924 1406 relinquam.
1062 1362 1177 1395 Unum
1195 1384 1205 1399 ‚
1239 1362 1328 1404 quod

318 1415 455 1452 necdum
477 1409 632 1453 exposui,
657 1406 778 1440 tametsi
803 1407 837 1438 in
859 1405 981 1439 duabus
1003 1416 1132 1448 quoque
1155 1406 1327 1448 superiori-

318 1461 378 1495 bus
403 1456 546 1492 historiis
569 1457 582 1493 (
605 1463 627 1487 x
648 1455 661 1492 )
685 1459 899 1484 memoratum
910 1449 971 1488 est,
996 1449 1152 1491 explicare
1163 1449 1327 1482 conabor.-

319 1501 491 1542 quomodo
514 1509 586 1532 cum
610 1495 801 1529 dilatatione
825 1492 1078 1526 ventriculorum
1102 1492 1210 1526 cordis
1235 1492 1327 1535 poffit

319 1542 438 1582 Eoi-um
471 1544 631 1590 parietum
665 1550 728 1572 non
761 1539 934 1571 imminuta
955 1559 967 1576 ,
1001 1535 1051 1569 sed
1084 1537 1174 1570 auc‘ta
1218 1538 1328 1578 potius

317 1588 486 1626 craffitudo
510 1583 687 1627 conjungi5
710 1580 796 1625 quod
819 1582 882 1613 Vir
905 1579 1136 1614 Celeberrimus
1157 1603 1170 1620 ,
1202 1590 1330 1623 praeter-

318 1627 459 1669 naturale
482 1630 585 1664 carnis
607 1625 790 1661 musculosae
825 1625 874 1656 vel
897 1626 931 1657 in
968 1623 1073 1657 cordis
1097 1623 1331 1665 aneurysmati-

317 1680 374 1714 bus
397 1683 605 1719 augmentum
629 1680 766 1712 negans,
791 1667 915 1701 videtur
941 1676 994 1700 aut
1020 1678 1084 1699 non
1110 1666 1220 1701 vidisse
1241 1689 1250 1704 ,
1275 1677 1328 1701 aut

317 1733 382 1759 non
407 1721 480 1754 satis
504 1713 690 1751 attendiss'e.
818 1711 941 1744 Cordis
952 1711 1125 1744 ventriculi
1148 1722 1330 1744 cuinaneu-

317 1767 422 1813 rysrna
447 1765 615 1808 patiuntur
636 1783 647 1799 ‚
680 1768 744 1791 non
767 1765 895 1789 omnem
918 1755 1102 1797 sanguinem
1136 1754 1168 1787 in
1201 1755 1329 1787 arterias

318 1810 508 1852 expellunt,
532 1809 565 1839 ὃ(
586 1827 598 1844 ,
636 1800 724 1846 quod
747 1799 954 1842 consequitur
975 1822 986 1838 ‚
1018 1797 1062 1841 ad·
1078 1808 1150 1832 enm
1172 1809 1267 1840 quem
1288 1810 1328 1831 ex

318 1856 406 1888 venis
432 1850 621 1892 excipiunt,
645 1846 758 1889 portio
780 1843 920 1877 addenda
944 1841 985 1875 est
1016 1853 1089 1885 quae
1115 1850 1205 1887 antea
1239 1841 1325 1875 resti-

319 1899 418 1934 tavit.
445 1895 554 1937 Major
577 1893 677 1933 igitur
701 1888 862 1929 sanguinis
885 1886 979 1928 copia
1003 1886 1104 1927 magis
1115 1883 1230 1917 resistet
1257 1884 1324 1917 san-

316 1943 409 1988 guini
432 1951 471 1974 ex
492 1936 559 1980 ipsa
582 1930 687 1968 cordis
711 1930 878 1965 substantia
903 1940 955 1972 per
978 1929 1083 1971 plures
1106 1949 1115 1965 ,
1150 1926 1201 1961 sed
1226 1939 1323 1971 angu-

307 1981 389 2023 stos,
416 1992 535 2020 meatus
558 1980 592 2012 in
615 1975 811 2010 ventriculos
836 1972 1003 2006 redituro.-
1025 1970 1231 2017 quamobrem
1247 1983 1317 2013 pars

308 2030 405 2073 liujus
430 2025 590 2069 sanguinis
614 2024 699 2055 intra
724 2019 861 2062 parietes
882 2015 990 2062 cordis
1014 2014 1173 2048 subsistens
1195 2037 1207 2053 ‚
1230 2015 1317 2056 ipsos

303 2073 419 2108 efficit-t
443 2070 598 2105 crassiores
622 2091 629 2099 .
665 2062 766 2106 Qod
787 2060 810 2094 fi
847 2060 1028 2101 aneurylma
1063 2058 1318 2091 ventriculorum

303 2128 379 2152 cum
406 2113 623 2149 aneurvsmate
658 2105 907 2149 conjungatur,
941 2111 977 2137 ut
1009 2104 1042 2135 in
1068 2101 1118 2135 his
1152 2101 1256 2134 tribus
1280 2101 1318 2134 de

305 2162 423 2206 quibus
449 2151 596 2191 oro'xime
618 2152 761 2186 diximus
786 2171 799 2188 ,
820 2148 943 2181 arteriae
969 2146 1096 2188 Magna?
1119 2157 1129 2183 3
1164 2143 1247 2178 illud
1270 2145 1318 2177 in-

308 2212 400 2249 iuper
423 2187 553 2236 ac¹cedet
583 2225 591 2239 ‚
626 2193 713 2240 quod
736 2203 811 2226 cum
843 2190 910 2224 haec
944 2199 1131 2232 promovere
1155 2197 1233 2222 tunc
1265 2198 1319 2221 ne-

309 2258 403 2283 ovicat
427 2258 486 2290 pro
510 2256 547 2277 eo
571 2253 604 2274 ac
628 2250 682 2283 par
704 2236 746 2270 est
765 2260 777 2276 ,
811 2234 995 2277 sanguinem
1017 2242 1035 2265 a
1067 2230 1164 2265 corde
1195 2233 1320 2264 immis-

312 2275 402 2332 issm,
427 2289 534 2323 multo
558 2287 628 2329 plus
652 2280 793 2325 ejusdem
816 2277 1003 2319 sanguinis,
1025 2274 1319 2325 mox-contrahen-

313 2349 344 2369 te
372 2337 399 2370 sc
423 2332 536 2366 arteria
561 2355 569 2368 ‚
604 2329 637 2360 in
660 2323 786 2358 orificia
813 2321 983 2364 repelletur
1006 2322 1172 2360 utriulque
1197 2320 1320 2351 arteriae

313 2378 524 2413 Coronariae:
549 2372 683 2412 ideoque
709 2368 843 2410 parietes
866 2363 980 2408 cordis·
997 2362 1086 2395 fimul
1099 2364 1169 2403 plus
1195 2362 1322 2403 sangui-

314 2425 363 2458 nis
389 2421 550 2464 excipient
565 2442 573 2454 ‚
596 2413 685 2448 limul
711 2412 815 2442 minus
838 2420 877 2440 ex
900 2406 928 2439 se
952 2406 1079 2448 ejicient
1101 2427 1113 2443 ‚
1137 2406 1247 2446 itaque
1271 2417 1322 2437 eo.

317 2479 387 2501 rum
409 2460 577 2498 craffitudo
603 2456 726 2500 duplici
749 2453 788 2486 de
811 2449 902 2496 causa
926 2447 1078 2482 increscet
1098 2459 1105 2479 .·
1130 2458 1232 2489 eoque
1256 2459 1324 2480 ma-

317 2513 366 2545 ois
418 2508 441 2542 si
465 2506 512 2540 vel
536 2511 656 2537 meatus
679 2509 733 2542 per
745 2507 827 2540 quos
852 2494 1011 2540 ejiciunt,
1034 2500 1144 2523 natura
1166 2491 1328 2541 augustio.

315 2540 363 2589 ses
382 2535 468 2589 ³sint,
492 2558 547 2583 aut
571 2545 756 2589 pauciores,
778 2540 825 2571 vel
842 2537 966 2570 oriticia
991 2545 1125 2577 perquae
1137 2543 1328 2577 excipiunt,

322 2597 445 2641 majora
465 2616 474 2632 ‚
510 2600 564 2626 aut
588 2612 596 2626 ‚
630 2587 723 2621 sicuti
747 2585 781 2616 in
805 2582 863 2616 hac
896 2580 1028 2613 muliere
1051 2601 1060 2616 ‚
1095 2589 1326 2620 nonnunquam

322 2645 435 2686 plura.
570 2635 686 2676 Neque
711 2638 816 2661 tamen
849 2623 999 2657 omnibus
1029 2632 1169 2671 quorum
1206 2624 1326 2654 ventri-

318 2687 383 2720 culi
409 2684 468 2717 sint
492 2677 643 2714 dilatati,
667 2670 851 2707 crassescent
873 2667 994 2715 horum
1018 2674 1175 2707 parietes,
1200 2666 1270 2697 imo
1294 2666 1327 2699 in

319 2726 509 2773 quibusdam
534 2718 792 2756 extenuabuntur
812 2737 824 2754 ,
862 2712 922 2761 live
956 2708 1042 2759 quod
1064 2719 1140 2758 'non
1175 2707 1292 2758 eaedem
1316 2732 1328 2748 ,

319 2777 387 2807 imo
409 2767 575 2804 contrariae
600 2762 660 2796 fint
684 2773 700 2794 a
725 2755 913 2802 primordiis
935 2751 1186 2789 emissariorum,
1210 2754 1242 2784 ἃ
1266 2763 1329 2783 im-

324 2815 542 2851 miffariorum
566 2807 699 2840 istorum
723 2801 895 2839 diametri,
920 2796 980 2830 five
1005 2797 1102 2829 etiam
1124 2792 1330 2838 quodlaxior

323 2861 361 2894 fit
427 2866 526 2898 eoque
560 2851 599 2884 ad
620 2846 795 2882 cedendum
820 2842 954 2886 pronior
992 2839 1148 2874 structura
1180 2837 1329 2872 fibrarum

324 2883 488 2937 inte'rdum
514 2909 530 2929 a
554 2902 687 2930 natura,
712 2889 787 2922 alias
812 2888 849 2919 ab
872 2883 1079 2934 erodentibus
1104 2882 1204 2929 succis
1227 2906 1236 2921 ,
1272 2884 1328 2926 qui

344 2939 430 2979 *lures
453 2942 490 2975 de
514 2935 699 2972 tenuissimis
723 2944 760 2965 ex
792 2929 907 2973 quibus
931 2928 997 2974 illae
1029 2926 1209 2973 coalescunt
1230 2950 1242 2966 ,
1275 2935 1328 2959 aut

325 2959 380 3034 ger
404 2998 480 3031 quas
503 2986 589 3017 inter
613 2979 641 3012 se
662 2975 895 3011 connecftuntur
922 2995 934 3012 ,
956 2971 1087 3003 sibrillas
1110 2969 1331 3003 dissolverint.

371 3035 424 3075 35,
448 3030 516 3064 Diu
540 3024 581 3058 est
598 3048 607 3062 ,
631 3030 666 3056 ut
690 3018 786 3062 probe
810 3017 891 3049 nosti
913 3038 921 3053 ,
962 3025 1037 3050 cum
1060 3013 1142 3047 hanc
1165 3013 1203 3047 ad
1226 3022 1256 3046 te
1280 3025 1334 3046 ex-

329 3075 538 3120 plicationem
562 3065 630 3101 mifi
649 3090 655 3097 .
682 3065 719 3096 In
742 3072 805 3103 qua
830 3070 917 3105 nunc⁸
936 3057 1080 3101 quaedam
1104 3055 1162 3090 esse
1179 3078 1188 3093 ,
1212 3057 1333 3097 video,

329 3130 403 3154 cum
426 3114 564 3152 illustris
587 3110 663 3144 Viri
696 3104 819 3140 Senacii
842 3101 1135 3137 Obiervationibus
1167 3111 1232 3134 non
1254 3111 1332 3135 con-

847 3413 878 3485 β

884 118 891 126 2
922 112 1079 167 Liber
1113 111 1176 162 ii.
1211 111 1295 164 De
1331 110 1538 163 Morbis
1574 108 1836 164 Thoracis
1957 104 1977 168 ‘i

1391 188 1580 227 sentientia,
1602 188 1777 231 praesertiin
1799 187 1852 220 ubi
1879 191 1930 229 (y
1956 170 2165 230 >ldiiquirit‚
2188 196 2263 217 num
2288 187 2319 217 iu
2344 185 2392 217 fa-

1390 233 1439 265 cie
1462 233 1613 265 interiore
1636 232 1886 265 ventriculorum
1908 228 2015 262 cordis
2039 241 2141 262 revera
2154 237 2279 271 pateant
2302 228 2393 261 oscu-

1390 275 1420 307 la
1447 297 1456 312 ,
1488 274 1672 317 sanguinem
1694 275 1727 306 in
1762 275 1845 317 ipsos
1876 273 2056 307 emittentia
2080 296 2094 313 ,
2125 271 2393 315 quemadmodum

1389 316 1491 351 videri
1516 327 1661 360 poterant
1684 317 1901 351 demonstrasse
1933 324 1984 349 tot
2005 316 2084 348 clari
2120 317 2278 349 Auctores
2313 326 2392 356 quos

1389 360 1452 394 fere
1476 373 1585 395 omnes
1609 360 1836 404 sequebantur.
1862 361 1973 394 Velim
1997 360 2098 401 igitur
2122 370 2185 391 rem
2200 359 2391 400 perpendas,

1389 408 1422 437 δι’
1452 416 1528 448 quas
1549 404 1777 448 explicationis
1812 415 1889 437 meae
1913 404 2085 445 particulas
2119 403 2286 436 mutandas
2317 412 2391 433 cen-

1390 448 1487 481 sueris
1507 471 1517 487 ‚
1552 457 1655 482 mutes
1675 470 1685 485 ‚
1721 457 1774 482 aut
1798 446 1928 488 abjicias
1952 472 1960 479 .
1995 446 2053 479 Sed
2077 457 2149 479 cuni
2173 445 2275 478 libros
2300 445 2390 479 illius

1386 490 1543 528 versabis,
1566 490 1646 534 saepe
1669 491 1703 523 in
1727 491 1787 524 alia
1810 490 1933 523 incides
1956 489 2019 523 huc
2043 490 2235 523 attinentia.
2259 488 2391 522 Confir-

1387 535 1517 569 mabunt
1549 536 1637 568 enirn
1666 534 1752 577 quod
1775 532 1937 577 proposita
1970 533 2132 567 noviffime
2159 532 2291 565 historia
2327 532 2391 565 do-

1386 580 1474 618 cuit,
1498 589 1562 610 non
1584 579 1691 612 omnia
1713 578 1843 617 cordis,
1866 575 1983 609 nedum
2005 577 2122 610 Aortae
2137 602 2146 615 ‚
2170 575 2389 617 aneurysmata

1385 633 1458 655 cum
1482 620 1770 655 vehementioribus
1795 618 1933 662 pulsibus
1955 643 1963 658 ‚
2002 629 2036 653 ut
2060 620 2208 653 nonnulli
2240 618 2389 653 videntur

1386 664 1531 704 credere,
1553 665 1609 698 esse
1625 663 1796 705 conjun&a
1813 689 1821 703 ‚
1844 666 1876 697 δέ
1899 674 1955 697 cur
1967 673 2032 695 non
2056 662 2138 703 (int,
2162 663 2286 697 causam
2303 662 2388 698 haud

1385 720 1480 743 unam
1514 708 1699 742 indicabunt
1721 710 1735 746 (
1758 720 1782 750 z
1803 711 1816 747 )
1835 731 1848 748 ‚
1880 709 1911 738 δέ
1934 705 2024 750 quod
2057 706 2264 749 consequitur
2288 729 2297 744 ,
2331 720 2389 742 cur

1385 764 1451 785 nori
1473 753 1582 785 omnia
1604 750 1710 785 cordis
1730 750 1946 792 aneurysmata
1967 748 2101 783 dilatent
2113 751 2249 784 Aortam
2274 755 2287 790 <
2309 764 2327 784 a
2349 757 2388 794 ),

1386 799 1418 828 &
1442 807 1517 830 curn
1540 795 1710 837 utrobique
1734 794 1920 836 aneurysma
1944 792 2008 830 est,
2030 803 2140 827 utrum
2164 795 2291 828 alterius
2315 807 2388 830 cau-

1386 838 1416 872 sa
1439 838 1530 873 fuisse
1551 837 1698 871 videatur
1720 840 1733 876 (
1755 836 1774 870 b
1795 840 1830 877 ),
1855 839 1887 870 δι
1910 847 1981 880 quae
2004 845 2080 870 tunc
2103 836 2223 871 indicia
2261 847 2389 873 utrum-

1386 894 1446 924 que
1468 881 1666 925 fignificent,
1690 879 1811 915 etiamsi
1835 880 1981 913 obscurae
1999 878 2060 913 fint
2082 880 2275 922 pulsationes
2299 885 2361 926 (p)
2376 898 2389 916 .·

1385 926 1634 969 quaestionesque
1658 926 1732 958 alias
1756 922 1851 967 hujus
1875 923 2020 966 generis;
2042 923 2165 956 tametsi
2190 936 2253 957 non
2278 928 2386 961 minus

1385 969 1589 1004 difficultatis
1622 969 1757 1003 habeant
1775 991 1788 1007 ,
1817 978 1913 1010 quam
1936 967 2123 1005 utilitatis5
2158 969 2305 1009 proeclare
2338 980 2388 1003 ta-

1386 1024 1457 1046 men
1481 1037 1490 1052 ,
1524 1024 1580 1046 nec
1603 1015 1709 1046 minus
1742 1013 1841 1055 perite
1864 1019 1961 1053 quam
1984 1009 2147 1053 ingeniose
2168 1033 2178 1048 ,
2211 1012 2315 1053 quoad
2340 1016 2386 1047 rei

1385 1066 1498 1090 natura
1520 1057 1660 1100 patitur,
1687 1056 1804 1089 solutas
1828 1055 1966 1087 invenies
1991 1078 1998 1086 .
2033 1054 2104 1087 Nec
2126 1053 2256 1087 deerunt
2281 1059 2388 1090 moni..

1388 1109 1419 1133 ta
1444 1124 1454 1139 ,
1485 1102 1514 1133 δι
1542 1098 1825 1133 animadversiones
1858 1109 1930 1141 quae
1952 1108 1991 1130 ex
2013 1097 2070 1131 usu
2102 1096 2160 1130 esse
2183 1098 2296 1139 poffint
2315 1123 2327 1140 ,
2350 1110 2387 1135 ut

1385 1152 1463 1185 puta
1486 1154 1561 1177 cum
1585 1143 1666 1186 leges
1692 1146 1705 1181 (
1727 1143 1748 1175 d
1769 1146 1805 1182 )‚
1827 1152 1884 1173 cor
1908 1140 2080 1184 aliquando
2105 1139 2161 1174 esle
2184 1141 2360 1177 dilatatum
2376 1171 2386 1185 ,

1383 1197 1440 1219 nec
1462 1186 1586 1224 videri,
1612 1185 1837 1228 nisiimpleas:
1863 1183 2107 1227 idemquece),
2133 1184 2189 1218 nili
2214 1185 2386 1229 diligenter

1384 1229 1550 1270 attendas,
1572 1230 1712 1265 accidere
1743 1227 1906 1262 interdum
1928 1229 1962 1260 in
1984 1229 2104 1269 Magna
2137 1230 2250 1262 arteria
2273 1253 2282 1269 ‚
2314 1243 2388 1274 quae

1381 1285 1445 1307 non
1469 1273 1508 1308 ab
1532 1274 1628 1307 latere
1661 1275 1695 1306 in
1719 1273 1798 1306 sacci
1832 1270 1973 1304 formam
1999 1295 2007 1310 ‚
2037 1270 2088 1304 sed
2112 1282 2200 1315 aeque
2224 1273 2262 1305 ab
2296 1277 2387 1308 omni

1382 1326 1470 1360 parte
1493 1315 1532 1350 fit
1557 1318 1710 1351 dilatata:
1736 1319 1769 1349 &
1802 1312 1886 1358 (f)
1918 1314 2062 1356 sanguini
2087 1326 2103 1347 e
2127 1315 2238 1349 cordis
2263 1320 2387 1351 ventri-

1380 1361 1462 1394 culis
1484 1363 1612 1395 exeunti
1636 1360 1760 1393 officere
1793 1358 2006 1392 auricularum
2028 1356 2235 1393 dilatationes
2256 1383 2269 1401 ,
2301 1371 2387 1395 arte-

1380 1406 1461 1438 riam
1485 1405 1574 1438 illam
1597 1428 1607 1445 ‚
1642 1413 1696 1437 aut
1722 1403 1946 1437 Pulmonarem
1978 1402 2249 1443 comprimendo.

1379 1448 1510 1488 Qibus
1543 1448 1637 1483 addas
1660 1448 1765 1485 licet,
1798 1446 1979 1480 alterutrius
2012 1447 2133 1478 arteriae
2169 1447 2352 1490 aneurysma
2376 1472 2386 1489 ,

1379 1492 1541 1533 attiguum
1576 1502 1719 1535 premens
1740 1490 1872 1523 alterius
1908 1498 2058 1523 truncum
2077 1511 2089 1529 ,
2121 1490 2168 1523 vel
2193 1493 2294 1534 magis
2319 1492 2387 1525 san-

1378 1536 1485 1579 guinis
1508 1536 1610 1569 exitui
1633 1532 1734 1568 obeffe
1754 1544 1768 1574 ;
1802 1543 1943 1576 premens
1967 1541 2074 1566 autern
2098 1532 2281 1568 alterutram
2304 1538 2388 1570 auri-

1378 1580 1505 1618 culam,
1530 1588 1584 1612 aut
1607 1589 1699 1612 venas
1734 1588 1773 1610 eo
1796 1577 1991 1620 pertinentes
2011 1600 2023 1617 ‚
2059 1576 2204 1618 regressui
2229 1579 2350 1612 obstare
2375 1607 2382 1613 .

1512 1621 1571 1655 Sed
1594 1622 1632 1656 ad
1658 1622 1824 1654 Senacium
1856 1629 1892 1654 ut
1915 1618 2038 1652 redeam
2058 1631 2068 1658 ς
2106 1630 2222 1661 praeter
2245 1634 2280 1655 ea
2312 1635 2384 1665 quae

1382 1666 1420 1700 cle
1442 1666 1555 1700 multis
1579 1676 1676 1708 pauca
1699 1664 1798 1705 attigi
1821 1687 1833 1703 ,
1865 1663 2013 1706 proprias
2036 1663 2133 1696 etiam
2166 1664 2260 1698 habet
2292 1677 2387 1700 aneu-

1385 1709 1559 1752 rysmatum
1582 1709 1690 1742 cordis
1712 1706 1804 1741 fimul
1826 1709 1858 1739 δε
1882 1707 1995 1739 Aortae
2019 1705 2293 1748 Observationes,
2316 1709 2388 1743 has-

1381 1765 1441 1797 que
1464 1763 1550 1793 non,
1573 1760 1609 1786 ut
1632 1751 1794 1785 Lentilius
1815 1752 1906 1827 (fg)
1930 1748 1994 1781 fine
2017 1750 2226 1791 peculiaribus
2243 1753 2388 1795 sympto-

1381 1797 1543 1835 madbus,
1565 1797 1635 1829 imo
1657 1806 1731 1829 cum
1754 1794 1834 1836 pleri
1851 1804 1913 1836 que
1936 1793 2084 1825 omnibus
2107 1816 2117 1833 ‚
2153 1795 2329 1837 praesertim
2353 1798 2387 1829 in

1380 1840 1571 1874 Marchione
1593 1841 1632 1873 du
1654 1839 1765 1872 'Palais
1790 1840 1804 1877 (
1825 1836 1845 1869 h
1866 1841 1906 1876 )‚
1926 1836 2011 1869 inter
2021 1847 2091 1878 quae
2115 1839 2147 1869 ἃ
2169 1839 2251 1872 illud
2267 1866 2275 1881 ,
2298 1840 2387 1883 quod

1374 1895 1449 1917 cum
1483 1884 1554 1916 aliis
1587 1882 1845 1924 aneurysmatum
1877 1879 2010 1913 indiciis
2046 1879 2266 1922 conjunctum,
2292 1882 2387 1925 supra

1372 1931 1388 1967 (
1410 1927 1422 1960 i
1443 1931 1457 1966 )
1481 1924 1725 1968 perpendimus,
1752 1933 1788 1959 ut
1810 1923 1912 1967 jacere
1935 1934 2001 1956 non
2025 1922 2127 1964 poffet
2150 1947 2159 1962 ‚
2188 1935 2302 1965 curato
2326 1938 2386 1960 au„

1374 1980 1440 2003 tem
1451 1969 1490 2004 ad
1514 1971 1672 2003 anteriora
1685 1978 1819 2010 corpore
1833 1967 1934 2000 sedere
1957 1976 2143 2012 cogeretur.
2279 1971 2388 2013 Qcm

1369 2013 1516 2054 corporis
1539 2012 1636 2046 {itum
1660 2010 1791 2053 aliquod
1823 2010 1965 2044 levamen
1987 2010 2170 2044 afferentem
2198 2036 2210 2051 ‚
2245 2024 2318 2047 cum
2343 2013 2387 2047 fi-

1368 2057 1440 2099 gnis
1464 2056 1536 2089 aliis
1560 2055 1706 2090 diuturni
1728 2053 1836 2088 cordis
1870 2054 1947 2087 vitii
1971 2054 2005 2086 in
2040 2054 2117 2086 Sene
2141 2056 2240 2088 etiam
2265 2058 2385 2099 legeris

1369 2103 1384 2138 (
1405 2099 1424 2140 l<
1447 2102 1457 2137 )
1482 2100 1515 2131 in
1539 2110 1604 2141 quo
1627 2109 1683 2131 cor
1706 2096 1771 2130 fuit
1787 2095 1861 2139 fere
1874 2096 2028 2139 stupendae
2051 2099 2280 2139 magnitudinis
2295 2125 2305 2141 ‚
2330 2112 2384 2133 ar-

1370 2144 1451 2176 teria
1475 2151 1581 2176 autem
1604 2142 1725 2184 Magna
1747 2139 1854 2174 statim
1878 2151 1912 2172 ac
1935 2138 2020 2173 infra
2042 2139 2252 2184 diaphragma
2270 2155 2385 2186 perve-

1370 2195 1459 2219 nerat
1472 2210 1484 2227 ,
1507 2187 1540 2220 in
1563 2184 1727 2227 craffiriem
1745 2183 1846 2227 pugni
1867 2182 1990 2225 extensa
2014 2191 2081 2215 erat
2108 2195 2115 2216 :
2150 2196 2249 2227 quam
2288 2198 2387 2221 aneu-

1372 2231 1476 2272 rysma
1500 2226 1591 2263 fuisse
1613 2227 1806 2261 crediderim
1824 2249 1836 2266 ,
1870 2228 1924 2260 cui
1949 2225 2104 2268 polyposa
2129 2228 2216 2262 intus
2239 2229 2384 2264 adhaere-

1373 2282 1419 2306 ret
1444 2272 1575 2306 materia
1596 2282 1607 2308 ;
1643 2282 1715 2304 nam
1738 2270 1760 2303 si
1795 2270 2010 2303 membraneus
2046 2268 2154 2304 fuisset
2178 2270 2346 2308 folliculus
2371 2296 2384 2312 ‚

1372 2316 1434 2349 five
1457 2314 1617 2358 apostema
1640 2314 1727 2355 quod
1751 2314 1778 2346 se
1814 2315 1849 2345 in
1872 2314 2009 2345 Aortam
2033 2313 2199 2356 aperuisset
2223 2329 2233 2355 ς
2267 2318 2399 2360 potiusl

1375 2371 1474 2402 quam
1498 2359 1603 2401 ipsum
1627 2359 1660 2388 in
1684 2357 1766 2390 hanc
1788 2377 1798 2393 ‚
1832 2364 1867 2388 ut
1893 2355 2039 2389 creditur
2059 2379 2068 2393 ,
2104 2369 2162 2400 pus
2186 2359 2276 2394 suum
2300 2360 2391 2394 deri..

1376 2402 1492 2439 uisset,
1517 2402 1585 2435 haec
1609 2400 1722 2440 suum,
1744 2401 1865 2442 quippe
1888 2407 1980 2431 tanto
2005 2399 2145 2435 validius
2168 2403 2345 2445 impulsum
2371 2427 2386 2444 ,

1377 2447 1411 2478 in
1436 2444 1519 2478 illud
1545 2444 1727 2486 sanguinem
1749 2440 1947 2475 contrusisset
1963 2465 1971 2472 .

1421 2500 1474 2532 37.
1500 2486 1569 2521 Etsi
1603 2486 1874 2528 Aneurysmatum
1897 2486 2016 2518 arteriae
2049 2486 2175 2529 Magnae
2200 2489 2290 2531 plura
2323 2491 2392 2523 tibi

1380 2533 1522 2575 exempla
1547 2530 1651 2564 nostra
1673 2530 1890 2573 protulimus5
1915 2531 1947 2561 δε
1971 2529 2031 2561 alia
2045 2537 2149 2564 tamen
2175 2532 2252 2565 alias
2275 2534 2310 2566 in
2335 2534 2389 2566 10-

1379 2588 1419 2608 co
1443 2575 1638 2618 proferemus
1663 2597 1672 2611 ‚
1707 2583 1805 2615 neque
1829 2583 1940 2604 eorum
1970 2571 2069 2606 modo
2091 2585 2161 2616 quae
2200 2577 2234 2608 in
2259 2578 2385 2611 arteriae

1380 2618 1476 2652 ferme
1502 2618 1614 2661 oequali
1638 2619 1809 2650 inomnem
1834 2624 1956 2657 partem
1980 2614 2170 2651 dilatatione
2181 2619 2358 2654 consistunt
2370 2634 2406 2659 ,τη

1381 2662 1432 2695 sed
1456 2666 1488 2696 δε
1507 2673 1619 2695 eorum
1645 2672 1714 2703 quae
1728 2659 1806 2693 sacci
1830 2658 1924 2692 instar
1948 2658 1985 2692 ad
1995 2658 2061 2700 ejus
2085 2661 2169 2695 latus
2180 2663 2383 2701 excrescunt3

1382 2717 1419 2738 ne
1442 2705 1525 2738 forte
1549 2705 1615 2738 haec
1639 2703 1748 2736 credas
1771 2714 1900 2745 perraro
1923 2704 2085 2744 inveniri,
2107 2705 2233 2746 quando
2257 2706 2390 2741 casafa-

1384 2750 1474 2783 etum
1497 2748 1558 2786 est,
1584 2759 1620 2782 ut
1645 2758 1764 2784 unum,
1789 2745 1873 2779 haud
1897 2747 2056 2789 amplius,
2082 2748 2225 2789 ipsorum
2250 2759 2321 2784 tuin
2345 2761 2386 2784 ex

1381 2792 1539 2825 Valsalvae
1551 2792 1768 2826 observatione
1780 2789 1986 2832 produxerim
1997 2814 2010 2830 ‚
2033 2801 2103 2824 tum
2115 2803 2153 2824 ex
2166 2805 2234 2825 mea
2248 2818 2255 2825 .

1386 2836 1532 2869 Vicissim
1556 2846 1636 2869 certe
1658 2860 1666 2874 ‚
1699 2845 1772 2867 cum
1797 2832 2014 2875 aneurysmata
2053 2845 2193 2876 quatuor
2217 2836 2351 2870 habeam
2374 2860 2387 2875 ,

1385 2880 1467 2927 olim
1491 2892 1507 2912 a
1529 2880 1582 2912 Cl.
1609 2879 1737 2920 Vulpio
1761 2876 1918 2916 inim-eta,
1941 2880 1973 2911 &
1997 2876 2132 2917 siccata,
2157 2891 2251 2923 eaque
2276 2882 2388 2914 omnia

1381 2923 1443 2956 lint
1466 2925 1500 2956 in
1517 2924 1649 2964 parteriae
1675 2923 1801 2963 Magnae
1827 2930 1880 2952 aut
1904 2932 1976 2955 arcu
1999 2947 2008 2961 ‚
2043 2932 2102 2955 aut
2125 2934 2164 2956 eo
2195 2925 2298 2958 traetn
2331 2926 2388 2967 qui

1387 2968 1473 3000 inter
1498 2978 1628 3007 arcum,
1653 2968 1684 2997 ἃ
1707 2975 1764 2996 cor
1789 2963 1944 3003 interest;
1967 2977 2075 2998 eorum
2099 2978 2198 3000 unum
2223 2967 2264 3001 est
2288 2969 2387 3010 primi

1385 3012 1529 3052 generis,
1554 3012 1615 3043 tria
1641 3006 1786 3042 secundi.
1814 3008 1917 3047 Qae‚
1942 3006 2096 3051 liquando
2120 3012 2284 3044 Patavium
2307 3035 2318 3051 ‚
2351 3022 2388 3044 tit

1385 3056 1505 3097 cupio,
1529 3056 1675 3092 veneris,
1697 3050 1780 3093 apud
1801 3062 1849 3083 me
1872 3050 1993 3086 videbis
2010 3078 2019 3088 .
2152 3057 2275 3088 Interea
2298 3054 2388 3095 vale2

1385 3100 1417 3131 δε
1442 3109 1517 3140 me,-
1539 3107 1574 3132 ut
1597 3107 1704 3136 amas,
1728 3105 1816 3128 ama„
2313 3100 2316 3103 ’

2256 3467 2348 3514 Evi-

333 3542 2398 3576 W

456 3612 471 3671 ))
486 3609 560 3638 Epist.
578 3611 654 3632 Anat.
672 3616 708 3637 ¹5·
727 3615 752 3631 n.
769 3608 793 3630 8.
857 3604 870 3633 (
889 3610 898 3626 t
914 3603 929 3631 )
945 3600 1017 3630 Epist.
1035 3608 1072 3628 24.
1089 3609 1114 3625 n.
1133 3608 1171 3630 34.
1188 3607 1226 3629 37.
1290 3596 1298 3626 (
1315 3604 1330 3619 ιι

488 3640 575 3664 Traite'
593 3639 624 3663 du
643 3641 722 3663 Coeur
740 3639 757 3660 1-
775 3645 795 3659 2.
813 3643 833 3658 c.
852 3644 873 3664 5.
891 3642 913 3658 n.
933 3640 968 3656 11.
1031 3633 1044 3660 (
1060 3639 1079 3660 ζ

497 3672 510 3695 h
1025 3664 1039 3691 (
1055 3671 1066 3687 e
1081 3662 1095 3690 )
1111 3661 1233 3690 Siipplem.
1251 3659 1288 3683 cb.
1307 3667 1330 3688 3.

461 3677 643 3699 )c.4.n.4.
707 3666 961 3696 (d)ch.8.n.2.

459 3702 473 3729 3
491 3701 549 3728 Eph.
570 3703 601 3723 N.
620 3701 648 3722 C.
668 3700 724 3721 Dec.
743 3706 764 3725 3.
786 3701 813 3719 Α.
831 3704 850 3724 3.
869 3696 894 3719 in
912 3693 1025 3723 Append.
1043 3701 1069 3717 ii.
1087 3700 1110 3722 3.
1129 3693 1159 3716 ad
1178 3691 1237 3716 Obs.
1258 3696 1292 3719 31.

461 3734 475 3762 )
492 3731 545 3756 Ast.
562 3733 594 3754 N.
613 3731 639 3754 C.
656 3731 729 3752 Toni.
748 3736 767 3756 3.
786 3727 833 3750 Ob.
852 3733 887 3755 31.

1347 3598 1360 3625 )
1376 3594 1438 3620 lbid.
1457 3604 1481 3619 n.
1498 3604 1521 3626 7.
1536 3596 1562 3620 in
1578 3594 1619 3618 fin.

1094 3632 1180 3660 )1.4.
1198 3629 1238 3654 ch.
1254 3636 1279 3654 4.
1296 3635 1319 3650 n.
1337 3635 1362 3656 4.
1380 3627 1401 3649 ἃ
1418 3628 1455 3651 ch.
1473 3628 1497 3650 8.
1515 3635 1540 3650 ri.
1560 3634 1581 3655 9.
1600 3628 1621 3649 8:
1640 3631 1676 3648 10-

1355 3687 1496 3718 (h)1.4.
1515 3689 1594 3713 ch.8.
1613 3688 1754 3713 n.4.6.7.

1686 3593 1726 3616 (x
1744 3595 1750 3622 )
1768 3601 1791 3617 n.
1810 3593 1845 3616 28.
1864 3591 1941 3620 8130.

1739 3627 1752 3654 (
1768 3633 1783 3648 a
1798 3623 1811 3652 )
1827 3622 1865 3647 ch.
1882 3623 1903 3645 8.
1923 3629 1945 3645 n.
1962 3624 1985 3644 6-
2049 3620 2058 3643 (
2076 3617 2116 3644 b)
2137 3617 2197 3642 lbld.

1391 3657 1727 3688 (f31-4.eh.11.n.2.
1851 3684 1856 3688 ι

1818 3682 1924 3714 (1)n.
1941 3683 2032 3709 1319.
