2498 4075
441 191 593 257 Epist.
635 190 1027 253 Anat.Medica
1059 190 1192 245 Lm.
1230 188 1346 245 Art.
1382 192 1457 247 28·
1493 194 1547 247 &
1580 196 1659 259 293

45 267 128 300 mina
146 289 156 305 ,
182 267 212 298 ὃς
238 277 290 308 per
312 267 494 310 poplitem
516 265 556 299 sic
583 266 825 309 Brachialesper
859 267 890 299 id
926 266 1048 300 humeri

45 312 129 343 latus
155 308 300 343 feruntur
322 312 408 353 quod
433 309 596 343 thoracem
621 309 746 351 respicit
763 332 771 346 ,
797 320 860 342 non
882 310 967 352 quod
993 323 1048 344 ex-

44 354 162 385 teriora
177 378 184 384 .
210 354 335 387 Sinister
358 363 460 386 autem
484 353 590 385 cordis
613 353 807 386 ventriculus
831 354 857 385 is
881 362 962 385 certe
985 353 1048 393 est,

44 394 134 438 'cujus
158 397 188 439 vi
203 396 324 438 sanguis
347 396 384 430 ad
407 395 568 429 cerebrum
584 419 593 433 ‚
638 398 668 429 &
692 397 726 428 in
747 407 841 442 omne
862 406 976 438 corpus
990 398 1049 429 im-

44 440 180 481 'pellitur
194 450 203 476 ;
226 449 262 472 ut
274 438 295 473 fi
309 452 342 473 ea
367 438 454 471 valde
469 438 669 478 infirmetur,
680 442 710 472 &
725 450 789 480 ejus
803 440 969 472 ventriculi
987 441 1048 473 im-

47 482 194 523 pediatur
216 493 351 521 munus,-
377 484 523 522 protinus
546 483 628 514 mori
654 482 766 516 necesse
791 480 850 513 lit.-
884 481 969 524 quod
994 494 1047 514 ve-

46 535 79 556 re
102 525 241 558 Galenus
265 530 329 566 (a)
353 526 575 567 pronunciavit
601 523 669 557 fore
689 525 839 566 praecipue
854 523 1047 566 ficordissi·

46 569 145 606 nistrae
166 569 269 608 partis
291 577 399 602 venter
414 566 519 610 fuerit
540 566 739 600 vulneratus.
765 568 863 600 Nunc
897 566 918 599 fi
944 568 1049 601 cordis

46 620 100 643 tot
126 611 251 643 vulnera
277 613 430 644 memoria
446 620 586 652 repetas,
613 621 693 653 quot
717 611 751 642 in
765 609 964 650 Sepulchreti
989 610 1046 644 hac

49 653 116 687 Ill.
143 652 291 687 Sectione'
312 654 561 694 (b)le5-⁷,untur3
587 652 762 697 minusjam
774 652 940 686 miraberis
956 654 1049 693 ,lon-

47 708 86 738 ge
109 697 197 737 plura
220 695 277 729 esse
302 709 373 740 quae
399 696 437 730 ad
459 698 672 730 ventriculum
697 699 849 730 attineant
862 695 1051 737 dexterum,

47 752 114 778 quo
137 740 192 772 illa
216 752 345 782 quoque
368 740 433 773 duo
456 741 594 772 attinent
617 750 687 783 quae
701 739 913 781 superius(c)
936 751 974 772 ex
986 741 1049 773 Hi-

48 782 145 817 storia
168 783 441 824 indicavi¹Regiae
465 784 676 816 Scientiarum
698 781 885 816 Academiae
899 780 1050 816 Parifien-

48 825 107 859 iis:
132 837 170 858 ex
193 827 353 866 perpaucis
376 836 482 858 amem
504 837 575 868 quae
599 826 681 857 intra
715 824 874 858 sinistrum
906 836 1050 867 pervene-

49 872 138 907 rint,
162 869 248 901 nulla
272 868 329 901 else
355 868 423 910 post
446 877 516 911 quae
541 871 638 903 vitam
661 867 699 901 ad
722 868 808 901 diem
837 891 849 908 ,
882 879 946 901 non
978 868 1053 901 dico

43 912 240 952 'vigesimum
257 912 388 945 tertium
404 936 412 949 ,
435 921 489 946 aut
502 912 662 945 decimum
675 910 799 945 sexeum
810 933 822 950 ,
844 920 898 945 aut
912 922 1030 944 nonum
1043 937 1052 951 ,

53 966 108 988 aut
132 954 324 996 septimum,
350 954 397 987 sed
423 955 460 987 ad
483 965 655 997 quartum,
679 954 733 986 au't
757 955 926 996 quinorum
951 954 1053 988 homo

48 996 265 1041 produxerit,
290 1008 324 1032 ut
348 1005 412 1030 non
437 997 527 1031 semel
554 997 738 1040 produxisse
761 997 883 1032 videbis
908 998 975 1039 post
987 997 1059 1044 vul-

53 1052 113 1074 nus
137 1040 296 1082 perforans
319 1043 530 1075 ventriculum
553 1040 721 1075 dexterum
741 1065 749 1072 .
787 1039 953 1074 Persorato
983 1041 1059 1073 sini-

53 1083 120 1119 stro
135 1107 146 1122 ‚
171 1084 262 1117 illico
285 1094 450 1118 mortuum
476 1085 615 1117 invenies
639 1094 708 1117 tum
732 1094 825 1125 quern
840 1082 1060 1117 Diemerbroe-

52 1127 147 1160 ckius
170 1128 260 1167 (d),
283 1136 352 1161 tum
377 1139 473 1170 quem
487 1130 633 1162 Tiniaeus
656 1129 908 1168 (e)prop0nit.
935 1127 1061 1160 Horam

57 1169 188 1212 quidem
213 1171 295 1204 vixit
318 1182 412 1213 quem
428 1172 547 1204 Lucius
570 1169 649 1214 (f),
673 1171 741 1204 imo
752 1179 891 1211 quatuor
902 1172 1061 1213 autquin-

55 1224 118 1255 que
153 1213 231 1246 alter
252 1237 264 1254 ,
296 1213 389 1256 cujus
413 1215 446 1246 in
493 1214 706 1253 Sepulchreto
745 1215 942 1246 mentionem
972 1222 1061 1246 exta-

56 1267 115 1295 re,
138 1266 202 1289 non
226 1257 345 1295 credo,
371 1268 466 1299 quem
489 1255 640 1290 describit
664 1257 795 1291 Doiaeus
819 1259 907 1298 (g),
933 1265 1060 1291 utrum-

48 1311 117 1342 ·que
139 1298 248 1333 cordis
272 1310 407 1343 utroque
432 1301 611 1334 ventriculo
634 1299 784 1343 trajec‘m.
811 1299 869 1333 Sed
891 1300 967 1341 quid
1000 1299 1061 1332 ho-

56 1355 111 1379 ra,
138 1351 191 1375 aut
215 1342 302 1377 horae
326 1344 451 1385 aliquot
474 1342 511 1377 ad
535 1352 586 1376 tot
609 1353 690 1386 quot
714 1342 875 1382 dixim1153
897 1343 964 1376 dies
985 1341 1001 1375 ξ
1022 1341 1062 1376 ad

59 1385 219 1420 sexdecim
243 1387 413 1424 nimirum,
436 1389 505 1420 imo
529 1385 566 1419 ad
592 1396 654 1419 tres
677 1389 709 1419 &
733 1387 874 1426 viginti,
907 1395 942 1419 ut
974 1395 1061 1419 certe

59 1431 145 1462 vidit
172 1431 337 1463 Pantonus
361 1439 469 1471 patei-3
496 1429 591 1474 hujus
614 1430 699 1462 enim
723 1429 815 1461 illam
848 1428 1062 1462 Observatio-

61 1484 133 1505 nem
157 1484 227 1515 quae
247 1475 284 1505 in
307 1474 451 1506 sectione
475 1472 534 1506 hac
557 1473 625 1513 (h)
659 1473 776 1515 legitur
797 1493 807 1509 ,
836 1472 874 1504 ad
908 1474 1067 1505 ventricu-

58 1516 129 1549 lum
153 1516 289 1558 specstare
310 1517 500 1556 dexterum,
523 1515 545 1549 si
570 1516 655 1549 forte
679 1517 721 1548 ob
744 1515 881 1557 aliquem
914 1525 1067 1558 typogra-

59 1560 118 1602 phi
142 1570 280 1592 errorem
304 1560 454 1598 dubitas;
478 1560 584 1593 omnis
609 1559 669 1592 tibi
693 1558 843 1592 evelletur
877 1556 1041 1600 scrupulus
1056 1581 1066 1595 ‚

48 1601 84 1635 'si
108 1603 237 1636 eandem
253 1626 263 1643 ‚
288 1613 324 1637 ut
348 1602 463 1643 semel,
486 1604 665 1644 iterumque
689 1613 704 1634 a
727 1601 797 1634 Cel.
823 1601 909 1635 Filio
935 1603 999 1645 (i)
1023 1600 1066 1634 est

59 1645 163 1689 postea
191 1645 275 1679 edita
290 1670 300 1685 ‚
324 1647 479 1688 perlegere
502 1646 660 1680 volueris.
686 1644 740 1678 Est
751 1644 880 1687 quidem
898 1645 931 1676 in
954 1645 1065 1687 Sepul-

46 1689 162 1722 ‘chi-cti
182 1689 294 1730 calce,
319 1690 414 1722 altera
439 1690 576 1730 parentis
601 1687 797 1721 Observatio
819 1687 890 1727 (R)
914 1690 947 1719 in
959 1688 1065 1731 eoqui

59 1733 190 1766 vixerat
219 1743 265 1776 17.
290 1732 356 1765 dies
374 1755 382 1771 ‚
409 1743 482 1766 cum
506 1730 580 1766 esset
605 1732 705 1765 cordis
720 1730 845 1774 septum
869 1732 902 1763 in
924 1728 986 1774 hafi
997 1731 1068 1765 vul-

59 1783 203 1808 neratum
217 1798 224 1811 ‚
244 1775 370 1808 vnlnere
402 1775 515 1809 leviter
536 1782 715 1817 penetrante
731 1773 887 1815 finistrum
909 1775 1069 1807 ventricu-

47 1817 150 1856 lum,
174 1820 217 1853 ζῶ
240 1821 272 1852 in
297 1819 404 1852 dextro
423 1818 554 1860 finiente
569 1841 577 1855 ,
603 1816 686 1855 sive,
710 1826 744 1850 ut
769 1815 853 1849 filius
876 1815 941 1855 (l)
964 1815 1067 1857 postea

60 1861 188 1903 edidit,
210 1862 338 1897 vulnere
362 1861 473 1897 leviter
497 1861 669 1904 attingente
683 1881 692 1897 ‚
716 1859 777 1892 live
800 1859 912 1893 leviter
942 1860 1069 1895 laedente

47 1904 214 1953 'finiffrum
239 1906 339 1940 cordis
361 1903 574 1939 ventriculum
588 1929 598 1944 ‚
620 1906 663 1938 (9³-
688 1904 720 1938 in
743 1903 887 1938 dextrum
903 1912 1067 1946 penetran-

60 1959 111 1988 τες
138 1961 173 1984 ut
200 1948 293 1985 facile
316 1947 493 1993 conjicias,
514 1961 532 1983 a
557 1948 643 1984 temti
665 1949 707 1982 &⁹
746 1956 870 1981 eructato
888 1948 994 1989 gladio
1012 1959 1066 1991 per

56 1993 202 2054 septum)
214 1995 345 2037 oblique
369 1994 481 2027 adaeto
496 2015 505 2030 ‚
528 1993 635 2028 obiter
657 2003 710 2035 per
744 1992 861 2025 rictum
884 1990 1040 2026 sinistrum
1056 2018 1064 2033 ,

62 2047 211 2079 apertum
235 2047 363 2077 autern,
386 2038 531 2080 quamvis
549 2047 647 2080 parvo
661 2034 819 2080 foramine
842 2045 906 2068 non
920 2034 1004 2081 secus
1017 2045 1066 2069 at-

60 2092 121 2123 que
145 2083 177 2114 in
211 2082 265 2114 illa
300 2081 394 2115 altera
417 2079 455 2114 de
478 2092 542 2122 qua
565 2091 704 2122 primum
727 2079 822 2118 dixi,
855 2078 1067 2113 Observatio-

62 2135 122 2164 ue,
145 2123 234 2160 fuisse
258 2123 444 2158 dexterum.
472 2124 526 2157 Ne
551 2135 626 2156 vero
648 2125 681 2156 in
704 2121 844 2170 historia
859 2120 975 2157 haereas
994 2135 1067 2164 quae·

48 2168 98 2200 'in
121 2167 253 2201 eandem
276 2166 356 2201 hanc
380 2168 559 2205 Seffionem
580 2166 658 2206 (m)
682 2178 720 2199 ex
742 2166 888 2199 Henrico
912 2168 952 2199 ab
982 2167 1070 2200 Heer

49 2211 108 2245 ‘est
131 2212 227 2245 relata
241 2233 251 2248 ‚
273 2212 419 2251 credens,
440 2211 515 2253 quia
539 2209 633 2251 &afim
656 2210 756 2245 cordis
779 2207 902 2251 ejusque
924 2220 1033 2243 conum
1057 2233 1067 2247 ‚

46 2256 135 2289 'cum
159 2254 269 2298 mfigni
292 2252 478 2288 laceratione
502 2252 787 2295 transverberatum
806 2250 909 2293 globis
933 2251 1066 2295 sclopeti

65 2298 181 2332 duobus
203 2295 362 2337 offendit,
382 2297 496 2332 vulnus
519 2298 552 2329 in
577 2296 733 2329 sinistrum
757 2295 969 2330 ventriculum
995 2307 1068 2338 per-

48 2340 201 2380 ·venill‘e3
226 2350 329 2375 totam
354 2341 439 2382 lege,
463 2339 691 2382 agnoscesque,
724 2341 757 2371 in
792 2348 939 2373 neutrum
973 2351 1067 2382 pene-

65 2383 181 2421 trasse3
208 2395 306 2427 neque
330 2385 417 2417 enim
440 2385 633 2417 mirantibus
656 2381 835 2426 quomodos
859 2381 896 2415 ad
928 2381 1070 2424 septimae

64 2428 130 2461 diei
156 2426 250 2461 finem
274 2425 426 2470 potuisset
450 2429 526 2469 aegri
550 2426 638 2459 illius
661 2428 726 2459 vita
750 2425 884 2472 produci
910 2452 917 2463 ,
949 2426 1072 2460 satisfa-

65 2482 133 2504 cere
157 2469 291 2504 licuisset
305 2493 314 2507 ‚
338 2469 541 2506 ostendendo,
555 2480 590 2503 ut
615 2479 691 2503 tunc
715 2469 820 2503 fecifle
830 2469 859 2502 se
881 2467 1073 2510 dicit,Ma-

68 2513 177 2558 jorurn
200 2514 317 2555 dogma
332 2536 344 2553 ,
360 2513 429 2556 sola
453 2514 554 2547 cordis
569 2512 741 2556 substancia
765 2512 855 2555 laesa,
874 2511 902 2555 fi
925 2514 966 2546 ad
997 2524 1073 2547 ven-

72 2557 204 2592 triculos
227 2557 345 2591 vulnus
367 2566 425 2589 non
442 2565 607 2599 penetret,
631 2556 752 2598 aliquos
775 2557 840 2590 dies
859 2554 938 2602 poffi’
959 2566 1072 2599 aegrum

72 2601 205 2640 vivere,
230 2601 302 2634 dum
321 2598 503 2643 phlegmone
518 2599 754 2642 superveniente
777 2598 954 2640 abripiatur
969 2623 976 2631 .
1000 2599 1072 2633 Nec

69 2654 120 2677 me
143 2644 274 2686 quidem
299 2642 411 2684 fugit,
436 2643 679 2685 praetervariam
699 2640 823 2678 sedem,
847 2641 1074 2677 rectitudinem

68 2699 220 2729 quoque,
244 2695 297 2721 aut
320 2685 574 2729 obliquitatem,
597 2686 808 2722 brevitatem,
841 2694 893 2718 aut
929 2686 984 2725 lon
1011 2688 1076 2720 itu-

71 2730 204 2770 dinem,
227 2729 403 2771 praesertim
426 2741 502 2762 vero
526 2728 793 2769 amplitudinem,
818 2738 871 2762 aut
902 2739 983 2772 angu
1012 2730 1076 2763 iam

70 2773 210 2806 vulneris
234 2773 411 2813 plurimum
432 2771 533 2805 facere
556 2772 592 2805 ad
604 2770 838 2806 accelerandam
851 2782 987 2804 mortem
1002 2782 1076 2809 ‚aut

73 2815 293 2849 retardandam
307 2837 316 2852 ,
339 2824 375 2848 ut
399 2817 497 2858 magis
509 2836 517 2851 ,
529 2815 669 2848 minusve
680 2814 895 2855 corlaeditur‚
920 2826 973 2848 aut
986 2816 1055 2857 plus
1067 2839 1080 2857 ,

75 2858 218 2893 minusve
242 2857 403 2900 sanguinis
438 2870 476 2891 ex
507 2859 660 2891 utrolibet
698 2859 878 2892 ventriculo
910 2857 1046 2892 effundit
1070 2884 1078 2891 .

76 2903 241 2939 Quocirca
264 2904 296 2934 &
321 2902 483 2935 hominem
507 2900 592 2935 hunc
614 2911 709 2944 quem
731 2900 797 2949 ipse
828 2900 957 2936 di'ssecui
980 2925 993 2943 ,
1023 2902 1082 2935 ali-

77 2955 199 2989 quanto
224 2944 360 2986 amplius
384 2946 484 2978 vitam
506 2944 632 2977 trahere
656 2944 1001 2986 potuisle,existim0‚
1023 2944 1083 2979 nifi

59 2989 118 3023 'ad
142 2988 256 3022 vulnus
280 2986 448 3021 suffocatio
471 2987 633 3021 acceffiffet
653 2990 787 3027 (eorum
812 2990 896 3023 enirn
920 2999 989 3031 quae
1008 3000 1081 3023 cum

78 3033 205 3066 vulnere
228 3031 333 3066 cordis
357 3028 533 3073 junguntur
548 3053 557 3067 ‚
581 3032 614 3065 in
638 3031 703 3064 illis
724 3032 778 3073 qui
793 3033 1086 3074 citiusintercunt,

80 3085 117 3112 ut
142 3084 217 3118 puta
242 3076 274 3106 in
298 3074 435 3117 quadam
457 3073 640 3116 Mraucharti
663 3076 730 3114 (n)
752 3075 1005 3112 Observatione‚
1028 3075 1085 3110 ha-

72 3117 182 3152 'benda
206 3117 248 3151 est
271 3118 379 3155 ratio)
403 3128 466 3150 non
486 3127 594 3151 tamen
626 3117 766 3159 quandiu
801 3120 900 3151 traxit
931 3119 958 3151 is
989 3130 1085 3162 quem

58 3162 174 3205 'supra
199 3162 258 3202 (o)
282 3172 320 3193 ex
343 3159 490 3194 Valsalva
512 3160 682 3203 descripsi,
704 3162 760 3202 qui
795 3160 926 3194 dextero
959 3162 1087 3204 pertuso

79 3205 258 3238 ventriculo
274 3227 281 3241 ‚
304 3202 348 3249 ad-
364 3204 512 3237 odai-um
535 3206 679 3246 pervenit
703 3204 787 3238 diem
808 3230 816 3236 .
854 3204 1086 3248 Colligendum

82 3258 189 3283 autem
211 3248 273 3281 hoc
295 3247 466 3281 discrimen
490 3248 616 3282 videtur
638 3260 676 3281 ex
698 3247 824 3281 collatis
856 3249 942 3281 inter
974 3247 1003 3281 se
1035 3260 1087 3284 tot

58 3335 61 3341 Δ
82 3292 151 3325 illis
173 3303 249 3334 quas
274 3290 505 3327 indicavimus,
529 3289 644 3332 hujus,
669 3300 721 3324 aut
744 3292 833 3324 illius
858 3291 987 3326 sauciati
1011 3303 1087 3326 ven-
1115 3305 1117 3308 ¹

71 3335 194 3368 *triculi
218 3328 528 3371 Observation‘ibus,
552 3333 611 3368 nisi
634 3335 735 3369 obstet
748 3334 870 3377 aliquid
892 3346 1086 3379 eorumquae

84 3377 184 3414 modo
207 3377 279 3410 sunt
301 3376 411 3415 dicia,
434 3386 488 3409 aut
513 3377 572 3410 alia
595 3380 718 3419 etiam,
740 3389 777 3412 ut
801 3380 833 3411 in
858 3377 920 3411 hoc
942 3380 997 3421 qui
1026 3379 1090 3414 suit

85 3434 103 3455 a
126 3433 175 3457 me
195 3419 344 3454 dissectus
360 3441 370 3457 ,
395 3419 542 3461 impos-ita
565 3422 627 3455 alia
650 3423 722 3454 aliis
737 3444 749 3461 ‚
772 3424 804 3454 ὰ
827 3421 868 3455 fic
891 3421 1092 3465 vulnusope-

57 3466 199 3500 -.nentia
222 3464 449 3500 lacertulorum
471 3464 627 3504 reticula5
650 3475 689 3506 ut
709 3466 744 3498 in
767 3476 804 3499 eo
826 3476 920 3509 quem
951 3465 1091 3510 inspexit

1098 268 1305 302 Bartholinus
1330 273 1415 311 (p),
1438 270 1577 304 vulneris
1601 269 1684 303 labia
1706 269 1922 313 eoricidentia;
1944 282 1979 304 ut
2004 274 2036 304 in
2062 283 2099 305 eo

1097 323 1189 355 quem
1213 311 1337 354 Billyus
1360 316 1447 355 (q),
1465 324 1597 355 grumas
1622 312 1786 355 sanguinis
1817 315 1953 347 concreti
1982 314 2103 347 ‘vulnus

1100 355 1201 389 cordis
1222 352 1389 388 obturans.-
1413 364 1467 389 aut
1489 355 1511 389 si
1536 356 1639 389 nullus
1662 356 1743 388 obex
1767 354 1828 394 fit,
1851 355 1917 398 ipsa
1929 356 2037 401 cordis
2067 359 2103 390 in

1101 397 1129 430 se
1152 396 1395 438 contrahendo,
1419 402 1474 438 δε,
1497 399 1585 441 quod
1623 398 1853 440 consequitur,
1887 400 1921 432 in
1956 400 2105 441 languine

1100 451 1155 482 per
1176 439 1289 473 vulnus
1312 441 1507 475 extrudendo
1530 442 1648 475 summa
1671 440 1858 476 infirmitas,
1881 442 1970 484 quod
1994 444 2025 475 in
2039 453 2109 475 me-

1099 485 1232 516 moratis
1256 483 1392 517 Fantoni
1417 483 1561 519 historiis
1584 484 1699 518 crebrae
1712 485 1809 517 animi
1821 482 2108 526 defeetiones‚aut

1101 527 1263 568 sanguinis
1287 525 1445 561 effluentis
1467 529 1558 569 copia
1585 528 1728 561 indicant
1749 525 1871 567 JQias
1908 527 2034 562 fortasse
2063 530 2109 562 ob

1102 568 1228 604 causas,
1253 580 1291 602 ex
1314 579 1401 611 parte
1424 571 1555 608 saltem,
1581 581 1645 605 non
1659 580 1729 604 ante
1753 569 2010 605 sextuminteriit
2022 572 2110 606 diem

1103 613 1131 645 is
1158 611 1335 645 adolescens
1350 634 1359 649 ‚
1383 612 1473 655 cujus
1496 614 1661 648 dexterum
1684 614 1791 647 cordis
1814 616 2032 650 ventriculum
2046 616 2109 650 sau.

1102 656 1242 688 ciaverat
1264 656 1380 695 culter,
1394 657 1517 689 vulnere
1542 653 1592 689 sex
1616 658 1714 691 lineas
1739 654 1920 690 Parifienses
1943 668 2112 703 aequante‚

1104 697 1273 731 secundum
1297 699 1498 733 horizontem
1522 699 1673 738 inflicto,
1695 699 1853 742 pollicum
1876 702 1977 735 trium
2001 715 2017 735 a
2038 713 2111 735 mu-

1103 750 1197 774 crone
1220 742 1409 780 intervallo,
1435 745 1466 776 &
1493 743 1532 775 ab
1554 752 1685 775 externo
1709 743 1828 784 pariete
1850 742 1892 775 ad
1926 744 2112 786 oppositum

1101 784 1319 826 perveniente.
1346 785 1462 827 Magna
1487 784 1590 819 fuerat
1637 785 1796 827 sanguinis
1830 784 1974 826 profusio
1997 810 2011 828 ,
2042 798 2113 820 rna-

1100 838 1160 868 gna
1185 849 1197 866 ,
1228 837 1343 870 praeter
1376 829 1509 861 leviores
1541 830 1641 862 animi
1675 827 1869 862 defectiones
1892 852 1904 867 ‚
1947 841 2003 863 nec
2049 840 2115 864 una

1103 875 1242 912 syncope
1278 895 1286 910 ‚
1334 871 1438 905 tribus
1495 879 1600 905 autem'
1654 872 1824 914 postremis
1867 872 1979 907 diebus
2028 873 2112 907 nulli

1102 911 1200 945 ferme
1221 913 1360 955 amplius
1383 913 1512 957 pulsus,
1534 917 1589 958 qui
1615 914 1775 952 secundo,
1800 917 1832 948 δε
1856 917 1956 950 tertio
1978 916 2031 950 die
2041 928 2116 952 cum

1106 954 1285 988 vehementi
1311 955 1397 990 febre
1420 958 1607 998 viguerant,
1630 969 1797 1005 quae-cum
1837 959 1909 993 aliis
1944 959 1983 994 ab
2016 961 2118 994 initio

1107 998 1146 1032 ad
1169 997 1263 1032 finem
1287 999 1383 1042 usque
1406 1001 1593 1042 diligentius
1604 1000 1672 1034 sane
1689 1000 1979 1045 adnotatis‚quam
2003 1004 2119 1047 inple-

1109 1041 1213 1084 risque
1235 1042 1390 1076 vulnerati
1410 1043 1516 1077 cordis
1539 1044 1833 1078 Observationibus
1863 1045 1970 1086 legisse
2003 1047 2120 1080 memi-

1111 1087 1235 1124 nerim,
1260 1086 1364 1118 videre
1388 1087 1511 1128 poteris
1536 1087 1575 1120 ab
1597 1087 1755 1121 Auditore
1768 1089 1850 1121 olim
1874 1099 1944 1121 meo
1956 1091 2121 1132 Stephano

1110 1127 1294 1170 Gaspareno
1318 1132 1382 1168 (ν)
1405 1129 1558 1168 Medico,
1584 1129 1799 1171 &chirurgo
1811 1131 2030 1166 Feltrienlium
2044 1135 2123 1174 Spe-

1110 1171 1225 1210 ἑὶειῑο,
1249 1169 1344 1212 presse
1355 1171 1509 1214 quidem,
1533 1182 1565 1206 at
1578 1173 1739 1215 perspicue
1750 1173 1926 1217 descripta.
2049 1176 2138 1209 Ha.»

1109 1214 1219 1247 &enus
1243 1212 1382 1256 expolita
1406 1226 1479 1248 cum
1504 1216 1712 1254 recenserem,
1735 1219 1873 1251 eximius
1906 1218 2022 1252 allatus
2053 1217 2124 1254 fue-

1113 1265 1162 1289 rat
1184 1256 1350 1290 Archiatri
1386 1257 1523 1293 Illustris
1556 1261 1677 1293 Senacii
1708 1259 1747 1293 de
1778 1262 1890 1294 Corde
1923 1261 2125 1302 Ττεᾶεωε,

1111 1299 1204 1343 cujus
1225 1298 1306 1334 illud
1329 1311 1422 1342 caput
1445 1303 1512 1344 (s)
1535 1302 1622 1345 quod
1645 1302 1684 1336 de
1707 1303 1907 1338 Vulneribus
1928 1304 2049 1339 Cordis
2072 1307 2125 1339 in-

1114 1342 1263 1376 scribitur
1277 1366 1287 1382 ,
1309 1355 1383 1377 cum
1406 1345 1617 1387 perlegerem,
1641 1345 1726 1379 nihil
1748 1346 1838 1391 quod
1862 1348 1900 1381 ad
1932 1347 2094 1382 theoriam
2109 1372 2122 1387 ,

1114 1385 1152 1419 ad
1175 1385 1447 1421 Observationum
1471 1390 1585 1422 utilem
1608 1390 1693 1423 inter
1716 1389 1744 1423 se
1765 1391 1997 1430 collationem,
2024 1391 2061 1425 ad
2086 1391 2126 1426 fi-

1118 1440 1178 1475 gna
1195 1456 1202 1467 ‚
1226 1432 1258 1461 &
1282 1430 1319 1464 ad
1343 1430 1444 1472 ipsam
1468 1433 1572 1474 quoad
1596 1432 1691 1470 licet,
1716 1436 1917 1469 curationem
1931 1436 2127 1477 pertineret,

1117 1472 1282 1505 desiderari
1307 1473 1416 1516 posse,
1437 1476 1524 1509 vidi.
1547 1476 1765 1517 Qamobrem
1792 1478 1851 1511 tibi
1888 1479 1999 1512 auetor
2023 1479 2091 1513 sum
2117 1504 2128 1519 ‚

1118 1524 1154 1549 ut
1179 1525 1310 1555 totum,
1333 1527 1388 1549 nec
1414 1517 1504 1552 semel
1528 1520 1644 1553 verses.
1682 1523 1719 1554 In
1754 1521 2007 1556 Observationes
2039 1524 2127 1556 enim

1115 1557 1205 1593 fimul
1229 1559 1349 1592 incides
1371 1572 1505 1604 quarum
1528 1564 1691 1596 nonnullis
1716 1563 1782 1601 ipse
1803 1564 1969 1603 carebam,
1992 1567 2069 1599 &in
2080 1576 2129 1599 eas

1116 1605 1293 1644 praecipue,
1315 1615 1391 1645 quas
1414 1605 1562 1645 indicat,
1586 1608 1731 1648 proprias
1747 1631 1755 1643 .
1780 1608 1863 1640 inter
1896 1607 2008 1651 easque
2042 1621 2126 1652 prae-

1119 1645 1227 1678 sertim
1250 1657 1320 1688 quae
1343 1647 1420 1680 illuc
1443 1651 1582 1681 attinent
1597 1672 1605 1686 ‚
1628 1658 1664 1683 ut
1687 1648 1880 1691 confirmet,
1904 1651 1989 1693 posse
2012 1653 2130 1688 vulne-

1120 1699 1152 1721 ra
1177 1691 1209 1721 in
1234 1690 1426 1723 ventriculos
1451 1692 1633 1733 pervenire,
1657 1704 1713 1726 nec
1738 1706 1881 1737 magnam
1914 1704 2019 1729 tamen
2053 1707 2134 1730 con-

1118 1733 1240 1774 tingere
1266 1730 1426 1779 sanguinis
1448 1734 1651 1776 effusionem,
1674 1735 1736 1770 five
1757 1739 1832 1780 quia
1866 1750 1981 1781 grumo
2005 1738 2132 1782 sangui—

1119 1777 1169 1808 nis
1191 1778 1354 1822 occlusum
1389 1776 1586 1818 profundum
1620 1780 1733 1814 vulnus
1769 1782 1896 1816 invenit
1918 1806 1930 1823 ‚
1956 1782 2022 1816 *live
2055 1785 2132 1826 quia

1118 1819 1244 1852 vulnere
1268 1820 1339 1861 ipso
1364 1821 1500 1855 irritatae
1524 1821 1610 1856 fibrae
1635 1824 1678 1855 ira
1704 1823 1732 1857 se
1755 1825 1967 1864 contrahant,
2002 1836 2038 1860 ut
2063 1827 2133 1860 san-

1120 1864 1208 1909 guini
1236 1865 1360 1896 exitum
1381 1864 1617 1904 intercludant,
1640 1865 1699 1899 live
1714 1868 1800 1910 quod
1818 1869 1931 1904 vulnus
1954 1870 2130 1913 obliquum

1120 1908 1158 1940 lit
1179 1917 1189 1944 3
1202 1907 1383 1948 exemplum
1396 1918 1500 1941 aurem
1513 1906 1665 1952 finguiare
1677 1910 1796 1953 profert
1813 1923 1935 1956 magnae
1948 1912 2129 1956 obliquita-

1120 1951 1187 1988 tis;
1208 1950 1322 1984 vulnus
1346 1951 1430 1984 enim
1457 1952 1538 1985 vidit
1564 1956 1596 1985 in
1620 1965 1686 1996 quo
1697 1954 1822 1996 gladius
1846 1967 1900 1998 pei·
1926 1956 2132 1991 substantiam

1117 1992 1226 2028 cordis
1252 2006 1268 2027 a
1291 2005 1442 2029 mucrone
1465 1994 1504 2029 ad
1527 1994 1629 2043 basim
1664 1997 1814 2040 trajectus
1848 1999 1952 2034 suerat
1967 2025 1974 2033 .
2013 2000 2135 2043 Cujus·

1119 2038 1207 2072 modi
1233 2049 1330 2080 genus
1354 2038 1506 2073 obstaculi
1531 2039 1587 2074 etsi
1610 2041 1644 2074 in
1668 2043 1841 2077 ventriculi
1865 2043 1972 2078 dextri
1997 2045 2135 2078 vulneri-

1119 2081 1177 2116 bus
1201 2081 1243 2117 ob
1268 2084 1398 2125 parietis
1423 2085 1612 2120 tenuitatem
1635 2086 1740 2121 minus
1765 2085 1859 2121 facile
1883 2086 1951 2121 fieri
1979 2088 2064 2130 posse
2075 2087 2134 2122 ad·

1120 2135 1253 2164 monet3
1277 2137 1337 2158 non
1374 2137 1468 2170 negat
1504 2137 1609 2162 tamen
1636 2153 1646 2170 ‚
1679 2129 1840 2174 sanguinis
1875 2129 2059 2165 effufionem
2095 2143 2134 2165 ex

1119 2169 1300 2202 ventriculo
1325 2167 1388 2203 hoc
1411 2182 1539 2215 quoque
1562 2171 1723 2207 interdum
1746 2172 1802 2209 esse
1826 2175 1949 2209 nonita
1965 2187 2109 2218 magnam
2125 2200 2134 2206 .

1120 2212 1291 2259 Utrolibet
1316 2222 1422 2247 autem
1456 2226 1494 2248 ex
1524 2217 1703 2251 ventriculo
1727 2217 1748 2251 fi
1774 2218 2012 2262 haemorrhagia
2046 2218 2134 2258 haud

1120 2264 1208 2290 tanta
1233 2256 1294 2295 ht,
1318 2266 1352 2290 ut
1376 2257 1523 2291 celeriter
1548 2271 1602 2301 per
1625 2259 1655 2293 se
1681 2260 1837 2302 occidat;
1859 2273 2009 2305 magnum
2022 2271 2130 2298 tamen

1121 2298 1225 2348 postea
1247 2311 1285 2332 ex
1330 2300 1491 2334 accedente
1513 2303 1790 2345 inflammatione,
1834 2307 1866 2338 &
1894 2305 1951 2339 nili
1986 2306 2053 2340 haec
2086 2305 2137 2341 di-

1120 2346 1287 2382 scutiatur,
1296 2354 1334 2376 ex
1346 2355 1407 2377 non
1419 2344 1544 2379 modica
1555 2345 1782 2389 suppuratione
1794 2347 1905 2382 instare
1919 2350 2097 2391 periculum
2124 2358 2136 2385 .'

1122 2385 1179 2419 Sed
1193 2385 1259 2420 haec
1283 2388 1393 2421 malim
1418 2399 1471 2430 per
1493 2399 1524 2422 te
1550 2389 1678 2431 videas,
1700 2403 1797 2435 quam
1813 2403 1851 2427 ex
1874 2404 1922 2426 me
1946 2394 2133 2436 intelligas.

1127 2473 1147 2479 ..
1168 2429 1217 2462 28.
1242 2431 1295 2479 Ex
1319 2432 1447 2464 vulnere
1472 2443 1598 2475 quoque
1622 2433 1795 2477 sanguiferi
1831 2435 1964 2480 majoris
1995 2437 2075 2475 vasis
2099 2449 2138 2472 ex

1124 2483 1166 2506 iis
1189 2484 1326 2507 maxime
1349 2485 1419 2517 quae
1442 2474 1577 2510 thorace
1599 2479 1862 2520 concluduntur,
1888 2480 2031 2515 art'eriofi
2055 2492 2136 2523 prae-

1111 2515 1244 2554 sertim,
1261 2517 1419 2550 celerrime
1442 2520 1618 2561 plurimum
1643 2521 1827 2563 sanguinem
1853 2522 1974 2558 effundi
1989 2548 2001 2565 ‚
2025 2523 2136 2560 hom-i-

1125 2570 1260 2603 nemque
1283 2561 1448 2600 interimi,
1475 2561 1532 2597 nifi
1556 2567 1587 2597 &
1611 2565 1737 2599 ratione
1760 2565 1993 2607 manifestum,
2017 2571 2049 2602 δε
2072 2579 2141 2602 cre-

1125 2602 1200 2650 bris⁴
1225 2600 1298 2637 esset
1332 2604 1547 2640 sauciatorum
1579 2606 1822 2644 disfeffionibus
1854 2611 2104 2653 comprobatum
2128 2634 2139 2650 ‚

1126 2647 1323 2680 Oblervatio
1345 2648 1507 2682 ostendere
1530 2649 1653 2691 posset,
1676 2663 1773 2695 quam
1791 2654 2004 2695 Sepulchreto
2027 2655 2143 2693 addes,

1121 2689 1178 2734 Jo.
1204 2690 1341 2724 Andreae
1366 2691 1559 2727 Usenbenzii
1584 2694 1666 2736 (t).
1690 2697 1735 2729 Et
1759 2706 1836 2730 tunc
1878 2696 2008 2741 quidem
2046 2697 2143 2735 facile

1130 2732 1308 2767 Profestori
1334 2735 1409 2769 licet
1423 2758 1432 2773 ‚
1459 2735 1541 2769 unde
1565 2736 1691 2779 sanguis
1701 2740 1857 2780 prodierit
1879 2764 1887 2778 ‚
1903 2739 2116 2775 demonstrare
2132 2768 2142 2777 .

1129 2777 1276 2812 Contra,
1301 2776 1323 2810 fi
1347 2778 1454 2813 laesum
1478 2790 1529 2812 vas
1553 2789 1647 2813 tenue
1670 2780 1709 2815 fit
1725 2805 1732 2818 ,
1759 2782 1887 2825 sanguis
1910 2785 1993 2818 lente
2016 2785 2144 2827 exiens,

1130 2819 1275 2853 occidere
1298 2822 1389 2854 aneta
1413 2822 1588 2864 paulatim,
1614 2822 1663 2857 sed
1695 2823 1831 2865 affidue,
1866 2826 1912 2862 sui
1945 2829 2042 2871 copia
2081 2826 2143 2863 ho-

1131 2864 1253 2910 minem
1277 2866 1419 2905 poterit;
1446 2875 1477 2898 at
1500 2866 1575 2904 vix,
1599 2866 1669 2900 imo
1694 2868 1883 2908 interdurn,
1916 2869 1975 2904 nisi
2015 2880 2145 2914 tempus

1131 2906 1315 2948 injectionis
1336 2917 1398 2949 ope
1421 2908 1606 2952 inquirendi
1628 2910 1738 2945 datum
1762 2910 1800 2946 fit
1815 2938 1823 2952 ,
1847 2924 1886 2947 ne
1918 2915 1975 2948 vix
2006 2915 2143 2958 quidem

1134 2949 1215 2984 unde
1235 2950 1370 2989 exierit,
1391 2951 1577 2992 invenitur,
1600 2953 1687 2988 velut
1725 2955 1758 2988 in
1790 2957 1862 2990 viro
1881 2979 1894 2997 ‚
1925 2956 2015 3001 cuj-us
2048 2958 2145 2993 altera

1134 2993 1276 3026 thoracis
1297 3003 1389 3026 cavea
1412 3005 1451 3027 ex
1473 2995 1601 3029 uulnere
1621 2995 1788 3040 conspe&a
1798 2997 1841 3033 est
1859 3000 2008 3045 ,plurimo
2019 3001 2146 3038 sanaui-

1136 3047 1174 3069 ne
1200 3034 1334 3070 referta.
1352 3037 1418 3071 r’Sed
1439 3037 1522 3072 unde
1547 3037 1600 3073 hic
1617 3039 1797 3076 *effluxiffet
1821 3065 1830 3081 ‚
1865 3044 2033 3080 obscurum
2067 3040 2147 3079 adeo

1136 3078 1222 3118 fuit,
1246 3089 1281 3113 ut
1305 3090 1343 3113 ne
1366 3080 1539 3116 Mediaviae
1572 3083 1703 3125 quidem
1735 3085 1836 3119 nostri
1870 3088 1950 3122 mihi
1983 3088 2146 3132 perspesta

1135 3122 1302 3164 diligentia
1327 3127 1469 3165 potuerit
1491 3126 1649 3160 inveniri.
1679 3127 1866 3164 Historiam
1892 3132 2031 3165 'minime
2063 3133 2148 3166 alio·

1136 3168 1214 3208 quin
1236 3167 1502 3201 contemnendam
1517 3191 1528 3208 ,
1552 3179 1587 3202 ut
1613 3169 1677 3213 ipse
1699 3171 1783 3206 mihi
1806 3176 1949 3208 narravit
1961 3174 2072 3209 eodem
2087 3174 2143 3208 vse-

1136 3209 1254 3242 &ionis
1277 3208 1348 3248 die,
1372 3211 1429 3254 qui
1455 3210 1520 3245 fuit
1545 3212 1703 3249 Kalendis
1723 3215 1808 3250 Maii
1829 3218 1873 3250 A.
1901 3227 1981 3261 ¹742
1995 3231 2009 3258 ⁷>
2030 3218 2074 3253 sic
2095 3228 2146 3253 te-

1138 3263 1213 3286 cum
1236 3254 1385 3295 protinus
1408 3256 1675 3291 communicabo.

1181 3305 1232 3336 29.
1254 3297 1456 3333 COQUUS
1477 3297 1533 3331 hic
1555 3309 1620 3332 erat
1642 3311 1681 3334 ex
1711 3301 1845 3343 Gallia,
1876 3314 1973 3347 quem
2001 3305 2031 3340 is
2061 3312 2146 3349 quo⁴

1139 3349 1213 3388 cum
1236 3337 1320 3372 forte
1345 3341 1527 3378 rixabatur,
1550 3341 1696 3377 districto
1717 3345 1811 3386 ense,
1834 3346 1972 3391 obliquo
1995 3348 2146 3385 adextris

1143 3381 1352 3416 sinistrorsum
1377 3384 1444 3419 ictu
1462 3411 1470 3423 ‚
1494 3384 1702 3420 sauciaverat.
1727 3388 1774 3421 Et
1795 3390 1909 3424 vulnus
1947 3391 2054 3426 uidem
2077 3404 2146 3426 rna·

1143 3424 1292 3460 nifestum
1316 3437 1384 3461 erat
1407 3430 1488 3461 circa
1511 3428 1593 3462 latus
1615 3429 1782 3465 dexterum
1805 3433 1903 3467 medii
1943 3446 1993 3468 ere
2013 3434 2107 3470 sterni
2133 3446 2149 3470 ei

1146 3480 1224 3509 num
1246 3481 1323 3503 vero
1344 3472 1379 3505 in
1402 3471 1542 3508 thoracis
1563 3482 1679 3508 cavum
1710 3477 1888 3520 perveniret
1904 3500 1918 3518 ,
1949 3488 2049 3521 neque
2079 3478 2147 3524 [ρετ

1997 3521 2079 3555 cillo
2088 3544 2103 3562 ‚

102 3599 2111 3624 *mm

241 3686 277 3708 De
293 3685 353 3708 Loc.
371 3684 412 3708 aff.
430 3684 439 3710 l
467 3694 490 3715 ς.
507 3693 531 3710 ².

595 3686 603 3711 (
620 3686 634 3710 b
649 3686 663 3715 )
680 3685 738 3711 obs.
757 3686 798 3712 sub
814 3696 840 3712 n.
857 3693 897 3718 ²3·
915 3687 938 3712 ἃ
954 3687 978 3712 in
995 3689 1078 3714 Addit.
1096 3690 1155 3717 obs.
1174 3699 1196 3722 ς.

1090 3720 1144 3751 (b)
1160 3721 1218 3747 obs-
1237 3722 1279 3747 εἰς.
1296 3731 1334 3753 23-
1353 3723 1376 3754 §.
1393 3732 1430 3750 η.
1461 3727 1469 3755 (
1488 3727 1502 3750 ι’»
1517 3727 1525 3756 )
1543 3728 1641 3754 Pater-n.
1653 3745 1662 3758 ,
1676 3727 1736 3753 obs.
1754 3736 1796 3758 33·

150 3684 196 3745 ssa
210 3684 265 3738 ³112.
284 3715 306 3743 ς.
325 3718 363 3739 16.
427 3717 473 3747 (g
489 3717 501 3744 )
518 3715 580 3745 Eph.
597 3718 631 3740 N.
650 3718 679 3741 C.
699 3719 756 3741 Dec.
772 3725 794 3743 2.
810 3720 841 3744 A..
859 3727 880 3743 ι.
899 3718 957 3743 Obs.
979 3721 1028 3743 188.

149 3745 219 3808 523
235 3744 365 3802 ‘isfuit
383 3743 414 3802 ,ἑ
427 3746 492 3803 1³:13.
502 3747 569 3807 aba
581 3747 843 3811 ‘garehsns‘
861 3758 877 3774 '⁵
893 3749 907 3777 ³
923 3757 947 3778 ⁹·
964 3751 1025 3778 Μ·
1042 3752 1076 3774 ‘¹'
1094 3754 1123 3777 ⁶·
1142 3754 1215 3779 ‘²³¹¹‘
1232 3761 1255 3778 ¹·
1272 3753 1331 3780 ΟΜ·
1340 3757 1379 3780 ¹⁸·

893 3780 908 3811 ζ
923 3788 936 3807 r
950 3782 957 3812 l
976 3780 1068 3808 offew-
1087 3784 1155 3811 Μεά.
1172 3783 1241 3811 Chiro
1259 3791 1286 3814 θ.

1256 3693 1271 3719 (
1285 3698 1298 3718 0
1315 3693 1323 3720 )
1340 3700 1365 3718 n.
1381 3701 1407 3724 ⁴·
1467 3695 1482 3726 (
1497 3695 1514 3720 d
1526 3695 1541 3726 )
1556 3695 1615 3721 ΟΜί
1633 3703 1670 3728 ²3·
1687 3696 1728 3723 eit.
1746 3696 1770 3728 §-
1786 3703 1812 3724 2.
1871 3699 2088 3733 (·)1bid.<§.18.

1437 3754 1448 3783 (
1464 3765 1478 3781 a
1494 3758 1504 3788 )
1518 3764 1545 3781 n·
1561 3765 1586 3787 a·
1649 3760 1664 3789 t
1677 3765 1698 3789 ρ
1711 3760 1725 3787 )
1742 3760 1803 3786 sea.
1821 3729 2010 3790 ὴιξζῖξεῖῗῖζ
2024 3738 2064 3791 ζζζ
2076 3759 2148 3817 fagr

1349 3786 1358 3815 (
1376 3791 1390 3810 ὃ
1406 3785 1454 3816 )1,
1471 3794 1502 3818 4.
1517 3786 1557 3815 eh.
1573 3791 1598 3817 6.
1613 3789 1644 3820 -ζ
1659 3788 1703 3819 e)
1717 3789 1781 3820 Eth.
1799 3790 1836 3816 N.
1851 3793 1887 3818 c.
1902 3795 1977 3821 emt.
1992 3798 2018 3824 7.
2033 3791 2093 3819 ob.
2107 3792 2152 3820 58e
