2498 4075
478 93 574 146 104

404 159 525 194 credidi
536 184 548 201 ,
569 168 668 202 neque
689 156 772 191 unde
792 154 864 192 en‘et
876 181 888 199 ,
910 165 945 192 ut
968 155 1058 190 semel
1082 157 1264 199 iterumque
1295 156 1409 191 diserte

408 202 501 241 dixi,
524 202 702 247 quidquam
722 202 810 235 volui
833 201 895 236 fine
919 202 1012 240 aliis,
1034 200 1151 243 quibus
1183 199 1331 235 haetenus
1354 211 1408 233 ca-

406 248 457 280 rui
473 271 481 285 ,
505 246 632 289 paribus
654 242 877 278 diffeetionum
903 242 1200 287 opportunitatibus
1223 245 1407 284 decernere,

405 299 483 322 cum
504 287 662 332 quidquid
686 286 900 330 conjicerem,
922 287 1038 331 quibus
1061 287 1239 322 obnoxium
1262 286 1335 321 esset
1347 288 1406 321 du-

407 331 644 372 bitationibus,
667 342 722 364 nec
745 332 808 374 ipse
831 331 1001 368 nescirem,
1023 342 1077 364 nec
1101 331 1272 366 lectoribus
1295 332 1406 365 retice-

404 387 472 409 rem
488 399 495 406 .
522 377 566 410 Et
590 375 746 417 sperabam
768 375 918 417 quidem,
940 374 1008 408 fore
1033 375 1150 408 intere-a
1172 385 1227 419 qui
1242 386 1324 409 meas
1346 376 1407 408 mi-

405 417 441 453 hi
465 418 683 454 dubitationes
707 419 896 451 eximerent.
922 419 1044 452 Verum
1075 428 1110 452 ut
1133 419 1225 452 senex
1247 419 1300 451 ille
1323 419 1406 461 apud

408 463 601 498 Terentium
626 466 640 502 (
655 461 680 503 s
698 465 712 502 )
732 486 740 499 ‚
774 472 856 494 nunc
879 462 1026 495 incertior
1053 461 1124 505 sum
1147 462 1247 496 multo
1269 487 1278 501 ‚
1311 473 1404 505 quam

407 506 541 540 dudum.
567 507 681 548 Neque
704 504 790 538 enim
810 503 918 546 posui,
941 504 989 536 sed
1001 505 1203 547 quaerendum
1227 504 1405 547 proposui,

408 559 446 580 an
468 548 658 593 glutinosam
684 548 771 581 illam
796 548 961 580 materiam
984 547 1176 590 Crystallina
1208 550 1313 582 tunica
1336 548 1404 582 for-

408 601 439 624 te
464 597 617 627 secernere
641 588 845 633 perrexisset,
868 590 965 633 idque
988 601 1114 633 egomet
1136 603 1208 625 cum
1230 602 1285 632 per
1308 592 1368 625 alia
1390 616 1403 633 ‚

407 643 477 669 turn
502 647 555 679 per
577 646 611 667 ea
634 634 727 676 ipsa,
752 645 822 676 quae
846 634 927 666 mihi
950 636 1050 667 miror
1073 645 1155 667 nunc
1175 634 1272 676 objici
1297 638 1310 673 (
1333 644 1347 668 t
1368 639 1404 675 ),

408 679 614 723 impugnavi.
640 675 856 718 Qaerendurn
880 679 976 710 etiam
998 677 1066 710 dixi
1086 700 1099 716 ,
1136 689 1213 711 num
1234 678 1290 711 illa
1324 677 1408 712 forte

406 725 539 756 materia
562 744 575 761 ,
607 731 660 763 per
684 721 850 764 humorem
878 721 1032 762 ‘Aqueum
1054 720 1188 762 dispersa
1211 745 1222 762 ,
1256 722 1357 764 postea
1380 722 1409 756 se

406 767 460 798 illi
485 766 608 809 tunicae·
626 763 875 806 agglutinassetu
909 765 960 798 De
982 775 1048 806 quo
1074 765 1196 806 pariter
1218 776 1291 797 cum
1315 765 1408 799 dubi-

404 809 536 843 tandum
561 807 618 851 esse
640 830 652 846 ,
684 804 912 840 admonuissem
939 827 947 842 ‚
984 807 1157 849 praesertim
1180 809 1253 850 quia
1276 806 1317 841 fic
1340 808 1409 842 fieri

404 864 467 886 non
492 850 664 894 potuisset,
685 850 763 892 quin
787 849 870 882 Iridi
893 861 1043 896 quoque,
1067 850 1198 892 aliisque
1220 851 1363 894 partibus
1378 852 1406 885 se

406 895 642 938 agglutinas-em
665 903 827 936 nunquam
850 893 1075 934 expectassem,
1101 895 1185 927 inter
1207 905 1320 928 caetera
1344 893 1406 928 hoc

405 937 587 981 responsum
610 937 674 968 iri:
699 937 842 970 tunicam
876 936 966 968 illam
988 937 1177 979 Crystallini
1199 963 1207 978 ‚
1241 939 1295 973 ubi
1316 937 1405 972 horno

397 983 541 1026 sonnium
571 980 657 1021 capit
678 1004 687 1018 ‚
720 990 777 1021 quo
801 987 935 1021 tempore
969 979 1089 1024 viscosae
1117 981 1280 1022 particulae
1313 992 1406 1024 quam

407 1026 543 1059 maxime
563 1022 716 1069 subsidere
735 1021 880 1066 poffunt‚
905 1018 1082 1064 inferiorem
1106 1025 1214 1066 utique
1227 1024 1309 1058 oculi
1328 1035 1406 1067 par-

404 1077 467 1102 tem
490 1066 566 1111 cff3;
587 1068 671 1108 quasi
694 1077 767 1098 vero
802 1075 877 1099 tunc
900 1067 996 1098 etiam
1020 1069 1081 1100 Iris
1105 1079 1168 1100 non
1202 1067 1338 1101 inferior
1361 1067 1406 1100 es-

402 1112 447 1145 set
471 1114 608 1145 maxima
632 1118 719 1151 parte
742 1108 887 1143 humoris
910 1109 1037 1151 Aquei,
1060 1120 1095 1143 ut
1118 1109 1150 1142 id
1174 1122 1301 1154 quoque
1324 1111 1405 1144 latus

401 1157 535 1187 Corneae
560 1155 592 1185 in
615 1152 700 1195 quod
734 1151 818 1186 forte
839 1155 922 1186 inter
953 1151 1176 1186 dormiendum
1206 1164 1304 1197 caput
1339 1166 1407 1187 ver-

401 1207 475 1242 gat.
499 1199 615 1239 Neque
639 1195 740 1230 solum
764 1195 984 1229 dubitationes
1007 1195 1048 1229 fic
1073 1208 1136 1229 non
1148 1197 1330 1234 tolluntur;
1355 1209 1407 1230 ve-

400 1252 473 1274 rum
497 1240 547 1274 his
569 1237 698 1280 insuper
731 1239 832 1272 verbis
856 1249 1008 1281 augentur
1033 1252 1039 1272 ι
1076 1250 1114 1273 ex
1134 1243 1173 1271 Λ
1194 1251 1249 1274 ueo
1281 1241 1406 1276 humore

401 1285 492 1318 illam
526 1284 692 1316 materiam
710 1279 806 1325 fuiffe
832 1305 844 1322 ,
879 1289 967 1315 tanto
989 1283 1092 1326 minus
1126 1283 1166 1315 du
1189 1285 1235 1316 ito
1256 1308 1268 1325 ,
1292 1293 1406 1326 quanto

407 1329 527 1362 certius
551 1326 610 1366 eft,
636 1324 762 1359 humma
785 1326 920 1366 corporis
943 1325 1054 1363 nostri,
1074 1326 1246 1368 praesertim
1271 1338 1334 1369 quae
1347 1338 1405 1359 non

405 1373 553 1404 continuo
573 1379 629 1411 per
651 1367 724 1411 ‘vasa
748 1377 912 1402 moventur
932 1394 939 1406 ,
963 1368 1089 1431 perscepe
1101 1369 1251 1412 *viscosum
1274 1370 1405 1403 indolem

404 1415 583 1457 acquirere.
609 1413 683 1453 Ego
707 1422 781 1444 vero
806 1410 921 1445 dubito
943 1412 1081 1453 primum
1104 1437 1116 1454 ,
1139 1424 1216 1446 num
1240 1414 1266 1447 is
1288 1411 1404 1447 humor

400 1469 457 1501 per
481 1458 601 1500 jugiter
625 1455 808 1490 invehentia
834 1454 925 1494 vasa,
949 1457 1046 1496 &per
1069 1456 1273 1490 creberrimas
1285 1456 1405 1496 Iridis,

400 1501 549 1542 oculique
574 1500 764 1541 agitationes
789 1508 852 1531 non
876 1508 1041 1531 moveatur
1064 1509 1220 1542 quantum
1243 1499 1318 1532 satis
1342 1499 1403 1537 sit,

399 1554 437 1577 ne
462 1542 613 1580 viscosam
635 1541 776 1575 indolem
800 1543 943 1584 acquirat
962 1564 974 1580 ‚
997 1541 1110 1576 deinde
1133 1554 1209 1576 num
1231 1542 1310 1576 hanc
1337 1555 1405 1585 per-

401 1586 479 1630 saepe
502 1589 643 1629 acquirat
659 1611 666 1621 .
693 1584 821 1628 quando
845 1595 927 1617 certe
951 1585 1079 1618 viscosae
1103 1586 1136 1618 in
1160 1598 1197 1618 eo
1222 1585 1405 1620 suffusiones

400 1629 537 1673 persaepe
561 1640 623 1663 non
647 1630 872 1661 inveniuntur.
899 1628 989 1664 Quin
1011 1640 1049 1661 ex
1074 1631 1180 1671 paucis
1205 1629 1300 1672 hujus
1312 1641 1405 1672 gene-

400 1675 470 1713 ris,
493 1684 568 1715 quas
591 1684 650 1715 ego
674 1671 889 1704 indicaveram
913 1693 921 1707 ‚
960 1671 1015 1703 illa
1049 1684 1118 1713 qiiae
1147 1673 1295 1714 Wepferi
1331 1672 1374 1706 est
1396 1698 1406 1716 ,

399 1717 438 1750 ab
461 1718 578 1760 Aqueo
603 1715 799 1749 existimatur
811 1713 849 1748 ad
874 1713 1038 1749 humorem
1051 1715 1280 1760 Crystallinum
1303 1725 1407 1749 trans-

398 1759 529 1794 ferenda
557 1773 564 1793 :
594 1770 778 1803 quanquam
803 1759 931 1792 Auster
967 1760 1127 1792 mucosani
1153 1761 1319 1793 materiam
1342 1770 1405 1793 non

400 1805 485 1837 intra
510 1803 603 1847 hujus
626 1802 768 1836 tunicam
792 1801 883 1835 fuisse
898 1824 911 1841 ,
936 1800 1083 1842 scripsit,
1108 1802 1158 1835 sed
1173 1801 1406 1844 Crystallinurn

399 1845 575 1889 operuisse,
603 1857 658 1879 nec
682 1855 808 1882 tamen,
833 1854 866 1878 ut
891 1843 1033 1877 fortuito
1048 1867 1060 1884 ,
1083 1847 1222 1887 opinor,
1249 1845 1408 1887 refertur,

402 1891 623 1925 circumcirca.
650 1889 725 1922 Alia
748 1891 870 1921 omitto
893 1913 899 1920 .
937 1889 1019 1920 Satis
1042 1889 1126 1920 enim
1158 1888 1239 1922 mihi
1264 1889 1321 1922 esse
1352 1889 1409 1923 de-

401 1935 455 1968 bet
470 1958 482 1974 ,
505 1946 575 1977 quae
598 1942 710 1966 contra
732 1931 795 1965 fine
816 1931 1050 1965 obtrec'tatione
1072 1930 1159 1965 dieta
1183 1932 1334 1973 suerunt,
1358 1945 1408 1965 ea-

401 1989 439 2012 ne
463 1977 528 2020 jure
552 1988 586 2010 ac
610 1978 731 2009 ratione
754 1975 841 2008 diffres
863 1974 923 2007 fint
938 1997 949 2013 ,
973 1985 1032 2017 pro
1042 1976 1106 2007 veri
1129 1974 1255 2015 studio,
1277 1974 1339 2008 sine
1350 1976 1407 2009 ob-

399 2022 594 2060 ,uectatione
619 2017 807 2062 perpendisse
831 2042 838 2049 .
873 2018 964 2060 Qu
989 2017 1085 2050 etiam
1111 2018 1301 2061 perlibenter
1334 2030 1408 2052 con-

401 2064 496 2099 firmo
522 2087 530 2102 ‚
562 2063 751 2106 opusculum
776 2062 836 2097 hoc
869 2063 953 2094 inter
977 2072 1073 2099 pauca
1106 2061 1163 2095 esse
1187 2074 1255 2105 quae
1278 2062 1371 2095 docte
1395 2085 1408 2102 ,

401 2109 569 2144 distribute
591 2129 600 2144 ‚
624 2106 783 2150 perspicue
810 2105 848 2138 de
873 2103 1047 2138 Suffufione
1071 2103 1191 2148 scripta
1213 2106 1284 2139 sunt
1310 2116 1319 2136 .·
1351 2117 1408 2139 cu-

405 2152 453 2194 jus
478 2151 620 2193 exempla
644 2150 748 2183 morbi
781 2160 849 2191 quae
874 2147 956 2190 apud
982 2148 1130 2190 probatos
1163 2149 1321 2182 Auffeores
1355 2160 1410 2181 ex-

402 2204 494 2237 tant,
517 2205 590 2228 curn
617 2192 847 2235 propemodum
871 2192 980 2224 omnia
1005 2190 1058 2225 hic
1081 2202 1315 2231 memorentur,
1341 2192 1411 2225 nul-

402 2241 473 2274 lum
496 2239 536 2271 est
559 2238 645 2279 quod
671 2236 709 2271 ad
732 2246 854 2270 certum
877 2246 941 2267 non
965 2235 1062 2282 modo
1073 2246 1195 2277 genus,
1218 2235 1269 2269 sed
1293 2236 1410 2269 adeer-

404 2293 470 2317 tam
494 2282 627 2324 speciem
651 2291 714 2313 non
740 2279 892 2312 referatur
918 2300 927 2315 ,
959 2278 1053 2320 signis
1077 2290 1131 2321 per
1163 2291 1233 2322 quae
1267 2281 1410 2312 interno-

405 2326 554 2365 scantur,
577 2336 640 2357 non
665 2323 805 2363 omiffis,
830 2322 962 2354 rationis
986 2323 1235 2356 autemcurandi
1259 2322 1319 2355 five
1344 2334 1410 2355 ma-

408 2370 446 2404 lae
473 2370 589 2408 noxis,
612 2366 670 2401 five
695 2367 783 2399 bonae
806 2365 1004 2398 utilitatibus
1029 2363 1200 2406 diligenter
1224 2365 1373 2398 indicatis
1399 2388 1406 2395 .

448 2402 463 2419 ἦ
538 2410 637 2451 Qod
663 2422 738 2443 vero
763 2409 871 2441 omnia
894 2406 1131 2450 propemodum
1165 2409 1308 2450 exempla
1334 2420 1409 2450 pro-

409 2458 487 2491 ferri
503 2479 512 2494 ‚
538 2454 607 2488 dixi
635 2465 645 2493 3
669 2453 691 2487 si
716 2452 798 2486 forte
821 2461 942 2494 quaeras
965 2462 1004 2483 ex
1028 2462 1075 2483 me
1096 2473 1108 2490 ,
1140 2462 1285 2493 quaenam
1309 2452 1411 2493 igitur

405 2500 615 2535 desiderentur
640 2508 650 2534 ς
685 2497 790 2539 aliqua
814 2506 851 2527 ex
874 2494 914 2526 iis
937 2505 1007 2536 quae
1031 2493 1182 2526 scribenti
1206 2504 1376 2528 occurrunt
1400 2516 1413 2532 ‚

408 2556 472 2578 non
499 2539 660 2575 reticebo.
686 2541 749 2572 Vir
774 2536 973 2571 Praestantiss.
1000 2536 1094 2570 Burc.
1119 2539 1201 2570 Dau-
1241 2538 1414 2571 Manchar-

407 2597 457 2622 tus
481 2590 494 2625 (
518 2598 536 2618 u
561 2584 874 2624 >membranaceam,
901 2579 1056 2619 solidam,
1081 2579 1252 2621 fibrosam,
1275 2580 1413 2614 albidam

408 2630 595 2665 cataractam
609 2629 641 2663 in
654 2636 790 2668 utroque
804 2625 888 2657 canis
903 2623 999 2656 oculo
1010 2623 1047 2655 ab
1060 2621 1089 2655 se
1105 2632 1271 2666 repertam,
1287 2623 1389 2657 asserit
1401 2647 1410 2661 ,

407 2686 482 2708 curn
506 2674 637 2714 Aqueus
653 2696 661 2709 ,
687 2679 741 2712 per
763 2667 854 2709 cujus
878 2667 982 2700 ambas
1007 2677 1142 2699 cameras
1162 2668 1412 2707 extendebatur,

406 2718 578 2758 caeterique
603 2713 755 2747 humores
781 2710 931 2754 pellucidi
958 2707 1071 2742 essent.
1096 2709 1186 2742 Idem
1210 2722 1284 2744 cum
1310 2711 1411 2743 altero

408 2758 619 2796 laudatissimo
654 2753 824 2789 Professore
858 2755 984 2800 ιῙοειῐπις
1008 2753 1132 2785 Zellero
1164 2753 1247 2786 vidit
1283 2757 1412 2797 utrique

409 2804 551 2839 mulieris
575 2800 704 2843 pupillae
729 2800 938 2841 antepositam
962 2798 1002 2829 sic
1026 2806 1061 2829 ut
1084 2798 1217 2830 Corneae
1231 2808 1328 2839 prope
1352 2797 1413 2829 hu-

410 2847 459 2891 jus
491 2842 840 2880 intei·num,ambitum
875 2840 963 2875 firme
996 2840 1167 2873 adhaereret
1190 2864 1202 2880 ,
1236 2841 1416 2882 pelliculam

412 2900 561 2928 tenuem,
585 2890 615 2919 δι
641 2885 846 2927 subnigram,
870 2896 926 2919 nec
952 2882 1012 2916 sme
1036 2885 1076 2916 iis
1100 2883 1244 2916 humoris
1270 2885 1377 2916 Viti-ei
1407 2909 1414 2921 ‚

413 2938 442 2967 δι
478 2929 665 2973 Crystallini
697 2929 788 2961 vitiis
828 2941 895 2972 quae
928 2940 943 2959 a
978 2927 1029 2959 Cl.
1059 2927 1187 2960 Keckio
1217 2930 1310 2967 (x)
1343 2927 1414 2960 sunt

411 2984 586 3010 memorata
608 2997 615 3004 .
651 2972 754 3005 Solei·s
786 2973 1003 3005 Anatomicus
1033 2971 1088 3015 Jo.
1124 2969 1296 3016 Chistoph‘:
1334 2971 1415 3012 May

411 3023 501 3060 (y)
535 3021 569 3050 in
596 3015 727 3049 foemina
760 3018 813 3049 cui
852 3013 1031 3049 suffusiones
1055 3014 1134 3046 olim
1168 3013 1311 3055 deprfflae
1345 3013 1415 3046 fue—

411 3070 481 3096 rant
498 3086 509 3102 ,
533 3062 628 3093 altera
650 3057 811 3099 feliciter,
835 3057 1009 3091 infelieiter
1033 3058 1128 3091 altera
1154 3081 1166 3097 ,
1198 3057 1322 3098 qualern
1350 3080 1361 3096 ,
1383 3060 1415 3090 ἃς

411 3107 465 3141 ubi
492 3101 654 3138 invenisset
679 3103 792 3141 illam,
815 3101 1004 3144 proposuiu
1028 3111 1086 3143 pro
1104 3100 1161 3133 hac
1186 3110 1259 3132 vero
1272 3100 1415 3142 Crystal-

413 3150 506 3184 linae,
532 3158 567 3181 ut
592 3145 735 3185 censuit,
759 3146 874 3178 tunicae
898 3144 1011 3177 faciem
1034 3145 1221 3176 anteriorem
1246 3154 1309 3175 non
1333 3165 1342 3180 ,
1378 3152 1413 3176 ut

412 3193 448 3224 in
471 3192 567 3224 oculo
592 3192 719 3233 prim0,
743 3188 934 3231 pellucidam
955 3212 966 3227 ,
989 3188 1133 3229 reeteque
1157 3187 1184 3219 se
1207 3186 1377 3219 habentem
1402 3209 1413 3226 ,

394 3235 465 3268 ·sed
491 3236 661 3267 admodum
685 3232 836 3271 crassam,
860 3235 890 3264 &
915 3243 1046 3273 opacam
1071 3229 1278 3273 deprehendit
1301 3254 1309 3261 .
1341 3230 1411 3263 Cel.

415 3278 565 3312 Trewius
586 3281 599 3316 (
624 3289 648 3319 ξ
669 3280 682 3316 )
704 3276 790 3319 quod
814 3274 981 3308 discrimen
1008 3272 1104 3307 suerit
1141 3276 1225 3306 inter
1247 3271 1414 3314 Crystalli-

415 3333 473 3354 nos
497 3320 644 3354 humores
668 3320 824 3361 grandaevi
850 3318 989 3351 hominis
1008 3341 1020 3357 ,
1055 3316 1198 3360 scripfit,
1220 3318 1252 3349 in
1277 3327 1412 3359 quorum

416 3366 515 3399 altero
540 3365 696 3406 incipiens
721 3372 784 3396 erat
809 3360 935 3396 suffusio
951 3384 964 3401 ,
986 3363 1019 3394 in
1043 3360 1142 3394 altero
1155 3359 1293 3404 perfecta
1309 3385 1317 3393 .
1342 3360 1413 3393 Nec

1029 77 1187 132 Liber
1219 78 1258 130 1.
1292 79 1377 132 De
1413 79 1620 133 Morbis
1655 77 1862 146 Capitis

1456 158 1572 195 dubito
1598 160 1676 203 quin
1699 158 1852 202 Epistola?
1875 169 1950 193 meae
1969 159 2173 194 ‘Anatomieae
2204 160 2291 196 aliud
2314 161 2444 206 aliquod

1457 205 1519 238 tibi
1540 204 1600 239 sint
1623 204 1802 245 exemplum
1825 203 1964 238 daturae-
1990 203 2078 236 Nam
2088 212 2172 235 certe
2194 214 2308 247 praeter
2327 215 2378 239 tot
2401 207 2443 240 il-

1456 247 1500 281 las
1521 259 1590 289 quae
1613 258 1652 279 ex
1673 245 1747 289 ipsis
1769 255 1904 290 acceptae
1929 245 2001 279 sunt
2021 268 2034 285 ,
2066 245 2313 292 Observationes
2335 270 2345 287 ‚
2375 260 2446 284 eam

1455 302 1581 334 quoque
1604 289 1722 323 habent
1756 292 1770 328 (
1791 301 1809 322 a
1830 294 1845 330 )
1876 289 1972 332 paulo
1994 287 2092 322 fufius
2124 288 2316 332 descriptam
2347 303 2447 327 mern-

1453 334 1576 368 braneae
1600 332 1763 366 muliebris
1784 333 1949 366 catara&ae
1970 356 1982 373 ‚
2013 330 2067 364 Cl.
2094 331 2201 366 Balth.
2226 333 2413 369 Walthierii
2438 362 2449 377 ‚

1455 390 1547 421 quae,
1572 385 1606 410 ut
1630 375 1676 409 ibi
1700 373 1836 408 indicavi
1858 399 1871 416 ,
1893 375 1931 408 ab
1954 375 2079 417 Inclyta
2102 386 2230 420 quoque
2252 376 2449 414 Londinensi

1456 421 1558 463 Regia
1589 420 1747 452 Societate
1779 417 1943 461 propofita
1977 418 2019 451 est
2040 443 2047 449 .
2081 418 2167 452 Noli
2200 428 2306 454 autem
2335 422 2450 457 mirari

1455 463 1543 508 quod
1564 462 1740 505 prorniscue
1757 485 1769 502 ,
1795 472 1830 495 ut
1853 472 1935 495 nunc
1959 471 2109 496 venerunt
2132 463 2166 496 in
2190 473 2330 497 mentem
2352 488 2365 505 ‚
2387 465 2448 500 five

1454 519 1492 540 ex
1515 517 1586 540 cane
1611 530 1622 546 ‚
1645 504 1704 540 sive
1728 517 1768 538 ex
1789 502 1975 538 horninibus
1998 505 2141 548 exempla
2175 510 2413 542 memoraverim
2437 521 2449 549 3

1454 560 1527 583 nam
1551 548 1727 592 promiscue
1750 549 1790 580 iis
1813 559 1938 591 quoque
1961 559 2069 581 omnes
2091 551 2211 583 utimur
2232 561 2302 592 quae
2314 562 2352 585 ex
2373 564 2452 594 qua-

1455 593 1630 635 drupedum
1662 602 1772 633 genere
1803 591 2003 636 sumuntur,
2039 592 2210 633 praesertim
2244 593 2266 626 si
2296 595 2451 636 peculiare

1459 636 1580 677 aliquid
1606 635 1749 676 liabent,
1772 643 1808 668 ut
1831 636 1864 667 in
1888 634 2324 676 ObservationesMaucharti
2345 660 2357 678 ‚
2380 650 2451 681 quae

1458 680 1650 712 cazas-aetam
1674 680 1706 712 in
1731 679 1831 721 prima
1855 679 1951 709 etiam
1975 680 1990 715 (
2012 677 2097 720 quod
2121 689 2226 712 tarum
2249 678 2290 713 est
2310 683 2325 720 )
2347 682 2452 724 Aquei

1461 723 1605 756 humoris
1627 733 1749 755 camera
1771 720 1918 754 exhibet:
1940 722 1994 753 cui
2017 730 2178 763 propterea
2202 721 2353 766 adjungas
2377 725 2453 757 Ob-

1460 766 1669 799 servationem
1693 764 1888 810 Sprogeliig
1910 763 1928 796 b
1950 767 1987 803 ),
2009 772 2044 796 ut
2068 775 2138 807 quae
2163 776 2227 799 uno
2249 766 2388 809 quodam
2411 769 2446 801 in

1459 820 1552 845 cane,
1577 820 1646 842 raro
1670 808 1839 849 exemplo,
1860 807 1949 839 simul
1973 806 2119 840 exsuccos
2133 809 2308 852 opacosque
2330 810 2451 844 humo-

1457 864 1504 886 res
1528 851 1760 895 Crystallinos,
1783 849 1873 883 simul
1894 858 2078 892 corrugatos
2099 872 2107 887 ‚
2134 850 2364 895 exsiccatosque
2387 856 2453 888 Vi-

1455 905 1541 929 treos
1562 920 1574 936 ‚
1606 894 1698 929 simul
1723 896 1864 937 Opticos
1886 903 1996 925 nervos
2019 892 2058 925 ad
2081 892 2128 925 fili
2153 895 2325 929 mediocris
2348 899 2455 931 tenui-

1457 947 1555 973 tatem
1578 939 1745 977 redac‘tos,
1769 937 1892 979 aliaque
1914 945 2058 978 praeterea
2081 939 2263 977 peculiaria
2288 951 2454 973 common·
2488 972 2490 975 .

1457 982 1548 1016 strat.
1683 981 1741 1014 Sed
1766 991 1802 1013 ne
1825 981 1914 1023 plura
1937 979 1973 1012 de
1998 977 2171 1013 Suffusione
2190 1005 2202 1021 ,
2224 994 2321 1025 quam
2345 983 2382 1016 de
2405 986 2455 1017 A-

1457 1024 1617 1066 mauros-i,
1639 1024 1730 1057 verba
1753 1022 1854 1063 fiant,
1878 1022 1915 1056 ad
1940 1023 2020 1056 alios
2043 1023 2224 1058 Oculorum
2236 1023 2382 1060 Affeftus
2404 1039 2456 1059 ve-

1454 1079 1596 1102 niamus.
1770 1096 1773 1098 .

1502 1123 1548 1154 19.
1575 1114 1625 1145 De
1648 1111 1785 1153 Myopia
1811 1118 1917 1143 tamen
1939 1131 1952 1149 ‚
1984 1111 2015 1142 &
2039 1111 2200 1144 contrario
2224 1110 2301 1147 huic
2322 1110 2455 1147 Afl'eetu

1458 1155 1532 1189 satis
1555 1155 1596 1188 est
1620 1154 1787 1187 admonere
1808 1178 1815 1188 ,
1849 1153 1961 1186 melius
1983 1151 2129 1187 futurum
2161 1153 2251 1189 fuiss'e
2270 1177 2281 1193 ,
2315 1155 2400 1188 nihil
2423 1158 2457 1189 in

1458 1198 1664 1241 Sepulchrcto
1687 1208 1782 1240 quam
1804 1195 1838 1229 id
1861 1194 1946 1239 quod
1970 1195 2052 1238 leges
2075 1199 2089 1236 <
2110 1198 2161 1239 c)
2185 1200 2354 1241 proponi,
2391 1198 2457 1242 jam

1452 1243 1538 1276 olim
1563 1240 1712 1284 rejectum
1736 1252 1750 1272 a
1777 1239 1920 1282 Plempio
1941 1241 1955 1277 (
1977 1239 1996 1271 d
2017 1242 2030 1278 >
2049 1264 2057 1271 .
2085 1240 2226 1275 Platerus
2249 1242 2381 1284 quidem
2404 1245 2457 1276 in-

1458 1284 1627 1328 gemimus,
1652 1282 1825 1325 doctusque
1846 1306 1859 1324 ,
1883 1290 1918 1315 ut
1942 1293 1979 1313 eo
2003 1292 2145 1325 tempore
2167 1306 2180 1323 ,
2215 1285 2277 1318 Vir
2299 1283 2364 1318 fuit
2383 1308 2397 1326 ,
2426 1288 2460 1319 &

1483 1331 1535 1366 ui,
1561 1328 1582 1361 si
1606 1338 1667 1360 non
1690 1338 1820 1367 verum,
1841 1334 1877 1360 ut
1900 1324 2034 1371 quidam
2057 1324 2203 1368 judicant
2223 1350 2236 1367 ,
2272 1337 2344 1362 tum
2365 1329 2461 1363 Reti-

1473 1374 1571 1406 ormis
1602 1373 1719 1404 tunicae
1741 1394 1753 1410 ,
1783 1379 1852 1403 tum
1886 1370 2058 1410 praesertim
2093 1368 2280 1411 Crystallini
2315 1371 2461 1405 humoris

1456 1416 1599 1449 officium
1622 1415 1741 1457 primus
1765 1411 1926 1450 ostendit,-
1951 1410 1987 1445 ad
2009 1413 2242 1458 verum-utique
2265 1417 2397 1458 propius
2409 1426 2462 1449 ac.

1456 1460 1559 1493 ceffit.
1586 1459 1763 1496 Attamen,
1788 1456 1873 1498 quasi
1896 1455 1968 1488 casu
1992 1455 2176 1498 accessisset,
2198 1458 2285 1491 iniis
2307 1470 2378 1502 quae
2424 1471 2463 1492 o-

1457 1502 1517 1536 stea
1542 1500 1663 1543 scripsit
1678 1525 1686 1539 ‚
1709 1510 1773 1532 non
1796 1498 1853 1532 sibi
1877 1498 1951 1531 satis
1974 1500 2144 1540 constitit,
2167 1503 2198 1533 δε
2221 1510 2308 1535 certe
2333 1501 2372 1535 de
2408 1502 2463 1537 ede

1456 1544 1644 1588 Crystallini
1669 1544 1702 1576 in
1725 1544 1765 1576 iis
1789 1543 1845 1585 qui
1868 1551 1938 1573 vera
1961 1542 2099 1584 Myopia
2123 1542 2268 1577 laborant
2289 1567 2299 1582 ,
2323 1544 2380 1578 illa
2403 1556 2464 1588 po-

1459 1589 1544 1629 suit,
1566 1599 1636 1632 quae
1658 1587 1822 1618 contrario
1844 1583 1969 1618 affectui
1992 1586 2212 1627 conveniunt,
2236 1591 2269 1621 &
2292 1587 2425 1622 viciffim
2449 1600 2461 1622 .-

1457 1634 1568 1675 ᾗῑῃςμιε
1590 1642 1658 1663 vera
1698 1629 1813 1662 horum
1838 1627 2008 1661 affectuum
2039 1627 2127 1661 causa
2146 1652 2159 1669 ,
2191 1642 2262 1672 quae
2294 1631 2424 1674 quidem
2448 1644 2465 1665 a

1458 1676 1573 1716 majori
1597 1676 1630 1707 in
1655 1673 1782 1714 primo,
1808 1683 1822 1703 a
1847 1672 1966 1704 minori
1991 1672 2023 1703 in
2048 1671 2147 1704 altero
2170 1673 2358 1715 Crystallini
2378 1698 2391 1715 ,
2431 1677 2465 1709 ὃ(

1458 1720 1585 1752 Retinae
1609 1716 1756 1749 distantia
1784 1715 1937 1756 repetitur
1958 1737 1968 1753 ,
2001 1714 2127 1747 Platero
2151 1715 2233 1749 secus
2260 1728 2292 1750 ac
2317 1718 2373 1750 alii
2396 1720 2465 1752 exi-

1458 1762 1610 1801 stimant,
1633 1761 1744 1801 ignota
1767 1756 1833 1791 fuit
1847 1783 1854 1790 .
1880 1758 1963 1799 Qae
1988 1768 2063 1790 vero
2085 1757 2182 1792 causae
2201 1759 2327 1793 aliunde
2351 1771 2466 1803 petun-

1459 1815 1536 1845 tur,
1560 1811 1597 1838 ut
1622 1815 1636 1835 a
1660 1801 1856 1843 Crystallino
1879 1802 1982 1841 magis
2003 1823 2013 1839 ‚
2047 1800 2187 1835 minusve
2212 1813 2265 1837 aut
2287 1815 2430 1838 convexo
2453 1828 2465 1845 ‚

1462 1858 1515 1881 aut
1537 1846 1653 1884 denso3
1679 1844 1726 1878 hae
1750 1846 1782 1877 in
1808 1843 2017 1886 Sepulchreto
2028 1855 2064 1877 ne
2093 1845 2466 1890 nominanturquidem:

1460 1901 1642 1935 quanquam
1667 1892 1697 1921 &
1722 1887 1772 1921 his
1796 1899 1860 1920 non
1885 1887 1988 1921 minus
2013 1899 2108 1930 quarn
2132 1890 2243 1931 primae
2267 1914 2276 1927 ,
2310 1891 2368 1934 usu
2391 1903 2469 1925 con-

1460 1946 1635 1973 cavorum,
1658 1941 1711 1965 aut
1736 1939 1950 1964 convexerum
1968 1930 2168 1973 specillorum
2191 1934 2373 1968 medeamur
2396 1947 2410 1975 ,·
2430 1944 2468 1969 ut

1460 1981 1575 2016 mirer,
1602 1979 1734 2010 Summo
1756 1973 1883 2008 cuidam
1897 1975 1981 2007 Viro
1995 1973 2166 2015 excidisse,
2189 1976 2249 2010 haec
2262 1978 2366 2018 viria,
2391 1978 2469 2012 den..

1461 2022 1550 2054 sioris
1576 2019 1746 2054 videlicet,
1771 2028 1822 2051 aut
1847 2017 1979 2051 laxioris
2003 2018 2215 2060 Crystalliui,
2239 2021 2388 2055 medelam
2400 2023 2469 2055 <ijo-

1483 2065 1596 2097 tricam
1619 2073 1675 2095 non
1699 2060 1903 2107 admittere.-
2020 2063 2168 2105 Denique
2191 2064 2225 2096 in
2237 2065 2445 2106 Sepulcbreto
2456 2088 2470 2106 ‚

1457 2075 1668 2148 ltixfyffcilopiaz
1691 2106 1819 2136 nomine
1843 2103 2022 2145 designatur
2045 2104 2236 2147 oppositio,
2261 2117 2296 2142 ut
2321 2109 2355 2141 iii
2380 2109 2465 2143 mul-

1459 2152 1502 2183 tis
1527 2148 1651 2182 senibus
1676 2147 1820 2180 videmus
1839 2170 1852 2187 ,
1887 2148 2056 2195 Myopiae,
2080 2147 2208 2183 affectus
2227 2173 2241 2191 ,
2274 2162 2371 2194 quem
2396 2164 2471 2192 pro-

1462 2204 1566 2235 pterea
1600 2190 1765 2224 Scheidius
1797 2190 1879 2223 τεᾶς
1909 2194 2070 2224 censuerat
2103 2194 2210 2226 vocari
2254 2194 2338 2236 posse
2371 2197 2472 2228 Anti-

1462 2237 1631 2278 myopiam
1657 2235 1690 2266 in
1715 2233 1905 2278 illadofffl,
1929 2233 2113 2277 eruditaque
2124 2235 2377 2278 Disputatione,
2400 2250 2471 2282 quae

1462 2279 1549 2321 Vsus
1572 2279 1711 2312 Viriatus
1734 2277 1919 2323 inscribitur
1942 2280 1955 2315 (
1976 2288 1991 2311 e
2012 2282 2025 2317 )
2047 2302 2054 2309 .
2089 2278 2149 2312 Sed
2173 2291 2352 2323 quanquam
2375 2284 2414 2316 ab
2439 2294 2473 2316 ea

1465 2321 1692 2364 Nyffmlopia,
1716 2330 1812 2362 quam
1835 2321 1976 2362 juniores
1990 2321 2098 2354 Graeci
2123 2323 2346 2358 intellexerunt
2367 2325 2473 2369 (f),

1463 2366 1568 2408 paulo-
1582 2374 1687 2396 minus
1709 2362 1821 2396 distare
1844 2364 1945 2396 videri
1968 2363 2069 2404 potest
2091 2366 2119 2397 is
2141 2364 2271 2400 affecfihis
2291 2369 2346 2413 qui
2370 2381 2474 2412 oppo-

1461 2412 1551 2441 nitur
1571 2407 1718 2449 Myopiae
1733 2430 1744 2447 ,
1768 2415 1805 2440 ut
1829 2406 1869 2440 ab
1892 2417 1925 2439 ea
1949 2417 2043 2447 quam
2069 2408 2232 2442 intellexit
2254 2411 2472 2453 Hippocrates

1463 2455 1476 2491 (
1496 2463 1518 2495 g
1542 2454 1572 2489 ),
1596 2449 1662 2491 ipsa
1687 2450 1848 2492 Myopia3
1874 2449 1967 2491 longe
1990 2458 2094 2482 tamen
2120 2451 2175 2483 alii
2199 2463 2234 2485 ac
2256 2451 2293 2486 hi
2318 2453 2447 2490 affectus
2463 2480 2473 2495 ‚

1459 2494 1540 2528 'sunt
1565 2502 1633 2526 turn
1657 2493 1736 2533 illa,
1760 2502 1830 2526 tum
1856 2492 1922 2526 haec
1946 2493 2171 2536 Nysialopia‚
2194 2497 2226 2529 ὃς
2248 2507 2265 2528 a
2287 2497 2385 2531 caufis
2400 2500 2472 2532 lon-

1466 2550 1505 2581 ge
1529 2538 1602 2570 aliis
1626 2536 1820 2579 proveniunt
1842 2548 1849 2567 :
1886 2537 1993 2577 itaque
2018 2546 2127 2569 neutra
2159 2538 2356 2581 dioptricarn
2380 2542 2471 2576 illam

1466 2581 1614 2614 admittit
1640 2578 1792 2611 medelam
1818 2589 1827 2607 t
1850 2577 1928 2621 quid
1953 2579 2037 2611 enim
2060 2580 2249 2624 conspicilla
2271 2583 2392 2619 faciant
2416 2596 2472 2621 aut

1466 2624 1504 2656 ad
1529 2625 1662 2666 primam
1684 2645 1694 2662 ,
1714 2622 1763 2655 rid
1788 2621 1830 2655 est
1853 2622 1889 2655 ad
1922 2621 2134 2668 vespertinam
2157 2627 2333 2660 caecitatem
2360 2654 2368 2668 ‚
2401 2642 2473 2673 quae

1465 2667 1504 2700 ab
1539 2668 1664 2701 Retinae
1688 2665 1823 2708 quadam
1855 2666 1940 2707 quasi
1964 2665 2155 2700 resolutione
2180 2691 2193 2708 ,
2226 2680 2279 2703 aut
2303 2671 2340 2704 ad
2364 2671 2474 2707 secun-

1464 2712 1534 2743 dam
1550 2736 1558 2750 ,
1581 2710 1615 2743 id
1638 2708 1680 2742 est
1703 2710 1745 2742 aci
1764 2708 1910 2742 diurnam
1933 2710 2109 2743 caecitatem
2132 2732 2141 2747 ‚
2176 2724 2246 2754 quae
2271 2715 2308 2747 ab
2333 2713 2473 2756 ejusdem

1465 2755 1590 2788 Retinae
1615 2753 1715 2785 nimia
1739 2751 1876 2785 tensione
1898 2751 2061 2794 repetenda
2084 2753 2186 2787 videri
2211 2757 2338 2798 potest?
2362 2762 2471 2803 Igitur

1466 2807 1502 2830 ut
1539 2795 1602 2829 hoc
1626 2794 1714 2838 signo
1747 2794 1833 2838 quod
1858 2795 1895 2827 ab
1914 2796 2091 2829 inuti-litate
2126 2798 2394 2840 conspicillorum
2416 2803 2471 2837 de-

1468 2841 1561 2873 duces
1584 2862 1593 2876 ,
1626 2839 1843 2881 Ny<fftalopias
1867 2838 1904 2870 ab
1927 2837 2051 2872 duobus
2075 2840 2139 2873 illis
2162 2841 2327 2878 affectibus
2358 2847 2472 2881 distin-

1467 2896 1564 2926 gues,
1588 2882 1628 2915 sic
1653 2886 1682 2916 ἃ
1707 2883 1836 2915 nomine
1860 2881 2031 2923 distinguas
2049 2893 2198 2925 oportet.
2224 2887 2276 2921 Ad
2302 2898 2406 2923 utram
2416 2902 2471 2925 au.

1468 2937 1531 2959 tem
1557 2926 1769 2968 Nyetalopiae
1791 2925 1913 2971 causam
1932 2925 2020 2959 causa
2044 2929 2239 2969 quarundam
2252 2942 2290 2964 ex
2312 2933 2394 2966 vitio
2405 2935 2472 2968 Re-

1467 2972 1545 3004 tinae
1568 2972 1816 3015 occurrentium·
1829 2970 1910 3002 visus
1935 2967 2166 3005 hebetudinum
2191 2976 2293 3016 magis
2317 2977 2443 3010 accedat
2459 3001 2470 3017 ‚

1467 3026 1505 3047 ex
1529 3024 1566 3045 eo
1591 3023 1719 3056 quoque
1741 3013 1896 3053 conjicies
1917 3034 1928 3051 ,
1962 3012 2047 3055 quod
2072 3014 2121 3046 his
2145 3016 2330 3057 praeclarum
2363 3021 2469 3056 lumen

1467 3055 1711 3090 incommodum
1733 3055 1796 3092 est5
1820 3055 1886 3088 illis
1910 3064 2011 3088 autem
2036 3058 2215 3099 opitulatur
2238 3072 2302 3094 non
2326 3062 2409 3097 secus
2432 3078 2469 3099 ac

1468 3099 1590 3140 surdis,
1615 3108 1667 3132 aut
1691 3099 1829 3144 graviter
1851 3098 2052 3133 audientibus
2078 3100 2121 3134 ob
2144 3102 2310 3138 laxitatem
2331 3129 2343 3146 ,
2365 3107 2469 3151 majo-

1467 3156 1512 3176 res
1535 3143 1627 3190 sonos
1662 3141 1751 3175 fuisse
1776 3142 1867 3176 utiles
1888 3167 1899 3183 ‚
1935 3143 2061 3177 tradunt
2085 3145 2249 3181 Holderus
2282 3152 2295 3189 (
2316 3148 2337 3182 h
2357 3154 2371 3190 )
2392 3178 2401 3191 ‚
2436 3156 2468 3186 &

1466 3187 1625 3219 Willisms
1648 3188 1662 3224 (
1683 3185 1729 3227 i)
1752 3214 1760 3219 .
1793 3186 1838 3217 Et
1863 3188 2017 3228 quoniam
2050 3198 2123 3221 cum
2144 3188 2216 3224 aliis
2249 3204 2287 3226 ex
2318 3195 2467 3230 omnibus

1464 3242 1533 3273 quse
1560 3238 1739 3262 memoratae
1764 3227 1834 3261 sunt
1856 3255 1863 3268 ‚
1887 3228 2125 3265 Asse-&ionibus
2149 3235 2280 3276 pupillae
2291 3234 2467 3280 dilatatio,

1465 3285 1537 3306 cum
1562 3274 1632 3305 aliis
1655 3281 1759 3317 autern
1782 3272 1969 3317 constriffti‘o
1994 3273 2075 3307 haud
2099 3285 2192 3316 ram,
2218 3287 2368 3322 tanquam
2392 3280 2467 3315 effe-

1465 3317 1534 3350 ἕως
1555 3328 1626 3349 curu
1653 3318 1700 3347 sua
1726 3315 1814 3347 causa
1829 3337 1839 3352 ,
1862 3315 2091 3359 conjungitur,
2112 3329 2208 3360 cave,
2231 3332 2267 3354 ne
2291 3333 2367 3357 tunc
2379 3336 2466 3359 mor·

1465 3359 1498 3392 bi
1521 3359 1646 3392 causam
1669 3360 1703 3392 in
1725 3357 1928 3401 circumjecta
1951 3360 2036 3394 Iride
2059 3359 2118 3394 esse
2136 3385 2146 3400 ,
2172 3367 2361 3407 pronuncies
2382 3380 2393 3406 ς
2428 3378 2465 3404 ut

2322 3420 2423 3453 neque

420 3494 2471 3515 Q

532 3557 544 3585 )
561 3559 658 3583 Pharin.
677 3557 728 3582 Ast.
746 3565 769 3581 τι.
790 3559 828 3582 Sc.
845 3564 865 3585 4⁴

541 3590 548 3616 )
566 3591 702 3613 Comi-nere.
721 3588 782 3612 Litt.
799 3592 829 3613 A.
853 3593 917 3615 1733-
938 3584 1017 3609 Hebd.
1033 3595 1056 3615 4.
1076 3595 1098 3611 n.
1118 3594 1140 3615 3·

536 3618 619 3646 3Eph
647 3621 679 3643 N<
699 3620 727 3642 C.
746 3621 816 3643 cent.
833 3627 857 3647 7.
876 3615 935 3640 Obs.
951 3624 990 3644 7¹-

506 3678 513 3682 ⁴
540 3658 545 3673 1
563 3649 621 3671 Sest.
641 3657 660 3672 i.
678 3657 700 3672 ri.
719 3657 755 3678 3²·

502 3686 512 3702 ι
526 3678 539 3706 )
556 3681 590 3702 De
607 3679 697 3703 Anima
713 3682 808 3703 Brutor.
824 3686 846 3703 c.
864 3685 901 3705 14.

930 3555 966 3583 (t
986 3556 993 3583 l
1012 3562 1033 3580 c.
1052 3564 1070 3581 i.
1088 3555 1129 3581 cit.
1151 3554 1174 3585 §.
1190 3557 1213 3578 6.

1274 3552 1289 3581 (
1305 3560 1320 3574 α
1339 3551 1346 3581 )
1364 3551 1489 3581 Synechiae
1507 3550 1528 3581 §.
1545 3553 1568 3575 8.

1201 3584 1215 3613 (
1229 3589 1248 3611 ζ
1261 3582 1276 3610 )
1294 3582 1372 3610 Eiusd.
1392 3585 1529 3606 Commere.
1547 3585 1577 3605 A.
1596 3589 1660 3611 ¹745·
1679 3581 1755 3606 Hebd.
1773 3586 1808 3609 36.
1827 3591 1851 3605 n.
1873 3591 1892 3610 3-

1052 3618 1066 3646 (
1081 3625 1092 3640 c
1110 3617 1116 3644 l
1134 3615 1192 3639 seu.
1211 3615 1254 3638 hac
1270 3614 1303 3636 18.
1326 3612 1434 3641 append.
1451 3621 1472 3636 ι,
1490 3611 1540 3641 post
1556 3612 1615 3637 Obs.
1634 3620 1669 3641 33.

815 3646 823 3678 (
838 3647 880 3678 f)
898 3649 903 3673 s
919 3655 941 3677 g
956 3647 971 3676 J
986 3646 1043 3671 Vid.
1060 3646 1121 3677 apud
1140 3648 1221 3673 Plenp.
1237 3643 1383 3672 ophthalm.
1401 3644 1419 3667 1.
1436 3652 1459 3672 ς.
1475 3650 1497 3667 c.
1514 3646 1553 3667 26.

1630 3551 1643 3580 (
1659 3559 1673 3574 x
1690 3550 1702 3578 )
1718 3550 1742 3573 in
1759 3550 1855 3575 Praefat.
1871 3553 1899 3576 ad
1914 3553 2008 3592 Dissem
2025 3552 2088 3586 suatn
2105 3552 2132 3578 de
2150 3554 2279 3587 Εξὶτορίο.

1732 3612 1745 3639 (
1759 3612 1775 3635 d
1791 3582 2273 3648 )‘ophthalmiosss')¹-E4pistl;rggi-niorto.

1614 3643 1629 3673 (
1645 3643 1659 3666 h
1674 3644 1685 3674 )
1701 3643 1753 3667 Λέὶ.
1773 3644 1859 3668 Phisos.
1876 3646 1930 3669 Soc.
1947 3647 1976 3668 R.
1996 3652 2020 3668 in
2037 3645 2111 3674 Angl.
2128 3648 2157 3669 A.
2176 3650 2244 3672 1⁶⁶8.
2261 3650 2298 3672 Μ.
2317 3649 2383 3677 Mai.
2402 3658 2424 3675 n.
2439 3658 2458 3676 i.
