2498 4075
403 191 559 259 Epist.-
596 191 758 247 Anat.
793 191 995 247 Medica
1031 191 1174 249 le.
1208 191 1418 258 Art.·43.
1454 216 1522 257 44·
1551 192 1699 256 3145.¹

60 275 71 311 (
94 282 112 304 o
134 274 167 309 ),
189 271 221 304 δι
243 270 382 306 aliorum
406 282 489 314 quos
502 271 568 313 ipse
581 271 716 312 laudat,
735 270 1007 312 Observationes,
1030 274 1062 307 &

60 314 209 357 quaedam
234 324 385 356 praeterea
408 315 575 348 Benivenii
599 319 610 354 (
633 324 656 355 p
681 318 691 353 )
716 338 726 354 ,
760 314 957 349 videbantur
974 317 1061 349 exci-

56 365 123 390 tare
144 380 153 395 ,
190 358 313 392 ic‘tuum
347 357 497 392 videlicet
527 357 710 391 abdominis
731 358 878 392 homines
899 358 1063 399 prostran-

63 401 149 434 tium
167 426 176 440 ‚
199 403 231 434 δε
253 401 362 436 subito
384 404 484 435 etiam
506 402 767 444 extinguentium
801 411 933 443 propter
968 401 1063 436 vehe-

58 443 284 478 mentiffimam
309 444 584 487 diaphragmatis‚
609 454 644 477 ut
668 445 722 477 ille
757 444 918 478 existimat
940 467 952 484 ,
986 456 1062 478 con-

57 486 231 521 cuffionem
243 510 252 525 ‚
265 491 295 520 δι
309 488 550 522 convulsionem
562 487 666 526 ,unde
680 487 868 527 suffocatio,
891 489 922 520 δι
947 487 1063 531 asphy-

58 532 112 565 xia
134 533 329 574 contingant
353 556 362 565 .
398 532 549 563 Attamen
573 541 646 564 cum
670 531 754 563 icius
785 530 824 564 de
856 530 973 572 quibus
996 532 1064 574 ipse

59 573 210 616 loquitur
238 600 247 615 ‚
284 586 348 608 non
373 573 411 607 ad
435 573 625 607 umbilicum
651 600 660 614 ‚
693 573 745 606 sed
780 572 818 608 ad
857 573 1065 615 epigastrium

60 617 204 659 {peotent
227 629 238 656 ς
269 618 313 651 ob
359 616 440 650 hauc
483 628 573 656 rem,
620 616 759 659 aliasque
803 617 973 650 nonnullas
1007 629 1067 661 ego

61 660 193 736 qiissidem
234 659 384 694 assensum
427 659 598 701 sustine0,-
631 660 804 695 arbitrium
837 669 941 694 autem
972 668 1066 695 tuum

60 714 77 736 e
108 715 129 737 o
147 727 155 733 -

103 757 156 789 43.
184 745 236 780 Ad
260 747 416 780 violentas
437 745 617 780 abdominis
640 747 895 789 Compreffiones
919 746 975 779 illa
1000 758 1064 788 prae

59 790 185 824 caeteris
208 792 361 823 attineret
385 798 483 831 quam
507 790 664 824 Cisiarius
676 791 807 831 pertulit
830 788 869 822 ab
893 788 997 823 rhedae
1012 801 1065 822 ro-

60 842 96 867 ta
111 855 121 870 ,
145 844 199 874 per
223 841 367 867 ventrem
391 833 458 865 aeta
473 854 482 869 ,
506 834 588 866 unde
610 834 790 873 graviffima
822 832 1030 866 incommoda
1054 856 1064 871 ,

61 878 94 909 ἃ
117 877 295 909 maximum
317 876 553 922 omniumgquae
577 876 665 914 vidi,
691 876 958 918 arteriaeMagnae
971 887 1067 910 aneu-

61 919 169 960 rysma
196 929 389 960 provenere;
414 918 471 951 nisi
495 921 563 953 eam
587 918 755 953 historiam
785 919 932 961 Epistol-a
966 919 1002 955 ad
1035 929 1070 952 te

62 962 135 995 XL.
156 965 166 1000 (
189 973 207 1004 q
230 965 240 1000 )
264 960 513 1003 descripsissem.
643 963 692 996 De
715 963 915 996 Vulneribus
937 972 1065 1000 autem,

63 1004 229 1038 Ifflbusve
252 1006 478 1045 Lumborum,
500 1016 567 1048 quo
590 1005 843 1039 Observationes
856 1007 998 1047 {pestant
1011 1005 1066 1038 Cl.

63 1048 226 1082 Virorum
250 1048 426 1082 Verdriesii
448 1051 461 1087 (
482 1059 497 1080 r
518 1051 553 1087 )‚
577 1051 607 1082 δε
630 1048 843 1086 Quelmaltzii
867 1048 969 1094 (s),
991 1057 1068 1082 cum

64 1092 100 1124 in
126 1091 293 1133 praesentia
316 1093 403 1126 nulla
428 1090 509 1125 mihi
532 1103 570 1125 ex
594 1093 672 1125 meis
695 1093 730 1124 in
755 1092 976 1134 promptusit,
1000 1102 1067 1124 non

64 1146 127 1169 una
153 1145 259 1168 autem
283 1142 396 1169 earum
420 1134 458 1167 sit
482 1146 553 1178 quae
577 1135 615 1168 ad
639 1136 783 1168 Vulnera
804 1158 815 1173 ‚
847 1134 1068 1177 Compreffio-

64 1178 158 1212 nesve
180 1179 324 1213 Artuum
349 1178 516 1220 speetant3
540 1177 577 1211 ad
602 1177 658 1211 has
681 1179 844 1212 transibo.

109 1234 161 1264 44.
188 1222 278 1255 VIR
300 1222 456 1261 rusticus,
478 1231 542 1253 non
568 1222 652 1255 malo
675 1223 823 1264 corporis
846 1220 960 1256 habitu
985 1231 1068 1261 prae-

63 1265 153 1300 ditus
168 1288 180 1305 ,
200 1264 278 1299 dum
301 1266 520 1306 circalignum
532 1273 703 1306 operatur,
729 1265 819 1306 plura
842 1275 881 1297 ex
894 1265 955 1299 hoc
979 1265 1068 1305 ffag-

67 1318 178 1344 menta
203 1309 317 1351 palmae
340 1309 479 1342 dexterae
503 1308 565 1341 alte
598 1308 728 1349 infigit,
753 1308 1069 1341 vulnereinterstitio

67 1353 117 1387 illi
142 1352 241 1386 ferme
265 1351 474 1394 respondente
495 1349 584 1394 quod
607 1351 649 1384 est
672 1352 756 1384 inter
780 1354 953 1394 metacarpi
983 1349 1070 1387 ossa,

67 1397 190 1433 indici,
216 1395 387 1438 medioque
410 1395 517 1437 digito
540 1393 703 1437 subjeffla:
730 1405 785 1429 nec
809 1394 868 1428 nisi
902 1395 1071 1438 postquam

67 1438 262 1474 convulsivis
287 1442 389 1472 totius
410 1437 477 1480 ejus
500 1447 587 1471 artus
621 1437 764 1471 motibus
796 1447 962 1480 correptus
994 1437 1036 1470 est
1059 1459 1071 1476 ,

67 1484 201 1517 Medico
216 1505 225 1520 ‚
249 1481 454 1523 Chirurgove
465 1480 493 1514 se
515 1480 674 1514 ostendit.
699 1483 811 1524 Itaque
832 1481 950 1515 οᾶεινο
974 1480 1072 1514 circi-

67 1535 116 1560 ter
140 1538 178 1560 ex
200 1537 266 1569 quo
290 1526 404 1559 vulnus
427 1524 485 1558 sibi
508 1524 668 1558 inflixerat
683 1548 692 1564 ,
713 1523 763 1558 die
787 1525 849 1559 huc
873 1524 1011 1567 denique
1034 1525 1071 1557 in

66 1569 308 1604 Nosocomium
331 1567 497 1602 defertur-
521 1568 655 1608 Sanguis
677 1576 754 1601 tunc
779 1569 922 1610 primum
943 1580 962 1602 e
994 1566 1073 1600 sini-

67 1614 134 1648 stro
158 1613 291 1647 brachio
315 1613 483 1651 mittitur,
505 1611 612 1643 oleum
635 1610 808 1644 edulcibus
831 1610 1009 1653 amygdalis
1020 1621 1072 1643 re-

66 1668 140 1691 cens
164 1654 339 1698 expressum
361 1654 475 1690 datur,
499 1654 608 1687 oleum
633 1653 741 1687 refinae
773 1653 1001 1687 terebinthinae
1033 1654 1069 1686 in

67 1701 185 1735 vulnus
206 1697 410 1734 infunditur,
432 1695 541 1730 dexter
565 1706 672 1735 artus,
696 1698 727 1730 δι
760 1697 858 1738 Spina
890 1696 1072 1730 linimentis

65 1755 140 1787 quae
163 1740 313 1777 adversus
336 1749 509 1775 nervorum
545 1739 751 1775 distentiones
781 1739 907 1774 faciunt
930 1763 939 1779 ‚
975 1741 1071 1773 inun-

67 1795 189 1830 guntur
213 1809 223 1825 ‚
260 1783 441 1827 fragmenta
465 1783 547 1827 ligni
570 1783 717 1826 quaedam
740 1794 756 1817 e
780 1782 910 1817 vulnere
931 1782 1071 1817 educun-

67 1840 121 1864 tur
146 1843 155 1867 3
190 1828 242 1863 sed
265 1826 419 1861 incassum
442 1835 512 1860 tum
538 1836 667 1869 propter
688 1827 721 1860 id
755 1826 845 1869 quod
877 1837 954 1860 mox
983 1825 1073 1859 dice-

67 1882 123 1908 tur
147 1897 156 1913 ,
187 1881 257 1906 tum
280 1871 379 1905 etiam
401 1872 477 1912 quia
512 1869 589 1902 mali
622 1869 735 1904 tandiu
770 1868 897 1911 prorsus
932 1868 1072 1910 negseffi

67 1918 116 1952 vis
139 1917 266 1950 altiores
289 1914 409 1948 radices
432 1923 560 1955 egerat,
583 1912 737 1955 totusque
758 1913 813 1946 ille
837 1922 924 1946 artus
946 1913 1074 1945 creber-

68 1962 162 1994 rimis
186 1957 380 1994 convulsivis
404 1956 548 1990 motibus
569 1955 692 1989 sursum
709 1955 952 1990 manifestissime
975 1965 1070 1988 retra-

67 2002 225 2038 bebatur.
249 2003 357 2043 Igitur
380 2001 467 2033 intra
491 1998 604 2032 horam
628 2011 667 2032 ex
688 2011 755 2041 quo
779 2000 856 2033 illuc
867 1997 992 2032 delatus
1003 1997 1073 2031 fue-

68 2057 140 2088 rat,
163 2043 438 2088 quadragesimam
462 2042 592 2075 vivendi
606 2042 702 2076 finem
724 2041 822 2079 fecit,
845 2053 919 2076 cum
942 2041 988 2074 ibi
1012 2042 1073 2074 Di-

67 2090 198 2132 scipulis
231 2088 422 2122 structuram
456 2085 589 2120 humani
624 2088 767 2128 corporis
798 2087 832 2118 in
865 2084 1072 2119 cadaveribus

67 2134 140 2168 aliis
162 2130 385 2168 ostenderem3
408 2128 445 2162 ad
469 2138 648 2162 extremum
671 2131 757 2164 enim
780 2129 940 2171 spestabat
960 2126 1073 2161 mensis

67 2177 263 2211 November
288 2175 328 2207 A.
357 2183 451 2216 1742;
477 2174 584 2214 itaque
609 2172 672 2206 hoc
704 2184 834 2215 quoque
867 2172 939 2206 usus
970 2170 1039 2204 sum
1062 2193 1072 2203 .

66 2221 170 2256 Nunc
193 2229 326 2256 caeoera,
350 2226 384 2250 nt
408 2215 560 2250 consuevi
583 2214 709 2256 facere,
732 2217 1000 2258 praeterrnittam:
1023 2226 1075 2248 ea-

66 2275 131 2308 que
154 2263 327 2297 dumtaxat
349 2271 421 2301 quae
446 2260 483 2292 ad
518 2259 655 2298 vulnus,
680 2267 734 2293 aut
767 2258 805 2293 ad
839 2258 898 2291 alia
933 2259 1074 2292 attinent

66 2309 174 2341 minus
197 2304 367 2339 secundum
391 2312 513 2335 naturae
540 2301 672 2336 modum
696 2303 725 2335 se
735 2302 905 2341 habentia,
929 2313 1074 2335 comme-

70 2349 207 2385 morabo
219 2374 228 2381 .
362 2346 560 2385 MANUS,
577 2348 606 2379 8<
617 2345 787 2379 brachium
798 2356 864 2379 non
879 2346 970 2380 valde
981 2353 1072 2378 erant

69 2391 198 2428 tumida
214 2418 222 2425 .
246 2391 374 2425 Vulnus
398 2388 529 2422 orificio
553 2398 620 2422 erat
643 2389 797 2430 angusto,
819 2391 851 2421 &
885 2387 924 2422 ad
957 2388 1072 2423 circuli

69 2438 213 2472 formam
237 2433 424 2470 accedente,
449 2430 525 2465 adeo
549 2441 656 2465 autern
681 2430 878 2474 profundum
903 2456 912 2471 ‚
946 2441 982 2465 ut
1016 2442 1071 2474 per

67 2480 151 2516 illud
174 2478 288 2512 offium
310 2488 382 2520 quae
404 2475 498 2515 dixi,
520 2475 758 2515 interstitium,
781 2474 819 2508 ad
852 2486 963 2508 manus
995 2474 1072 2508 dor-

67 2525 139 2560 sum
162 2521 399 2566 propemodum
422 2521 603 2560 perveniret
626 2541 636 2557 ‚
669 2519 802 2561 palmari
835 2516 985 2552 tendinea
1018 2530 1073 2551 ex-

67 2567 241 2612 pansione„
262 2567 295 2598 δι
317 2563 394 2597 huic
417 2561 561 2604 subjecto
594 2562 783 2596 Adducente
815 2561 969 2605 pollicem
1000 2572 1073 2596 mu-

68 2612 159 2646 sculo
181 2632 192 2648 ,
229 2612 262 2641 &
296 2604 479 2641 Interosseis
511 2605 666 2648 penulis,
691 2606 808 2639 nedum
833 2605 1035 2639 Lumbricali
1060 2617 1071 2642 3

69 2654 259 2690 tendinibus
282 2659 388 2685 autem
412 2649 623 2682 fleetendum
647 2648 818 2682 secundum
840 2670 852 2687 ,
883 2651 915 2681 δι
939 2651 1072 2682 tertium

66 2699 255 2741 digitorum
276 2695 409 2728 illorum
443 2693 593 2726 articulos
617 2714 627 2729 ‚
660 2701 731 2725 tum
771 2703 869 2725 nervo
902 2691 1074 2725 secundum

69 2740 210 2776 vulneris
232 2739 338 2776 latus,
360 2746 397 2770 ut
422 2735 512 2773 vidi,
539 2745 711 2776 pergente,
735 2735 829 2769 facile
850 2757 860 2773 ‚
897 2743 934 2768 ut
965 2747 1003 2768 ex
1034 2735 1074 2768 iis

69 2783 238 2824 intelliges
259 2791 330 2823 quae
346 2780 506 2812 continuo
516 2776 686 2816 dicentur,
712 2779 838 2821 insuper
863 2776 961 2811 laesis.
985 2781 1074 2813 Dum

70 2830 167 2864 enim
183 2824 299 2858 vulnus
323 2834 357 2856 ea
381 2822 530 2855 libertate
553 2833 625 2862 quae
646 2822 821 2865 Chirurgis
843 2821 876 2854 in
902 2823 976 2855 vivo
1002 2832 1074 2863 per-

69 2870 160 2906 missa
182 2878 249 2901 nou
274 2864 382 2900 fuisset
405 2888 414 2903 ‚
445 2863 636 2905 penitiffime
671 2867 923 2898 examinaremus
947 2876 956 2903 ς
991 2865 1072 2907 ligni

70 2917 292 2957 fragmentum
326 2906 586 2951 parallelopipedi
612 2906 715 2940 forma
737 2931 752 2948 ,
782 2918 877 2942 tenne
907 2907 1038 2950 quidem
1062 2930 1072 2945 ‚

67 2958 122 2994 sed
146 2955 274 2997 longius
299 2951 475 2986 transverso
499 2951 587 2992 apice
612 2951 741 2984 minimi
773 2951 872 2993 digiti
893 2976 902 2992 ,
936 2951 1076 2985 dimidio

68 3011 178 3037 autem
203 2997 310 3031 minus
333 2996 434 3028 latum
450 3019 459 3034 ,
481 2994 545 3027 alte
577 2993 654 3027 adeo
689 2993 836 3028 abditum
859 3017 870 3033 ,
903 3004 998 3037 atque
1030 2995 1076 3028 ita

67 3038 232 3080 intrusum
247 3064 256 3080 ,
277 3038 478 3080 infixumque
500 3036 782 3079 deprehendimus,
806 3047 842 3071 ut
865 3049 929 3071 non
955 3038 1015 3071 nisi
1039 3039 1073 3071 vi

67 3090 159 3123 illata
183 3085 223 3118 iis
246 3093 326 3126 quos
347 3081 510 3121 diximus,
532 3081 742 3114 moerentium
768 3081 984 3115 musculorum
1001 3089 1071 3114 ten-

68 3132 226 3166 clinibus,
252 3127 350 3160 eximi
373 3124 437 3158 sine
460 3123 650 3158 difficultate
683 3124 823 3167 potuerit
846 3150 854 3158 .
888 3127 938 3157 Eo
970 3125 1071 3166 igitur

71 3176 290 3216 fragmento,
312 3171 390 3202 dum
416 3167 538 3209 subiit,
560 3167 634 3200 illos
658 3167 802 3201 tendines
825 3168 907 3201 male
942 3165 1072 3201 habitos

71 3217 194 3257 fuisse,
217 3212 395 3255 intelligis,
418 3211 523 3253 postea
547 3220 652 3244 autem
674 3223 773 3253 quam
809 3210 949 3244 subierat
973 3234 983 3251 ,
1016 3222 1074 3253 pus

71 3260 161 3304 quod
185 3267 346 3302 paucum,
371 3257 402 3287 &
427 3253 547 3287 ichoris
570 3251 635 3287 fere
667 3254 766 3289 simile
798 3266 814 3287 e
845 3255 970 3288 vulnere
1003 3255 1073 3287 exi-

73 3306 150 3342 bat,
171 3299 351 3336 coercendo
365 3319 375 3335 ,
400 3298 503 3330 acrius
525 3297 569 3330 ob
592 3309 715 3332 moram
737 3296 905 3331 reddidisse
929 3322 937 3336 ‚
972 3309 1073 3340 eoque

72 3348 179 3390 aptius
202 3345 239 3378 ad
264 3343 338 3377 illos
362 3340 506 3375 tendines
524 3365 533 3380 ,
558 3350 610 3373 aut
633 3352 715 3375 certe
738 3342 775 3375 ad
796 3342 887 3374 illum
918 3351 1072 3380 nervum,

70 3392 149 3426 dum
162 3386 272 3422 sensim
286 3411 296 3426 ‚
308 3385 482 3426 sensimque
495 3383 666 3417 exstillaret
678 3407 687 3422 ‚
710 3384 924 3419 vellicandum
936 3409 945 3418 .

71 3436 178 3470 Erant
201 3441 290 3464 venae
315 3428 423 3472 passim
446 3437 516 3461 tum
541 3427 698 3468 internae,
721 3437 790 3462 tum
825 3438 958 3460 externae
991 3426 1072 3461 flui-

71 3478 136 3514 do,
161 3483 296 3515 atroque
320 3472 471 3514 sanguine
495 3468 641 3504 distentae
656 3494 665 3507 ,
687 3471 775 3514 quod
808 3470 1016 3510 Thoracem,
1039 3473 1071 3502 &

73 3520 209 3555 Collum
225 3539 235 3553 ‚
260 3519 291 3548 ὃ(
315 3513 658 3556 Caputdissecantibus
674 3515 774 3559 *facile
798 3513 861 3547 fuit
873 3513 1070 3547 animadver-

73 3574 161 3600 tere,
185 3559 323 3601 indeque
347 3560 443 3592 etiam
465 3558 642 3598 proclivius
666 3559 728 3591 suit
752 3556 944 3601 cognoscere
967 3582 977 3597 ,
1008 3557 1073 3589 Ce-

155 3602 318 3645 Morgagni
342 3602 376 3635 de
400 3602 523 3635 Sed-&⁹
545 3600 631 3641 Caus.
657 3600 869 3633 Morb.Tom.
885 3602 930 3632 II.
1002 3604 1009 3612 ”

1968 204 2048 256 331¹

1113 271 1275 317 phalicam
1297 279 1410 305 venam
1432 272 1467 304 in
1492 267 1619 303 sinistro
1643 276 1715 301 artu
1729 277 1790 301 non
1809 268 1912 303 modo·
1929 268 2038 308 infra,
2063 272 2116 302 ve:

1113 327 1187 349 rum
1211 315 1307 347 etiam
1331 314 1420 357 supra
1444 312 1604 358 cubitum.
1624 310 1781 348 defuisse,
1806 311 1862 344 nisi
1886 312 1974 354 quod
1997 311 2113 353 supra,

1114 357 1286 397 leviffima,
1311 357 1552 399 tenuissimaque
1575 366 1641 397 ejus
1666 354 1870 388 adumbratio
1896 356 1950 388 vix
1982 365 2035 395 per
2068 366 2117 388 ac-

1112 410 1256 436 curatam
1282 409 1500 443 attentamque
1523 397 1742 432 diffefflonem
1766 407 1889 440 reperta
1913 397 1955 432 est
1973 423 1980 430 .

1113 447 1234 487 Capite
1258 456 1274 477 a
1297 444 1451 478 vertebris
1474 440 1629 481 abscisso,
1652 439 1733 474 nihil
1761 452 1849 483 aquae
1873 452 1911 475 ex
1923 440 2037 474 harum
2061 448 2117 473 tu·-

1114 489 1158 523 bo
1180 485 1320 522 defluxit
1337 510 1348 528 ,
1371 486 1518 528 nihilque
1540 486 1619 518 item
1640 484 1679 518 de
1703 496 1736 517 ea
1749 483 1812 517 fuit
1836 485 1870 517 in
1894 483 2016 518 cerebri
2042 493 2120 516 ven-

1116 531 1265 570 triculis,
1288 532 1322 563 in
1345 530 1463 572 quibus
1485 527 1668 562 Choroides
1692 527 1800 569 plexus
1824 540 1862 561 ex
1893 526 1984 561 fusco
2008 525 2120 559 ruber-

1117 577 1217 608 timos
1229 573 1400 616 conspexi,
1423 581 1460 607 ut
1473 570 1651 613 sanguifera
1677 569 1785 613 passim
1808 570 2049 612 quamplurima
2062 580 2120 602 va-

1118 618 1204 652 scula
1228 617 1261 650 in
1295 616 1479 650 medullaris
1509 615 1644 647 Cerebri
1679 611 1864 646 substantiae
1896 611 2083 647 dissectione
2107 634 2122 643 0

1118 660 1229 703 Ipsum
1253 669 1358 694 autem
1374 683 1382 698 ‚
1404 662 1435 692 δι’
1458 658 1665 691 cerebellum
1679 682 1689 697 ‚
1713 658 1745 689 &
1767 655 1939 697 Medulla,
1960 658 1991 689 &
2020 656 2115 689 nervi

1119 704 1199 748 justa
1224 713 1311 738 erant
1335 701 1555 736 firmitudine.

1158 758 1210 790 45.
1235 749 1323 781 Dum
1347 745 1401 779 has
1423 745 1485 779 tibi
1499 743 1706 777 describerem
1727 742 1944 784 graviffimas,
1968 739 2119 775 lethales-

1116 802 1180 833 que
1201 790 1442 826 convulsione5‚
1469 798 1539 830 quae
1563 785 1729 828 profundo
1754 796 1864 818 manus
1901 785 2026 818 vulneri
2050 784 2122 817 succ·

1117 833 1250 872 cessere,
1274 843 1382 866 earum
1406 833 1495 864 venit
1518 832 1552 863 in
1577 839 1714 862 mentem
1738 840 1811 869 quae
1843 828 1914 870 post
1950 828 2018 862 leve
2050 826 2123 859 vul-

1118 876 1286 911 nusculum
1310 876 1505 909 advenerunt
1527 873 1625 915 digiti
1651 872 1771 906 Indicis
1795 893 1805 909 ,
1837 883 1892 914 per
1925 870 1956 904 se
1987 870 2123 913 quidem

1119 931 1185 954 non
1207 922 1254 953 ita
1270 931 1402 962 graves,
1428 916 1478 950 sed
1502 919 1665 959 graviores
1687 926 1784 959 quam
1807 924 1918 956 erant,
1945 914 2018 947 visae
2049 923 2124 947 tum

1117 964 1163 998 ob
1183 975 1217 997 ea
1240 975 1311 1007 quae
1334 961 1482 1004 adjuncta
1506 960 1690 997 habebant,
1715 968 1786 991 tum
1821 968 1954 1000 propter
1985 957 2127 990 animal-¹

1118 1006 1228 1041 culum
1244 1031 1253 1047 ,
1277 1018 1292 1039 a
1324 1006 1417 1047 cujus
1440 1004 1547 1036 morsu
1571 1002 1654 1036 nihil
1677 1001 1836 1044 ejusmodi
1870 1000 2128 1042 expestabatur..

1120 1048 1286 1084 Generosa
1307 1050 1392 1081 inter
1416 1046 1615 1080 Veronenses
1626 1046 1755 1087 Virgo,
1777 1055 1874 1078 annos
1899 1043 2057 1077 sexdecim
2069 1055 2128 1076 na-

1120 1102 1152 1127 ta
1176 1115 1186 1131 ‚
1218 1104 1291 1127 cum
1314 1090 1399 1124 haud
1423 1090 1508 1123 secus
1532 1101 1567 1122 ac
1590 1088 1646 1122 illa
1677 1089 1759 1122 civis
1793 1087 1842 1120 sui
1873 1087 1997 1121 Catulli
2036 1090 2046 1126 (
2069 1089 2085 1105 ⁴<
2111 1089 2124 1126 )

1121 1137 1258 1176 Lesbia,
1281 1133 1491 1178 passerculum
1538 1132 1636 1165 aleret
1666 1131 1798 1173 quicum
1834 1130 2012 1170 sufflaret»,
2045 1129 2126 1163 dum

1120 1191 1159 1213 ex
1181 1180 1317 1214 humero
1341 1177 1495 1215 dextero,
1518 1176 1552 1208 in
1575 1185 1672 1216 quem
1698 1173 1782 1208 sorte
1805 1174 1999 1212 insiluerat,
2023 1172 2130 1206 aufer-

1121 1235 1155 1257 re
1178 1223 1275 1257 vellet
1295 1219 1418 1254 sinistra
1443 1228 1563 1257 manu,
1587 1217 1736 1259 improba
1771 1216 1902 1250 bestiola
1937 1216 2031 1250 rostri
2062 1216 2131 1249 ι’ᾶιι

1119 1265 1360 1300 vehementiore
1382 1261 1524 1305 digitum
1546 1260 1687 1295 indicem
1720 1259 1812 1294 simul
1850 1258 2030 1305 momordit
2056 1281 2065 1295 ,
2097 1261 2131 1292 δε

1123 1309 1282 1344 sauciavit
1305 1310 1338 1340 in
1362 1305 1430 1349 ipsa
1454 1304 1583 1340 articuli
1607 1304 1728 1346 primi,
1752 1306 1784 1336 &
1815 1301 1945 1337 secundi
1981 1302 2131 1344 nimitum

1122 1364 1139 1385 a
1163 1363 1252 1395 parte
1274 1352 1434 1385 exteriore
1458 1374 1465 1383 .
1503 1351 1620 1381 Praeter
1653 1347 1837 1380 communia
1871 1347 2093 1388 integumenta
2119 1366 2131 1383 ,

1122 1398 1230 1430 nervei
1255 1393 1377 1437 aliquid
1401 1402 1471 1426 tum
1496 1390 1589 1426 fuisse
1614 1390 1787 1424 laceratum
1807 1413 1818 1430 ,
1856 1389 1941 1423 idem
1967 1388 2131 1423 indicavit

1122 1438 1267 1482 digitus,
1291 1439 1349 1481 qui
1373 1437 1533 1471 continuo
1558 1434 1586 1469 se
1610 1432 1730 1473 flexit,
1756 1431 1953 1475 ampliusque
1977 1432 2132 1469 extendi,

1124 1492 1182 1516 aut
1206 1482 1329 1516 moveri
1352 1490 1418 1513 non
1442 1480 1572 1522 potuit:
1597 1488 1699 1519 eoque
1723 1478 1828 1510 minus
1867 1477 2000 1509 mobilis
2026 1475 2132 1509 faetus

1125 1525 1193 1566 est,
1214 1536 1288 1559 cum
1313 1535 1390 1556 mox
1413 1523 1447 1555 in
1470 1520 1659 1555 vulnusculo
1670 1531 1729 1563 pus
1739 1519 1829 1554 fieret
1847 1543 1856 1557 ,
1879 1519 1991 1553 dolore
2003 1520 2102 1552 aucto
2120 1540 2132 1555 ‚

1126 1570 1158 1602 δι
1183 1579 1279 1602 manu
1303 1576 1432 1610 quoque
1454 1565 1620 1598 contratfta
1636 1584 1644 1599 ‚
1669 1562 1945 1596 &intumescente
1961 1588 1969 1596 .
1993 1563 2068 1595 Huc
2083 1559 2133 1594 fe-

1125 1612 1251 1647 bricula
1275 1608 1396 1644 accessit
1419 1608 1545 1642 dierum
1558 1607 1703 1648 aliquot.
1730 1606 1812 1646 Qae
1826 1615 1932 1638 tamen
1947 1628 1960 1645 ‚
1982 1607 2135 1638 &omnia

1122 1666 1195 1699 quae
1217 1655 1309 1693 dixi,
1331 1663 1405 1686 cum
1430 1662 1540 1685 manus
1554 1673 1564 1688 ,
1586 1659 1657 1682 tum
1679 1647 1778 1690 digiti
1802 1649 1884 1683 mala
1905 1648 2021 1689 celeri,
2045 1646 2139 1681 &fe-

1124 1699 1205 1739 lici,
1229 1707 1266 1732 ut
1290 1696 1481 1733 videbatur,
1504 1694 1671 1728 curatione
1696 1691 1821 1727 sublata
1846 1691 1922 1725 sunt
1941 1717 1948 1725 .
1983 1691 2042 1725 Sed
2076 1693 2133 1726 vix

1124 1740 1196 1776 haec
1230 1749 1325 1775 erant
1348 1738 1535 1777 consecuti,
1557 1747 1631 1771 cum
1655 1747 1726 1769 ecce
1749 1736 1812 1769 tibi
1835 1735 1904 1779 ipso
1927 1734 2134 1778 quartodeci-

1125 1797 1183 1819 mo
1205 1795 1245 1818 ex
1268 1795 1335 1828 quo
1356 1783 1481 1824 digitus
1506 1782 1658 1814 sauciatus
1691 1778 1794 1813 fuerat
1817 1800 1827 1816 ,
1860 1778 1912 1812 die
1946 1780 2135 1821 repentinus

1125 1837 1246 1863 tremor
1272 1839 1287 1860 a
1312 1825 1465 1868 pedibus,
1491 1836 1567 1858 mox
1592 1836 1608 1857 a
1633 1823 1780 1857 manibus
1813 1831 1974 1862 coortuS,
1996 1822 2134 1866 indeque

1125 1871 1241 1905 sensim
1264 1881 1317 1912 per
1341 1868 1526 1903 universum
1561 1877 1678 1910 corpus
1711 1875 1932 1909 propagatus,
1956 1867 2134 1908 Virginem

1125 1914 1288 1954 corripit,
1312 1911 1547 1955 periculosam,
1570 1912 1765 1954 longamque
1790 1909 1963 1953 syncopem
1975 1909 2106 1951 afferens
2125 1925 2134 1942 t

1124 1969 1188 2001 qua
1212 1957 1341 1993 soluta,
1367 1966 1432 1989 non
1456 1964 1624 1998 propterea
1658 1962 1812 1989 tremores
1845 1956 2056 2001 quieverunt3
2081 1953 2136 1989 sed

1124 2010 1199 2035 cum
1226 2000 1374 2042 gemitu,
1397 2001 1429 2032 &
1451 1999 1563 2040 aliquo
1586 1996 1749 2032 interdum
1783 1998 1908 2033 ululatu
1938 1998 2134 2041 conjunffi,

1124 2044 1233 2086 plures
1256 2041 1461 2085 perstiterunt
1488 2041 1605 2081 horas,
1627 2040 1729 2074 donec
1753 2042 1870 2083 apertis
1899 2042 2030 2076 tandem
2053 2053 2135 2077 ocu-

1125 2089 1165 2122 lis
1180 2108 1190 2125 ,
1216 2089 1246 2120 &
1271 2086 1377 2119 laxata
1400 2096 1472 2127 quae
1496 2083 1534 2118 ad
1557 2083 1910 2126 superioremadstrieta
1933 2095 1999 2119 erat
2015 2109 2025 2125 ,
2049 2085 2135 2120 infe-

1127 2132 1214 2165 riore
1239 2129 1368 2163 maxilla
1390 2128 1430 2162 ad
1455 2129 1485 2162 se
1507 2128 1648 2165 rediret,
1674 2129 1823 2162 omniurn
1856 2139 1927 2170 quae
1966 2129 2025 2163 sibi
2058 2141 2136 2164 con-

1127 2171 1295 2216 tigissent,
1319 2171 1447 2215 prorsus
1470 2172 1599 2214 ignara.
1626 2172 1839 2205 Breviautem
1861 2172 2030 2214 interjetffhi
2042 2176 2135 2217 quie-

1128 2226 1160 2251 te
1184 2241 1193 2256 ‚
1230 2215 1336 2249 rursus
1358 2215 1470 2248 eodem
1493 2215 1604 2249 ordine
1625 2217 1736 2248 omnia
1768 2224 1966 2250 reverterunt
1988 2240 1998 2254 ‚
2031 2217 2134 2251 levius

1124 2260 1280 2304 quidem,
1302 2261 1334 2291 δι
1360 2258 1464 2292 multo
1487 2258 1639 2298 brevius,
1663 2257 1715 2292 sed
1738 2259 1851 2292 crebro
1864 2260 1941 2293 adeo
1964 2263 2132 2300 vexantia,

1128 2314 1165 2339 ut
1189 2301 1338 2346 quotidie
1361 2301 1520 2335 sexdecim
1539 2326 1548 2340 ‚
1572 2311 1626 2334 aut
1649 2301 1877 2344 duodeviginti
1910 2302 2047 2337 insultus
2071 2316 2134 2338 nu-

1128 2355 1326 2383 merarentur
1342 2369 1349 2377 .
1369 2345 1508 2389 Jamque
1533 2344 1586 2378 sex
1609 2344 1676 2377 dies
1688 2345 1725 2379 ad
1737 2345 1823 2379 hunc
1842 2346 1974 2380 modum
1999 2358 2046 2381 res
2058 2359 2132 2391 per-

1126 2391 1297 2428 stiterant,
1322 2400 1395 2422 cum
1418 2400 1474 2429 per
1499 2389 1642 2424 litteras,
1665 2400 1735 2429 quae
1759 2388 1825 2423 haec
1839 2391 2030 2431 narrabant,
2052 2402 2133 2425 con-

1125 2434 1201 2469 sulti
1224 2433 1332 2469 sumus
1354 2433 1458 2475 pridie
1481 2432 1557 2466 Kal.
1580 2432 1712 2465 Sextiles
1735 2433 1781 2465 A.
1801 2442 1893 2476 1743.
1905 2434 1985 2467 Non
2008 2435 2133 2476 perpla-

1125 2479 1194 2512 cuit
1218 2478 1349 2520 quidem
1362 2474 1477 2515 nobiS,
1500 2473 1716 2517 Aphorismos
1736 2475 1949 2519 Hippocratis
1972 2481 1986 2517 <
2009 2484 2023 2510 t
2045 2483 2059 2518 )
2082 2489 2133 2511 re-

1126 2521 1327 2559 colentibus,
1352 2518 1477 2553 febrem
1501 2529 1540 2552 eo
1563 2518 1597 2551 in
1620 2518 1691 2564 casu
1716 2530 1770 2559 per
1793 2521 1947 2554 corticem
1981 2522 2134 2556 Peruvia-

1126 2576 1206 2599 num
1229 2562 1319 2598 fuisse
1343 2562 1509 2600 abradam,
1535 2561 1760 2596 vulnusculum
1784 2573 1890 2597 autem
1915 2574 1979 2598 tam
1999 2567 2068 2598 cito
2092 2566 2132 2600 ad.

1126 2608 1310 2643 cicatricem
1325 2606 1540 2649 perductum,
1564 2605 1829 2647 recordantibus,
1851 2607 1949 2641 Celso
1972 2612 1983 2648 ξ
2006 2620 2025 2642 u
2049 2613 2062 2649 )
2083 2610 2134 2642 vi-

1127 2652 1196 2687 sum
1221 2652 1278 2685 effe
1302 2649 1474 2694 secundum
1500 2649 1669 2682 Ieffionem
1693 2661 1791 2693 quam
1824 2651 1900 2685 alias
1926 2652 1981 2693 (x
2002 2656 2016 2692 )
2050 2654 2129 2686 reti-

1127 2695 1261 2729 nendam
1285 2693 1500 2733 ostendimus,
1522 2701 1640 2727 omnem
1653 2690 1725 2735 stre
1750 2692 1885 2734 morsum
1907 2693 2014 2728 habere
2038 2696 2131 2737 quod-

1126 2739 1196 2773 dam
1219 2739 1334 2778 virus,
1356 2737 1505 2778 idemque
1528 2735 1572 2768 ob
1594 2735 1776 2777 gravissima
1808 2737 2025 2779 symptomata
2057 2750 2131 2781 quse

1126 2782 1243 2816 anseris
1266 2792 1418 2824 quoque,
1441 2782 1472 2812 &
1495 2779 1574 2822 galli
1600 2780 1722 2813 morsus
1745 2791 1916 2822 excepere,
1943 2780 2125 2815 Matthiam

1126 2826 1337 2869 Tilingium(
1354 2834 1378 2865 y
1399 2826 1437 2862 ),
1456 2823 1512 2866 Jo-
1536 2822 1718 2864 Georgium
1732 2823 1931 2856 Sommerum
1956 2828 1967 2863 (
1988 2836 2012 2867 z
2034 2828 2068 2865 )‚
2094 2827 2133 2868 ὃς

1124 2878 1197 2903 ante
1209 2869 1434 2911 hosJoannem
1459 2863 1672 2899 Schenckium
1697 2869 1707 2904 (
1730 2878 1749 2898 a
1771 2870 1806 2906 )‚
1829 2866 1914 2899 hunc
1937 2878 1974 2900 ex
1997 2869 2129 2908 Baccii‚

1125 2913 1199 2946 illos
1222 2923 1260 2945 ex
1285 2910 1423 2953 propriis
1447 2910 1739 2943 Observationibus
1772 2908 1942 2943 censuisle.
1968 2912 2128 2946 Attamen

1127 2967 1200 2990 cum
1234 2956 1292 2988 hos
1324 2964 1434 2987 omnes
1467 2952 1588 2986 morsus
1611 2963 1663 2986 aut
1696 2954 1845 2986 manibus
1866 2975 1877 2992 ‚
1907 2963 1961 2987 aut
1992 2954 2125 2997 digito,

1126 2995 1397 3042 quemadmodum
1420 2997 1453 3029 in
1477 2995 1643 3038 proposito
1664 2996 1759 3036 casu,
1780 2996 1890 3030 illatos
1914 2995 2027 3036 fuisse,
2054 2999 2127 3031 ani-

1126 3042 1418 3078 madverteremus,
1442 3040 1588 3082 partibus
1610 3051 1682 3082 quae
1707 3049 1760 3073 aut
1772 3041 1847 3083 quia
1873 3040 2124 3076 tottendinibus

1123 3086 1282 3120 instruRae
1304 3083 1395 3121 sunt,
1421 3091 1474 3116 aut
1498 3093 1694 3125 quaecunque
1718 3084 1779 3116 alia
1806 3084 1845 3116 fit
1875 3085 1981 3117 verior
2014 3086 2129 3125 causa,

1124 3139 1212 3163 certe
1237 3128 1284 3160 vel
1311 3127 1373 3160 sine
1396 3126 1460 3160 ulla
1485 3126 1643 3159 virulenta
1675 3125 1850 3160 infectione
1883 3128 2028 3160 laceratae
2051 3149 2062 3166 ,
2094 3131 2126 3162 δε

1124 3171 1263 3206 contusae
1288 3171 1411 3212 magnis
1434 3170 1534 3211 saepe,
1555 3168 1840 3204 &vehementibus
1864 3171 1955 3205 malis
1966 3170 2122 3204 obnoxiae

1125 3216 1206 3252 sint3
1232 3225 1265 3247 ea
1290 3211 1536 3254 respondimus,
1559 3223 1630 3258 quae
1654 3213 1716 3247 five
1752 3212 1890 3246 insultus
1913 3225 1929 3246 a
1953 3213 2049 3247 citius
2070 3222 2127 3247 oc-'

1125 3257 1214 3292 cluso
1237 3256 1425 3290 vulnusculo
1446 3277 1455 3292 ,
1488 3254 1551 3288 sive
1573 3256 1666 3297 hujus
1699 3255 1928 3289 tantummodo
1959 3255 2126 3292 occasione

1127 3312 1192 3334 non
1216 3302 1310 3334 aliam
1334 3310 1431 3340 quam
1456 3299 1488 3331 in
1514 3298 1705 3340 hystericis‚
1727 3300 1887 3339 originem
1909 3298 2089 3334 habuissent
2109 3323 2124 3339 ,

1124 3346 1243 3387 quippe
1266 3344 1299 3376 in
1331 3343 1470 3384 Virgine
1494 3342 1666 3384 sanguineo
1698 3351 1952 3384 temperamento
1984 3342 2022 3377 ad
2057 3349 2135 3377 me-ss‘

1125 3387 1344 3420 lancholicum
1367 3385 1568 3423 inclinante,
1591 3388 1620 3418 δι
1644 3385 1727 3418 succi
1753 3386 1843 3427 plena
1859 3408 1867 3421 ‚
1890 3397 1992 3427 neque
2015 3396 2124 3421 tamen

1125 3442 1185 3473 pro
1208 3432 1380 3463 humorum
1401 3428 1491 3471 copia
1516 3428 1589 3461 satis
1612 3439 1667 3469 per
1680 3438 1805 3463 uterum
1821 3426 1980 3470 sanguinis
1990 3429 2122 3471 singulis

1124 3472 1281 3507 mensibus
1295 3481 1479 3506 excernente
1490 3493 1499 3509 ‚
1511 3482 1547 3504 ea
1558 3495 1571 3511 ,
1584 3471 1717 3514 inquam
1729 3496 1738 3510 ‚
1751 3471 1972 3513 respondimus
1983 3482 2053 3515 quae
2063 3485 2126 3514 op-

1125 3525 1264 3559 portuna
1279 3515 1337 3549 esse
1349 3515 1447 3557 posse,
1462 3514 1655 3549 credidimus
1666 3539 1674 3547 .
1691 3517 1761 3549 Sive
1775 3523 1881 3548 autem
1905 3526 2017 3548 eorum
2039 3528 2100 3558 ope
2113 3542 2126 3557 ,

1123 3560 1185 3593 five
1197 3562 1299 3592 aetatis
1314 3585 1322 3599 ‚
1337 3570 1371 3592 ac
1387 3567 1507 3592 naturae
1520 3558 1643 3592 viribus
1663 3570 1698 3591 ea
1720 3559 1830 3591 omnia
1852 3559 2099 3601 conquieverint
2112 3582 2123 3598 ‚

1600 3603 1632 3633 T
1656 3612 1667 3633 t
1716 3614 1731 3633 2
1996 3612 2080 3635 certe

81 3657 2119 3675 ffl——ssffl—-ss—-ssss———Qffl-

189 3707 202 3735 )
218 3708 253 3729 De
271 3705 381 3727 Renunc.
399 3704 473 3727 Vuln.
491 3704 514 3726 S.
532 3709 553 3726 1.
569 3703 591 3725 8:
607 3703 629 3725 S.
647 3710 668 3725 2.
686 3709 707 3725 c.
724 3709 747 3731 3.

222 3736 275 3759 AR.
294 3735 328 3756 N.
346 3734 375 3757 C.
392 3735 466 3757 Tom.
481 3741 505 3758 1.
524 3732 582 3756 Obs.
598 3733 637 3756 85.

226 3769 262 3789 De
280 3763 371 3788 Medic.
388 3766 406 3788 1.
426 3773 447 3793 ς.
466 3771 488 3787 c.
506 3771 545 3792 ²7·
609 3765 620 3788 <
635 3770 650 3786 x
666 3761 674 3789 i
692 3762 717 3796 in
733 3762 795 3788 Cels.
811 3764 884 3795 Epist.
904 3772 924 3791 ι,

221 3795 279 3823 Obs.
295 3794 389 3820 Medic.
406 3793 426 3821 l.
442 3801 464 3824 7.
483 3796 507 3820 S.
524 3801 546 3821 ι.
562 3792 623 3819 Obs.
640 3801 677 3824 13.
694 3800 719 3818 in
734 3792 779 3822 fin,

865 3703 879 3730 )
897 3702 934 3726 De
951 3699 1027 3725 abdit.
1046 3702 1067 3724 ἃ
1085 3709 1108 3725 c.
1124 3702 1227 3726 morbor.
1246 3697 1319 3726 causis
1335 3709 1357 3725 e.
1377 3709 1429 3726 110.
1446 3701 1471 3726 in
1487 3702 1529 3726 fin.

700 3733 714 3760 (
726 3731 766 3762 s)
781 3733 879 3757 Differt.
895 3735 924 3759 de
942 3731 1055 3761 Pingued.
1073 3731 1095 3761 §.
1115 3739 1149 3761 17.
1166 3733 1191 3757 in
1207 3733 1247 3756 fin.

986 3763 1027 3793 (1
1042 3762 1051 3793 )
1071 3761 1133 3793 EPh·
1149 3764 1185 3790 N.
1200 3764 1233 3789 C.
1249 3764 1307 3788 Dec-
1325 3770 1347 3788 2.
1364 3764 1396 3789 A.
1413 3770 1435 3788 a..
1451 3762 1510 3788 Obs.
1527 3770 1567 3793 75·

1621 3710 1636 3731 q
1652 3702 1666 3730 )
1683 3709 1707 3725 n.
1724 3707 1761 3724 26.

1659 3732 1675 3761 (
1690 3738 1701 3754 t
1716 3732 1729 3759 )
1746 3733 1770 3755 S.
1787 3732 1819 3755 11.
1836 3733 1874 3755 26.
1891 3731 1914 3755 ἃ
1932 3733 1975 3756 lV.
1992 3741 2029 3762 57.

1309 3733 1322 3762 (
1338 3732 1353 3745 κ
1368 3732 1379 3762 )
1396 3734 1479 3758 carm,
1496 3740 1519 3756 ²·
1536 3731 1559 3755 ἃ
1576 3738 1600 3761 3·
1630 3762 1677 3793 (⁷.
1691 3762 1705 3792 )
1720 3764 1778 3789 Dec.
1793 3761 1844 3788 ead.
1861 3763 1892 3789 A.
1910 3770 1949 3790 ιο.
1968 3763 2025 3789 otis,
2040 3764 2078 3790 82.
