2498 4075
358 207 483 274 ET
548 215 940 268 RERUM
1009 208 1820 279 NOTABILIUM.
1966 219 2078 272 lvrr‘

188 303 191 304 ’
246 297 305 338 fit,
327 295 420 330 causa
443 293 699 334 aneurysmatum
714 316 725 331 ,
750 291 892 326 &effuso
917 292 1010 325 succo
1022 290 1073 325 os-
1254 298 1355 330 eoque
1379 290 1480 330 magis
1502 299 1576 322 cum
1599 290 1714 325 somno
1740 296 1808 335 post
1844 292 1947 336 largas
1984 297 2137 336 potatio:

249 341 322 377 seo,
347 340 385 372 sit
407 337 501 372 causa
523 334 680 370 oss‘earum
703 335 739 367 in
763 333 814 368 his
839 336 1038 370 lamellarum
1065 361 1074 369 .
1288 341 1374 381 fles·
1401 334 1468 382 LX.
1497 343 1545 376 13·
1565 376 1571 382 ·
1647 379 1653 384 -
1850 381 1857 386 Ι

250 384 374 414 XVIII,
401 393 452 424 ²9·
1130 373 1324 419 Apoplexiae
1348 376 1534 417 Sanguineae
1560 387 1751 412 imminente
1787 381 1937 422 periculo
1966 403 1978 420 ,
2013 380 2102 423 quod
2122 402 2136 420 2.

78 427 192 462 Aortae
215 426 437 469 aneurysmata
461 422 622 456 vertebras
644 422 776 465 quidem
799 432 961 456 excavant
984 436 994 460 3
1028 422 1079 457 sed
1219 420 1250 450 ὃ(
1272 421 1441 459 quomodo
1462 420 1640 453 cavendum
1654 424 1732 471 ·.H·
1752 424 2145 474 23.III..13.-17.LX.3.

165 470 345 512 interjectis
368 467 553 510 ligamentis
577 476 810 508 nonnunquam
843 465 951 499 illaefis
971 491 978 497 .
1010 468 1076 499 XL.
1260 461 1483 536 EaHpraesente
1498 490 1506 503 ‚
1528 463 1693 507 Jugularis
1718 478 1806 500 venae
1824 466 1980 500 [εᾶιοηις
1993 466 2140 501 utilitas.

168 524 184 545 2
212 540 217 545 .
291 539 295 544 .
375 513 427 544 seo
455 536 463 543 .
1350 517 1406 546 .9.
1435 516 1482 548 13.

188 516 526 600 ὄριξίὶρυηῗζίηῑὲῗάυω
550 551 713 586 vertebras
737 551 816 585 adeo
838 563 989 587 excavare
1009 575 1019 590 ‚
1043 561 1079 587 ut
1264 547 1425 597 Quaejdam
1451 551 1488 583 de
1513 551 1619 585 eadem
1644 551 1804 603 sefflone.
1830 554 1875 585 II.
1906 564 1954 589 10.

256 600 354 641 Spina
378 596 618 638 disrumpatur.
644 596 712 628 XL·
739 606 793 638 27·
1265 592 1346 642 effi}
1374 593 1422 625 vel
1447 595 1544 627 modo
1568 597 1692 638 sumpti
1718 608 1884 630 vomitum
1909 605 2061 638 movere}
2086 610 2140 641 pe-

79 644 199 678 Aortae
223 640 412 683 aneurysma
437 641 614 674 maximum
638 661 649 676 ,
682 648 718 673 ut
751 639 873 672 ventris
908 638 1084 675 dimidium
1313 635 1508 687 r¹cu10sum3
1534 640 1597 670 III·
1627 649 1674 672 12.

166 693 340 728 occuparet
356 710 363 717 .
391 685 458 717 XL.
483 686 533 717 26.
1268 678 1352 721 Quae
1377 681 1591 715 remediorum
1615 693 1728 724 genera
1752 682 1815 717 sint
1837 684 1999 726 cavenda,
2017 688 2047 719 δε
2061 697 2116 719 cur
2130 710 2138 717 .

209 729 319 772 aliquo
344 726 566 769 aneurysmate
589 725 765 759 introrsum
789 734 886 767 rupto
912 749 922 765 ,
948 739 1084 770 quomo.
1299 723 1378 775 ¹III.
1401 733 1449 756 11.
1477 734 1524 756 12.
1826 773 1829 777 ⁸
2051 773 2056 779 ¹

252 774 296 806 do
318 773 399 813 aegri
422 769 587 803 interdum
609 768 726 809 poffint
750 768 788 802 ad
813 768 908 804 horas
940 772 999 806 esse
1035 769 1086 805 su-
1142 768 1334 810 Apoplexiae
1360 767 1477 800 Serosae
1501 779 1565 801 non
1589 780 1700 805 omnes
1724 769 1802 804 sunt
1838 782 1908 815 quae
1941 771 2000 806 effe
2026 772 2139 806 viden-

256 814 426 858 perstites.
455 814 559 846 XVII.
589 815 638 844 16.
665 814 782 843 XXVI.
809 823 859 854 24.
1229 822 1303 846 tur,
1328 811 1388 846 IV,
1419 821 1445 844 1,

217 857 405 892 extrorsum
426 856 565 898 disrupti
589 855 697 889 casus.
725 857 843 887 XXVI.
865 867 896 897 9.
923 859 990 890 XL.
1016 860 1066 890 26.
1271 855 1403 889 Possunt
1427 864 1531 888 tamen
1555 867 1570 887 a
1595 856 1663 890 sero
1688 857 1735 891 vel
1762 869 1865 899 pauco
1890 857 1980 892 fieri.
2008 859 2093 893 Ibid.

217 901 374 944 ejusmodi
399 899 471 934 casu
507 900 699 933 imminente
718 921 730 937 ,
763 899 842 939 quid
874 901 1053 935 cavendum
1076 925 1089 942 ‚
1270 901 1301 931 δέ
1323 899 1513 948 quomodo.
1540 899 1640 942 IV.5.
1659 912 1782 951 14317.
1802 912 1853 943 27.
1870 912 1919 942 29.
1936 913 1982 943 32.
2009 906 2038 936 ὃς
2054 904 2138 946 seqq.

260 943 340 988 quid
364 943 643 987 praecogitandum
659 967 668 975 .
694 944 808 974 XXVI.
835 954 885 976 io.
1139 941 1324 984 Apoplexia
1349 941 1456 975 §erosa
1481 952 1557 975 num
1583 943 1694 978 senfim
1718 944 1876 978 invadat.
1907 946 1962 977 IV.
1989 956 2040 989 31.

84 989 199 1024 Aortae
221 988 462 1030 aneurysmata.
486 986 538 1019 Ad
561 986 919 1028 horumincipientiurn
941 987 1088 1022 curatio·
1266 984 1408 1023 Qando
1433 984 1593 1027 sanguinis
1604 988 1780 1022 missionem
1797 988 2038 1030 admittat,aut
2052 1001 2116 1024 non
2131 1014 2139 1023 .

176 1042 250 1066 nem
273 1032 468 1065 attinentia.
492 1030 598 1062 XVII.
622 1039 677 1070 30.
1315 1029 1373 1059 IV.
1402 1039 1450 1071 14.
1482 1039 1530 1079 {5⁴
1626 1075 1632 1081 .

217 1074 327 1116 Hujus
351 1075 507 1116 peractae,
531 1072 807 1106 Observationes.
831 1072 918 1107 Ibid.
1273 1071 1355 1108 Quae
1378 1072 1517 1120 remedia
1540 1083 1685 1116 requirat
1700 1100 1707 1107 .
1731 1077 1791 1109 IV.
1820 1084 1868 1116 15.

217 1118 333 1152 Aortae
366 1116 409 1152 fic
441 1116 611 1160 persanatae
644 1116 824 1151 anatomica
859 1117 1056 1153 Observatio
1080 1144 1089 1153 .
1138 1114 1330 1157 Apopiexiae
1344 1114 1412 1147 aliae
1428 1115 1499 1149 sunt
1514 1126 1627 1157 praeter
1639 1118 2053 1160 Sanguineam‚&Serosam.
2068 1119 2140 1152 V.1.

268 1160 354 1194 Ibid.
1271 1158 1451 1192 Purulentae
1463 1161 1604 1202 exempla
1620 1173 1692 1195 cum
1704 1162 1914 1196 dissestione.
1942 1164 2143 1205 V.2..q.6.11.

219 1204 276 1238 Ad
298 1215 410 1238 eorum
434 1201 498 1245 jam
524 1201 683 1236 factorum
705 1202 913 1238 retardandos
947 1205 1091 1247 progres.
1359 1202 1455 1250 Hanc
1478 1204 1550 1245 quis
1575 1205 1733 1239 Veterum
1759 1206 1887 1239 noverit
1905 1228 1912 1236 .
1939 1206 1978 1237 V.
2004 1218 2032 1248 7.

261 1247 334 1288 sus,
359 1246 486 1281 utilitas
507 1243 690 1280 rniffionum
715 1245 877 1288 sanguinis
899 1270 910 1286 ‚
934 1251 965 1281 ὃς
989 1248 1089 1292 parfi.
1273 1244 1504 1295 Atrabilariae,
1529 1257 1564 1279 ut
1590 1247 1630 1281 fic
1653 1247 1797 1283 dicamus
1813 1275 1822 1290 ,
1847 1250 2031 1292 exemplum
2067 1261 2141 1285 cum

268 1291 386 1325 moniae
408 1291 441 1323 in
466 1290 648 1323 alimentis.
675 1290 779 1323 XVII.
803 1301 856 1332 31.
1316 1288 1520 1322 diffeciione.
1547 1292 1584 1322 V.
1616 1301 1664 1335 13.

223 1334 365 1372 Quando
390 1333 517 1371 inedia,
542 1334 573 1364 δι
597 1343 684 1366 venae
709 1333 862 1367 sectiones
873 1338 1093 1373 nocere3im0
1274 1331 1462 1365 Flatulentae
1486 1334 1628 1376 exempla
1652 1346 1726 1370 cum
1739 1335 1945 1370 diffeffione.
1973 1337 2144 1382 V.17.19.

265 1377 317 1412 hae
339 1376 424 1420 posse
446 1375 591 1412 occidere
604 1375 797 1412 videantur.
821 1376 1093 1415 Ibid.&XVIII.
1361 1375 1427 1412 Qui
1453 1375 1609 1426 Veterum
1637 1378 1720 1413 hanc
1745 1382 1982 1422 cognoverint.
2024 1383 2060 1413 V.
2094 1383 2142 1417 18.

281 1431 330 1463 17.
1361 1418 1435 1457 Qia
1460 1430 1584 1453 ratione
1607 1421 1675 1456 haec
1700 1423 1777 1456 fiat.
1805 1424 1887 1457 Ibid.
1914 1427 1944 1457 δε
1972 1436 2022 1467 24·
2047 1436 2097 1467 29.

226 1464 309 1498 Duae
333 1465 365 1496 in
390 1462 471 1497 hanc
494 1474 560 1497 rem
572 1460 846 1497 Observationes.
876 1466 1091 1511 XVII,31,32‚
1144 1460 1363 1503 Apoplexiam
1387 1474 1459 1503 quae
1482 1465 1669 1503 compreffio
1693 1469 1812 1500 cerebri
1840 1466 2056 1508 possit-facere
2081 1495 2088 1507 ‚
2113 1472 2145 1503 δε

225 1508 310 1548 Qiae
332 1506 468 1540 remedia
492 1504 681 1548 Malpighio
703 1509 736 1540 in
758 1507 808 1541 his
833 1509 956 1542 morbis
989 1511 1093 1553 suspe-
1187 1508 1190 1511 “
1228 1515 1300 1547 quae
1323 1516 1387 1538 non
1413 1506 1525 1556 poffit.
1546 1508 1608 1554 IV.
1634 1519 1682 1556 29,
1708 1520 1760 1552 33.
1787 1510 1845 1543 XI.
1874 1520 1922 1552 17.
1950 1511 2019 1542 LX.
2052 1522 2100 1556 14.

271 1550 321 1582 &a
344 1548 463 1583 essent.
490 1551 615 1583 XVIII.
643 1560 692 1590 17.
1275 1549 1305 1581 A
1327 1548 1449 1581 cerebri
1475 1550 1617 1585 erosione
1640 1552 1730 1592 sieri,
1755 1555 1811 1597 qui
1835 1554 1918 1587 olim
1940 1554 2137 1590 docuerint.

228 1593 392 1629 Quantum
416 1604 551 1627 noceant
574 1603 725 1627 conatus.
754 1595 872 1626 XXVI.
897 1606 927 1639 3.
952 1609 984 1639 4,
1320 1592 1382 1623 III.
1407 1603 1438 1635 3.
1559 1638 1564 1643 .

92 1636 245 1680 Aphonia
267 1636 341 1668 Κατ’
363 1634 465 1676 ε’ξοχιῖν
483 1636 597 1670 dicta.
621 1637 672 1670 De
685 1649 718 1670 ea
743 1639 911 1680 quaedam.
941 1642 1027 1674 XIV,
1040 1652 1092 1685 34.
1365 1637 1531 1673 Quatenus
1555 1637 1586 1670 id
1613 1650 1723 1673 verum
1748 1641 1803 1674 fit.
1833 1641 1917 1675 Ibid.
1944 1643 1976 1674 δε
2002 1643 2065 1677 IV.
2093 1656 2121 1686 ς.

181 1683 213 1714 &
235 1679 322 1724 seqq.
1276 1678 1369 1713 Num
1395 1680 1537 1721 semper,
1562 1693 1615 1715 aut
1640 1696 1725 1717 certe
1750 1684 1999 1727 frequentiffime
2022 1687 2146 1723 faciant

227 1724 277 1759 De
298 1722 408 1758 eadem
431 1735 470 1757 ex
492 1723 667 1758 ebrietate.
692 1724 777 1759 Ibid.
801 1728 833 1758 &
857 1726 984 1758 LXIII.
1006 1730 1096 1770 13.&
1320 1724 1454 1766 polypi,
1479 1726 1541 1759 five
1567 1727 1731 1770 polyposaz
1756 1732 1994 1761 concretiones.
2021 1732 2077 1764 IV.
2094 1744 2145 1774 23.

270 1768 358 1811 seqq·
1274 1766 1367 1800 Num
1395 1767 1550 1817 semper,
1585 1780 1639 1804 aut
1673 1769 1923 1814 frequenciffime
1969 1773 2146 1818 intercepta

223 1811 376 1855 Aphonia
401 1810 549 1853 quaedam
573 1809 656 1845 unde
678 1811 893 1853 probabiliter
915 1815 1038 1852 suerit,
1063 1817 1094 1848 δε
1324 1812 1404 1860 colli¹
1429 1812 1518 1845 vasa.
1546 1814 1631 1846 ibid.
1849 1843 1855 1846 .,

272 1855 438 1899 quomodo
461 1865 592 1889 curata.
617 1855 677 1887 IV.
703 1865 751 1897 15.
1149 1853 1339 1896 Apoplexiae
1363 1857 1439 1889 alias
1473 1855 1544 1889 sunt
1582 1869 1595 1889 a
1620 1858 1750 1891 cerebro
1773 1883 1780 1892 .
1806 1861 1883 1894 alias
1907 1871 1922 1893 a
1949 1864 2111 1898 cerebello
2136 1891 2145 1906 ,

312 1901 344 1933 &
368 1899 428 1932 alia
442 1910 572 1942 quoque
597 1897 720 1935 levior,
744 1899 914 1943 frequens.
944 1902 1095 1944 XIV.37.
1238 1898 1314 1932 alias
1339 1900 1378 1933 ab
1402 1908 1559 1942 utroque.
1585 1902 1652 1933 III.
1678 1912 1727 1944 27.
1753 1904 1811 1937 IV,
1841 1915 1888 1948 17,

314 1942 394 1976 Vici.
417 1945 517 1975 etiam
544 1942 667 1976 Vocis.
1151 1943 1331 1985 Apoplexia
1355 1943 1577 1977 haereditaria.
1605 1945 1660 1977 IV.
1685 1956 1714 1977 2.
1742 1956 1789 1979 2ο.

95 1985 284 2029 Aponenses
308 1985 346 2020 ad
373 1985 534 2020 Thermas
557 1995 717 2026 aegrorum
742 1987 913 2021 concursus
945 2000 1003 2024 cur
1035 1990 1098 2024 mi·
1149 1986 1329 2030 Apoplexia
1353 1989 1519 2036 correpti.
1545 1988 1583 2019 In
1607 1989 1648 2020 iis
1672 1991 1772 2023 urinae
1787 1993 1926 2032 retentio
1944 2018 1952 2032 ‚
1973 2005 2042 2036 quce
2068 1994 2148 2037 serpe

181 2041 264 2068 nor,
286 2041 385 2074 quam
408 2030 489 2062 olim
504 2056 511 2062 .
540 2028 669 2062 LVIII.
697 2029 743 2061 18.
1238 2031 1381 2072 accidit,
1405 2030 1707 2078 animadvertenda,
1730 2036 1759 2068 δε
1782 2037 1990 2078 praecavenda
2012 2064 2019 2072 .
2057 2040 2094 2070 V.
2118 2040 2145 2074 8,

95 2071 284 2117 Apoplexia
308 2084 345 2107 an
371 2073 501 2108 morbus
522 2074 604 2107 olim
630 2083 717 2107 rarus
741 2071 861 2108 fuerit.
884 2076 933 2108 Π.
961 2084 987 2111 1.
1014 2085 1044 2109 2.
1066 2079 1099 2111 ὃς
1236 2074 1324 2108 LVI.
1354 2085 1403 2110 12.

185 2116 271 2159 seqq.
297 2120 329 2150 &
353 2118 383 2151 8.
1277 2119 1323 2153 ,Iis
1346 2119 1569 2161 superveniens
1594 2123 1691 2159 febris
1709 2150 1716 2158 .
1742 2126 1821 2160 Vid.
1848 2127 1983 2164 Febrem

227 2161 356 2203 Qibus
379 2161 475 2205 signis
500 2164 761 2206 praenuncietur·
787 2163 835 2193 ΙΙ-
863 2172 902 2195 10
1364 2165 1412 2198 Ea
1436 2167 1576 2207 utilior,
1600 2179 1638 2200 an
1661 2172 1832 2203 nocentior
1866 2171 1905 2205 fit
1930 2173 2039 2208 Serosa
2062 2197 2073 2215 ‚
2109 2186 2147 2209 an

224 2204 318 2239 Num
342 2206 463 2247 semper
487 2219 503 2239 a
527 2206 732 2244 respiratione
755 2206 838 2238 varii
860 2204 922 2238 fint
946 2205 1010 2249 ejus
1021 2217 1094 2249 gra-
1409 2210 1586 2249 Sanguinea
1611 2214 1780 2253 apoplexia
1804 2219 1965 2258 correptis
1988 2242 1995 2249 .
2023 2219 2067 2250 ΙΙ,
2098 2230 2145 2252 10.

271 2248 329 2281 dus
352 2250 541 2291 repetendi.
566 2250 611 2279 II·
641 2257 690 2290 14.
1367 2252 1419 2286 Ad
1444 2252 1558 2286 harum
1582 2263 1689 2287 utram
1713 2257 1863 2298 quasdam
1887 2259 2004 2292 referre
2018 2264 2148 2302 apople-

230 2291 409 2328 Quomodo
432 2292 522 2332 haec,
545 2294 576 2325 &
599 2293 703 2326 cordis
726 2301 832 2327 motus
854 2293 889 2327 in
912 2305 946 2328 ea
970 2295 1096 2332 serven·
1409 2296 1571 2330 &icorum
1582 2296 1784 2333 disseffiones
1799 2311 1865 2334 non
1878 2301 2143 2346 estfacile.LX.9,

274 2343 347 2368 tur.
373 2335 421 2367 II.
449 2347 499 2378 24.
1282 2339 1320 2371 In
1346 2339 1535 2382 apopleticis
1556 2339 1783 2376 offificationes
1808 2344 1886 2387 saepe
1909 2346 2147 2383 observantur.

98 2376 294 2421 Apoplexiae
317 2377 510 2412 divifiones.
534 2379 579 2410 II.
608 2386 639 2418 5.
664 2381 694 2410 6.
722 2379 760 2410 V.
789 2389 814 2411 1.
1328 2383 1394 2414 III.
1420 2394 1471 2419 22.

227 2422 336 2454 Aliam
361 2419 419 2454 effe
443 2422 678 2462 Sanguineam,
703 2421 798 2454 aliam
825 2422 992 2463 Sei-osam,
1016 2439 1092 2462 con-
1149 2424 1253 2466 Aquae
1279 2424 1422 2460 fluviales
1444 2451 1455 2467 ,
1486 2439 1523 2461 an
1548 2427 1688 2471 puteales
1712 2428 1773 2463 sint
1796 2430 2010 2467 salubriores.
2039 2435 2146 2467 XLII,

271 2463 438 2498 firmatur.
465 2465 512 2495 It.
536 2467 566 2496 6.
592 2466 622 2496 δε
646 2464 730 2507 seqq.
756 2466 812 2499 IV.
841 2477 872 2499 1.
901 2467 937 2498 V.
965 2479 988 2500 1.
1239 2477 1288 2512 17.
1311 2470 1434 2504 LXVI.
1460 2484 1490 2512 4

226 2506 439 2549 Sanguineam
463 2508 520 2549 qui
545 2508 704 2541 Veterum
728 2519 878 2543 noverint
903 2534 909 2540 .
934 2512 980 2543 ΙΙ.
1005 2524 1037 2556 7,
1064 2516 1093 2548 8,
1144 2510 1316 2553 Aquarum
1339 2514 1371 2546 in
1401 2516 1487 2548 varia
1510 2518 1658 2559 corporis
1682 2529 1759 2551 cava
1783 2518 1953 2555 effusarum
1980 2532 2109 2555 examen
2137 2547 2144 2554 .

229 2550 324 2583 Talis
347 2553 379 2584 in
405 2552 443 2584 L.
466 2552 556 2584 Vero
579 2552 661 2589 Imp.
686 2551 771 2584 fuit.
795 2555 841 2585 ΙΙ.
868 2554 897 2586 8.
1234 2556 1294 2586 IV.
1321 2566 1349 2588 2.
1376 2558 1460 2588 XVI.
1488 2570 1516 2591 2.
1540 2564 1570 2593 6.
1602 2573 1648 2595 10,
1674 2563 1741 2591 XX.
1779 2565 1829 2593 26.
1856 2575 1905 2606 32.
1929 2575 1983 2608 47.
2035 2568 2146 2600 XXII,

228 2593 300 2629 Qui
325 2595 424 2636 primi
448 2594 519 2628 fieri
544 2605 581 2628 ex
605 2593 758 2629 effusione
782 2597 948 2639 sanguinis
970 2601 1004 2632 in
1019 2611 1097 2635 ven-
1240 2609 1289 2632 10.
1318 2610 1365 2643 14·
1393 2603 1536 2633 XXXVI.
1564 2614 1591 2637 2.
1617 2606 1646 2638 8.
1685 2605 1869 2640 XXXVIII.
1895 2612 1926 2640 6.
1952 2610 1981 2641 8.
2007 2620 2056 2641 22.
2082 2621 2145 2653 34.

272 2638 405 2671 triculos
428 2638 573 2676 cerebri,
595 2637 789 2680 docuerint,
812 2642 910 2684 &qui
934 2643 1033 2684 primi
1050 2647 1098 2678 vi-
1238 2644 1328 2676 XLI.
1353 2656 1383 2686 4.
1411 2645 1533 2678 XLIII.
1562 2650 1609 2679 16.

273 2680 401 2714 derint.
424 2683 470 2713 11.
496 2693 526 2725 7.
1281 2687 1319 2720 ad
1343 2687 1421 2730 quid
1447 2690 1526 2723 utile
1550 2691 1608 2724 esse
1633 2691 1745 2734 poffit.
1772 2694 1959 2726 XXXVIII.
1984 2706 2015 2738 7.
2042 2696 2074 2731 8.

232 2724 278 2757 Et
300 2725 355 2766 qui
379 2726 479 2767 primi
503 2737 541 2759 ex
564 2723 715 2758 effusione
741 2725 902 2763 sanguinis
925 2729 1010 2763 intra
1044 2733 1094 2775 ip-
1278 2741 1350 2773 quae
1375 2731 1508 2765 fallaciae
1533 2735 1569 2767 in
1592 2747 1629 2767 eo
1652 2735 1818 2769 cavendae.
1845 2738 1931 2772 Ibid.

278 2767 342 2801 sam
364 2769 487 2802 cerebri
510 2768 737 2804 substanciam.
761 2771 824 2801 III.
851 2782 896 2804 10.

1277 2772 1361 2807 unde
1387 2774 1448 2808 sint
1471 2780 1716 2816 concretiones,
1742 2788 1796 2812 aut
1819 2781 1906 2823 quasi
1922 2781 2149 2818 membranulae

230 2812 409 2848 Quomodo
434 2812 520 2853 hoc,
544 2815 576 2845 &
598 2823 660 2854 qua
686 2822 724 2844 ex
746 2812 836 2846 causa
858 2815 915 2847 fiat
940 2839 947 2846 .
972 2817 1034 2851 III,
1059 2829 1091 2861 3,

1322 2817 1357 2850 in
1381 2819 1420 2850 iis
1443 2821 1532 2860 aquis
1556 2820 1636 2862 saepe
1661 2831 1826 2855 natantes.
1853 2827 1919 2853 XX.
1945 2835 1997 2867 37.

232 2856 284 2889 Fit
307 2863 412 2890 tamen
437 2869 453 2889 a
478 2855 627 2898 sanguine
642 2857 740 2888 etiam
764 2866 828 2890 non
840 2857 1099 2904 effus0,&quo-
1366 2871 1421 2895 aut
1443 2874 1536 2896 novae
1560 2865 1705 2905 quaedam
1730 2865 1819 2907 quasi
1844 2868 1960 2900 tunicae
1986 2890 1995 2904 ‚
2029 2868 2086 2903 sub
2111 2870 2150 2903 iis

279 2899 396 2932 modo.
421 2901 484 2933 ΙΙΙ.
513 2910 561 2941 25.
586 2901 616 2932 δε
642 2898 727 2941 seqq.
1411 2909 1498 2948 aquis
1523 2907 1639 2940 viscera
1664 2910 1914 2944 convestientes.
1944 2911 2030 2944 Ibid.

235 2942 412 2979 Quomodo
434 2943 504 2976 fieri
529 2953 761 2983 nonnunquam
787 2944 881 2983 poffit
904 2946 943 2979 ab
954 2949 1102 2992 aneurys-
1284 2947 1353 2990 Qi
1380 2949 1428 2981 vel
1453 2950 1532 2982 olim
1557 2951 1631 2984 talia
1658 2951 1915 2986 observaverint.
1944 2954 2028 2988 Ibid.

277 2995 361 3018 mate
384 2987 468 3020 intra
491 2986 654 3020 thoracem
677 2984 737 3018 fito
755 3011 763 3017 .
789 2988 914 3020 XVIII.
941 2994 993 3024 26.
1153 2992 1298 3025 Aretaeus
1322 2995 1359 3024 cie
1382 2989 1549 3033 hydrope,
1575 3005 1590 3025 a
1615 2994 1760 3030 veficulis
1785 2994 1869 3030 facto
1886 3023 1893 3037 ,
1919 2998 2150 3041 quomodoin-

105 3030 301 3074 Apoplexiae
326 3029 513 3071 Sanguineae
536 3029 641 3073 signa.
666 3030 712 3060 II.
741 3039 789 3062 10.
818 3040 866 3073 14.
1242 3033 1456 3076 telligendus.
1484 3038 1672 3069 XXXVIII.
1696 3050 1749 3081 45.

236 3081 310 3108 cum
333 3072 467 3147 dubign
490 3073 557 3112 est,
582 3086 598 3108 a
621 3072 711 3107 causa
734 3072 774 3106 fit
796 3083 925 3109 externa
944 3097 955 3114 ,
989 3088 1028 3112 an
1051 3081 1104 3113 in·
1154 3075 1342 3152 Aristgtlellels
1374 3088 1438 3110 non
1472 3090 1581 3114 omnes
1613 3083 1647 3116 in
1671 3082 1776 3116 bestiis
1812 3085 1942 3124 negavit
1975 3086 2115 3119 calculos
2138 3108 2146 3115 .

232 3122 235 3125 ·
288 3124 394 3148 terna.
455 3127 538 3151 .12.
1339 3131 1425 3164 -17·

236 3171 293 3193 cur
317 3160 556 3202 praepinguibus
579 3159 706 3194 facilius
730 3159 877 3195 accidat.
903 3164 988 3196 XIV.
1015 3176 1067 3208 27,
1283 3165 1479 3200 Communis
1502 3166 1569 3209 ejus
1593 3167 1746 3203 versionis
1769 3169 1845 3203 libri
1871 3180 1898 3202 2.
1923 3170 1960 3204 de
1985 3172 2142 3205 Generat.

237 3214 295 3237 cur
319 3203 360 3234 iis
384 3205 442 3245 qui
465 3202 608 3237 breviori
632 3203 703 3237 sunt
725 3204 835 3237 collo.
860 3206 924 3236 III.
952 3208 1000 3240 28.
1327 3209 1473 3242 Animal.
1489 3211 1577 3245 locus
1588 3221 1626 3245 ex
1637 3223 1744 3255 graeco
1755 3213 1959 3249 emendatus.
1977 3214 2148 3249 XXVIII.

237 3257 295 3281 cur
317 3244 396 3286 saepe
420 3248 589 3288 contingat
613 3259 687 3281 curn
714 3247 826 3281 melius
849 3246 950 3290 horno
972 3251 1098 3286 videtur
1326 3254 1374 3286 ¹6.

281 3287 310 3322 se
333 3287 470 3322 habere.
497 3290 543 3323 II.
569 3301 620 3333 23.
645 3291 710 3322 III.
737 3301 784 3331 17.
1150 3295 1292 3329 Arnault
1316 3295 1362 3327 N.
1386 3296 1532 3332 Medicus
1552 3299 1789 3335 Aurelianensis
1813 3300 1957 3335 laudatus
1975 3323 1986 3334 .
2023 3302 2148 3336 LXIII,

237 3333 342 3367 etiam
365 3332 542 3366 senioribus
560 3358 569 3372 ‚
588 3336 619 3367 δι
644 3333 771 3376 pallidis
794 3334 915 3369 accidit
940 3360 947 3369 .
974 3339 1019 3369 II.
1048 3349 1098 3381 14.
1240 3350 1289 3381 17.

237 3386 302 3410 non
325 3374 446 3417 semper
470 3375 514 3409 est
536 3374 724 3410 fortiffima.
750 3378 794 3408 II.
822 3388 870 3411 10.
897 3388 947 3421 14.
977 3391 1023 3422 15.
1148 3380 1361 3423 Arrigonius,
1386 3382 1571 3424 Antonius,
1586 3387 1688 3421 Laud.
1710 3386 2037 3422 Medicuslaudatus.
2060 3389 2147 3420 LXI.

238 3430 295 3452 nec
319 3418 440 3462 semper
464 3418 609 3453 lethalis.
634 3421 749 3465 11316.
1242 3436 1291 3468 13,

238 3471 345 3496 tamen
370 3461 540 3502 citiffime‚
563 3464 659 3497 etiam
679 3463 741 3495 sine
766 3462 912 3498 vasorum
925 3464 1101 3510 disruptio·
1153 3468 1291 3502 Arteriae
1317 3469 1395 3503 Vid.
1421 3470 1526 3504 Aorta
1543 3496 1550 3503 .
1577 3472 1717 3515 Aspera.
1744 3473 1948 3508 Bronchialis
1973 3498 1981 3505 ..
2013 3474 2149 3507 Caroti-

283 3517 321 3539 ne
344 3505 446 3546 potest
468 3517 597 3539 necare.
621 3507 684 3539 LX.
709 3516 740 3547 7.
1237 3510 1311 3545 des.
1338 3512 1455 3546 cordis
1479 3516 1668 3549 Coronariae
1689 3541 1697 3549 .
1729 3517 1873 3558 Coeliaca
1900 3543 1906 3550 .
1941 3517 2115 3559 Emulgens
2139 3543 2148 3552 .

238 3549 406 3591 quomodo
429 3549 593 3582 interdum
614 3559 628 3580 a
651 3549 927 3588 concussionibus,
952 3554 984 3585 δε
1007 3554 1047 3587 ab
1072 3566 1105 3588 a·
1243 3555 1405 3597 Hepatica
1427 3580 1434 3587 .
1469 3558 1644 3592 Lumbares
1666 3584 1674 3593 .
1706 3561 1908 3594 Pulmonaris
1932 3585 1940 3593 .
1965 3560 2112 3604 Splenica
2138 3587 2145 3594 .

237 3593 290 3625 liis
313 3592 360 3624 vel
395 3592 519 3625 levibus
543 3591 679 3624 motibus
701 3594 890 3636 contingat.
917 3595 982 3627 III.
1012 3609 1058 3630 12.
1244 3598 1443 3632 Vertebralis
1459 3624 1466 3631 .

238 3634 408 3678 quomodo
431 3635 587 3669 interdum
610 3646 625 3666 a
650 3635 819 3670 decubitus
842 3637 885 3670 ab
909 3649 973 3671 uno
995 3641 1029 3673 in
1053 3643 1099 3675 al-
1155 3640 1293 3674 Arteriae
1315 3642 1462 3683 quaedam
1483 3664 1493 3679 ,
1527 3646 1622 3678 etiam
1647 3656 1711 3678 non
1737 3654 1843 3680 tenues
1870 3668 1879 3683 ,
1910 3647 1943 3679 in
1970 3647 2046 3680 vivo
2069 3657 2147 3681 cane

283 3687 389 3711 terum
412 3679 495 3712 latus
518 3679 713 3712 matatione.
736 3680 793 3712 LI.
824 3691 870 3712 12.
1236 3684 1396 3723 dissectae‚
1421 3685 1582 3720 interdurn
1607 3689 1638 3721 se
1661 3688 1738 3720 adeo
1761 3689 1984 3730 contrahunt,
2010 3701 2046 3724 ut
2071 3700 2146 3725 mox

240 3721 408 3764 quomodo
431 3734 447 3754 a
470 3718 616 3755 decibitu
641 3721 711 3762 post
732 3722 910 3763 pleniorem
932 3736 1057 3761 coenam
1085 3753 1095 3770 ,
1236 3728 1282 3759 nil
1306 3728 1370 3762 sere
1394 3728 1555 3771 sanguinis
1577 3731 1744 3765 effundant
1760 3757 1767 3765 .
1795 3735 1882 3765 XIX.
1907 3744 1959 3777 34.

243 3765 415 3806 praesertjm
443 3765 568 3807 supino.
591 3764 655 3794 III.
680 3764 729 3796 28.
1148 3770 1287 3805 Arteriae
1311 3781 1463 3805 concreto
1486 3774 1639 3814 languine
1671 3774 1792 3817 pltnae.
1819 3778 1910 3809 LIV.
1937 3786 1987 3820 25.

197 3809 360 3851 Morgagni
372 3808 407 3842 de
419 3806 631 3849 Sed.&Caus.
643 3805 745 3840 Morb.
759 3808 857 3843 Tom.
871 3811 897 3842 I.
1724 3817 1747 3852 11
2006 3820 2102 3858 Artffi
