2498 4075
347 194 420 230 sunt

346 218 480 273 Riolaqni
506 238 556 280 (e
578 239 592 274 )
612 259 622 274 ,
657 244 692 268 ut
717 236 857 268 Fautoni
891 238 989 283 patris
1013 239 1067 278 (p
1090 241 1101 276 )
1124 260 1135 277 ‚
1166 240 1283 281 quibus
1306 241 1340 272 in

345 283 499 324 exemplis
522 279 692 316 indurato,
716 279 870 321 austoque
892 280 1056 320 jecinore,
1080 281 1141 314 lien
1155 293 1217 315 non
1242 283 1339 316 modo

346 337 410 360 non
437 324 538 365 major
560 331 657 364 quam
681 319 801 358 soleat,
829 321 879 355 sed
902 323 1058 364 exiguus,
1084 334 1118 357 ut
1129 325 1187 357 vix
1209 327 1337 358 unciam

345 368 520 413 penderet,
543 373 595 398 aut
619 363 683 396 sola
707 361 804 397 ferme
827 363 894 405 ejus
919 366 1047 408 vestigia
1059 378 1264 408 apparerent,
1287 370 1337 400 in-

345 421 458 445 ventus
482 408 525 442 est
547 433 554 440 .
592 408 677 440 Pone
699 408 784 440 enim
805 431 814 446 ,
848 419 1048 451 quaecunque
1071 408 1136 451 ejus
1162 412 1214 443 ”rei
1245 411 1337 444 causa

344 454 469 492 fuerit,
493 451 703 484 imminutum
728 449 889 492 splenem:
914 450 977 492 jam
1000 453 1157 495 intelligis
1180 477 1189 492 ,
1215 464 1339 494 quanto

341 499 413 541 plus
437 494 578 529 arteriosi
603 493 765 535 sanguinis
783 518 792 532 ‚
830 494 861 525 δι’
883 504 1003 536 quanto
1027 496 1133 530 minus
1165 496 1275 530 auxilii
1300 498 1339 531 ad

342 538 563 574 secernendam
587 537 721 580 probam
744 536 842 569 bilem
866 537 900 569 in
924 537 1012 580 jecur
1036 541 1216 580 pervenerit
1239 563 1245 571 .
1272 540 1340 573 Aut

339 595 424 627 pone
448 580 583 615 viciffim
606 602 616 618 ‚
649 590 690 612 ex
712 580 859 622 qualibet
882 580 976 616 causa
999 603 1008 618 ‚
1041 582 1124 615 mole
1145 584 1177 615 δε
1200 582 1340 625 pondere

342 627 471 660 autfium
496 624 606 667 jecur,
629 632 665 656 ut
689 631 797 656 totum
820 635 954 666 occupet
978 624 1203 667 epigastrium,
1226 637 1340 667 quem-

342 668 517 704 admodum
553 668 587 700 in
611 666 759 707 exemplo
795 667 962 707 Fantoni‚
994 671 1025 700 &
1049 669 1267 705 ventriculum
1300 670 1335 701 in

340 713 564 747 umbilicalem
586 711 749 752 regionem
774 709 926 748 detrudat
949 723 959 743 :
992 710 1057 752 jam
1079 710 1264 752 conjectura
1287 711 1336 745 fa-

339 757 403 791 cile
427 754 594 797 assequeris
610 776 620 792 ‚
650 763 747 795 quam
771 755 942 794 comprimi
975 764 1036 787 una
1061 754 1154 796 possit
1179 764 1249 788 turn
1273 756 1334 788 lien

338 800 437 834 molle
461 798 565 831 viscus
584 819 598 836 ‚
633 808 668 830 ac
692 797 799 829 laxum
819 820 827 836 ,
850 806 921 830 tum
946 797 1090 839 Splenica
1112 800 1229 835 arteria
1255 798 1337 832 unde

337 842 527 884 sanguinem
560 840 678 882 accipit
702 850 767 881 quo
804 842 946 873 nutritur
969 865 979 879 ‚
1013 843 1045 873 &
1068 851 1135 883 quo
1157 841 1275 883 justum
1299 842 1338 876 ad

339 889 475 921 modum
500 881 643 918 extensus
665 882 907 926 explicatusque
930 882 1071 917 servatur
1097 898 1104 917 :
1127 896 1198 927 quae
1222 886 1339 918 arteria

338 941 413 965 curn
437 927 493 962 sub
517 935 683 969 pancreate
705 925 827 960 feratur
848 948 857 963 2
889 925 964 962 huic
989 925 1161 961 secundum
1194 928 1339 970 longitu-

338 975 447 1008 dinem
471 971 562 1007 affixa
576 984 588 1010 3¹
609 969 697 1003 vides
713 967 862 1012 profecto
876 994 886 1010 ,
907 979 1067 1012 quantum
1080 971 1180 1013 premi
1205 972 1240 1003 in
1253 972 1336 1004 Rio-

337 1018 405 1052 lani
427 1014 574 1057 exemplo
595 1014 741 1048 debuerit
762 1035 772 1051 ‚
806 1014 839 1045 in
862 1024 928 1056 quo
953 1024 1101 1056 pancreas
1123 1023 1231 1047 totum
1256 1013 1336 1047 scir-

337 1059 473 1095 rhosum
493 1082 503 1098 ‚
536 1056 747 1100 amplitudine
771 1055 824 1091 sua
845 1080 854 1094 ‚
887 1058 919 1089 δε
943 1056 1080 1099 pondere
1109 1055 1199 1099 jecur
1230 1057 1336 1099 ipsum

339 1103 508 1146 aequabat.
532 1101 622 1136 Nam
644 1100 778 1144 quodin
802 1099 867 1134 alio
878 1099 1031 1133 cadavere
1052 1101 1144 1134 lienis
1165 1101 1335 1143 vestigium

338 1148 459 1190 unguis
478 1145 650 1179 latitudine
672 1144 855 1181 invenerim
879 1142 1008 1177 fortasse
1032 1154 1074 1184 ex¹
1096 1143 1219 1185 majore
1239 1165 1248 1181 ,
1280 1154 1336 1178 aut

338 1190 543 1225 diuturniore
575 1188 729 1231 Splenicae
754 1188 878 1221 arteriae
912 1186 1141 1228 compreffione
1172 1184 1241 1219 fieri
1276 1198 1337 1228 po-

336 1235 405 1269 tuit
427 1247 439 1272 ς,
468 1243 542 1267 cum
567 1241 716 1273 pancreas
740 1240 803 1262 non
828 1229 933 1263 solum
958 1230 1006 1262 ibi
1037 1240 1170 1272 quoque
1194 1228 1339 1263 sciri-ho-

335 1277 408 1312 sum
430 1274 696 1318 deprehenderit,
720 1271 772 1306 sed
794 1274 826 1306 &
849 1273 1047 1315 cartilaginis
1081 1274 1177 1308 instar
1200 1272 1337 1310 durum.

383 1322 433 1358 28.
456 1321 583 1354 Verum
608 1325 774 1361 pancreate
797 1315 934 1358 seposito
953 1339 967 1356 ,
998 1324 1033 1349 ut
1057 1316 1096 1350 ad
1127 1316 1244 1350 lienem
1266 1342 1275 1357 ,
1305 1320 1337 1351 &

334 1366 424 1411 jecur
448 1364 591 1399 redeam3
615 1362 685 1395 sane
707 1369 798 1395 tanta
821 1359 863 1393 est
885 1360 970 1392 inter
993 1367 1167 1403 utrumque
1198 1359 1261 1393 hoc
1286 1362 1337 1393 vi-

338 1410 411 1444 scus
431 1407 618 1442 commercii
642 1403 824 1438 viciffitudo
846 1425 856 1442 ‚
888 1412 925 1437 ut
949 1402 974 1435 sl
1007 1403 1108 1436 altero
1131 1403 1250 1436 vitiato
1268 1425 1280 1443 ,
1301 1406 1335 1437 in

339 1454 443 1487 altero
465 1461 595 1495 quoque
617 1449 738 1483 vitium
761 1447 800 1481 sit
817 1468 826 1486 ‚
853 1446 887 1480 id
910 1446 1033 1481 nullam
1055 1445 1173 1486 habeat
1196 1446 1337 1481 admira-

338 1499 486 1531 tionem:
512 1494 627 1528 habeat
652 1504 750 1529 vero,
773 1488 796 1523 si
821 1490 941 1526 vitium
964 1490 998 1522 in
1024 1489 1182 1525 alterutro
1205 1489 1338 1525 dumta-

338 1551 394 1575 xat
417 1548 587 1578 occurrat,
611 1536 702 1570 velut
724 1545 804 1571 curn>
821 1534 855 1566 in
882 1532 1093 1575 Sepulchreto
1116 1534 1205 1577 (q)
1228 1533 1305 1577 legis
1329 1546 1337 1568 :

341 1583 438 1626 Impar
457 1582 593 1625 grande,
615 1580 657 1614 (φ
679 1577 790 1613 multis
813 1577 847 1613 in
869 1575 946 1610 locis
967 1576 1108 1616 durum3
1208 1577 1339 1620 reliquis

338 1595 510 1670 &secribus
532 1624 654 1661 ventris
676 1619 833 1654 naturalis
854 1626 922 1653 erat
944 1619 1146 1659 constitutio:
1170 1629 1226 1654 aut
1250 1625 1261 1660 (
1286 1632 1301 1654 r
1319 1620 1339 1663 )

328 1669 436 1712 ‘hepar
449 1667 519 1712 fere
544 1665 703 1709 exsuccum
726 1665 767 1697 Ψ
786 1661 940 1705 pallidum
960 1672 975 1702 ‚·
1069 1664 1144 1697 Lien
1167 1671 1273 1697 autem
1296 1665 1341 1698 &⁶

340 1717 440 1749 Renes
473 1710 662 1745 naturaliter
683 1704 837 1747 habebant
858 1728 865 1736 .
902 1707 1057 1739 Attamen
1089 1706 1140 1740 vel
1172 1706 1272 1748 longo
1304 1709 1343 1741 in

340 1757 478 1794 morbo,
502 1755 559 1789 ubi
582 1751 686 1795 maius
707 1751 742 1783 in
764 1749 835 1788 aliis
858 1747 1058 1789 visceribus,
1081 1760 1179 1793 quam
1204 1751 1238 1783 in
1262 1749 1343 1793 jeci-

337 1813 440 1837 nore,
463 1800 582 1834 vitium
605 1792 875 1839 deprehenditur,
899 1793 1032 1827 minime
1056 1793 1174 1828 necesse
1196 1795 1241 1828 est
1262 1816 1275 1835 ,
1308 1801 1346 1828 ut

340 1847 376 1879 jn
401 1844 462 1880 hoc
497 1852 626 1886 quoque
650 1851 666 1875 a
689 1838 790 1880 longo
822 1844 969 1879 tempore
993 1837 1114 1871 vitium
1145 1836 1245 1871 fuerit
1263 1849 1274 1870 .-
1309 1836 1346 1871 id.

340 1888 432 1933 quod
452 1887 490 1921 de
522 1886 618 1919 altera
645 1881 822 1926 praesertim
853 1891 893 1914 ex
915 1879 1013 1914 modo
1044 1880 1198 1914 indicatis
1223 1879 1347 1913 Obser-

341 1931 529 1967 vationibus
559 1929 684 1964 dic-tum
708 1925 806 1959 volo.
938 1924 1132 1958 Cavendum
1156 1930 1307 1966 praeterea
1333 1945 1345 1961 ,

340 1988 381 2012 ne
404 1973 552 2019 quaedarn
575 1969 740 2005 interdum
762 1979 835 2012 quae
858 1978 875 2001 a
896 1976 1009 2014 natura
1033 1967 1106 2001 sunt
1121 1993 1130 2008 ,
1154 1977 1214 2010 pro
1236 1966 1346 2000 morbi

341 2020 529 2060 efflamus,
553 2014 691 2051 causisve
702 2012 916 2054 accipiamus:
940 2010 1121 2054 cujusmodi
1135 2008 1249 2050 fussie,
1273 2020 1346 2043 cre-

338 2066 503 2106 diderim3.
526 2060 647 2106 aliquot
669 2058 740 2092 illas
762 2055 877 2098 splenis
899 2054 1051 2097 incisuras
1064 2066 1136 2095 quae
1159 2055 1192 2087 in
1216 2052 1276 2086 hac
1291 2054 1345 2087 Se-

341 2094 508 2158 puichreti
540 2107 654 2141 xvn.
680 2101 863 2139 Senione,
896 2098 1035 2132 Observ.
1059 2097 1163 2147 ΧΠ..
1190 2096 1346 2146 videntur.-

342 2160 430 2191 inter
455 2150 603 2188 morbosa
627 2144 879 2183 connumerari,
901 2153 965 2175 non
977 2141 1062 2175 secus
1087 2153 1122 2175 ac
1132 2151 1232 2188 rzmtzs
1254 2139 1348 2177 istas,

339 2201 408 2245 five
424 2197 558 2244 fissuras.
570 2191 707 2238 jecoris,
730 2200 802 2232 quae.
822 2187 860 2220 in
882 2184 1080 2235 praecedente
1105 2185 1253 2218 §cerione
1276 2183 1348 2217 Ob-

347 2245 428 2278 serv.
453 2240 569 2275 XVII.
595 2245 749 2280 tanquam
773 2229 874 2266 causae
897 2229 1014 2263 doloms
1037 2239 1270 2270 nonnunquam
1291 2226 1349 2269 hy-

347 2285 527 2331 pochondrii
550 2281 655 2316 dextri
676 2275 890 2323 proferuntur
910 2299 920 2308 .
955 2273 1041 2307 Satis
1060 2270 1220 2315 ejusmodi
1243 2270 1349 2305 hallu-

349 2332 527 2365 cinationes
549 2323 716 2360 convincit
740 2320 873 2356 crebra,
898 2326 996 2360 atque
1019 2325 1143 2350 attenta
1162 2314 1349 2365 ‚fissurarum

349 2373 543 2416 utriusque,
565 2378 619 2403 aut
643 2366 830 2400 alterutrius
853 2360 982 2394 visceris
1005 2359 1215 2409 observatio,
1239 2358 1349 2408 saepius

348 2420 385 2453 in
406 2413 615 2451 cadaveribus
636 2404 903 2452 cujusquemodi,
928 2415 986 2436 nec
1010 2402 1073 2436 sine
1086 2402 1196 2443 aliqua
1222 2404 1352 2435 utilita-

350 2472 407 2502 te,
429 2457 674 2494 occurrentium
697 2476 707 2491 ,
737 2459 774 2484 ut
798 2448 876 2484 alibi
907 2446 989 2496 (s)
1024 2458 1040 2479 a
1063 2445 1157 2494 nobis
1195 2443 1350 2493 scriptum

349 2505 411 2541 est.
547 2498 606 2533 Sed
639 2495 697 2530 etsi
731 2504 796 2527 non
829 2500 980 2524 omnium
1012 2488 1102 2523 redd1
1135 2486 1236 2530 posset
1270 2496 1355 2520 ratio

350 2561 425 2593 quae
447 2548 486 2584 de
519 2543 650 2579 alterius
673 2537 805 2572 visceris
828 2533 1018 2575 integritate
1050 2542 1124 2567 cum
1149 2531 1282 2564 alterius
1306 2531 1357 2562 vi-

348 2595 402 2629 tio
434 2589 604 2634 conjunera
627 2583 763 2627 legimus
781 2593 796 2620 ς,
824 2588 889 2611 non
913 2574 1013 2610 essent
1043 2573 1265 2627 demum'haec
1289 2573 1356 2607 sola

378 2649 425 2671 uae
449 2642 563 2679 praeter
586 2621 746 2663 rationem
778 2620 946 2656 interdurn
970 2619 1113 2654 accidere
1137 2626 1322 2652 vinei-entur
1347 2642 1355 2649 .

350 2650 510 2722 {iamque
531 2687 542 2714 3
577 2682 614 2708 ut
637 2684 653 2704 a
676 2665 840 2714 proposita
864 2662 970 2704 Bajuli
992 2662 1123 2697 historia
1136 2659 1231 2711 ‘hau-d
1253 2660 1356 2695 disce-

353 2727 485 2761 damus·
510 2727 596 2755 certe
620 2725 687 2749 non
708 2712 782 2746 satis
804 2715 957 2751 apparet,
980 2717 1039 2740 cur
1060 2713 1144 2739 tanti
1167 2705 1254 2737 illius
1277 2715 1357 2747 pon-

355 2770 442 2805 deris
464 2746 531 2810 quo
554 2762 641 2805 jecur
663 2765 751 2794 erat,
775 2750 956 2787 molestiam
977 2761 1042 2784 non
1062 2749 1199 2800 sentiret
1219 2760 1229 2779 ε
1254 2758 1357 2790 neque

356 2825 413 2848 cur
437 2814 521 2845 inter
544 2806 631 2848 signa
653 2812 726 2846 quae
737 2795 869 2832 abfuisse
883 2819 891 2833 ,
915 2795 1096 2833 adnotavi,
1119 2790 1265 2841 quaedam
1276 2802 1357 2841 prae-

354 2839 492 2892 sertim,
517 2850 591 2886 laeso
615 2846 692 2881 adeo
715 2843 881 2886 jecinore,
905 2836 1002 2873 abess'e
1015 2834 1163 2885 possent.
1186 2834 1357 2885 Nnnrrurn

353 2901 425 2936 haec
445 2898 644 2932 documento
676 2889 749 2922 sunt
771 2909 781 2926 ‚
816 2894 856 2917 ne
880 2891 1081 2931 praepropere
1104 2877 1298 2923 quibusdam
1329 2889 1363 2911 m

355 2942 481 2981 casibus
503 2944 671 2980 negantes,
697 2939 751 2965 aut
776 2926 967 2962 affirmantes
981 2950 990 2965 ,
1013 2923 1192 2975 quidquam
1214 2932 1273 2972 pro
1294 2933 1363 2955 cer-

360 2999 399 3025 to
419 2983 684 3030 pronunciemus.
708 2976 755 3008 Et
768 2974 838 3006 sane
863 2969 1071 3004 interdumin
1095 2965 1262 3018 Medicina
1274 2977 1363 3015 quae-

358 3033 435 3069 dam
457 3031 631 3062 occurrunt
654 3027 778 3063 quanto
801 3016 842 3048 iis
865 3012 1044 3057 quaemodo
1067 3019 1239 3053 attlglmus
1259 3020 1364 3058 rario-

359 3089 395 3111 ra
456 3075 488 3106 &
512 3064 712 3104 mirabiliora
733 3084 745 3102 ‚
777 3065 872 3093 tanto
905 3057 1006 3100 magis
1036 3062 1168 3089 cautum
1198 3052 1362 3102 redditura

358 3101 487 3155 Me’dici
511 3110 670 3157 judicium
693 3108 726 3139 in
751 3100 970 3145 dignoscendo
992 3123 1001 3139 ‚
1026 3101 1058 3132 &
1080 3097 1169 3147 quod
1193 3096 1362 3146 consequi-

359 3173 416 3197 tur
460 3162 494 3192 in
516 3153 659 3198 agendo.
683 3152 735 3184 Ex
757 3146 822 3181 illis
843 3145 930 3186 duo,
953 3153 990 3179 ut
1014 3143 1053 3176 ab
1066 3141 1136 3174 alus
1159 3151 1290 3191 accepi,
1314 3148 1361 3174 te-

357 3184 437 3243 curri
458 3203 522 3237 hoc
542 3201 618 3234 loco
634 3219 645 3236 ,
672 3204 739 3230 non
761 3190 801 3228 ab
821 3201 854 3225 re
875 3188 1007 3233 futura,
1029 3184 1301 3222 communicaboz
1326 3182 1365 3219 ad

487 192 629 237 proclive
652 189 714 224 erit
737 189 801 225 tibi
832 194 977 235 exempla
1010 194 1070 226 alia
1093 196 1250 238 explicare
1273 218 1282 234 ,
1307 204 1342 230 ut

927 117 1082 173 Liber
1116 118 1209 172 111.
1242 119 1328 172 De
1361 119 1569 174 Morbis
1599 119 1813 174 Ventris

1393 205 1554 229 tumorem
1577 195 1664 229 enirn
1683 218 1695 237 ‚
1719 195 1943 239 laefionemque
1966 194 2106 230 attInent
2128 195 2282 233 viscerum
2305 194 2393 232 duo-²0.

1393 251 1485 275 rum,
1508 250 1579 281 quae
1600 239 1633 271 in
1659 237 1909 281 hypochondrio
1932 237 2054 272 sinistro
2077 239 2173 280 sunt,
2196 241 2287 275 lienis
2314 264 2322 281 ,
2355 243 2387 272 &

1392 282 1589 315 ventriculi.
1614 283 1663 317 De
1686 282 1767 315 liene
1791 282 1956 316 Mediavia
1979 282 2086 316 noster
2108 283 2141 316 in
2167 284 2294 318 vivente
2317 283 2389 326 pri-

1389 337 1501 367 mum»,
1520 325 1637 359 deinde
1660 327 1691 357 &
1713 326 1747 358 in
1770 334 1902 360 mortuo
1935 323 1992 359 sub
2013 325 2176 360 finem'A.
2203 337 2296 371 1735.
2321 326 2386 361 hoc

1387 369 1589 402 observavit.

1432 423 1483 451 29.
1508 412 1598 445 VIR
1621 411 1808 445 macilentus
1822 433 1831 449 ‚
1852 412 1937 446 inter
1959 411 2038 445 alios
2060 422 2201 454 quorum
2236 413 2325 447 causa
2348 412 2385 445 in

1388 453 1594 488 Nosocomio
1623 453 1685 488 hoc
1707 455 1848 490 cubabat
1864 477 1876 496 ,
1907 455 2039 488 morbos
2061 477 2070 492 ‚
2102 464 2264 489 tumorem
2287 458 2385 490 etiam

1390 498 1526 532 habebat
1549 498 1583 530 in
1607 498 1721 531 lumbo
1743 497 1869 532 sinistro
1891 510 1954 541 qua
1964 497 2018 531 hic
2041 497 2098 532 sub
2119 498 2185 541 ipsa
2197 498 2307 532 infima
2330 509 2390 531 co-

1391 541 1435 574 sta
1457 551 1586 582 vergere
1609 541 1726 584 incipit
1750 542 1788 574 ad
1811 550 1979 576 externum
2003 542 2086 575 latus
2107 566 2115 575 .
2149 542 2181 574 Is
2203 551 2312 575 tumor
2334 542 2389 574 in-

1393 583 1604 626 speetannum
1628 585 1731 618 oculis
1755 586 1832 620 alias
1854 584 1986 625 quidem
2011 585 2112 627 magis
2127 609 2136 624 ,
2161 584 2236 618 alias
2259 585 2389 619 minus,

1392 637 1559 669 nunquam
1582 635 1687 661 tamen
1712 638 1777 661 non
1790 627 1830 661 fic
1854 627 1929 661 satis
1941 629 2094 670 patebat-2
2116 628 2389 664 contre&antium

1392 680 1501 705 autem
1526 671 1673 704 manibus
1697 671 1742 703 ita
1767 670 1918 709 cedebat,
1942 671 2028 714 quasi
2051 671 2220 706 humorem
2243 673 2391 706 contine.

1388 723 1437 747 ret
1458 737 1468 747 .
1500 714 1615 748 Homo
1648 714 1776 748 tandem
1809 713 1872 748 suis
1907 716 2029 749 morbis
2067 714 2259 750 succubuit.
2397 713 2404 736 Ι

1387 757 1593 790 VENTER
1615 766 1741 799 apertus
1751 758 1829 800 quid
1852 756 1968 791 faceret
1979 769 2050 792 eum
2073 767 2257 798 tumorem,
2280 755 2389 791 osten-

1388 799 1439 835 dit
1464 826 1472 834 .
1506 799 1638 834 Scilicet
1662 802 1781 834 tumidi
1805 800 1918 843 splenis
1936 805 2000 839 ,ἀ
2029 802 2203 844 praemollis
2227 812 2298 844 pars
2321 801 2389 832 ima.

1390 856 1429 876 eo
1452 855 1518 886 quo
1539 842 1680 876 diximus
1702 846 1887 885 perveniens
1906 866 1915 882 ,
1950 855 1966 876 a
1989 844 2161 880 ventriculi
2184 854 2291 878 autem
2313 866 2326 882 ,
2357 844 2389 875 &

1390 887 1619 921 intestinorum
1640 884 1778 920 flatibus
1800 887 1899 921 modo
1922 888 2024 930 magis
2045 913 2054 928 ,
2078 889 2154 922 alias
2176 889 2282 921 minus
2307 886 2389 920 illuc

1389 928 1576 972 compulsa,
1600 930 1633 962 in
1658 931 1830 964 macilento
1846 953 1855 967 ,
1879 940 1914 965 ut
1935 930 2057 964 dietum
2083 932 2126 965 est
2151 956 2160 970 ,
2194 941 2330 972 corpore
2353 927 2389 962 id

1388 973 1546 1007 efficiebat
1569 972 1657 1016 quod
1680 972 1914 1007 inconsiderato
1927 975 2044 1013 alicui,
2069 977 2099 1008 &
2121 975 2293 1008 temerario
2304 971 2389 1006 Chi-

1388 1028 1511 1093 }‘urgm
1532 1027 1655 1092 ⁸{agno
1676 1027 1750 1051 cum
1772 1018 1851 1060 aegri
1874 1016 2096 1056 detrimento,
2117 1016 2282 1060 imponere
2305 1014 2387 1049 faci-

1405 1072 1420 1094 e
1468 1069 1539 1092 orui
1567 1068 1619 1094 ct.

1429 1071 1481 1145 32.
1508 1103 1609 1136 Libro
1632 1103 1883 1138 Praediffionum
1907 1104 1955 1137 II.
1979 1108 1991 1144 (
2014 1111 2030 1137 t
2053 1106 2064 1143 )
2087 1103 2256 1146 postquam
2280 1102 2341 1135 alia
2351 1101 2392 1149 de

1385 1145 1579 1180 habentibus
1603 1157 1734 1188 magnos
1758 1148 1856 1181 lienes
1878 1146 1963 1181 dieta
1986 1147 2081 1183 sunt,
2104 1157 2173 1181 tum
2195 1148 2260 1181 haec
2283 1146 2394 1179 conti-

1387 1200 1454 1224 nuo
1476 1188 1696 1232 subjiciuntur
1717 1204 1729 1224 .·
1752 1189 1781 1232 si
1803 1200 1875 1224 vero
1907 1191 2005 1224 etiam
2027 1191 2058 1224 in
2088 1189 2220 1232 pedibus
2252 1194 2400 1223 tumores·

1387 1230 1584 1277 acceffirint3
1607 1243 1719 1274 aquam
1742 1234 1838 1266 etiam
1859 1232 1968 1267 habere
1990 1232 2193 1266 videbuntur.
2218 1235 2326 1265 Verum
2349 1231 2392 1264 ό·

1386 1284 1549 1315 ventrem,
1572 1276 1613 1308 (y
1635 1275 1757 1311 lumbos
1777 1275 1924 1318 inspicere
1947 1282 2071 1317 oportet
2085 1299 2092 1307 .
2118 1275 2218 1318 Apud
2243 1274 2395 1315 illosigi-

1388 1328 1442 1353 tur
1464 1320 1522 1362 qui
1547 1318 1618 1356 sunt
1640 1320 1768 1353 oracula
1791 1319 2003 1361 Hippocratis
2028 1320 2232 1360 interpretati
2252 1341 2260 1356 ‚
2287 1318 2394 1350 videas

1387 1363 1508 1399 velim,
1531 1372 1609 1396 num
1633 1361 1672 1394 sit
1696 1363 1812 1405 aliquis
1836 1374 1852 1395 a
1874 1374 1942 1405 quo
1966 1362 2150 1396 lumborum
2175 1362 2332 1404 inspectio
2356 1359 2397 1394 ad

1388 1416 1523 1449 magnos
1546 1406 1633 1448 ipsos
1655 1405 1776 1443 lienes,
1797 1415 1940 1449 quorum
1964 1406 2024 1438 alia
2050 1407 2196 1447 proxime
2209 1406 2395 1447 praecedunt

1387 1448 1504 1492 signa,
1539 1449 1696 1483 referatur
1720 1474 1727 1481 .
1859 1450 1910 1482 De
1946 1449 2129 1482 ventriculo
2161 1459 2268 1490 autem
2305 1445 2397 1489 quod

1385 1493 1526 1528 scribam
1550 1515 1560 1530 ,
1595 1493 1675 1534 legit
1699 1491 1780 1525 mihi
1815 1492 1855 1525 A.
1883 1502 1976 1535 1730.
2002 1492 2150 1526 laudatus
2183 1490 2259 1525 alias
2283 1492 2397 1523 Petrus

1388 1536 1428 1571 de
1452 1536 1644 1570 Marchettis
1666 1546 1705 1568 ex
1728 1536 1845 1569 litteris
1869 1537 1969 1568 vicini
1994 1536 2148 1577 Medici,
2183 1537 2312 1578 utrique
2337 1545 2398 1572 no-

1390 1580 1488 1614 strum
1513 1579 1669 1622 spectati,
1691 1580 1745 1612 cui
1757 1578 1857 1622 probe
1880 1579 2012 1621 cognita
2027 1587 2119 1611 erant
2144 1590 2177 1617 ea
2191 1580 2302 1612 omnia
2324 1572 2399 1619 quae

1390 1625 1574 1667 nuperrime
1597 1622 1646 1656 ibi
1667 1621 1750 1656 unde
1773 1621 1931 1657 scribebat
1954 1645 1964 1661 ‚
1990 1621 2133 1656 accidisse
2158 1623 2192 1655 in
2215 1622 2301 1656 hunc
2325 1631 2401 1654 rno-

1391 1667 1470 1702 dum
1493 1666 1662 1700 narrabat.

1435 1719 1489 1753 31.
1513 1710 1646 1744 Mulieri
1671 1707 1710 1741 ad
1734 1708 1909 1742 ventriculi
1933 1709 2098 1750 regionem
2121 1718 2231 1744 tumor
2255 1710 2402 1742 increve-

1395 1763 1444 1788 rat
1468 1764 1565 1795 quem
1587 1751 1788 1786 contreetans
1809 1751 1990 1794 Chirurgus
2023 1763 2096 1784 curn
2122 1753 2161 1787 ad
2194 1752 2404 1795 suppuratio-

1396 1808 1472 1830 nem
1493 1795 1728 1840 perducendam
1751 1794 1917 1829 censuisset
1938 1806 1951 1834 ,⁰
1973 1798 2182 1839 quantumvis
2206 1797 2246 1827 iis
2268 1806 2339 1838 quae
2364 1793 2404 1828 ad

1396 1841 1433 1874 id
1458 1839 1530 1875 sunt
1561 1838 1677 1873 idonea
1699 1836 1860 1882 impositis
1877 1860 1891 1877 ‚
1923 1838 1961 1872 ad
1984 1838 2075 1871 illam
2099 1839 2271 1882 perducere
2293 1847 2404 1871 tamen

1397 1894 1465 1917 non
1489 1892 1637 1926 potuerat
1666 1906 1674 1914 .
1697 1883 1847 1924 Denique
1870 1892 1943 1915 eum
1968 1890 2040 1914 tum
2062 1892 2109 1914 res
2132 1881 2228 1915 finem
2254 1881 2368 1915 habuit
2392 1902 2404 1919 ‚

1397 1935 1435 1960 ut
1448 1935 1557 1959 tumor
1570 1924 1766 1959 evanesceret
1778 1947 1788 1962 ‚
1811 1932 1886 1969 cute
1898 1925 1953 1958 ubi
1977 1927 2004 1957 is
2015 1923 2118 1958 fuerat
2131 1926 2189 1968 qui
2214 1925 2296 1958 nihil
2308 1923 2407 1967 quid-

1396 1980 1495 2012 quam
1518 1967 1663 2002 humoris
1688 1967 1859 2008 emiserat,
1881 1966 2013 2010 quasiin
2037 1968 2203 2002 cicatricis
2226 1968 2359 2001 modum
2375 1967 2406 2002 se

1396 2010 1630 2046 contrahente.
1656 2011 1731 2045 1²0st
1755 2009 1823 2044 haec
1847 2012 1963 2045 mulier
1986 2012 2155 2053 concipit,
2178 2012 2329 2052 uterique
2349 2023 2408 2054 ge-

1398 2054 1556 2093 statione,
1579 2056 1612 2087 &
1636 2062 1752 2097 partu,
1777 2055 1990 2097 &puerperio
2015 2052 2153 2088 feliciter
2168 2055 2310 2092 exactis,
2331 2064 2409 2089 cum

1398 2098 1485 2132 refte
1509 2099 1650 2137 valeret,
1675 2097 1875 2139 laetantique
1898 2099 2025 2139 optime
2048 2099 2095 2131 lac
2107 2099 2293 2141 proveniret
2310 2120 2320 2135 ‚
2345 2108 2410 2131 ter-

1399 2143 1450 2176 tio
1472 2141 1536 2184 jam
1559 2141 1726 2184 praeterito
1750 2151 1788 2174 ex
1810 2152 1877 2183 quo
1901 2151 2086 2183 pepererat,
2111 2140 2220 2174 mense
2240 2164 2250 2179 ‚
2276 2150 2410 2184 repente

1402 2185 1462 2218 {ibi
1487 2197 1525 2219 ex
1547 2196 1581 2218 ea
1605 2184 1795 2218 cicatricula
1820 2184 1946 2226 aliquid
1970 2182 2117 2218 humoris
2142 2185 2262 2219 stillare
2287 2185 2382 2219 sentit
2399 2210 2411 2219 .

1401 2228 1559 2270 Inspicit:
1585 2229 1760 2270 vinumque
1784 2224 1862 2266 effe,
1886 2227 1995 2265 videt,
2021 2228 2109 2269 quod
2135 2228 2232 2262 modo
2258 2229 2412 2265 biberat.

1401 2272 1542 2314 Aliquid
1567 2272 1666 2305 etiam
1691 2283 1729 2305 ex
1752 2270 1876 2313 sumpta
1902 2270 1992 2313 pulte
2016 2270 2091 2304 illac
2115 2295 2126 2310 ,
2156 2270 2179 2304 si
2197 2283 2376 2314 *conaretur
2400 2297 2412 2314 ,

1400 2315 1572 2349 extrudere
1594 2323 1741 2357 poterat.
1768 2314 1799 2347 Is
1824 2315 1872 2347 rei
1894 2323 2001 2347 tamen
2025 2315 2130 2348 exitus
2152 2313 2217 2348 fuit
2243 2341 2251 2353 ‚
2274 2326 2312 2350 ut
2335 2328 2410 2351 mu-

1403 2358 1462 2392 lier
1486 2358 1727 2401 persanaretur',
1751 2359 1944 2401 integraque
1963 2355 2023 2390 esse
2043 2368 2188 2400 pergeret
2203 2359 2388 2393 valetudine
2402 2385 2413 2401 ,

1404 2401 1485 2435 sicut
1508 2403 1576 2435 aliis
1599 2412 1730 2443 quoque
1754 2401 1892 2438 litteris,
1914 2413 1931 2435 a
1955 2400 2143 2434 Marchetto
2162 2426 2172 2441 ,
2197 2412 2231 2436 ut
2258 2403 2338 2437 mihi
2351 2415 2411 2445 pro

1406 2445 1459 2478 sua
1482 2442 1683 2480 humanitate
1707 2453 1835 2487 gratum
1858 2443 1976 2478 faceret
2000 2466 2012 2484 ‚
2046 2445 2268 2487 interrogatus
2303 2446 2412 2480 Medi-

1406 2498 1463 2522 cus
1485 2487 1693 2521 confirmavit
1708 2512 1718 2521 .
2181 2502 2182 2505 ¹

1450 2542 1502 2575 32.
1529 2531 1686 2573 Exempla
1709 2530 1842 2573 quidem
1867 2529 2024 2574 perforati
2058 2532 2229 2565 ventriculi
2253 2530 2412 2566 foramine

1407 2574 1473 2608 five
1494 2575 1581 2608 intra
1607 2575 1726 2608 ventris
1749 2586 1863 2608 cavum
1880 2575 2022 2612 latente,
2046 2574 2108 2608 sive
2130 2575 2309 2608 extrorsum
2322 2588 2412 2618 aper-

1407 2627 1444 2651 to
1468 2644 1476 2659 ‚
1511 2629 1576 2651 non
1599 2619 1643 2651 ita
1670 2628 1768 2660 pauca
1790 2618 1892 2660 legere
1916 2618 2036 2660 poteris
2069 2619 2103 2650 in
2127 2618 2269 2652 Historia
2295 2620 2413 2662 Virgi-

1408 2662 1458 2694 nis
1482 2672 1537 2704 per
1560 2662 1678 2703 viginti
1711 2663 1830 2702 septem
1854 2671 1952 2694 annos
1975 2661 2036 2694 hoc
2061 2661 2178 2694 morbo
2202 2662 2378 2696 laborantis
2402 2685 2412 2702 ‚

1409 2704 1496 2738 edita
1528 2717 1544 2738 a
1567 2706 1620 2739 Cl.
1645 2703 1832 2738 Christiano
1866 2704 2051 2738 Wenckero
2075 2708 2086 2744 (
2110 2704 2165 2747 u)
2193 2729 2202 2744 ,
2236 2705 2413 2748 cademque

1410 2748 1619 2791 Sepulchreto
1643 2748 1842 2791 adjungere3
1877 2756 1912 2781 ut
1936 2749 2021 2781 enirn
2044 2759 2158 2782 eorum
2182 2752 2413 2791 aegrotantium

1409 2794 1572 2826 neminem
1595 2792 1699 2826 sanare
1723 2792 1815 2827 licuit
1837 2815 1849 2832 ,
1875 2790 1917 2824 sic
1940 2802 2050 2825 omnes
2072 2792 2166 2825 licuit
2192 2793 2259 2834 post
2282 2795 2413 2827 obitum

1408 2835 1560 2870 dissecare
1584 2860 1591 2868 .
1628 2836 1764 2869 Felicem
1790 2846 1917 2874 tamen,
1940 2846 1997 2869 nec
2021 2834 2086 2878 ejus
2112 2834 2288 2869 absimilem
2314 2848 2411 2880 quem

1413 2879 1514 2913 modo
1536 2879 1598 2913 tibi
1621 2877 1841 2913 describebam
1860 2901 1870 2916 ‚
1893 2877 1998 2913 casum
2024 2880 2156 2920 reperies
2181 2880 2214 2911 in
2240 2882 2412 2922 Prograrn.

1412 2933 1498 2957 mate
1518 2922 1606 2966 quod
1631 2922 1840 2957 Ettmfillerus
1864 2921 1950 2955 filius
1972 2921 2009 2955 ad
2033 2920 2301 2956 Differtationern
2325 2923 2413 2966 adje-

1415 2967 1461 3000 cit
1475 2967 1580 3005 suam,
1604 2967 1639 3001 de
1657 2965 1923 3008 praegrandipedis
1946 2962 2411 3008 inflammationeioscriptam.

1414 3010 1492 3047 Quo
1516 3012 1548 3044 in
1574 3012 1814 3053 Programmate
1836 3018 1911 3041 cum
1935 3020 1969 3042 ea
1992 3008 2083 3042 simul
2097 3009 2204 3043 videre
2229 3010 2410 3053 poffisquae

1412 3054 1452 3088 ad
1485 3053 1659 3095 perfectam
1683 3053 1823 3085 attinent
1856 3051 1896 3085 fic
1920 3051 1981 3085 laefi
2006 3052 2178 3086 ventriculi
2211 3052 2412 3089 sanationem

1412 3099 1458 3131 ita
1483 3107 1518 3131 ut
1541 3096 1621 3131 nihil
1648 3106 1685 3130 ex
1707 3107 1746 3128 eo
1770 3095 1803 3128 in
1826 3098 1948 3129 ventris
1970 3106 2086 3129 cavum
2110 3097 2264 3130 exciderit
2286 3108 2297 3136 3
2333 3097 2412 3132 huic

1415 3152 1478 3184 ego
1501 3140 1655 3182 Epistolae
1686 3137 1751 3181 jam
1774 3137 1848 3172 satis
1870 3139 1975 3181 longae
1997 3136 2080 3172 nihil
2113 3138 2226 3175 addam
2248 3164 2259 3182 ,
2289 3141 2351 3176 nisi
2372 3149 2412 3177 ut

1416 3196 1488 3227 me,
1509 3183 1596 3229 quod
1620 3183 1720 3222 facis,
1743 3193 1852 3225 ames,
1874 3185 1907 3217 δε
1931 3183 2011 3219 bene
2035 3182 2136 3219 valeas
2150 3206 2160 3222 .

2264 3534 2367 3568 EPI-

986 3692 1045 3720 Obs.
1061 3694 1133 3720 Med.
1151 3694 1225 3718 Anat.
1242 3697 1281 3719 ²4-

510 3702 670 3730 Anthropogr.
689 3699 708 3723 1.
725 3706 747 3723 2.
761 3705 784 3722 c.
802 3702 842 3725 16.
902 3694 969 3726 (p)

894 3733 906 3752 e
947 3733 970 3750 n.
987 3732 1026 3754 4².

413 3703 575 3765 ἑῖἒέρὶίὶ.
592 3734 663 3757 narrat«²
682 3739 707 3758 1.
722 3737 746 3755 n.
763 3736 803 3759 35.
866 3727 881 3757 (
923 3730 931 3756 )

1088 3725 1096 3755 (
1115 3732 1133 3749 u
1149 3723 1159 3755 )
1176 3719 1330 3754 argentorati
1343 3690 1388 3748 εἰ
1403 3691 1417 3720 )
1433 3691 1450 3715 ι’
1467 3699 1492 3723 3⁸
1507 3688 1531 3715 s·
1548 3696 1586 3719 ¹4·
1603 3686 1661 3714 ΟΜ.
1678 3691 1715 3719 3⁶¹
1734 3687 1758 3719 §⁰
1775 3694 1800 3718 ⁴⁹

1863 3688 1880 3717 (
1893 3696 1905 3714 v
1920 3685 1931 3717 l
1946 3685 2010 3713 lbid.
2026 3685 2087 3712 obs.
2104 3693 2143 3723 ις.

1395 3728 1464 3752 1743·
