2498 4075
410 193 506 248 268

347 273 559 315 catarrhalis,
582 270 723 314 spirandi
748 271 920 306 difficultas
935 293 944 307 ,
969 269 1070 304 multa
1093 268 1181 308 sitis,
1206 273 1238 304 δε
1262 283 1347 305 mors

347 318 504 361 denique.
637 315 822 350 TUMOR
847 326 895 348 eas
917 314 1035 356 quibus
1058 312 1216 348 insederat
1240 337 1248 353 ‚
1275 326 1348 356 par.

347 370 397 394 tes
415 387 423 401 ‚
449 368 606 404 quantum
629 357 763 400 quidem
788 358 979 400 percipiebat
1005 356 1108 392 sensus
1134 379 1143 395 ,
1166 357 1259 392 altius
1283 369 1347 391 non

349 403 492 439 laeserat.
519 403 705 436 Proximum
729 411 833 435 artum
857 402 990 436 secando
1011 423 1020 437 ‚
1044 399 1183 434 multum
1203 400 1265 433 seri
1292 400 1351 435 fla-

350 448 507 483 vescentis
530 444 658 479 effluxit
684 467 693 482 ‚
729 444 816 487 quod
840 455 935 478 omne
957 445 989 475 in
1015 442 1168 484 Adiposae
1192 445 1350 478 membra-

349 503 397 526 nae
422 489 546 525 cellulis
571 487 756 524 substiterat
776 488 936 533 ..Totum
959 498 1089 528 quoque
1114 486 1153 519 ab
1174 488 1285 522 eodem
1308 489 1352 521 la-

346 543 414 569 tere
435 532 598 567 Thoracis
632 542 748 565 cavum
770 529 1001 572 ejusdemmodi
1036 530 1179 571 replebat
1213 530 1317 566 serum
1341 554 1351 568 ,

348 577 460 611 multis
482 573 658 617 interjectis
681 574 944 608 concretionibus
969 573 1109 615 ejusdem
1120 574 1258 612 coloris,
1285 586 1351 609 me*-

347 620 409 655 diae
433 629 541 656 autem
565 620 649 654 inter
674 617 928 652 membranosam
951 639 960 655 ,
983 619 1013 648 δι
1031 615 1235 660 gelatinosam
1257 628 1352 653 natu-

347 675 413 704 rae,
436 673 573 706 quarum
597 663 756 705 pleraeque
778 661 897 704 pleurae
922 659 1125 696 adhaerebant
1147 684 1154 692 .
1180 661 1351 696 Pulmones

350 717 440 742 erant
465 705 544 740 adeo
566 705 724 740 contracti
747 728 759 744 ,
794 714 828 739 ut
853 705 962 747 primo
996 703 1122 746 aspestu
1145 702 1233 744 quasi
1257 705 1355 739 deesse

351 750 537 785 viderentur
561 775 569 784 .
614 750 682 782 Cor
716 747 807 782 valde
838 748 994 790 exiguum
1018 771 1024 780 .
1158 747 1324 783 Caeterurn
1346 773 1356 788 ,

348 793 438 838 quod
493 792 531 826 ad
575 792 735 825 Ventrem
793 792 911 825 attinet
941 816 950 830 ,
1011 789 1185 825 ventriculi
1239 789 1355 826 fundus

351 837 492 872 multum
517 844 587 870 erat
612 834 779 871 extensus:
803 834 865 867 lien
891 845 1086 877 perparvus:
1109 834 1199 876 jecur
1222 846 1237 867 a
1262 846 1356 868 natu-

350 881 411 914 rali
435 880 544 915 colore
568 878 605 911 ad
630 877 754 913 fuscum
779 877 957 912 inclinans:
985 877 1052 921 ejus
1076 877 1211 913 vesicula
1237 878 1355 918 exilis,

349 927 379 956 δι
404 923 527 959 inanis.
553 923 675 955 Ovaria
701 921 884 955 albicabant
910 933 918 954 .·
949 924 980 954 &
1004 922 1152 963 quamvis
1178 922 1356 956 naturalem

349 966 509 1002 servarent
533 964 672 1008 figuram
696 989 706 1007 ,
729 969 760 999 &
783 964 902 1000 molem
926 976 937 1011 5
961 963 1053 1000 valde
1075 974 1182 1001 tamen
1204 963 1357 1001 indurue-

350 1021 421 1047 rant
438 1034 445 1045 .

395 1065 425 1097 5.
449 1053 636 1089 Rondeletii
659 1051 960 1096 Observationem,
983 1053 1016 1087 in
1043 1051 1289 1096 Sepulchretum
1311 1063 1358 1085 re-

347 1099 445 1135 latam
460 1123 470 1138 ‚
496 1109 559 1132 non
583 1095 646 1130 hoc
672 1096 767 1134 loco,
794 1098 828 1131 in
850 1107 967 1139 quone
992 1105 1190 1129 memoratur
1202 1096 1332 1138 quidem
1348 1118 1356 1132 ‚

347 1142 400 1178 sed
423 1142 509 1177 libro
532 1140 578 1175 II.
603 1139 658 1185 (h
682 1143 692 1179 )
716 1140 818 1182 leges,
848 1139 1018 1183 propositae
1032 1139 1166 1172 similem
1183 1164 1190 1171 .
1216 1140 1254 1172 In
1267 1149 1353 1172 utra-

346 1198 409 1229 que
434 1186 522 1221 enim
544 1183 712 1220 cancrosus
735 1183 878 1220 thoracis
901 1192 1050 1217 externus
1061 1192 1172 1217 tumor
1186 1207 1194 1220 ,
1216 1182 1356 1216 difficul-=

346 1239 394 1264 tas
417 1227 580 1270 spirandi,
608 1227 812 1269 multumque
836 1227 878 1262 est
900 1227 934 1261 in
959 1225 1091 1260 thorace
1116 1224 1242 1258 serum.-
1266 1226 1355 1269 quod

345 1273 380 1306 in
403 1271 458 1306 illa
483 1280 590 1305 tamen
617 1268 802 1306 succrevisse
827 1279 955 1303 tumore
977 1268 1178 1302 decrescente
1202 1293 1211 1306 ,
1235 1269 1269 1301 in
1294 1269 1354 1302 hac

346 1325 454 1350 autem
479 1314 637 1349 crescente
658 1335 667 1351 ‚
691 1313 831 1346 ostendit
856 1321 983 1354 ternpus
1007 1323 1073 1353 quo
1097 1311 1234 1346 ducendi
1261 1312 1354 1354 spiri-

345 1368 398 1393 tus
421 1358 592 1394 difficultas
616 1356 758 1392 acceffit.
783 1356 895 1391 Faciet
919 1356 981 1390 hoc
1005 1355 1201 1395 discrimen,
1226 1364 1261 1388 ut
1285 1367 1352 1390 rem

347 1403 515 1446 aliquanto
538 1401 632 1436 aliter
655 1401 689 1434 in
712 1399 767 1434 illa
791 1399 952 1440 explices,
976 1408 1072 1441 atque
1095 1400 1130 1432 in
1153 1397 1213 1433 hac
1231 1399 1353 1433 Obser„

346 1448 496 1481 vatione.
525 1447 589 1481 Cui
617 1454 653 1479 ut
677 1444 839 1488 peculiare
862 1442 906 1477 est
931 1442 1021 1486 quod
1043 1441 1082 1476 ad
1107 1440 1248 1476 serosum
1273 1447 1352 1477 atti-

345 1499 399 1523 net
423 1488 547 1525 brachii
572 1497 755 1525 tumorem,
780 1485 822 1520 sic
847 1487 1013 1527 peculiaris
1026 1496 1158 1529 quoque
1182 1484 1280 1526 huius
1297 1496 1351 1520 tu-

345 1534 447 1567 moris
471 1531 564 1567 causa
588 1531 673 1569 fuit,
697 1530 856 1565 nimirum
870 1530 1025 1565 Axillaris
1052 1540 1138 1563 venae
1160 1530 1349 1571 compreffio

339 1587 364 1612 ‘a
386 1588 503 1611 cancro
526 1576 603 1611 illuc
627 1574 656 1609 se
679 1574 871 1608 attollente.

388 1622 419 1652 6.
443 1619 505 1655 Sed
534 1619 597 1661 jam
621 1619 658 1653 ad
697 1616 775 1651 alios
799 1617 933 1650 alterius
957 1617 1083 1658 generis
1106 1625 1236 1650 artuum
1260 1614 1349 1659 supe-

346 1664 472 1697 riorum
486 1687 498 1703 ,
523 1672 576 1699 aut
589 1660 779 1698 inferiorum
792 1669 949 1701 tumores,
961 1672 977 1694 a
990 1659 1140 1693 Valsalva
1152 1659 1350 1700 observatos,

346 1708 508 1742 veniamus
534 1729 541 1743 ,
580 1706 678 1739 initio
701 1703 740 1737 ab
763 1703 802 1736 iis
825 1703 926 1737 ducto
949 1704 1007 1744 qui
1033 1703 1114 1735 male
1140 1704 1272 1744 peraetae
1298 1715 1349 1737 ve-

347 1762 461 1785 narum
494 1749 626 1784 sestioni
650 1745 861 1785 successerunt
886 1771 894 1778 .
930 1747 1038 1780 Mitto
1063 1755 1171 1780 autem
1194 1758 1290 1788 quem
1315 1748 1348 1780 in

347 1795 468 1829 Nobili
492 1794 644 1829 Matrona
670 1790 756 1826 vidit
777 1789 822 1824 ob
844 1789 1078 1832 compunstum
1090 1800 1165 1824 cum
1188 1800 1268 1822 vena
1280 1799 1350 1822 ten-

343 1839 410 1872 din:
435 1851 451 1871 n
480 1863 488 1879 ,
523 1846 577 1870 aut
601 1846 736 1871 nervum
760 1858 769 1873 ,
793 1844 890 1868 manu
912 1844 986 1868 cum
1012 1832 1211 1867 acerbisfimo
1235 1832 1350 1866 dolore

346 1882 521 1924 plurimum
545 1889 714 1918 tumente,
737 1878 770 1911 &
794 1889 833 1911 eo
856 1875 965 1910 sedato
987 1876 1124 1913 dolore,
1146 1875 1261 1910 affidue
1284 1885 1349 1909 tre-

344 1936 454 1960 mente
477 1938 487 1961 :
521 1925 577 1966 qui
601 1932 723 1957 tremor
746 1931 811 1955 non
835 1920 935 1956 modo
958 1921 1163 1962 posteaquam
1186 1920 1348 1953 detumuit

345 1981 476 2008 manus,
500 1967 549 2003 sed
575 1966 611 2002 ad
636 1966 720 2001 diem
746 1964 843 2007 usque
866 1974 933 2005 quo
956 1962 1018 1998 hoc
1044 1962 1205 1997 scribebat
1228 1987 1235 2001 ‚
1260 1963 1349 1997 vide-

345 2014 420 2047 licet
443 2013 587 2056 quinque
610 2009 693 2053 ipsos
718 2018 835 2046 annos,
859 2006 950 2041 nullo
974 2006 1162 2048 proficiente
1183 2006 1348 2043 remedio,

345 2056 501 2101 perstabat
516 2080 525 2091 .
657 2054 840 2088 Tumorem
875 2051 996 2093 pariter
1020 2052 1118 2085 mitto
1150 2051 1205 2094 qui
1226 2049 1349 2093 Juveni

346 2100 464 2135 accidit
487 2121 496 2136 ‚
531 2108 608 2132 vena
632 2097 664 2131 in
700 2095 807 2131 cubiti
838 2094 922 2128 flexu
960 2094 999 2127 ab
1035 2096 1146 2136 inepto
1177 2092 1349 2134 Chirurgo

345 2142 498 2180 transfixa
521 2163 533 2182 ,
568 2138 730 2184 effusoque
754 2138 936 2174 introrsum
960 2137 1111 2179 sanguine
1135 2158 1144 2174 ,
1177 2137 1258 2170 unde
1284 2148 1350 2169 ma,

346 2199 427 2227 gnus
450 2187 557 2230 postea
579 2208 589 2224 ,
621 2184 790 2226 longaeque
814 2205 823 2220 ,
858 2185 888 2216 δι
911 2179 1051 2215 difficilis
1083 2181 1262 2215 curationis
1295 2181 1350 2213 ab-

346 2226 480 2266 stersus.
617 2229 773 2263 Tumoris
797 2227 907 2268 potius
931 2236 947 2259 a
971 2225 1138 2258 vulnerata
1171 2235 1209 2257 eo
1233 2225 1269 2257 in
1292 2223 1352 2256 fle-

345 2286 388 2311 xu
414 2274 549 2312 arteria,
574 2272 737 2306 Valsalvae
763 2280 858 2303 manu
883 2269 1040 2309 persanati
1062 2294 1070 2307 ,
1096 2267 1260 2302 historiam
1285 2267 1349 2300 tibi

346 2331 384 2353 eo
406 2317 595 2360 diligentius
621 2315 820 2350 describam,
848 2311 937 2355 quod
961 2323 1009 2346 res
1034 2311 1165 2355 majoris
1190 2311 1351 2344 momenti

347 2363 412 2402 est,
436 2372 491 2395 nec
517 2360 650 2401 indigna
673 2368 743 2401 quae
767 2369 783 2390 a
807 2364 839 2389 te
861 2367 936 2389 cum
952 2355 1248 2389 Observationibus
1272 2365 1351 2387 con-

347 2406 487 2442 feratur,
514 2404 579 2437 visa
605 2404 652 2436 ibi
678 2400 718 2435 ab
741 2400 811 2433 aliis
838 2421 846 2436 ‚
883 2408 938 2432 aut
963 2396 1050 2432 faGla
1074 2420 1082 2434 ‚
1118 2407 1173 2432 aut
1198 2398 1353 2431 adnotata

347 2447 603 2493 proponentibus
626 2470 637 2486 ‚
671 2454 706 2480 ut
730 2452 807 2487 puta
841 2442 880 2474 ab
903 2442 1035 2476 Rockio
1057 2441 1104 2484 (l
1125 2446 1139 2481 )
1162 2463 1172 2479 ‚
1207 2453 1222 2475 a
1248 2442 1355 2473 Petito

346 2493 519 2534 Chirurgo
584 2489 648 2531 m)
672 2513 680 2526 ,
712 2499 727 2520 a
760 2484 1000 2527 Teichmeyero
1024 2489 1034 2525 (
1058 2494 1077 2517 n
1101 2488 1112 2523 )
1133 2507 1145 2524 ,
1178 2486 1208 2518 ὃς
1241 2484 1280 2517 ab
1315 2485 1354 2517 iis

347 2549 430 2578 quos
454 2536 529 2568 dum
579 2544 609 2566 as
633 2533 773 2565 Litteras
795 2530 1010 2566 recenserem,
1034 2527 1120 2569 legi,
1145 2527 1277 2561 Medico
1300 2528 1353 2561 Cl.

348 2580 483 2615 Trewio
505 2581 518 2617 (
542 2589 558 2611 ο
580 2579 619 2616 ),
642 2577 673 2609 &
696 2573 851 2607 industrio
874 2572 1044 2613 Chirurgo
1070 2571 1244 2604 Guattano
1267 2571 1353 2613 (p),

348 2622 527 2666 praescrtim
552 2631 627 2654 vero
652 2630 668 2651 a
692 2617 762 2651 Cel.
790 2617 931 2649 Aufiore
965 2613 1049 2648 infra
1072 2617 1086 2653 (
1109 2625 1127 2655 q
1152 2618 1162 2653 )
1186 2614 1352 2648 laudandae

347 2665 592 2701 Differtationis
617 2687 626 2696 .
649 2662 731 2695 Haec
757 2661 863 2701 igitur
887 2657 1046 2692 Valsalvae
1072 2656 1273 2691 Observatio
1296 2657 1351 2690 etsi

347 2712 381 2743 in
406 2709 590 2745 nonnullis,
617 2716 728 2739 manca
751 2703 855 2737 videri
877 2702 999 2745 potest,
1021 2710 1056 2734 ut
1083 2701 1121 2733 ab
1143 2700 1273 2734 homine
1297 2703 1352 2742 qul

348 2753 407 2787 fibi
431 2751 609 2788 scriberet,
633 2746 703 2782 fusa
727 2758 739 2787 ;
772 2757 882 2781 tamen
905 2745 1052 2788 quaedam
1075 2742 1172 2791 habet
1197 2744 1353 2786 peculiari

349 2798 529 2831 attentione
551 2795 671 2836 digna,
695 2790 841 2834 illudque
864 2788 994 2830 insuper
1017 2788 1104 2830 quod
1129 2786 1356 2829 ejusmodicu-

349 2843 435 2874 ratio
458 2840 545 2882 prius
567 2850 584 2871 a
609 2835 757 2870 Valsalva
781 2833 907 2877 peraeta
930 2832 998 2872 est,
1022 2842 1119 2873 quarn
1143 2830 1182 2864 ab
1197 2831 1268 2865 aliis
1281 2841 1355 2874 per-

350 2884 400 2926 agi
426 2880 572 2920 vidisset,
599 2879 791 2914 additurus,
814 2887 877 2920 qua
901 2886 966 2910 erat
993 2874 1120 2908 solertia
1137 2900 1146 2914 ,
1182 2885 1279 2918 atque
1304 2875 1355 2907 in-

349 2926 491 2963 dustria,
515 2923 649 2958 subinde
671 2922 755 2961 alia,
779 2921 805 2954 si
826 2920 949 2954 diutius
974 2917 1133 2956 vixisset,
1166 2919 1261 2961 eique
1285 2918 1353 2951 aliae

351 2964 734 3007 istiusmodisuscipiendi
758 2966 864 3006 operis
886 2962 1067 2996 occasiones
1092 2961 1119 2995 se
1142 2960 1331 2995 obtulissent
1346 2987 1353 2995 .

393 3024 424 3054 7.
449 3009 715 3045 CHIRURGO
746 3017 903 3041 annorum
928 3007 1060 3039 circiter
1091 3005 1322 3047 duodeviginti
1347 3029 1357 3045 ‚

351 3056 429 3089 dum
452 3064 585 3098 propter
607 3051 752 3086 thoracis
776 3051 925 3084 morbum
941 3050 1066 3091 sanguis
1090 3061 1104 3082 e
1128 3047 1263 3082 brachio
1277 3048 1355 3081 mit-

351 3101 457 3138 titur,
482 3097 598 3133 arteria
621 3095 807 3129 vulneratur
822 3117 830 3126 .
855 3094 925 3136 Qi
950 3093 1078 3126 miserat
1099 3115 1111 3132 ,
1135 3103 1251 3125 venam
1272 3092 1357 3125 inci-

352 3141 428 3177 disse
452 3142 503 3181 se,
526 3139 656 3175 credens
676 3161 685 3176 ‚
720 3148 784 3170 non
810 3137 903 3169 aliter
935 3137 1051 3170 vulnus
1074 3137 1204 3178 obligat
1227 3158 1239 3176 ‚
1274 3147 1309 3169 ac
1332 3134 1354 3168 fi

352 3185 436 3220 nihil
461 3185 523 3219 nisi
547 3193 683 3221 venam,
705 3179 884 3214 incidisset.
912 3178 984 3213 Post
1004 3178 1071 3213 dies
1096 3180 1223 3222 aliquot
1248 3188 1356 3213 tumor

352 3232 387 3263 in
411 3228 525 3263 cubito
547 3225 839 3261 animadvertitur:
861 3223 919 3265 qui
943 3224 1028 3256 intra
1052 3223 1118 3256 dies
1144 3223 1281 3265 amplius
1306 3223 1355 3256 vi-

353 3274 438 3315 ginti
462 3271 499 3305 ad
523 3271 611 3313 pomi
638 3266 894 3311 magnitudinem
918 3265 1096 3299 excrescit.
1120 3266 1221 3299 Hunc
1233 3265 1357 3300 chirur-

354 3327 412 3358 gus
435 3313 591 3356 quidam,
616 3324 672 3355 pus
697 3309 815 3345 subesse
826 3319 934 3347 ratus,
957 3309 1098 3343 incidit:
1122 3320 1160 3342 ex
1174 3309 1278 3343 inciso
1291 3308 1360 3343 san-

354 3359 423 3400 guis
445 3358 562 3399 incipit
587 3357 697 3394 exire,
721 3354 773 3388 sed
795 3352 859 3387 sine
882 3354 1006 3395 impetu
1032 3375 1041 3389 ,
1066 3351 1246 3394 sanguineis
1268 3352 1358 3386 vide-

356 3403 429 3435 licet
462 3401 586 3442 grumis
608 3399 811 3432 obstantibus
835 3419 843 3433 ‚
879 3398 909 3429 ὅ(
933 3397 1061 3429 exitum
1094 3394 1188 3438 quasi
1220 3397 1358 3429 omnino

355 3443 594 3478 claudentibus.
620 3443 745 3475 Verum
770 3439 875 3474 tribus
899 3438 967 3482 post
989 3439 1122 3479 diebus,
1148 3440 1202 3473 via
1224 3439 1286 3473 sibi
1309 3437 1358 3471 fa-

356 3488 428 3524 eta,
450 3487 574 3529 sanguis
597 3485 756 3526 erumpit:
782 3483 881 3525 idque
902 3494 967 3516 non
990 3483 1050 3516 illo
1074 3491 1204 3516 tantum
1221 3506 1230 3522 ,
1254 3481 1306 3515 sed
1328 3484 1359 3514 &

356 3531 481 3564 duobus
505 3531 653 3573 proxime
676 3527 918 3570 insequentibus
941 3525 1052 3559 diebus
1075 3551 1086 3567 ,
1108 3524 1205 3560 semel
1228 3524 1359 3568 quidem

356 3574 524 3616 quotidie,
546 3581 578 3606 at
601 3584 635 3606 ea
645 3572 762 3614 copia,
783 3582 854 3614 quae
865 3580 941 3603 cum
965 3569 1237 3613 adstringentibus
1261 3579 1365 3602 reme-

639 191 798 245 Liber
828 191 921 246 IV.
955 190 1040 243 De
1076 191 1282 244 Morbis
1313 191 1673 260 Chirurgicis,
1706 194 1762 246 &
1806 191 2208 248 Universalibus

1398 274 1460 308 diis
1483 272 1573 305 nullo
1597 271 1700 305 modo
1717 270 1844 306 cederet
1864 295 1876 312 ,
1901 284 2025 315 aegrum
2047 274 2134 316 quasi
2159 274 2197 309 ad
2220 276 2326 309 animi
2355 276 2412 310 de-

1400 318 1538 360 liquium
1563 315 1693 349 duceret
1708 339 1715 347 .
1738 317 1863 349 Interea
1887 319 1918 349 ὃς
1942 328 2052 350 manus
2076 343 2085 358 ,
2121 319 2152 350 δέ
2176 319 2306 353 cubitus
2332 345 2341 358 ,
2378 322 2410 353 &

1401 361 1569 403 proximus
1599 357 1750 392 humerus
1772 357 1873 392 ferme
1907 358 2007 401 usque
2029 360 2067 393 ad
2102 360 2242 395 medium
2267 384 2276 399 ‚
2318 364 2410 396 intu-

1402 412 1548 437 muerant
1573 415 1580 431 :
1615 402 1831 435 inflammatio
1857 412 1965 436 autem
2000 414 2100 445 prope
2123 404 2263 438 incisum
2297 414 2409 440 tumo-

1401 457 1468 480 rem
1492 446 1556 487 jam
1579 454 1647 478 erat
1670 447 1806 478 oborta.
1832 445 1870 478 In
1893 456 1986 479 tanto
2012 446 2178 488 periculo,
2201 448 2328 482 Medici
2352 448 2412 482 ad-

1404 498 1580 526 vocantur,
1603 488 1800 529 chirurgiam
1823 500 1953 531 quoque
1977 490 2076 531 probe
2099 490 2270 531 callentes,
2298 493 2331 525 in
2356 492 2409 526 his

1403 530 1577 566 Valsalva.
1602 532 1697 574 Qui,
1722 543 1754 565 re
1777 530 1950 573 diligenter
1973 533 2124 575 perpensa
2143 554 2154 570 ‚
2180 535 2224 567 ita
2250 534 2291 568 est
2315 542 2409 569 cura-

1402 577 1526 608 tionem
1550 575 1709 616 aggressus
1733 598 1740 606 .
1780 575 1919 608 Primum
1945 574 2041 609 fascia
2067 586 2164 618 quam
2190 588 2273 611 nunc
2299 586 2410 612 torcu-

1401 619 1447 652 lar
1471 619 1640 654 vocitant,
1661 616 1702 651 sic
1717 616 1888 652 humerum
1912 620 2038 656 vinxit,
2063 630 2100 653 ut
2125 630 2186 662 pro
2209 632 2248 653 eo
2271 632 2306 654 ac
2327 633 2412 663 opus

1406 661 1481 696 esset
1506 685 1519 702 ,
1552 673 1699 703 prompte
1722 661 1778 694 illa
1800 685 1812 701 ‚
1847 660 2004 704 facileque
2028 663 2129 696 laxari
2155 662 2255 706 posset
2276 689 2284 698 .
2316 665 2408 698 Tum

1406 707 1542 743 vulnus,
1568 717 1584 738 a
1607 705 1785 751 chirurgo,
1810 713 1845 737 ut
1867 704 2009 739 diximus
2032 731 2040 745 ‚
2066 708 2188 741 tumori
2212 706 2374 741 inflffium
2397 731 2410 748 ,

1408 749 1571 790 superiora
1594 751 1698 782 versus
1714 748 1885 782 secundum
1910 752 2036 782 arteriae
2047 750 2236 785 consuetum
2259 752 2322 783 iter
2333 762 2413 793 pro-

1406 792 1521 827 duxit.
1546 793 1596 825 Sic
1621 801 1693 824 toto
1718 800 1845 833 patente
1870 794 2006 825 tumoris
2027 804 2127 831 cavo,
2151 794 2241 836 quod
2265 804 2409 836 pugnum

1407 836 1505 870 ferme
1529 833 1813 878 comprehendisset
1828 856 1836 871 ,
1862 833 2048 877 sanguinem
2065 858 2074 873 ,
2097 848 2163 879 quo
2187 833 2318 879 plenum
2342 846 2410 870 erat

1408 882 1437 913 &
1461 888 1634 917 concreto,
1661 880 1691 912 &
1715 878 1837 914 fluido,
1859 879 1991 915 eduxit,
2016 881 2190 922 locumque
2202 880 2280 913 bene
2305 880 2409 913 abluit

1408 923 1553 966 spongiis
1577 944 1586 960 ‚
1621 920 1777 956 calefacto
1802 922 1879 953 vino
1916 922 2120 957 madentibus
2144 947 2150 954 .
2189 924 2267 963 Quo
2290 922 2377 956 facito
2403 947 2411 962 ,

1409 965 1566 1008 tantisper
1588 964 1717 998 fasciam
1753 966 1850 998 laxari
1874 963 1958 1004 juffit
1984 988 1993 1001 ‚
2026 966 2103 1000 durn
2126 965 2260 1000 effluens
2286 966 2410 1009 sanguis

1409 1010 1586 1043 vulneratae
1607 1010 1757 1051 proderet
1783 1009 1904 1040 arteriae
1929 1008 2034 1042 sedem
2056 1035 2064 1042 .
2089 1010 2164 1042 Erat
2189 1009 2255 1043 haec
2279 1010 2312 1041 in
2336 1011 2409 1043 cavi

1408 1053 1496 1086 illius
1518 1051 1621 1085 fundo
1643 1062 1657 1092 ;
1689 1060 1725 1085 ut
1749 1051 1837 1084 valde
1862 1052 2107 1086 incommodum
2132 1051 2231 1085 fuerit
2265 1053 2308 1085 ob
2333 1064 2411 1095 pro-

1407 1095 1624 1132 funditatem,
1648 1095 1796 1129 arteriam
1819 1095 2045 1137 circumligare
2072 1120 2079 1128 .
2106 1097 2215 1132 Quam
2239 1106 2313 1130 cum
2339 1107 2412 1129 tan-

1406 1139 1505 1180 dem,
1527 1140 1686 1173 continuo
1713 1138 1801 1180 supra
1826 1138 1942 1171 vulnus
1966 1161 1979 1177 ,
2018 1137 2167 1173 vinxisset
2188 1150 2201 1179 ;
2234 1137 2319 1173 haud
2343 1152 2412 1173 am-

1407 1184 1506 1226 plius,
1533 1181 1858 1227 quantumvislaxa'ta
1883 1179 2002 1219 fascia,
2028 1183 2155 1225 sanguis
2167 1181 2294 1216 exsiluit
2311 1207 2319 1216 .
2344 1183 2412 1217 Ve-

1406 1237 1478 1260 rum
1503 1226 1593 1259 illico
1617 1224 1774 1269 quidquid
1800 1235 1864 1266 ejus
1890 1235 1975 1258 artus
1987 1237 2052 1259 erat
2076 1225 2161 1259 infra
2186 1225 2344 1267 injectum
2361 1236 2411 1259 ar-

1406 1272 1493 1303 teriae
1517 1270 1706 1308 vinculum,
1731 1268 1889 1301 sentiendi
1917 1293 1924 1308 ‚
1945 1272 1978 1301 ὅ(
2002 1270 2152 1302 movendi
2179 1270 2246 1302 vim
2271 1267 2375 1303 amisit
2397 1291 2407 1307 ,

1406 1312 1579 1355 paucisque
1603 1312 1670 1354 post
1693 1312 1782 1345 horis
1806 1309 1967 1353 frigidum
1991 1311 2034 1344 est
2058 1311 2205 1346 faffum:
2231 1324 2287 1346 nec
2303 1312 2411 1355 pulsus

1405 1357 1545 1398 amplius
1571 1356 1827 1397 percipiebatur.
1852 1355 1921 1389 Hic
1945 1363 2051 1388 tamen
2075 1357 2159 1390 circa
2173 1357 2306 1389 tertium
2330 1367 2347 1390 a
2370 1357 2413 1389 li-

1402 1408 1478 1441 gata
1504 1400 1618 1433 arteria
1641 1400 1729 1433 diem
1753 1398 1873 1440 percipi
1896 1399 2040 1438 iterum,
2064 1399 2113 1433 sed
2127 1401 2204 1439 vix,
2224 1401 2351 1441 coepitt
2377 1407 2411 1434 at

1402 1447 1485 1477 circa
1508 1444 1680 1488 quincium·
1702 1443 1739 1475 ad
1766 1443 1943 1475 naturalem
1967 1442 2055 1484 quasi
2090 1444 2247 1486 impetum
2271 1443 2337 1486 jam
2363 1438 2414 1476 r'e-

1401 1487 1504 1520 dierat
1526 1511 1533 1518 .
1561 1486 1600 1521 In
1626 1485 1719 1526 hujus
1741 1484 1806 1519 diei
1831 1488 1920 1518 exitu
1945 1485 2070 1527 sanguis
2092 1488 2127 1520 in
2153 1487 2237 1520 lecto
2264 1486 2413 1520 animad-

1401 1531 1562 1566 vertitur,
1586 1541 1688 1572 eoque
1711 1527 1817 1562 fasciae
1839 1551 1851 1568 ,
1890 1529 2018 1563 vulneri
2042 1530 2258 1572 circumjectae
2283 1529 2415 1563 maden-

1401 1582 1447 1607 tes
1471 1572 1716 1617 conspiciuntur
1739 1597 1745 1604 .
1771 1573 1902 1610 Quibus
1924 1581 2016 1606 caute
2043 1574 2157 1607 ablatis
2182 1597 2190 1610 ‚
2226 1575 2257 1605 &
2280 1574 2413 1607 vulnere

1400 1617 1563 1659 inspecto,
1588 1627 1645 1650 nec
1669 1614 1831 1657 sanguinis
1850 1615 2033 1662 *quidquam
2058 1619 2198 1658 erumpit
2228 1638 2237 1652 ‚
2271 1628 2329 1650 nec
2354 1628 2411 1651 un.

1401 1660 1440 1695 de
1463 1662 1621 1702 eruperit,
1646 1658 1749 1693 ullum
1774 1658 1815 1692 est
1839 1660 1961 1701 signum
1988 1684 1994 1691 .
2028 1660 2083 1692 Ab
2109 1659 2167 1693 hac
2199 1660 2313 1693 ultima
2341 1660 2411 1693 san-

1402 1705 1510 1747 guinis
1540 1704 1714 1745 eruptione
1747 1702 1853 1744 pulsus
1889 1706 2006 1736 iterum
2041 1707 2179 1737 omnino
2217 1704 2410 1742 amittitur,

1402 1758 1467 1780 non
1502 1745 1588 1780 secus
1612 1758 1646 1778 ac
1679 1745 1701 1777 fi
1733 1756 1854 1778 novum
1888 1756 2013 1779 arteriae
2048 1748 2214 1781 vinculum
2248 1747 2409 1789 injectum

1402 1790 1475 1825 esset
1497 1815 1505 1822 .
1539 1791 1585 1836 ᾼῑ
1610 1787 1791 1822 membrum
1815 1799 1922 1822 tamen
1955 1788 2025 1831 post
2048 1791 2167 1824 multos
2190 1790 2257 1823 dies
2282 1801 2411 1823 natura-

1399 1834 1464 1868 lem
1490 1832 1601 1866 sensim
1626 1840 1789 1874 recuperat
1812 1832 1952 1866 calorem
1968 1857 1975 1871 ,
2003 1843 2128 1867 motum
2153 1845 2283 1876 quoque
2310 1855 2319 1871 ‚
2357 1832 2409 1866 sed

1401 1877 1487 1911 hunc
1510 1876 1653 1913 tardius3
1679 1886 1754 1908 nam
1778 1876 1873 1911 οᾶο,
1900 1885 1952 1910 aut
1978 1887 2093 1909 novem
2114 1877 2232 1909 menses
2258 1876 2412 1911 debilitas

1400 1920 1538 1954 restitit,
1561 1921 1592 1953 ὃ(
1615 1919 1759 1961 quaedam
1784 1921 1925 1957 macies,
1949 1922 1977 1952 &
1993 1917 2099 1952 fuscus
2124 1921 2282 1962 unguium
2297 1919 2411 1959 color,

1399 1966 1431 1999 δι
1453 1961 1560 1997 facilis
1585 1974 1600 1995 a
1625 1961 1747 2004 frigore
1770 1961 1856 1995 laefio
1875 1987 1885 1995 .
1912 1963 2037 1996 Verum
2061 1975 2099 1995 eo
2122 1963 2209 2005 quod
2234 1965 2376 1996 diximus
2399 1978 2408 2002 3

1399 2007 1512 2041 exasto
1537 2016 1683 2048 tempore
1708 2030 1716 2044 ‚
1751 2004 1817 2039 haec
1840 2007 1951 2039 omnia
1982 2005 2098 2039 desiere
2121 2019 2131 2043 5
2165 2006 2255 2049 pulsu
2279 2008 2378 2041 etiam
2403 2032 2413 2048 ‚

1400 2050 1548 2094 quamvis
1572 2048 1727 2092 languido
1739 2070 1748 2085 ‚
1772 2048 1927 2082 redeunte
1940 2072 1947 2079 .

1446 2094 1476 2126 8.
1502 2093 1597 2127 Hanc
1621 2103 1638 2125 a
1660 2102 1713 2125 me
1737 2102 1812 2125 cum
1836 2088 1977 2132 petiisset
2001 2090 2171 2124 historiam
2193 2092 2246 2126 Cl.
2261 2093 2327 2126 Vir
2350 2095 2407 2126 Pe-

1402 2146 1470 2171 trus
1503 2136 1621 2170 Paulus
1653 2135 1857 2169 Molinellius
1880 2158 1893 2175 ‚
1926 2136 2086 2169 continuo
2110 2156 2118 2170 ‚
2156 2138 2186 2168 δι
2214 2137 2410 2176 perlibenter

1402 2179 1492 2221 misi,
1516 2189 1588 2213 tum
1611 2187 1648 2213 ut
1673 2179 1803 2213 homini
1828 2179 1957 2212 Medica
1983 2201 1995 2218 ‚
2017 2181 2048 2212 δι
2073 2177 2272 2221 Chirurgica
2296 2180 2412 2214 Facul-

1402 2232 1469 2258 tate
1494 2223 1688 2265 praecellenti
1712 2245 1724 2262 ,
1758 2224 1789 2255 &
1815 2222 1896 2256 bene
1929 2222 1967 2255 de
1991 2233 2041 2255 me
2068 2222 2185 2256 merito
2208 2233 2337 2264 gratum
2363 2222 2414 2257 fa-

1401 2279 1527 2306 cerem,
1550 2276 1621 2300 tum
1644 2267 1768 2304 etiam,
1790 2274 1826 2299 ut
1851 2277 1948 2309 quam
1973 2277 2120 2299 mancam
2144 2288 2154 2303 ‚
2191 2265 2284 2300 sicuti
2311 2268 2349 2301 ad
2382 2269 2412 2300 i-

1402 2312 1495 2355 psum
1517 2321 1648 2353 quoque
1672 2319 1749 2343 tuuc
1775 2308 1904 2350 scripsi,
1930 2309 2121 2348 mittebam,
2145 2320 2215 2344 eam
2239 2308 2329 2351 ipse,
2356 2313 2416 2354 qui

1404 2355 1609 2396 Chirurgum
1633 2354 1725 2387 illum
1750 2355 1780 2387 δε
1804 2354 1967 2386 viventem
1993 2362 2130 2387 noverat
2150 2375 2159 2391 ‚
2185 2356 2217 2386 &
2244 2365 2414 2389 mortuum

1404 2396 1592 2433 dissecuerat
1616 2419 1624 2434 ‚
1648 2408 1715 2439 quo
1740 2396 1777 2430 ad
1801 2395 1870 2438 ejus
1894 2396 1962 2430 fieri
1988 2395 2090 2438 posset
2115 2419 2123 2434 ,
2160 2398 2255 2431 nobis
2279 2398 2417 2440 persice-

1405 2451 1454 2474 ret
1469 2467 1476 2473 .
1502 2440 1603 2482 Qod
1627 2440 1775 2482 praeclare
1799 2441 1838 2474 ab
1853 2439 1922 2482 ipso
1945 2439 2067 2474 facium
2081 2439 2273 2482 perspicies,
2299 2441 2321 2475 fi
2336 2442 2415 2475 Dis-

1407 2484 1615 2518 sertationem
1639 2483 1702 2525 ejus
1727 2484 1809 2526 leges
1831 2505 1845 2521 ,
1875 2495 1946 2525 quae
1971 2484 2158 2517 inscribitur
2191 2485 2225 2519 de
2248 2482 2417 2526 Aneurysl-

1405 2536 1488 2561 mate
1511 2537 1525 2560 e
1548 2526 1616 2570 laefiz
1639 2526 1756 2561 brachii
1779 2527 1812 2560 in
1836 2527 1985 2560 mittendo
2002 2526 2153 2569 sunguine
2171 2529 2306 2562 arteria.
2333 2531 2418 2560 Prae-

1405 2573 1498 2614 cipua
1521 2569 1584 2604 huc
1608 2570 1761 2606 redeunt,
1787 2581 1850 2603 non
1878 2581 1979 2602 unum
1992 2571 2247 2608 tantummodo,
2273 2570 2325 2604 sed
2342 2570 2416 2613 plu-

1403 2626 1438 2648 ra
1472 2613 1599 2647 vincula
1622 2613 1808 2647 Valsalvam
1844 2622 1966 2645 arteriae
1999 2610 2143 2653 injecisse
2166 2636 2175 2650 ,
2213 2624 2352 2656 cogente
2377 2613 2418 2645 si-

1406 2658 1506 2691 stendi
1531 2658 1695 2699 sanguinis
1718 2656 1909 2702 difficultate
1931 2670 1938 2686 :
1967 2655 2133 2688 hominem
2161 2656 2269 2697 postea
2290 2657 2416 2691 incolu—

1405 2712 1488 2734 mem
1512 2700 1624 2734 vixisse
1644 2722 1653 2737 ‚
1686 2702 1717 2733 &
1741 2711 1804 2732 non
1827 2700 1884 2732 nlsl
1910 2699 2075 2740 trigesimo
2099 2700 2232 2733 circiter
2255 2700 2324 2743 post
2347 2712 2418 2734 eam

1407 2745 1608 2779 curationem
1635 2754 1717 2777 anno
1742 2742 1837 2783 tabe,
1858 2746 1890 2775 δι
1914 2742 2011 2776 ascite
2035 2741 2226 2776 confestum
2248 2744 2308 2778 effe
2333 2755 2342 2777 .-
2380 2755 2417 2778 eo

1407 2798 1515 2822 autern
1539 2787 1674 2821 brachio
1696 2787 1784 2829 quod
1809 2785 1916 2819 laesum
1941 2785 2065 2825 fuerat,
2090 2797 2154 2819 non
2180 2786 2265 2821 secus
2276 2799 2310 2822 ac
2335 2788 2418 2821 alte-

1407 2843 1466 2871 ro,
1490 2832 1539 2865 uti
1564 2829 1779 2868 consuevisse,
1803 2831 1924 2873 quippe
1948 2841 2021 2862 cum
2046 2829 2112 2870 jam
2137 2830 2261 2864 nullum
2285 2843 2297 2869 3
2331 2829 2353 2864 fi
2381 2842 2418 2864 u-

1407 2885 1560 2917 trumque
1594 2872 1763 2907 brachium
1786 2874 1869 2906 inter
1903 2873 1930 2906 se
1953 2870 2115 2906 conferres
2141 2896 2153 2913 ,
2183 2873 2359 2908 discrimen
2388 2885 2419 2908 a-

1405 2918 1568 2962 gnosceres
1591 2941 1601 2956 ,
1636 2929 1673 2951 ne
1697 2919 1729 2950 in
1753 2916 1843 2959 pulsu
1866 2916 1997 2959 quidem
2023 2941 2031 2949 .
2067 2917 2166 2952 Quod
2190 2926 2283 2950 tanto
2316 2919 2420 2960 magis

1407 2960 1591 2996 mirandum
1615 2961 1657 2994 est
1673 2987 1683 3002 ‚
1706 2962 1784 3003 quia
1808 2961 1841 2992 in
1871 2961 1991 2993 mortui
2015 2959 2225 2996 dissectione,
2249 2972 2324 2995 cum
2340 2962 2420 2995 Bra-

1406 3005 1520 3039 chialis
1545 3006 1663 3039 arteria
1686 3017 1724 3037 eo
1747 3005 1822 3037 loco
1845 3003 1901 3036 ubi
1928 3002 2118 3045 aneurysma
2145 3002 2248 3037 fuerat
2263 3027 2275 3043 ,
2300 3003 2339 3039 ad
2352 3014 2420 3037 tra-

1407 3050 1497 3083 &um
1514 3048 1659 3083 ,duorum
1684 3047 1840 3090 pollicum
1863 3047 1999 3078 omnino
2020 3046 2135 3080 deesset
2160 3070 2168 3084 ,
2192 3058 2304 3091 nempe
2329 3057 2420 3080 mor-

1407 3092 1451 3124 bo
1475 3093 1577 3130 olim,
1601 3090 1710 3128 ferro,
1735 3094 1765 3124 δι
1789 3100 1864 3132 pure
1881 3089 2072 3131 absumpta,
2097 3090 2184 3122 nulla
2202 3091 2343 3125 inveniri
2367 3101 2421 3123 ar·

1409 3136 1490 3169 teria
1515 3138 1624 3178 potuit
1648 3145 1719 3177 quae
1742 3144 1801 3175 pro
1829 3132 1895 3175 ipsa
1907 3135 2242 3168 communicationem
2267 3136 2353 3168 inter
2369 3135 2421 3167 su-

1410 3180 1572 3222 periorem
1596 3178 1661 3220 ejus
1685 3186 1837 3210 truncum
1861 3199 1869 3214 ,
1905 3180 1935 3210 &
1960 3176 2128 3211 Radialem
2152 3198 2160 3213 ,
2197 3179 2421 3220 Ulnaremque

1409 3223 1542 3256 arterias
1566 3222 1699 3255 servaret
1725 3230 1839 3261 praeter
1862 3231 1958 3253 unam
1975 3242 1984 3259 ‚
2009 3231 2143 3262 eamque
2156 3231 2219 3253 non
2246 3220 2419 3255 solummi-

1409 3276 1441 3298 re
1466 3265 1640 3299 flexuosam
1657 3289 1665 3303 ‚
1691 3263 1741 3297 sed
1765 3272 1893 3297 tenuem
1917 3265 1995 3298 adeo
2021 3288 2030 3302 ,
2064 3271 2102 3297 ut
2125 3262 2359 3298 difficillimum
2379 3263 2417 3296 sit

1409 3309 1600 3347 imeneoru,
1622 3306 1790 3350 quomodo
1813 3307 1960 3341 Radialis
1985 3307 2103 3341 arteria
2128 3330 2137 3346 ,
2171 3307 2327 3345 influente
2352 3316 2418 3340 tam

1410 3362 1513 3394 pauco
1539 3352 1710 3393 sanguine,
1734 3351 1831 3391 &per
1855 3360 1907 3384 tot
1932 3349 2039 3384 flexus
2050 3348 2223 3390 traducto,
2246 3363 2334 3393 aeque
2368 3347 2419 3382 ul·

1410 3394 1473 3427 sare
1497 3406 1532 3428 ac
1557 3396 1658 3428 altero
1684 3394 1716 3426 in
1740 3393 1874 3428 brachio
1900 3394 2001 3436 posset
2027 3417 2036 3432 ‚
2060 3402 2129 3426 tum
2154 3405 2242 3436 aeque
2265 3394 2323 3427 esse
2356 3393 2418 3424 ‘ra-

1408 3438 1519 3472 chium
1532 3447 1704 3481 utrumque
1716 3438 1920 3471 &nutritum
1932 3461 1940 3474 ‚
1967 3439 1997 3469 &
2010 3436 2178 3470 robustum
2193 3459 2202 3474 ‚
2219 3448 2274 3471 aut
2286 3445 2368 3471 certe
2380 3433 2419 3467 ad

1409 3482 1550 3514 actiones
1574 3492 1663 3523 aeque
1676 3480 1828 3514 idoneum
1843 3507 1850 3514 .
1873 3482 1917 3514 Et
1929 3483 2059 3515 inventa
2085 3480 2218 3521 quidem
2230 3479 2270 3514 est
2290 3492 2324 3513 ea
2348 3488 2418 3518 pars

1415 3526 1504 3557 nervi
1520 3535 1592 3566 quae
1605 3525 1638 3556 in
1654 3523 1755 3556 ττειᾶυ
1769 3525 1828 3558 illo
1840 3524 1953 3557 eodem
1965 3531 2032 3556 erat
2044 3544 2054 3560 ,
2067 3525 2176 3565 inquo
2188 3524 2328 3557 diximus
2342 3522 2419 3553 Bra-

1414 3568 1551 3601 chialem
1567 3569 1715 3601 arteriam
1727 3566 1877 3607 defuisse,
1901 3569 1934 3601 in
1947 3567 2141 3610 praegrandis
2153 3567 2271 3609 gangsii
2285 3564 2418 3638 moldum

2259 3620 2332 3651 amp
2348 3618 2375 3639 i-

422 3765 429 3776 ‘
450 3764 464 3786 b
482 3762 570 3805 ζςεξῖ.4
586 3770 604 3787 1.
622 3763 682 3788 obs.
697 3771 735 3794 7²·

425 3795 438 3820 s,
453 3802 469 3818 n
488 3807 500 3821 χ
517 3794 609 3818 Dissert.
626 3795 653 3819 de
670 3793 781 3823 stupendo
798 3792 943 3823 Aneurysm.
959 3792 983 3817 ἃ
999 3797 1053 3817 caet.

796 3761 806 3791 (
823 3763 833 3786 Ι
851 3762 859 3789 )
875 3764 1017 3786 Commert.
1035 3761 1124 3787 Litter.
1141 3763 1172 3785 A.
1194 3768 1257 3789 ¹734-
1276 3758 1354 3783 Hebd.
1373 3761 1410 3788 36.
1427 3766 1452 3783 n.
1469 3766 1494 3782 2.

1118 3791 1131 3820 ζ
1146 3800 1158 3815 o
1175 3791 1190 3820 2
1206 3791 1259 3815 Aci.
1277 3791 1310 3814 N.
1329 3791 1355 3814 C.
1372 3791 1449 3813 Tom.
1466 3790 1488 3814 8.
1504 3787 1563 3812 Obs.
1585 3791 1634 3812 1²6.

1554 3757 1564 3785 (
1583 3764 1608 3781 m
1627 3757 1640 3785 )
1660 3759 1738 3781 Mern-
1755 3757 1783 3780 de
1801 3757 1899 3781 l‘Acad.
1920 3760 1948 3780 R.
1965 3757 2007 3781 des
2021 3758 2061 3781 Se.
2079 3759 2110 3781 Α.
2128 3762 2194 3785 ¹733-
2210 3757 2232 3780 ει
2252 3758 2319 3785 ¹73⁶-

1698 3788 1706 3817 (
1726 3795 1742 3818 p
1759 3788 1773 3815 )
1789 3788 1848 3812 Hrst.
1865 3796 1887 3811 ².
1905 3787 2049 3817 Aneurysm.
2066 3787 2129 3811 fflst.
2146 3794 2166 3811 ι.
2229 3787 2243 3815 ζ
2261 3795 2275 3816 q
2292 3788 2304 3815 )
2322 3795 2347 3811 n.
2365 3788 2388 3811 8.
