2498 4075
403 235 406 239 ’
446 244 669 313 Epistola
712 248 872 300 Anat.
909 244 1120 299 Medica
1155 246 1249 298 iv.
1289 244 1407 298 Art.
1447 261 1526 307 ις.
1561 248 1617 300 <sc
1650 247 1729 299 26.

67 323 173 357 bican's
189 347 196 354 .
222 325 360 366 Hepatis
384 323 480 358 facies
502 334 578 356 cava
602 321 655 355 hic
669 323 738 355 illic
749 335 786 356 ex
797 323 1070 365 rubrolivescens‚

70 367 191 400 limbus
215 368 356 404 lividus,
381 366 549 401 substantia
570 367 676 399 omnis
701 368 807 400 multo
841 369 941 409 magis
975 379 1071 410 quam

68 422 124 453 par
145 409 207 450 fit,
230 410 378 453 scalpello
402 409 554 443 resistens.
686 410 849 444 Thoracis
871 422 984 444 cavum
1008 410 1073 444 fer-

70 465 119 486 me
143 463 252 487 totum
276 455 441 496 pulmones
464 451 638 494 implebant
650 453 1073 497 turgidi,&gi·aves,·mul-

71 505 107 530 to
131 498 236 530 minus
260 506 364 530 tamen
388 507 518 538 graves,
549 508 646 538 quam
678 497 800 537 turgidi
824 509 834 535 ς
868 509 939 530 nam
971 508 1072 530 aerem

68 539 198 583 quidem
223 540 416 582 plurimum,
441 538 539 571 serum
564 550 629 572 non
656 539 830 581 plurimum
844 540 1070 574 continebant:

67 585 177 627 itaque
201 584 339 616 mollitie
360 591 470 621 erant,
493 584 524 614 δε
549 583 654 615 colore
665 583 822 616 naturali.
839 586 876 616 In
891 583 1070 626 pericardio

68 626 251 661 subcruenti
273 626 329 659 seri
354 624 523 659 mediocris
546 626 642 668 copia
663 650 670 657 .
706 628 744 660 In
778 625 885 659 cordis
917 627 1033 660 sinibus
1053 651 1067 668 ,

69 669 243 709 auriculis,
266 668 342 701 valis
365 668 448 701 nihil
472 669 604 711 usquam
629 668 799 712 polypofi5
825 669 874 702 sed
885 672 962 703 utin
977 680 1067 704 utro-

66 726 128 758 que
153 711 353 750 ventriculo,
375 714 407 744 &
433 713 614 745 Pulmonari
640 714 777 752 arteria,
799 715 831 745 ἃ
863 714 967 746 Aorta
1000 714 1067 747 san-

67 758 198 799 guinem
221 755 501 800 animadvertimus
526 756 661 789 omnino
685 755 840 789 fluidum.
866 758 978 789 Aoi-tae
1012 769 1067 791 au-

69 810 136 834 tem
157 799 262 840 statim
286 799 378 840 supra
400 799 456 831 cor
480 799 634 832 diameter
657 798 721 831 visa
755 798 797 832 est
828 801 965 833 naturali
1001 812 1068 833 ma-

67 844 138 887 jor.
176 866 177 869 =
271 843 452 884 Antequam
473 844 630 876 Craniurn
656 842 831 882 secaretur,
853 855 922 885 quae
958 852 1068 877 natura

66 888 162 926 1ffet‚
187 888 217 918 ὃ(
239 897 309 927 quae
332 886 506 926 penitiores
525 887 662 919 tumoris
686 887 774 919 illius
785 885 890 926 sedes,
913 885 1004 929 cujus
1016 898 1069 920 ex-

67 933 197 964 teriores
221 928 387 969 descripsi,
411 928 579 970 quaelitum
602 929 664 962 est.
693 930 816 962 Parotis
838 929 1067 971 glandulaipsa

67 983 131 1007 erat
155 974 300 1014 integra,-
324 971 511 1005 membrana:
536 981 662 1006 tantum
684 984 753 1015 quae
779 972 879 1012 hanc,
902 975 933 1005 «Sc
958 974 1067 1014 proxi-

66 1029 134 1051 mas
157 1015 339 1057 integebant
363 1025 488 1057 partes,
511 1015 686 1058 praesertim
709 1027 786 1047 vero
809 1014 950 1057 adiposae
969 1038 978 1053 ‚
1013 1015 1071 1049 sta-

65 1069 181 1104 gnante
202 1060 236 1091 in
260 1060 300 1092 iis
325 1058 393 1091 sero
417 1059 604 1100 turgebant:
629 1060 762 1100 Sanguis
784 1069 858 1091 vero
882 1061 914 1091 δε
938 1058 1000 1099 ipse
1014 1059 1072 1092 sta-

66 1100 188 1143 anans,
211 1104 301 1140 imo,
323 1111 359 1136 ut
381 1100 568 1142 videbatur,
605 1102 690 1145 quasi
724 1099 839 1135 effusus
856 1124 870 1141 ,
902 1102 1073 1143 posteriora

66 1143 244 1191 pharyngis
258 1169 270 1185 ,
295 1145 430 1188 aliasque
453 1147 621 1179 interiores
643 1144 718 1178 colli
732 1153 834 1188 partes
844 1145 1069 1180 maculaverat.

67 1194 148 1227 Quae
172 1201 246 1223 cum
270 1188 440 1227 vidiss'em3
464 1190 556 1222 innui
571 1190 768 1228 Santorino,
791 1198 827 1222 ut
849 1188 1068 1231 pharyngem‚

66 1235 276 1275 arteriamque
300 1232 699 1275 Asperamcumlarynge,
722 1232 909 1274 annexisque
932 1235 1072 1273 particu-

64 1279 106 1312 lis
129 1289 145 1310 e
168 1275 315 1309 cadavere
339 1279 516 1315 eximeret,
540 1284 575 1309 ut
600 1275 666 1309 haec
702 1286 830 1318 quoque
860 1277 1071 1319 contempl-ari

64 1319 246 1364 possemus.
269 1318 457 1362 Conspeffme
481 1320 584 1361 igitur
606 1317 902 1358 suntmembranae,
925 1320 1074 1360 quaelin-

65 1376 135 1408 guae
160 1362 320 1403 radicem,
341 1362 508 1403 tonsillas,
534 1364 566 1395 &
590 1364 779 1396 exteriorem
805 1361 944 1404 undique
967 1363 1075 1405 laryn-

64 1419 137 1451 gem
162 1405 384 1445 convestiunt,
407 1407 496 1439 lento
507 1404 723 1439 subflavosero
735 1405 912 1447 plurimum
933 1406 1072 1449 turgidae

65 1451 107 1484 fic
131 1460 267 1490 tamen,
283 1459 319 1482 ut
342 1449 479 1482 tonsillae
504 1448 600 1491 ipsae‚
625 1451 658 1482 &
679 1448 840 1483 canalium
862 1459 940 1490 quos
951 1460 1072 1484 memo-

64 1495 229 1533 ravimus,
251 1493 404 1526 interiora
429 1492 597 1525 secundum
620 1501 766 1526 naturam
790 1492 818 1525 se
839 1489 1072 1527 haberent.Ea

65 1538 144 1571 dum
166 1538 338 1574 eximeret,
357 1536 527 1580 Jugulares
551 1536 690 1569 Internae
713 1546 796 1568 venae
821 1535 969 1577 sanguine
1002 1536 1072 1579 plu-

65 1582 153 1614 rimo
175 1580 317 1614 dillentae
342 1586 549 1621 apparuerant
563 1603 570 1608 .
597 1579 744 1611 Calvaria
770 1580 886 1612 interea
901 1590 915 1610 a
930 1578 1071 1614 Chirur-

63 1636 108 1666 go
131 1623 300 1666 adaperta,
323 1621 391 1654 vasa
415 1621 529 1654 itidem
552 1621 696 1661 cerebri,
719 1632 753 1654 ac
777 1622 919 1655 cerebelli
946 1622 1074 1665 superfi-

64 1669 149 1701 ciem
173 1666 334 1705 tenentia,
357 1675 414 1697 nec
437 1665 521 1698 secus
546 1676 616 1708 quae
641 1664 734 1706 supra
755 1665 923 1699 Callosum
955 1677 1073 1708 corpus

66 1710 237 1750 seruntur,
262 1707 445 1750 turgidiora
467 1719 565 1751 quam
589 1707 734 1748 soleant,
758 1717 883 1750 reperta
897 1708 1075 1745 suntasan÷

64 1755 162 1797 guine
185 1754 237 1786 hic
261 1762 388 1796 quoque
412 1751 537 1789 fluido3
561 1760 596 1785 ut
611 1750 838 1785 nihilomnino
849 1752 1073 1797 concretisan·

64 1798 174 1840 guinis
198 1798 232 1829 in
257 1804 328 1828 tota
353 1794 413 1828 hac
437 1795 574 1828 sefflone
596 1794 802 1837 conspeetum
825 1795 881 1828 sit.
909 1797 1000 1839 Aqua
1016 1809 1070 1830 au-

63 1849 131 1874 tem
153 1838 336 1882 obviass'fuit
359 1838 416 1872 sub
441 1839 549 1872 Tenui
572 1839 742 1880 meninge,
776 1850 845 1881 quae
870 1837 964 1872 facile
997 1851 1072 1883 pro-

64 1893 169 1927 pterea
215 1878 444 1916 detrahebatur
471 1906 480 1922 ,
518 1892 572 1914 nec
615 1892 712 1923 pauca
750 1882 783 1913 in
808 1883 1017 1922 ventriculis,
1041 1886 1074 1917 δε

63 1929 168 1961 multa
213 1927 250 1959 de
285 1925 499 1959 vertebrarum
543 1923 624 1957 tubo
655 1924 807 1959 effluebat
830 1950 836 1956 .
863 1927 901 1958 In
927 1926 1073 1968 plexibus

63 1969 286 2004 Choroidibus
328 1967 468 2002 veliculae
512 1977 600 2001 erant
625 1966 762 2010 majores
787 1969 954 2011 aliquanto
977 1981 1074 2012 quam

65 2014 181 2057 saepius
220 2011 330 2047 videi-e
370 2012 591 2045 consuevimus
626 2036 631 2042 .
681 2011 744 2052 Ipsi
788 2021 893 2044 tamen
941 2014 1074 2046 minime

64 2057 199 2097 albidi,
231 2067 286 2089 nec
319 2055 470 2092 cerebri,
501 2065 556 2089 aut
587 2054 734 2088 cerebelli
767 2054 937 2089 substantia
969 2056 1075 2092 flacci-

64 2101 135 2140 da;
160 2099 211 2132 sed
245 2099 349 2139 reeta
383 2110 456 2132 narn
489 2097 610 2141 &ipse
643 2098 758 2141 digitis
783 2108 906 2132 tentare
954 2101 1068 2139 volui,-

65 2143 257 2179 constituta.

109 2199 161 2230 25.
184 2189 282 2221 Hunc
305 2187 475 2229 egovirum
487 2209 496 2224 ,
509 2185 566 2219 nisi
579 2186 716 2219 moriens
729 2185 856 2219 locutus
870 2185 942 2219 esset
955 2209 963 2224 ‚
978 2198 1077 2230 neque

65 2233 150 2266 ullos
173 2232 207 2264 in
231 2230 296 2273 ipsa
321 2239 423 2263 morte
448 2228 619 2270 respirandi
637 2238 769 2261 conatus
780 2228 985 2268 ostendissem
1010 2230 1078 2264 suf-

65 2275 232 2309 focatione
257 2274 384 2314 potius,
410 2283 505 2315 quam
530 2272 699 2313 apoplexia
713 2270 919 2305 interfeftum
933 2273 1073 2307 censuis-

67 2318 151 2352 sem.
177 2319 213 2349 In
237 2316 305 2358 ejus
329 2314 512 2349 dissectione
535 2314 641 2353 mihi,
665 2323 700 2347 ut
725 2313 782 2354 fit,
805 2316 893 2348 venit
919 2317 951 2348 in
983 2328 1072 2349 men-

68 2372 134 2395 tem
158 2357 355 2393 diffectionis
379 2359 507 2391 alterius
530 2358 611 2397 viri,
641 2368 736 2398 quam
761 2357 864 2399 aliqua
903 2370 941 2391 ex
978 2370 1068 2401 parte

67 2415 134 2439 non
159 2402 338 2437 diffimilem
373 2402 525 2434 Bononiae
559 2409 629 2433 ante
655 2399 757 2439 duos,
780 2399 879 2434 tresve
903 2402 976 2433 illos
1014 2415 1068 2436 an-

69 2459 128 2481 nos
153 2446 344 2485 habueram,
367 2442 516 2487 praesente
539 2444 592 2475 (ΣΙ.
626 2444 710 2475 Viro
735 2442 862 2486 Jacobo
896 2445 1071 2479 Bartholo-

67 2502 151 2525 maeo
174 2490 348 2528 Beccario,
372 2497 454 2520 nunc
476 2488 508 2518 in
534 2483 724 2519 Bononiensi
757 2495 827 2518 tum
860 2488 1039 2529 Gymnasio
1064 2514 1072 2527 ‚

68 2544 140 2568 tum
165 2532 309 2566 Instituti
335 2531 546 2564 Scientiarurn
569 2529 745 2562 Academia
772 2528 970 2567 Profeslbre.
1003 2534 1072 2566 imo

69 2577 164 2619 hujus
189 2574 317 2609 Praeside
342 2572 560 2609 meritiffimo,
585 2572 769 2605 consecante
794 2582 900 2607 autem
938 2576 1071 2610 Medico

70 2622 190 2663 pariter
214 2616 494 2660 Experientiffimo
516 2615 903 2661 Heraclito-Maiifiedio
917 2640 926 2655 ‚
949 2621 1004 2660 qui
1038 2622 1071 2653 in

69 2663 277 2698 Nosocomio
301 2664 331 2694 S.
355 2661 470 2693 Mariae
494 2660 531 2692 de
554 2660 664 2692 Morte
689 2661 806 2693 summa
818 2659 1012 2704 diligentia,
1037 2676 1071 2697 ac

69 2709 137 2750 pari
163 2705 253 2739 laude
278 2703 455 2738 Alsistentis
468 2703 591 2736 Medici
617 2714 728 2738 munus
752 2712 828 2736 tunc
850 2705 997 2746 gerebat.
1025 2708 1074 2740 Si-

72 2751 140 2785 mul
164 2762 202 2782 eo
226 2759 366 2790 tempore
391 2758 451 2790 pro
475 2748 639 2780 communi
665 2745 838 2781 Medicinae
872 2747 976 2782 studio
995 2771 1004 2786 ,
1041 2752 1073 2783 &

70 2803 187 2827 mutuo
208 2794 291 2825 inter
314 2802 370 2825 nos
394 2802 501 2824 amore
522 2799 710 2833 aegrotantes
743 2789 919 2824 visebamus
940 2815 952 2832 ,
982 2791 1071 2827 simul

71 2849 142 2880 quae
166 2837 200 2868 in
225 2843 426 2868 mortuorum
449 2833 635 2875 corporibus
660 2834 738 2866 vitia
764 2834 921 2874 laterent,
953 2847 1073 2878 quaere--

73 2881 207 2917 bamus;
233 2888 268 2911 ut
291 2880 323 2910 in
347 2879 497 2911 omnibus
522 2875 586 2909 fere
609 2888 685 2919 quas
709 2888 724 2908 a
750 2888 798 2909 me
825 2880 857 2910 in
892 2890 928 2911 eo
962 2879 1069 2912 Nolo-

75 2924 186 2956 comio
210 2920 376 2954 adnotatas
400 2920 456 2954 esse
480 2919 633 2957 historias,
647 2920 744 2959 dico,
769 2921 864 2953 velim
888 2920 968 2955 duos
1000 2923 1073 2957 illos

73 2965 259 2999 Praestanres
283 2965 381 2998 Viros
415 2964 560 2997 laborum
583 2975 727 2998 meorum
751 2974 816 2997 non
841 2963 928 2998 testes
952 2966 1073 3007 modo,

73 3009 126 3044 sed
149 3012 180 3042 δέ
204 3007 308 3041 socios
331 3006 443 3048 fuisse,
467 3008 625 3050 intelligas
640 3032 647 3039 .

119 3055 170 3085 26.
194 3052 441 3085 AGRICOLA
468 3050 626 3085 annosad
637 3050 850 3094 quadraginta
866 3060 982 3094 natus,
996 3054 1080 3087 mul-

75 3098 142 3136 tis,
167 3093 424 3136 acerbissimisque
451 3121 460 3136 ‚
493 3095 537 3127 ob
571 3105 665 3137 grave
695 3093 946 3137 infortunium,
980 3098 1078 3130 animi

76 3137 369 3184 perturbationibus
393 3136 541 3178 affluas,
564 3139 699 3181 denique
724 3137 779 3171 sub
803 3139 934 3172 initium
969 3140 1078 3174 menfis

77 3182 265 3219 Decembris
288 3182 330 3213 A.
359 3190 448 3222 1705.
476 3182 514 3213 ab
538 3183 668 3216 ardente
691 3181 776 3215 febre
800 3190 976 3224 occupatus
998 3209 1010 3225 ,
1044 3186 1077 3218 in

77 3226 159 3260 illud
179 3224 266 3269 quod
291 3222 390 3257 modo
410 3223 501 3263 dixi,
524 3225 761 3259 Nosocomium
786 3235 928 3268 receptus
952 3226 1077 3262 fuerat.

78 3269 153 3303 Post
175 3270 298 3311 aliquot
321 3267 387 3301 dies
411 3267 516 3307 calor,
540 3272 572 3301 Sc
594 3270 711 3310 linguae
734 3268 854 3302 siccitas
879 3268 944 3302 sese
969 3274 1081 3306 remit..

77 3322 143 3347 tere
164 3311 228 3345 visa
253 3311 344 3345 sunt.
370 3312 515 3354 Contra,
539 3313 681 3350 arteriae,
705 3324 776 3355 quae
799 3313 838 3345 ab
870 3313 970 3345 initio
1002 3315 1084 3348 mol-

77 3358 121 3391 les
143 3354 289 3394 fuerant,
314 3357 345 3388 8,γ
370 3355 428 3386 alia
454 3356 487 3386 vi
508 3355 540 3386 in
564 3356 635 3389 aliis
657 3357 892 3398 pulsationibus
916 3357 944 3389 le
957 3358 1084 3391 attolle-

78 3401 155 3434 bant
173 3423 186 3440 ,
208 3398 256 3431 vel
282 3398 383 3440 magis
406 3398 603 3440 inaequaliter
626 3399 839 3433 movebantur
855 3426 862 3431 .
886 3400 974 3432 Ante
997 3402 1085 3435 diem

76 3445 174 3478 XVI.
201 3442 275 3475 Kal.
295 3442 460 3487 Januarias
486 3451 572 3474 mane
595 3441 700 3485 pulsus
724 3453 812 3476 erant
824 3441 968 3486 pejores,
992 3454 1085 3488 atque

79 3486 289 3520 humiliores.
317 3485 444 3525 Oculi,
467 3484 554 3527 quod
571 3486 658 3519 ‘inter
682 3487 776 3519 initia
800 3498 928 3530 quoque
953 3487 1086 3521 adnota-

78 3540 151 3564 tum
174 3528 299 3567 fuerat,
325 3527 405 3566 fixi,
422 3537 516 3571 atque
541 3530 676 3562 intenti.
702 3531 782 3562 Sitis
807 3531 927 3572 pai-iter
964 3542 1084 3573 perma-

78 3574 192 3607 nebat.
216 3573 339 3606 Verum
362 3580 474 3614 praeter
499 3571 577 3605 hanc
588 3595 601 3612 ,
626 3573 711 3606 nulla
736 3574 794 3606 alia
817 3573 855 3606 de
879 3585 910 3605 re
934 3576 1083 3615 quereba-

79 3626 153 3651 tur.
181 3617 272 3655 Quin
297 3627 370 3648 cum
393 3614 581 3658 singillatim
605 3616 881 3659 interrogaretur,
904 3618 1085 3653 intCl'rlussse

79 3661 192 3700 calor,
214 3670 252 3692 an
276 3659 356 3702 quid
379 3668 527 3702 praeterea
552 3659 585 3691 in
609 3660 732 3701 capite,
748 3661 781 3693 in
794 3659 943 3696 thorace,
967 3662 999 3694 in
1012 3673 1087 3694 ven-

80 3712 155 3745 tre,
180 3713 217 3735 an
240 3704 371 3745 usquam
396 3702 472 3735 alibi
498 3702 662 3736 molestum
696 3703 769 3737 esset
789 3727 801 3743 ,
832 3705 960 3746 negavit
987 3717 994 3736 .·
1029 3707 1082 3737 vix

83 3756 179 3789 caput
202 3745 352 3779 nonnihil
377 3745 477 3778 videri
502 3757 619 3788 grave,
641 3745 752 3787 tarda,
776 3757 809 3779 ac
834 3746 978 3780 submissa
1000 3772 1013 3788 ‚
1047 3757 1082 3780 ut

83 3789 221 3826 solebat,
246 3800 347 3829 voce,
371 3789 421 3822 sed
444 3799 550 3822 tamen
572 3789 754 3831 explicata,
776 3800 831 3822 nec
857 3801 947 3825 rauca
966 3813 975 3829 ,
1011 3789 1082 3825 sub-

173 3834 336 3875 Morgagni
347 3833 381 3866 de
391 3834 457 3867 Sed.
469 3833 511 3866 Θ
522 3832 609 3875 Caus.
621 3832 722 3865 Morb.
736 3833 835 3866 Tom.
850 3835 877 3866 1.

1121 322 1198 367 jecit
1219 347 1226 354 .
1249 322 1409 357 Nondum
1432 333 1497 357 erat
1520 323 1676 358 semihora
1699 334 1738 357 ex
1759 322 1901 366 quohaec
1915 321 2127 365 responderat,

1122 378 1194 400 cum
1219 365 1328 399 subito
1349 378 1417 399 ecce
1440 370 1524 400 inter
1536 365 1708 400 bibendum
1720 378 1852 410 aquam,
1876 367 2127 409 aMedi'c0p1·ae-

1122 409 1293 450 scriptam,
1318 421 1379 451 qua
1404 422 1481 452 aqua
1504 413 1536 444 δε
1559 410 1670 444 diebus
1694 409 1907 451 superioribus
1922 411 1970 442 uti
1994 410 2127 444 consue-

1122 462 1207 485 verat
1223 479 1230 492 ‚
1254 452 1312 486 sub
1336 453 1554 487 ministrorum
1579 454 1681 486 oculis
1706 451 1972 485 surlumretracto
1987 452 2126 496 superio-

1124 507 1154 529 re
1177 496 1269 528 labro
1292 497 1448 529 moritur.
1475 498 1527 530 Ad
1553 497 1669 531 horum
1693 496 1865 529 clamorem
1882 495 2049 530 confestim
2072 507 2127 529 ac·-

1121 541 1280 572 curritur.
1306 540 1345 572 In
1368 540 1488 573 calente
1511 539 1614 574 adhuc
1636 550 1770 581 corpore
1792 549 1901 571 omnes
1927 538 2043 581 ubique
2055 540 2127 582 pul-

1121 582 1211 616 suum
1236 580 1341 619 sedes,
1366 582 1389 615 fi
1413 582 1489 625 quid
1515 583 1598 616 forte
1621 585 1697 616 vitae
1722 580 1885 628 superesset
1911 604 1922 620 ,
1956 580 2126 624 diligenter

1119 634 1302 663 tentantur3
1327 624 1378 658 sed
1403 625 1575 659 incassum:
1601 625 1702 660 homo
1725 636 1788 667 jam
1814 626 1938 666 penitus
1961 636 2025 670 erat
2039 637 2125 659 mor-

1119 679 1210 703 tuus.
1346 670 1592 703 VENTREM
1623 667 1773 712 postridie
1803 679 1875 701 cum
1910 666 2090 700 disiecarem
2113 692 2126 709 ‚

1118 714 1151 745 in
1175 724 1213 745 eo
1236 713 1401 755 aliquanto
1424 713 1494 755 plus
1526 713 1669 746 humoris
1695 710 1925 750 animadverti,
1949 722 2043 752 quam
2074 711 2126 756 so-

1119 757 1160 788 let
1180 769 1189 786 .-
1212 765 1377 789 omentum
1401 767 1508 790 autem
1532 755 1653 789 sursum
1677 756 1722 788 ita
1744 755 1944 788 contrac‘tum
1966 777 1973 791 ‚
1999 765 2033 787 ut
2069 755 2124 787 sub

1119 799 1273 833 costarum
1296 798 1487 833 sinistrarum
1511 799 1628 841 angulo
1660 797 1786 839 prorsus
1821 798 1932 831 lateret
1956 822 1961 828 .
1998 797 2126 831 Intesti-

1120 854 1194 875 nuni
1223 854 1297 875 vero
1320 842 1428 876 Colon
1453 855 1514 886 qua
1541 853 1627 885 parte
1652 842 1680 875 se
1702 840 1830 874 demum
1856 841 1980 881 Ηεέὶίῑ,
2004 851 2124 875 utcum

1119 887 1222 919 Recto
1243 887 1494 927 committatur,
1516 896 1587 918 ante
1612 886 1715 918 Ileum
1731 908 1744 924 ,
1767 884 1821 918 sub
1844 897 1907 927 quo
1931 885 2005 917 alias
2017 884 2129 917 condi-

1119 939 1192 968 tur,
1216 931 1262 962 ita
1286 929 1468 971 prostabar,
1492 939 1527 964 ut
1550 931 1583 962 in
1609 928 1716 961 medio
1739 927 1835 960 ferme
1859 926 1921 961 oll‘a
1945 927 2009 969 ipsa
2036 928 2129 970 pubis

1117 973 1318 1013 contingeret
1339 998 1348 1011 ,
1371 972 1539 1015 vesicaeque
1558 998 1564 1011 ‚
1590 984 1659 1014 qum
1684 972 1765 1003 lotio
1787 982 1852 1003 erat
1877 972 1982 1012 plena,
2012 969 2130 1004 infide-

1125 1024 1192 1047 iet.
1220 1017 1407 1049 Exteriores
1430 1016 1572 1049 intestini
1593 1014 1702 1059 Jejuni
1737 1017 1853 1047 tunic-<e
1889 1015 2021 1047 maculis
2055 1016 2130 1057 qui--

1122 1057 1253 1092 busdam
1276 1069 1314 1091 ex
1339 1059 1437 1092 rubro
1462 1059 1659 1097 liventibus,
1684 1058 1760 1090 raris
1783 1066 1911 1096 tamen,
1944 1067 2036 1099 atque
2069 1059 2132 1090 mi-

1124 1103 1231 1141 nutis,
1254 1100 1552 1143 distinguebantur,
1574 1113 1612 1133 ex
1635 1101 1775 1143 quibus,
1798 1100 1910 1131 leviter
1935 1101 2130 1141 vulneratis,

1123 1145 1217 1179 fluidi
1242 1144 1400 1186 sanguinis
1423 1146 1558 1188 guttula*
1569 1144 1718 1177 exibant.
1744 1144 1847 1176 Ileum
1861 1154 1935 1175 vero
1946 1141 2134 1177 subrubruin

1123 1197 1209 1228 erat,
1234 1199 1268 1220 ac
1291 1187 1462 1222 subdurum
1485 1189 1611 1221 duobus
1636 1189 1669 1219 in
1692 1187 1797 1224 locis,
1822 1197 1962 1228 quorum
1999 1186 2133 1228 quidem

1123 1231 1215 1264 alteri
1239 1235 1334 1271 (nam
1356 1229 1440 1265 forte
1465 1233 1567 1265 altero
1590 1233 1622 1263 in
1647 1230 1723 1263 loco
1745 1228 1929 1262 intestinum
1961 1228 2136 1263 discindere

1126 1274 1247 1309 oblitus
1269 1274 1363 1313 sum)
1388 1276 1476 1310 ulcus
1500 1275 1622 1309 suberat
1646 1273 1726 1308 duos
1750 1271 1873 1314 digitos
1896 1273 1996 1306 latum
2022 1296 2034 1313 ,
2068 1282 2131 1306 tres

1125 1318 1278 1360 longum,
1300 1319 1386 1362 quod
1410 1320 1498 1351 exesa
1523 1319 1676 1351 interiore
1700 1317 1830 1356 tunica,
1853 1315 1890 1349 ad
1913 1327 2058 1349 carneam
2084 1315 2136 1349 us-

1125 1373 1185 1403 que
1207 1372 1412 1403 pervenerat,
1437 1374 1517 1405 puro
1540 1370 1645 1395 tamen
1669 1358 1735 1394 sinu
1754 1383 1766 1400 ,
1790 1362 1821 1392 δ’
1845 1361 1910 1392 oris
1935 1361 2067 1392 minime
2081 1369 2133 1392 tu-

1124 1406 1306 1439 mentibus.
1334 1407 1373 1439 In
1396 1405 1533 1448 jecinore
1556 1414 1698 1438 extremo
1721 1412 1785 1436 erat
1810 1404 1916 1444 livor,
1940 1403 1990 1436 sed
2005 1404 2137 1449 quinon

1123 1449 1169 1480 ita
1190 1450 1252 1482 alte
1277 1448 1496 1483 descenderet.
1523 1451 1573 1483 De
1597 1448 1665 1489 ejus
1687 1446 1820 1481 vesicula
1846 1469 1854 1483 ,
1896 1458 1965 1489 quae
2000 1447 2133 1479 insolita

1122 1493 1257 1534 quadam
1281 1491 1378 1535 figura
1404 1502 1489 1533 erat,
1511 1492 1610 1525 bilem
1633 1490 1731 1524 effudi
1745 1488 1892 1525 crassam,
1908 1488 2114 1522 &turbidam
2128 1514 2136 1527 ‚

1123 1546 1179 1568 nec
1204 1535 1294 1569 valde
1318 1534 1491 1570 abfimi'lem
1516 1547 1605 1578 aquce
1629 1536 1662 1566 in
1685 1545 1748 1576 qua
1769 1544 1845 1566 caro
1869 1543 1974 1565 recens
1990 1532 2057 1565 lota
2074 1532 2139 1567 est.

1124 1580 1205 1612 Lien
1219 1590 1349 1622 magnus
1360 1590 1424 1612 erat
1437 1604 1449 1619 ,
1473 1583 1505 1613 &
1522 1576 1669 1612 flaccidus
1681 1600 1688 1608 .
1824 1577 1862 1608 In
1874 1575 2026 1609 Thorace
2039 1587 2137 1618 pauca

1124 1623 1278 1665 utrinque
1301 1621 1366 1656 fuit
1391 1635 1471 1666 aqua
1494 1631 1643 1658 cruenta,
1667 1619 1770 1663 qualis
1781 1619 1924 1652 etiamin
1939 1619 2138 1662 pericardio.

1126 1666 1318 1705 Pulmones,
1342 1665 1400 1699 nisi
1423 1666 1511 1709 quod
1534 1663 1703 1709 bronchiis
1725 1663 1798 1705 plus
1820 1662 1918 1704 paulo
1952 1675 2048 1705 quam
2086 1663 2142 1696 so-.

1126 1709 1188 1742 leat
1200 1732 1212 1749 ,
1224 1706 1317 1742 inesse
1330 1708 1475 1744 humoris
1487 1708 1589 1742 visum
1602 1708 1664 1747 est,
1689 1708 1752 1739 iani
1765 1715 1852 1739 erant
1867 1718 1878 1745 ς
1891 1709 2035 1749 quamvis
2049 1708 2138 1749 pleu-

1126 1764 1167 1785 rae
1201 1752 1240 1785 ab
1270 1752 1368 1786 altera
1401 1763 1489 1795 parte
1526 1751 1718 1785 adhaererent
1738 1774 1751 1790 ‚
1784 1752 1816 1783 δε
1848 1751 1887 1782 ab
1910 1758 2042 1792 utraque
2079 1762 2141 1793 po-

1127 1795 1233 1830 sterius
1248 1797 1441 1837 nigricarent
1452 1820 1466 1837 ,
1477 1795 1608 1829 eandem
1622 1794 1768 1828 videlicet
1781 1793 1825 1826 ob
1835 1791 1957 1827 causam
1971 1816 1978 1830 ‚
1991 1794 2034 1826 ob
2044 1805 2140 1836 quain

1127 1841 1264 1874 exterius
1286 1851 1412 1883 quoque
1437 1843 1469 1873 δε
1492 1840 1651 1878 cervices,
1674 1839 1707 1871 δε
1728 1848 1823 1870 omne
1840 1847 1988 1879 tergum,
2013 1840 2042 1870 ἓν(
2066 1838 2139 1869 reli-

1126 1894 1196 1925 quae
1220 1885 1253 1916 in
1276 1894 1351 1926 quas
1375 1882 1505 1916 cadaver
1528 1882 1652 1926 jacebat
1674 1902 1684 1918 ‚
1719 1891 1820 1924 partes
1856 1892 1894 1913 ex
1927 1880 2026 1913 rubro
2059 1892 2139 1924 prae-

1127 1935 1175 1958 ter
1210 1925 1343 1960 modum
1376 1927 1515 1960 livebant
1537 1951 1544 1957 .
1580 1927 1710 1968 Quippe
1744 1923 1871 1965 sanguis
1905 1935 1971 1956 non
2002 1935 2137 1957 concre-

1127 1979 1208 2010 tus,
1240 1981 1304 2002 non
1338 1971 1371 2003 in
1407 1981 1535 2013 grusz
1578 1970 1707 2003 coastus
1739 1992 1752 2008 ,
1796 1966 1847 2001 sed
1888 1968 2025 2000 omnino
2059 1968 2136 2001 ilui-

1124 2012 1183 2047 dus
1208 2015 1240 2045 in
1263 2011 1410 2046 cadavere
1434 2013 1495 2046 linc
1517 2022 1591 2046 toto
1616 2011 1705 2051 fait,
1730 2011 1865 2045 fluidum
1892 2016 1977 2054 enim
1995 2010 2038 2043 de
2062 2012 2138 2045 Ma·

1125 2067 1185 2099 gna
1212 2057 1325 2090 arteria
1349 2067 1445 2099 prope
1469 2056 1593 2099 septum
1618 2053 1849 2089 Transversum
1874 2054 1997 2093 incisa,
2020 2053 2058 2087 de
2081 2066 2137 2088 va-

1128 2099 1166 2133 sis
1187 2111 1255 2142 quae
1280 2101 1313 2132 in
1335 2100 1424 2133 collo
1447 2099 1540 2141 sunt,
1563 2099 1641 2133 dum
1665 2099 1703 2132 ab
1727 2097 1790 2131 hoc
1824 2108 1921 2140 caput
1960 2108 2140 2140 amputare-

1128 2155 1219 2180 mus5
1246 2144 1353 2185 paucis
1376 2142 1584 2186 undecunque
1607 2142 1736 2178 effluere
1750 2141 1912 2176 vidimus:
1940 2141 2140 2185 fluidumque

1131 2186 1193 2219 sine
1218 2187 1281 2218 ulla
1304 2187 1350 2219 vel
1376 2188 1510 2219 minima
1544 2186 1698 2229 polyposa
1733 2186 1939 2221 concretione
1973 2187 2005 2218 in
2040 2186 2136 2219 corde

1130 2229 1209 2272 ipso,
1224 2228 1468 2272 conspeximus,
1491 2229 1578 2273 quod
1603 2228 1855 2264 flaccidiffimum
1868 2227 1956 2269 fuit,
1981 2228 2137 2263 valvulas-

1129 2284 1189 2315 que
1235 2271 1272 2305 ad
1317 2272 1474 2307 sinistrum
1517 2273 1730 2305 ventriculum
1776 2274 1951 2305 attinentes
1970 2297 1983 2313 ,
2023 2284 2134 2307 omnes

1125 2315 1238 2348 habuit
1263 2316 1317 2348 hic
1340 2316 1409 2349 illic
1434 2315 1609 2353 subdums,
1633 2315 1712 2350 licut
1737 2325 1826 2349 antea
1846 2326 1943 2358 quam
1958 2313 2109 2349 oll‘escant
2125 2342 2134 2357 ‚

1124 2359 1243 2392 solent.
1379 2360 1556 2392 Cerebrum
1578 2371 1705 2402 quoque
1728 2359 1817 2392 valde
1841 2359 1950 2391 laxum
1962 2370 2026 2392 erat
2042 2384 2051 2399 ‚
2077 2361 2136 2394 sub

1121 2401 1247 2444 ejusque
1271 2403 1377 2436 Tenui
1403 2405 1548 2444 meninge
1571 2403 1689 2436 alicubi
1713 2401 1860 2443 quaedam
1883 2403 2037 2443 bullulae,
2062 2405 2135 2437 ubi,-

1123 2458 1183 2490 que
1208 2443 1317 2478 mador
1339 2445 1597 2487 conspiciebatur
1618 2469 1625 2475 .
1662 2448 1699 2478 In
1735 2445 1933 2479 Lateralibus
1970 2449 2132 2481 ventricu-

1125 2490 1164 2522 lis
1190 2500 1277 2532 aquae
1302 2487 1495 2522 subcruentae
1519 2500 1582 2521 non
1606 2488 1745 2522 multum
1769 2513 1776 2519 .
1810 2488 1894 2521 vasa
1925 2498 2028 2523 tamen
2063 2503 2134 2533 quae

1125 2544 1180 2576 per
1204 2543 1312 2565 eorum
1339 2530 1521 2565 discurrunt
1546 2533 1681 2575 parietes
1706 2555 1714 2569 ,
1749 2531 1918 2575 plenisque
1952 2533 2011 2574 ipsi
2044 2537 2137 2567 Clio-

1124 2575 1230 2609 roides
1255 2576 1387 2608 minime
1410 2576 1569 2616 pallebant
1593 2600 1600 2606 .
1628 2577 1791 2618 Utrinque
1815 2578 1848 2608 in
1873 2574 2043 2618 posteriore
2068 2580 2138 2620 ple-

1124 2631 1225 2653 xuum
1249 2628 1335 2661 parte
1359 2618 1500 2652 veficulae
1534 2629 1622 2653 erant
1646 2643 1659 2659 ,
1693 2619 1854 2661 pellucido
1887 2619 2019 2653 humore
2064 2632 2133 2656 tur-

1123 2663 1207 2706 gidae
1231 2687 1238 2693 .
1275 2664 1422 2705 Denique
1461 2662 1610 2706 glandula
1646 2664 1819 2696 Pituitaiia
1855 2662 1988 2696 humilis
2022 2664 2099 2698 adeo
2121 2687 2133 2703 ‚

1127 2709 1159 2739 δε
1191 2706 1354 2742 σοηῑῑεξίῑει
1380 2730 1392 2746 ,
1425 2704 1511 2750 quasi
1548 2717 1581 2740 ut
1614 2706 1700 2740 nulla
1733 2704 1788 2739 csse
1832 2706 2020 2740 videretur.
2072 2711 2135 2742 l—li‘s

1125 2751 1172 2783 ita
1204 2748 1384 2792 conspeffls
1406 2776 1414 2791 ‚
1448 2751 1570 2793 placuit
1607 2750 1724 2791 mihi,
1756 2758 1791 2783 ut
1836 2751 1958 2792 (quod
1992 2751 2024 2782 in
2058 2755 2133 2794 qui-

1124 2792 1257 2826 busdam
1302 2793 1486 2837 hujusmodi
1533 2792 1652 2829 casibus
1678 2816 1686 2831 ‚
1731 2795 1763 2826 ἅς
1787 2792 1988 2827 cadaveribus
2013 2793 2097 2828 soleo
2119 2799 2133 2833 )

1125 2838 1291 2879 laryngem
1332 2849 1458 2880 quoque
1483 2861 1494 2877 ‚
1539 2840 1571 2870 δε
1615 2836 1690 2870 huic
1734 2839 1900 2878 proximas
1944 2847 2046 2880 partes
2083 2841 2133 2871 in-

1126 2880 1315 2923 spiceremus
1339 2904 1346 2911 .
1392 2883 1493 2914 Erant
1539 2889 1643 2915 autem
1697 2879 1804 2914 dentes
1860 2880 2007 2915 dentibus
2048 2883 2134 2916 arsi-e

1126 2923 1204 2956 adeo
1231 2947 1244 2963 ,
1275 2927 1308 2957 δε
1341 2925 1479 2957 valenter
1509 2923 1666 2957 coinmilli
1690 2926 1709 2963 ,s
1733 2934 1769 2957 ut
1803 2936 1866 2957 non
1900 2924 1963 2957 sine
1988 2927 2128 2959 maxima

1127 2969 1159 3000 vi
1180 2991 1189 3006 ,
1224 2967 1417 3009 summisque
1449 2967 1618 3000 conatibus
1640 2967 1789 3001 diducere
1813 2970 2032 3011 potuerimus,
2057 2980 2137 3003 cusu

1131 3021 1252 3044 caeterae
1287 3009 1418 3053 quidem
1460 3019 1562 3053 partes
1601 3013 1734 3053 minime
1777 3011 1889 3053 rigidae
1914 3037 1923 3052 ,
1963 3014 2134 3045 intentaeve

1131 3052 1227 3087 essent
1251 3078 1260 3093 ,
1305 3065 1402 3097 neque
1443 3064 1555 3096 prseter
1596 3054 1737 3104 superius
1779 3056 1902 3089 labrum
1925 3077 1934 3092 ‚
1977 3056 2064 3099 quod
2099 3058 2134 3088 in

1133 3099 1286 3131 moriente
1310 3120 1322 3136 ,
1356 3107 1391 3131 ut
1425 3096 1514 3140 supra
1538 3122 1550 3138 ,
1586 3098 1705 3133 sursum
1738 3100 1913 3133 retrat‘tum
1938 3099 2133 3132 animadver-

1132 3150 1235 3174 terant
1259 3164 1271 3180 ,
1303 3141 1365 3173 ulla
1406 3141 1465 3173 alia
1500 3151 1573 3174 nota
1609 3140 1795 3184 apparuisset
1818 3165 1831 3182 ,
1863 3154 1932 3185 quae
1965 3143 2135 3176 distentio-

1130 3195 1202 3218 nem
1259 3195 1428 3217 nervorum
1473 3183 1660 3226 significaret
1685 3210 1693 3217 .
1740 3187 1806 3219 Ore
1852 3196 1953 3219 autem
1998 3186 2134 3229 denique

1131 3238 1240 3272 aperto
1261 3251 1271 3266 ‚
1307 3229 1448 3270 primum
1480 3229 1513 3260 in
1545 3228 1748 3272 conspeetum
1785 3231 1873 3261 venit
1903 3239 2011 3261 tumor
2032 3253 2044 3270 ,
2075 3240 2136 3263 nu-

1133 3276 1163 3306 ci
1196 3270 1340 3314 juglandi
1376 3270 1475 3304 ferme
1504 3282 1561 3314 par
1582 3296 1595 3313 ,
1629 3274 1685 3315 qui
1717 3273 1878 3307 dexteram
1919 3273 2017 3314 palati
2064 3284 2134 3315 par-

1135 3328 1201 3350 tem
1225 3339 1236 3355 ,
1280 3326 1341 3357 qua
1388 3314 1519 3349 molaris
1564 3316 1640 3350 dens
1674 3326 1740 3349 erat
1770 3316 1944 3357 plurimum
1977 3317 2134 3358 vitiatus,

1136 3361 1169 3394 &
1212 3357 1316 3391 exesus
1341 3380 1349 3394 ‚
1393 3369 1468 3391 cnm
1510 3364 1694 3393 continente
1737 3360 1869 3401 gingiva
1914 3361 2086 3402 occupabat
2122 3385 2133 3400 ,

1136 3408 1168 3437 ὃ(
1202 3413 1277 3444 pure
1298 3426 1311 3442 ,
1344 3413 1381 3434 ex
1415 3411 1501 3443 parte
1533 3405 1630 3437 coeco
1652 3426 1663 3442 ,
1696 3402 1873 3441 tui-gebat.
1911 3405 2010 3436 Porro
2033 3414 2131 3436 mem-

1136 3448 1232 3480 brana
1255 3457 1315 3488 qua
1339 3445 1453 3484 uvula‚
1478 3450 1510 3479 &
1533 3448 1691 3488 contiguae
1716 3456 1818 3487 partes
1840 3470 1854 3487 ,
1876 3456 1970 3488 atque
1993 3448 2132 3479 exterior

1136 3492 1251 3533 larynx
1273 3487 1312 3522 ad
1334 3498 1511 3523 extremum
1547 3491 1640 3531 usque
1671 3489 1875 3531 epiglottidis
1905 3490 2024 3531 apicem
2057 3501 2135 3523 con-

1138 3541 1288 3576 teguntur
1310 3555 1322 3572 ,
1359 3541 1430 3565 cum
1453 3535 1487 3566 in
1511 3534 1635 3567 summo
1658 3533 1757 3566 livida
1781 3543 1870 3573 erat,
1903 3541 1973 3565 tuin
2004 3533 2133 3567 concisa

1134 3579 1313 3610 innumeras
1335 3575 1417 3617 quafi
1441 3577 1569 3611 cellulas
1593 3576 1648 3610 sub
1671 3575 1699 3608 se
1722 3575 1858 3619 ostendit
1881 3599 1894 3615 ,
1925 3587 2061 3617 quarum
2084 3587 2133 3611 te-

1136 3631 1212 3654 nues
1234 3643 1243 3656 ‚
1276 3622 1307 3652 &
1340 3618 1486 3654 subrubri
1519 3621 1653 3665 parietes
1684 3619 1842 3662 quadarn,
1867 3629 1901 3653 ut
1924 3619 1965 3651 fic
1987 3619 2091 3654 dicam
2115 3645 2129 3662 ,

1139 3663 1272 3696 aelatina
1312 3662 1439 3696 cellulas
1482 3664 1662 3707 complente
1686 3687 1694 3701 ‚
1726 3662 1980 3697 distendebantur
2005 3688 2012 3695 .
2047 3665 2131 3704 Qiae

1134 3689 1188 3739 his
1211 3706 1335 3738 cellulis
1359 3705 1525 3748 suberant,
1548 3720 1581 3740 ea
1605 3705 1735 3749 quidem
1759 3706 1828 3740 sana
1852 3707 2040 3749 apparebant
2065 3721 2075 3747 3
2099 3717 2131 3741 at

1137 3750 1273 3782 interior
1295 3758 1399 3782 tamen
1423 3751 1563 3793 laryngis
1597 3750 1693 3782 facies
1715 3748 1871 3784 subrubro
1894 3751 2001 3784 colore
2034 3763 2132 3794 prope

1134 3792 1306 3836 glottidem
1338 3792 1457 3828 infesta
1486 3804 1551 3828 erat
1579 3819 1588 3835 ‚
1631 3792 1759 3835 ipsaque
1803 3795 1953 3838 glottidis
2001 3795 2098 3828 latera
2121 3819 2134 3836 ‚

2024 3850 2092 3881 qua:
