2498 4075
407 104 497 174 ηε

339 249 891 323 EPISTOLA
959 254 2383 335 ANATOMICO-MEDICA,XV1.

461 393 661 459 Agitur
706 393 772 444 de
811 388 1170 455 Respiratione
1205 390 1347 444 Laesa
1381 408 1412 443 a
1447 391 1604 446 caufis
1653 393 1791 444 intra
1822 395 2101 447 thoracem
2132 435 2148 457 ,
2201 396 2255 446 &

704 460 941 524 primum
975 459 1042 508 ab
1075 456 1259 520 hujus,
1292 469 1383 509 aut
1415 456 1697 511 Pericardii
1732 457 2027 524 Hydrope.

425 631 474 665 sed
498 642 583 664 extra
608 631 770 672 pulmones
793 627 859 662 fitae
883 651 892 666 ‚
917 627 1057 661 officiant
1081 629 1301 671 Respirationi
1325 654 1334 669 ,

424 674 605 708 videamus.
631 674 754 708 Earum
779 672 968 714 praecipuae,
991 673 1022 705 ἆ
1048 672 1160 714 saepius
1180 684 1277 715 quarn
1300 684 1333 705 a·

327 719 414 763 liqui
436 727 572 760 putant,
595 725 793 748 occurrentes
816 724 870 749 aut
894 713 932 746 ad
957 726 1067 757 aquam
1091 714 1230 757 spostant
1254 714 1332 750 effu-

324 761 387 796 sam
402 784 414 801 ‚
436 770 488 794 aut
513 760 549 793 ad
573 757 678 793 cordis
694 782 705 798 ,
730 767 979 799 magnorumque
1003 758 1149 792 vasorum
1167 758 1332 793 dilatatio-

323 815 377 838 nes
403 829 410 835 .
447 805 495 838 De
520 812 657 844 utroque
692 811 796 834 autem
820 811 930 842 genere
966 801 999 832 in
1025 801 1170 834 Saffione
1202 801 1332 845 quidem

322 847 382 882 hac
407 849 432 879 Ι.
458 847 533 879 libri
560 847 604 878 ΙΙ.
632 843 829 886 Sepulchreti
852 844 1043 877 Anatomici
1058 845 1162 886 plures
1184 844 1238 879 hic
1262 847 1332 881 illic

322 889 462 923 invenies
487 888 758 925 Observationes5
782 885 831 919 sed
855 886 893 919 de
916 896 1029 920 neutro
1040 888 1218 922 Sectionem
1241 901 1335 932 pecu-

322 935 451 968 liarem.
476 931 568 966 Mihi
591 941 666 963 vero
689 932 721 965 δε
744 929 950 965 commodius
974 929 1043 964 fore
1068 931 1194 966 videtur
1210 958 1218 972 ,
1242 936 1275 967 &
1297 946 1334 967 u-

321 977 438 1016 tilius,
461 974 482 1008 si
507 974 628 1008 nostras
651 973 849 1010 dividentes,
874 972 926 1005 his
947 973 1076 1014 quidem
1101 976 1232 1010 Litteris
1243 989 1334 1010 com-

321 1020 499 1063 plectamur
521 1030 592 1063 quae
628 1017 666 1052 ad
690 1016 848 1051 Thoracis
870 1016 1064 1061 Hydropem
1096 1020 1234 1054 attinent
1259 1045 1267 1060 ‚
1301 1024 1332 1054 &

321 1062 494 1097 Pericardii
524 1076 534 1095 .·
567 1072 635 1104 quae
659 1069 766 1094 autern
790 1060 829 1094 ad
856 1059 974 1094 Con-dis
997 1061 1229 1104 Aneurylmata
1267 1062 1334 1105 spe-

322 1108 434 1147 ἃεηῐ,
459 1109 490 1140 &
514 1106 640 1148 Magnae
654 1106 797 1143 arteriae,
821 1115 870 1137 eas
894 1102 931 1135 ad
949 1104 1128 1146 Epistolam
1153 1107 1335 1147 proximam

319 1149 474 1183 servemus
498 1174 504 1182 .
642 1148 747 1194 igitur
786 1159 858 1192 quae
881 1146 918 1179 ad
951 1147 1045 1180 illum
1069 1150 1229 1191 pertinent
1248 1173 1259 1189 ‚
1296 1162 1335 1183 ex

319 1193 474 1226 Valsalva
495 1191 627 1234 quidem
652 1194 721 1225 sunt
746 1189 795 1224 hae
818 1200 951 1223 novem.

365 1248 395 1270 2.
418 1236 607 1270 MULIER
632 1245 729 1268 annos
752 1242 825 1266 nata
847 1234 974 1266 circiter
999 1234 1117 1276 viginti
1137 1233 1216 1268 duos
1237 1258 1247 1274 ,
1280 1247 1335 1269 ca-

318 1278 487 1319 chetfftica,
510 1277 688 1317 sitibunda,
715 1278 828 1309 leviter
851 1276 975 1311 tussiens
998 1300 1011 1317 ,
1033 1280 1065 1311 &
1090 1277 1210 1321 aliquid
1233 1289 1335 1312 catar-

319 1322 419 1358 rhalis
443 1323 587 1356 materite
610 1322 781 1364 exspuens,
806 1319 931 1365 nubit'-
956 1321 1094 1363 Aliquot
1118 1322 1185 1363 post
1208 1324 1335 1365 nuptias

319 1367 431 1401 diebus
457 1365 641 1400 decumbere
663 1365 813 1404 cogitur.
840 1362 949 1396 Pullus
972 1362 1013 1397 est
1037 1364 1137 1402 celer,
1162 1364 1336 1408 frequens,

316 1409 474 1444 humilis:
500 1409 585 1443 tuffis
608 1402 736 1442 molesia
760 1431 772 1447 ,
796 1408 903 1449 paucis
928 1418 1001 1440 cum
1024 1406 1124 1450 sputis
1150 1419 1157 1440 :
1193 1408 1259 1441 sitis
1285 1413 1334 1442 in-

316 1465 409 1497 gens.
436 1452 531 1487 Pedes
553 1451 710 1486 oedemate
733 1449 897 1484 tumebant
918 1474 930 1490 ‚
963 1461 1064 1497 eoque
1096 1453 1197 1493 magis
1217 1475 1229 1492 ,
1268 1464 1334 1495 quo

315 1499 419 1540 magis
443 1495 677 1540 ingravescebat
701 1493 854 1528 morbus:
879 1494 958 1536 quin
981 1505 1046 1536 Jarn
1063 1492 1160 1528 facies
1183 1507 1334 1538 quoque,

322 1540 450 1576 brachia
473 1564 485 1581 ‚
510 1544 541 1573 ἃ
565 1551 675 1573 manus
698 1538 810 1583 eodem
834 1538 983 1583 tumoris
1001 1547 1111 1580 genere
1135 1538 1336 1579 occupaban-

320 1594 393 1618 tur.
420 1583 629 1618 Immoderati
652 1583 770 1616 caloris
793 1582 895 1613 lenius
917 1581 950 1613 in
963 1580 1080 1614 sinistra
1102 1579 1245 1614 thoracis
1256 1593 1330 1624 par-

315 1636 371 1661 te:
397 1628 560 1661 interdum
585 1625 835 1669 praecordiorum
862 1623 1010 1666 angustiae
1034 1637 1042 1655 :
1075 1624 1241 1667 respiratio
1265 1624 1330 1659 dif-

315 1671 414 1705 ficilis
444 1684 458 1712 ‚·
490 1681 525 1705 ut
551 1672 733 1713 augescente
764 1667 879 1701 mei-bo
899 1690 911 1706 ,
946 1667 1046 1700 er<6ia
1070 1669 1190 1701 cervice
1214 1667 1329 1710 spirare

314 1725 486 1756 cogeretur
507 1739 514 1746 .
548 1715 596 1747 Ita
623 1724 659 1747 ue
684 1713 765 1745 intra
799 1721 914 1753 paucos
940 1709 1006 1743 dies
1039 1712 1198 1744 meritur.

317 1754 523 1794 VENTER
548 1769 604 1799 pau
624 1757 714 1790 ulum
737 1752 850 1789 habuit
875 1751 955 1794 seri,
977 1755 1086 1800 omnia
1110 1764 1213 1788 autem
1236 1755 1332 1788 visce-

320 1815 354 1837 ra
378 1803 470 1840 sana,
494 1799 552 1834 nifi
576 1799 662 1842 quod
687 1799 751 1831 lien
775 1809 866 1839 aequo
890 1806 955 1829 erat
990 1808 1111 1839 major.
1247 1800 1332 1831 Ute-

318 1859 371 1881 rus
394 1856 524 1890 quoque
548 1844 696 1877 dissectus
720 1841 782 1881 est,
806 1840 826 1874 {i
852 1839 936 1874 forte
960 1850 995 1873 ut
1021 1843 1054 1872 in
1078 1851 1183 1874 recens
1206 1851 1305 1885 nupta
1320 1864 1330 1880 ‚

318 1889 453 1934 aliquod
491 1895 650 1931 appareret
676 1886 898 1927 conceptionis
929 1883 1219 1929 inchoamentum.
1257 1887 1329 1918 Ine-

315 1944 386 1968 rant
411 1933 542 1976 quidem
566 1929 710 1964 vesiculae
733 1928 801 1962 duae
836 1950 852 1974 ,ἱ
879 1930 911 1960 δε
934 1927 1025 1973 masia
1058 1927 1203 1968 quaedam
1227 1927 1329 1961 infor-

314 1980 395 2013 mis.
423 1976 479 2010 Sed
506 1975 573 2008 haec
614 1985 651 2006 ex
676 1976 801 2005 mucosa
832 1970 925 2003 nebat
950 1969 1119 2004 iubstantia
1142 1998 1149 2011 ,
1187 1972 1238 2004 cui
1264 1973 1326 2005 alia

313 2020 547 2064 adjungebatur
571 2016 636 2061 ejus
658 2016 777 2048 coloris
797 2038 809 2055 ,
842 2025 878 2048 ut
903 2024 966 2047 non
990 2014 1129 2048 multum
1153 2013 1225 2048 esset
1249 2026 1327 2047 con.

315 2073 404 2098 creto
428 2063 574 2104 sanguini
600 2058 752 2093 absimilis
777 2072 786 2091 .-
817 2068 944 2104 eratque
967 2065 1036 2089 tota
1060 2057 1098 2091 ab
1121 2060 1202 2091 uteri
1227 2059 1327 2100 parie-

315 2109 406 2142 tibus
428 2102 562 2140 omnino
586 2104 707 2137 soluta.
730 2104 855 2135 Contra
879 2100 1019 2134 vesiculae
1043 2123 1051 2136 ,
1073 2112 1206 2143 quarum
1230 2101 1328 2134 altera

316 2163 420 2195 parvae
444 2150 539 2183 lentis
556 2170 564 2183 ,
588 2147 686 2180 altera
710 2145 796 2187 parvi
820 2145 933 2177 ciceris
955 2144 1209 2185 magnitudinem
1225 2156 1329 2187 aequa-

315 2197 395 2236 bat,
418 2205 491 2228 cum
517 2193 557 2225 iis
581 2187 811 2232 parietibusfic
836 2186 1103 2228 implicabantur,
1130 2197 1165 2220 ut
1189 2186 1328 2221 difficul-

314 2248 365 2273 ter
389 2238 479 2271 avelli
505 2232 646 2271 nossent.
674 2234 794 2265 Verum
819 2232 915 2264 nullis
939 2229 1171 2264 instruebantur
1204 2231 1329 2273 sangui-

315 2284 396 2318 feris
419 2279 553 2314 vasculis
577 2300 586 2314 ,
619 2287 719 2317 neque
743 2274 859 2308 humor
884 2273 1022 2320 inclusus
1053 2275 1129 2317 igne
1151 2277 1331 2307 concresce-

316 2328 397 2366 bat,·
419 2335 495 2358 cum
517 2333 599 2359 ova,
623 2318 701 2352 idest
724 2320 908 2351 ovariorum
939 2317 1081 2350 veiiculae
1103 2341 1115 2357 ,
1147 2329 1184 2350 ex
1207 2317 1331 2360 duplici

318 2367 496 2403 constantes
521 2361 698 2398 membrana
722 2385 735 2401 ,
768 2370 835 2405 tum
861 2359 1025 2393 manifesta
1047 2358 1183 2393 habeant
1207 2359 1333 2402 sangui-

319 2413 386 2448 fera
411 2409 555 2444 vascula,
581 2416 651 2439 tum
675 2408 928 2437 concrescentem
962 2404 1035 2444 igne
1060 2402 1230 2437 humorem
1254 2426 1267 2443 ,
1300 2406 1331 2436 δι

320 2456 491 2491 albuminis
517 2451 657 2493 saporem
682 2446 870 2480 referentem
896 2472 905 2485 ,
937 2445 1202 2488 quemadmodum
1226 2447 1273 2478 vel
1298 2449 1331 2478 in

322 2501 382 2534 hac
409 2497 540 2531 muliere
563 2492 765 2526 observatum
787 2488 847 2522 est.
874 2493 1020 2532 Denique
1043 2490 1147 2523 Tubae
1166 2490 1331 2532 utriusque

321 2542 539 2584 Falloppianae
565 2539 597 2568 in
624 2545 747 2569 uterum
771 2532 921 2574 ingressus
944 2534 1069 2575 prorsus
1101 2543 1165 2565 erat
1188 2532 1329 2566 clausus.

454 2582 606 2618 Thorace
630 2587 763 2621 apert0,
787 2577 952 2619 pulmones
962 2577 1083 2608 inventi
1105 2575 1179 2610 sunt
1204 2589 1219 2608 a
1245 2577 1332 2618 pleu-

321 2643 353 2664 ra
378 2626 509 2674 quidem
534 2624 667 2658 omnino
690 2620 814 2659 soluti;
838 2619 888 2653 sed
913 2619 1009 2657 duri;
1033 2630 1068 2652 ut
1091 2618 1113 2651 fi
1137 2621 1265 2662 propria
1279 2631 1332 2660 pe-

321 2671 554 2718 ripneumoniae
578 2666 663 2708 ligna
686 2662 897 2707 praeceffiffent
916 2686 927 2702 ,
961 2662 1213 2696 inflammatione
1236 2662 1328 2695 labo-

320 2716 396 2752 rass‘e
419 2714 519 2749 videri
545 2709 689 2754 possent.
714 2709 791 2740 Erat
816 2709 940 2749 aquain
964 2715 1099 2749 utroque
1123 2704 1264 2739 thoracis
1276 2717 1327 2738 ca-

318 2774 362 2794 vo
387 2772 420 2794 ea
443 2758 557 2800 copia,
580 2763 616 2788 ut
641 2751 706 2793 ejus
731 2750 839 2792 portio
872 2751 904 2782 in
928 2748 1019 2782 sterni
1057 2749 1195 2783 senstione
1218 2760 1328 2791 erupe-

322 2807 387 2839 rit.
416 2805 491 2837 Erat
515 2803 547 2832 &
570 2800 605 2830 in
629 2793 806 2838 pericardio
830 2793 867 2825 ad
881 2794 989 2827 uncias
1012 2794 1139 2825 circiter
1163 2794 1324 2835 quinque.

322 2850 410 2881 Cum
424 2846 573 2884 utrinque
598 2841 722 2879 sumpta
739 2861 751 2877 ,
774 2837 843 2878 igni
857 2834 962 2870 fuisset
987 2835 1162 2879 iinpofita5
1185 2836 1241 2869 illa
1254 2837 1326 2877 qui-

323 2891 422 2928 dem5
448 2897 512 2920 non
536 2883 603 2918 haec
637 2881 799 2914 concrevit
823 2903 830 2910 .
870 2880 1027 2922 Polyposa
1062 2880 1228 2912 concretio
1263 2878 1327 2912 fuit

323 2935 359 2968 in
382 2940 517 2973 utroque
540 2925 648 2960 cordis
672 2924 854 2957 ventriculo
876 2937 885 2961 3
910 2922 958 2956 sed
983 2922 1084 2965 major
1108 2924 1141 2956 in
1164 2922 1295 2956 dextero
1318 2948 1327 2962 ,

323 2989 395 3021 quae
419 2978 450 3009 &
477 2983 529 3015 per
552 2969 698 3003 vasorum
724 2965 803 3000 ostia
827 2967 855 2999 se
879 2966 1098 3008 producebat,
1129 2969 1161 3000 δε
1186 2969 1219 3000 in
1245 2968 1328 2999 auri-

325 3020 396 3054 cula
421 3014 594 3061 praesertim
620 3012 647 3045 se
671 3009 887 3053 amplificabat
905 3036 912 3042 .

367 3074 398 3106 3,
424 3062 515 3094 Num
538 3055 678 3090 vesiculae
702 3054 909 3088 muliebrium
933 3055 1117 3088 ovariorum
1130 3052 1189 3087 fint
1213 3055 1328 3091 ovula‚

324 3118 388 3140 non
413 3104 455 3138 est
479 3104 532 3137 hic
555 3097 738 3143 disputandi
762 3098 876 3135 locus5
899 3098 1003 3131 multo
1017 3109 1120 3132 autem
1145 3100 1269 3138 minus,
1292 3109 1329 3130 an

325 3149 418 3184 massa
453 3147 508 3180 illa
532 3144 683 3178 informis
716 3139 974 3174 inchoamentum
1018 3140 1089 3174 esset
1123 3152 1294 3183 conceptus
1317 3165 1329 3181 ,

324 3193 454 3238 quando
478 3200 610 3233 utraque
633 3196 698 3219 erat
733 3184 860 3229 prorsus
883 3184 1005 3217 occlusa
1038 3185 1153 3220 Tuba.
1284 3186 1332 3217 A-

326 3248 422 3281 quam
445 3246 477 3268 in
501 3233 582 3272 hac,
605 3234 637 3265 δε
661 3228 863 3273 sequentibus
890 3228 1176 3263 Observationibus
1201 3227 1330 3270 pulmo-

326 3292 378 3314 nes
403 3281 522 3312 circum
546 3284 740 3318 prementem
760 3281 771 3312 ,’
792 3284 889 3314 eoque
911 3271 1087 3306 obstantem
1119 3272 1257 3314 ipsorum
1281 3270 1329 3303 fa-

327 3325 381 3356 cili
405 3320 637 3364 explicationi,
663 3319 822 3360 praecipue
847 3316 1041 3349 attendimus
1060 3343 1067 3355 ‚
1100 3316 1160 3349 alia
1183 3327 1252 3358 quoe
1274 3326 1327 3347 eo-

325 3367 397 3400 dem
421 3367 601 3402 attineant,
625 3370 702 3395 mox
725 3364 757 3392 in
783 3361 856 3404 loco
881 3369 944 3391 non
968 3360 1161 3401 neglecturi.

370 3422 401 3451 4.
427 3407 630 3445 FOEMiNA
667 3405 784 3447 viginti
807 3404 858 3436 lex
888 3404 1012 3434 circiter
1038 3414 1193 3436 annorum
1212 3425 1224 3442 ,
1257 3412 1327 3444 quae

328 3462 452 3486 uterum
476 3463 539 3484 non
565 3449 653 3483 semel
683 3448 818 3484 tulerat,
844 3445 1024 3488 postammi
1049 3447 1327 3489 perturbationes,

328 3506 404 3528 toti)
439 3505 574 3536 corpore
597 3494 739 3531 leviter,
775 3489 942 3522 abdomine
975 3492 1076 3532 inagis
1111 3490 1293 3523 intumescit
1318 3514 1326 3527 ,

329 3538 522 3576 difficulter,
546 3540 573 3568 ἅ·
601 3536 699 3568 erecta
724 3535 846 3566 cervice
870 3532 1000 3574 respirat
1021 3556 1029 3570 ‚
1055 3543 1201 3567 neutrum
1225 3534 1258 3564 in
1283 3532 1328 3562 la-

326 3591 377 3614 tus
402 3580 552 3613 laboriose
576 3578 760 3618 decumbit,
785 3579 895 3619 ingens
920 3578 952 3608 in
969 3576 1098 3610 thorace
1123 3574 1248 3619 pondus
1261 3586 1332 3617 per-

327 592 401 702 S
416 589 558 631 Equitur
577 611 588 628 ‚
608 595 644 620 ut
667 598 735 628 quae
756 585 855 620 causae
880 585 963 617 intra
989 584 1154 619 thoracem
1176 584 1334 630 quidem,

392 3716 407 3744 (
424 3724 438 3739 »²
455 3718 464 3745 )
481 3714 499 3738 l.
517 3722 538 3738 2.
556 3716 580 3740 S.
600 3723 620 3741 ι.
639 3713 719 3740 Sehol.
738 3714 766 3739 ad
783 3713 841 3738 Obs.
858 3722 897 3743 75.

1384 588 1468 630 cipit
1487 611 1500 628 ,
1536 586 1675 620 maxime
1695 585 1765 620 sitit
1784 611 1798 629 ,
1829 586 1930 621 donec
1953 587 2142 622 difficultate
2167 586 2309 628 spirandi
2333 587 2386 619 in-

1384 632 1600 674 gravescente,
1623 636 1762 665 mortem
1784 630 1853 665 obit
1869 656 1877 663 .
2008 633 2063 664 IN
2086 632 2290 665 VENTRE
2309 641 2386 672 pau-

1384 686 1420 707 ca
1442 683 1507 708 erat
1531 684 1635 717 aqua;
1658 673 1707 707 sed
1733 674 1926 708 ventriculus
1948 675 2161 718 praeturgidus
2183 698 2195 715 ‚
2230 676 2261 707 δε
2285 673 2323 707 he
2350 683 2383 705 ar

1384 728 1557 760 magnum,
1582 715 1659 750 adeo
1680 717 1890 760 diaphragma
1914 716 2032 751 sursum
2046 718 2226 761 pellebant,
2250 725 2285 750 ut
2309 725 2321 747 t
2349 728 2386 748 o-

1383 764 1463 795 racis
1484 771 1576 793 cavea
1599 760 1705 793 minor
1727 759 1834 794 fieret.
1857 760 2173 802 Caeterumlymphae
2186 759 2300 793 ductus
2311 769 2380 791 tur-

1383 804 1497 846 gebant
1522 806 1555 837 in
1578 812 1708 843 ventre,
1729 804 1904 846 cunctaque
1927 801 2022 845 hujus
2046 805 2160 838 viscera
2183 804 2260 837 bene
2284 801 2385 835 seha-

1384 847 1527 888 bebant‚
1549 845 1571 880 fi
1595 846 1739 880 indurata
1763 848 1901 888 excipias
1924 849 2053 880 ovaria.
2188 848 2210 880 ‘i
2222 846 2323 879 horax
2345 856 2384 878 o-

1385 893 1498 924 mnino
1523 901 1610 933 aquae
1636 890 1769 933 plenus‚·
1793 890 1958 931 pulmones
1982 889 2130 924 nonnihil
2155 894 2185 925 &
2211 890 2282 923 duri
2304 912 2317 929 ‚
2351 892 2384 922 δι’

1384 934 1495 971 rubri,
1519 932 1674 977 variisque
1700 933 1834 967 maculis
1857 932 2133 975 nig1·isdistin6ti‚
2156 943 2267 967 caetera
2292 932 2378 965 sani.

1386 980 1509 1012 Dexter
1532 975 1638 1011 cordis
1661 976 1856 1010 ventriculus
1878 977 2064 1009 continebat
2089 976 2279 1020 polyposam
2302 985 2383 1008 con-

1385 1022 1562 1053 cretionem
1578 1044 1591 1061 ,
1615 1023 1647 1053 &
1670 1022 1753 1053 circa
1776 1017 1857 1052 hanc
1881 1018 2064 1063 grumosum
2088 1020 2300 1061 sanguinem:
2324 1019 2382 1061 qui

1386 1065 1420 1097 in
1442 1061 1589 1104 sinistro,
1612 1062 1748 1105 vasisque
1771 1064 1921 1096 omnibus
1945 1072 2009 1095 erat
2036 1062 2173 1097 fluidus.

1431 1119 1458 1147 ς.
1483 1107 1585 1145 Quod
1607 1106 1754 1139 Valsalva
1778 1108 1824 1139 ita
1846 1130 1854 1146 ‚
1878 1117 1913 1139 ut
1936 1106 2061 1140 reddidi
2085 1128 2095 1144 ,
2131 1106 2286 1148 scriptum
2308 1105 2385 1137 reli-

1385 1151 1478 1191 quit,
1501 1160 1648 1184 neutrum
1678 1152 1712 1182 in
1734 1151 1815 1183 latus
1850 1148 2002 1182 laboriose
2024 1148 2203 1183 decubuisse
2226 1161 2294 1192 quae
2317 1146 2384 1181 dif-

1389 1192 1514 1227 ficulter
1530 1216 1544 1234 ,
1567 1196 1598 1227 ἃς
1623 1195 1721 1226 erecta
1744 1194 1863 1226 cervice
1889 1192 2038 1234 spiraret‚·
2061 1194 2191 1226 autillic
2214 1200 2384 1234 negantem

1390 1238 1600 1280 particulam,
1622 1245 1658 1269 ut
1681 1235 1738 1274 fit,
1763 1246 1818 1277 per
1842 1237 1996 1268 incuriam
2010 1235 2145 1277 omifit,
2168 1246 2222 1269 aut
2246 1235 2385 1269 adhunc

1386 1279 1519 1314 modum
1542 1279 1585 1314 est
1609 1279 1827 1322 accipiendus,
1854 1288 1890 1312 ut
1914 1278 2016 1312 dicere
2038 1278 2177 1313 voluerit
2196 1302 2209 1319 ‚
2241 1278 2297 1312 nisi
2322 1289 2384 1311 una

1385 1323 1557 1357 difficultas
1582 1322 1718 1366 spirandi
1742 1332 1883 1362 vetaret,
1907 1323 2128 1356 utrumliberet
2152 1323 2185 1355 in
2210 1324 2292 1356 latus
2312 1344 2322 1360 ,η
2347 1329 2385 1353 ut

1386 1365 1512 1401 fortasse
1525 1368 1704 1409 experiendi
1718 1366 1807 1400 causa
1822 1368 2047 1408 imperaverant
2060 1364 2233 1408 aliquando
2245 1365 2383 1401 Medici,

1386 1411 1448 1443 sine
1473 1411 1578 1443 labore
1601 1410 1759 1452 paulisper
1780 1408 1964 1442 decumbere
1987 1407 2147 1452 potuisse,
2169 1410 2287 1451 quippe
2313 1407 2384 1440 nul-

1385 1454 1416 1487 la
1439 1452 1536 1491 hinc,
1560 1463 1613 1487 aut
1637 1454 1728 1486 illinc
1747 1479 1754 1492 ,
1777 1463 1812 1486 ut
1836 1454 1869 1484 in
1893 1451 2022 1485 thorace
2045 1463 2132 1496 aeque
2155 1453 2251 1494 pleno
2275 1452 2383 1485 utrin-

1385 1509 1445 1541 que
1464 1520 1479 1538 ,
1507 1497 1648 1530 molestia
1668 1521 1680 1537 ,
1714 1506 1767 1530 aut
1790 1495 1899 1528 dolore
1933 1495 2150 1537 prohibitam.
2282 1494 2384 1534 Quod

1384 1551 1491 1574 autem
1514 1542 1548 1574 in
1570 1540 1648 1575 hac,
1673 1542 1705 1573 <Sc
1729 1539 1891 1572 nonnullis
1915 1539 1985 1572 aliis
2008 1537 2199 1582 ejuscemodi
2223 1538 2384 1572 Observa-

1382 1583 1526 1618 tionibus
1548 1592 1708 1626 turgentes
1740 1581 1880 1625 lymphae
1903 1581 2017 1616 ductus
2051 1591 2280 1615 commemorat
2304 1593 2314 1621 3
2349 1581 2384 1616 id

1383 1626 1548 1666 accidisse,
1573 1626 1775 1669 putabimus,
1801 1636 1854 1658 aut
1866 1625 1909 1657 ob
1922 1625 2022 1661 serum
2046 1626 2078 1658 in
2093 1626 2242 1667 sanguine
2267 1625 2384 1659 redun-

1381 1671 1480 1710 dans,
1503 1680 1556 1703 aut
1580 1670 1623 1702 ob
1644 1680 1753 1702 eorum
1776 1669 1932 1702 dut‘iuum
1955 1668 2192 1711 compressiones
2214 1692 2224 1706 ,
2258 1669 2383 1703 obstru-

1382 1713 1541 1747 Ctionesve
1563 1714 1597 1745 in
1623 1713 1767 1755 partibus
1791 1712 2018 1748 ulterioribus,
2045 1721 2148 1745 tantas
2174 1713 2346 1754 aliquando
2370 1735 2382 1752 ,

1382 1767 1417 1790 ut
1445 1766 1552 1790 tenues
1575 1755 1773 1798 quorundam
1796 1767 1834 1788 ex
1858 1754 1930 1797 ipsis
1955 1756 2069 1788 tunica.²
2094 1753 2244 1787 diffiliant
2264 1778 2276 1795 ,
2309 1765 2384 1788 cor-

1382 1798 1532 1843 porisque
1555 1810 1662 1832 caveas
1686 1799 1817 1833 inundet
1843 1810 1918 1840 aqua
1933 1823 1940 1830 .
1965 1798 2081 1832 Casum
2105 1796 2200 1832 habes
2224 1800 2256 1831 in
2273 1799 2383 1840 Sepul-

1382 1842 1494 1877 chreto
1516 1845 1530 1882 <
1552 1855 1569 1875 a
1593 1846 1606 1882 )
1628 1842 1819 1885 descriptum
1844 1841 2048 1875 adolescentis
2071 1842 2126 1884 qui
2152 1841 2181 1874 se
2207 1841 2380 1881 winiho,

1380 1898 1414 1919 ac
1439 1888 1575 1919 Loxvero
1600 1886 1776 1919 curandum
1799 1885 1935 1919 tradidit
1957 1910 1964 1917 .
1992 1887 2023 1918 Is
2047 1884 2116 1928 post
2139 1884 2329 1918 immodicas
2350 1896 2386 1917 e-

1380 1930 1598 1972 quitationes,
1623 1929 1758 1971 aliasque
1781 1931 1926 1971 corporis
1950 1928 2117 1962 diuturnas
2135 1929 2382 1962 exercitationes

1379 1984 1453 2005 cum
1480 1972 1665 2014 aliquandiu
1699 1974 1731 2005 in
1755 1971 1876 2006 finistra
1909 1971 2052 2005 thoracis
2087 1981 2174 2014 parte
2209 1983 2279 2005 eum
2314 1971 2383 2005 sen*-

1378 2015 1446 2057 ium
1470 2014 1624 2048 habuisset
1660 2016 1716 2057 qui
1739 2014 1794 2048 else
1829 2015 1890 2048 sine
1913 2017 2035 2048 interna
2070 2015 2292 2056 compreffione
2315 2025 2383 2048 non

1378 2057 1504 2100 poterat
1525 2080 1536 2097 ‚
1570 2057 1616 2090 ibi
1650 2057 1778 2091 tandem
1813 2058 1902 2091 sensit
1935 2057 2089 2100 disrumpi
2121 2056 2177 2091 fibi
2210 2057 2296 2101 quasi
2330 2070 2384 2091 vas

1377 2100 1539 2143 quoddam
1552 2111 1562 2138 3
1586 2100 1713 2142 indeque
1730 2110 1786 2142 per
1802 2100 1961 2143 semihorae
1987 2101 2131 2143 spatium
2153 2102 2186 2134 in
2211 2103 2330 2144 regione
2353 2103 2383 2134 i-

1371 2145 1420 2184 sta
1444 2143 1583 2178 humoris
1605 2142 1695 2177 velut
1718 2143 1757 2176 ab
1782 2145 1847 2177 alto
1870 2145 1901 2177 in
1919 2146 2057 2186 pectoris
2080 2142 2219 2186 fundum
2241 2144 2382 2177 cadentis

1372 2186 1571 2227 stillicidium
1594 2198 1652 2220 non
1676 2194 1801 2220 rantum
1823 2186 1860 2220 ab
1883 2197 1916 2219 eo
1937 2188 2077 2228 percipi,
2094 2186 2149 2228 fied
2158 2189 2254 2221 etiam
2276 2186 2315 2219 ab
2328 2188 2383 2219 ad-

1374 2229 1532 2269 stantibus
1555 2231 1659 2263 audiri
1679 2231 1789 2271 potuit
1815 2253 1828 2270 ,
1863 2241 1910 2263 res
1933 2241 1997 2263 non
2021 2232 2067 2262 ita
2090 2229 2196 2263 facilis
2219 2231 2382 2272 explicatu

1382 2274 1420 2305 iis
1442 2274 1497 2314 qui
1532 2274 1616 2305 inter
1641 2273 1806 2314 pulmones
1826 2296 1838 2312 ,
1874 2276 1906 2306 ὃς
1931 2272 2072 2307 thoracis
2104 2275 2238 2316 parietes
2270 2283 2385 2315 negant

1383 2316 1479 2357 spatii
1500 2316 1676 2358 quidquam
1700 2316 1913 2353 intercedere;
1937 2328 2007 2349 vera
2029 2326 2160 2358 tamen,
2183 2326 2219 2351 ut
2242 2316 2383 2359 postmo-

1382 2360 1458 2393 dum
1493 2358 1717 2401 comprobavit
1741 2356 1887 2392 humoris
1909 2385 1917 2399 ,
1952 2362 1985 2392 in
2008 2372 2045 2393 eo
2078 2361 2174 2393 latere
2207 2360 2345 2403 congesti
2370 2384 2380 2399 ,

1382 2413 1455 2435 cum
1479 2402 1648 2436 flufituatio
1672 2402 1706 2435 in
1730 2402 1905 2444 agitatione
1928 2404 2075 2444 corporis
2099 2403 2137 2435 ab
2159 2402 2230 2445 ipso
2250 2427 2262 2443 ,
2286 2404 2325 2436 ab
2349 2416 2383 2435 a-

1384 2445 1495 2488 liisque
1518 2444 1737 2487 evidentzffime
1760 2455 1904 2488 percepta
1916 2469 1928 2485 ,
1951 2456 2020 2478 tum
2042 2446 2172 2479 eductio
2185 2457 2238 2487 per
2260 2447 2385 2479 immis-

1384 2488 1448 2521 sam
1472 2500 1487 2521 a
1501 2486 1670 2530 chirurgo
1693 2487 1827 2521 fistulam
1839 2490 1979 2530 primum
1994 2512 2003 2527 ‚
2030 2489 2148 2531 semper
2162 2498 2265 2522 autem
2279 2490 2383 2531 postea

1383 2543 1439 2574 per
1461 2530 1605 2564 foramen
1618 2533 1657 2564 ab
1671 2541 1781 2565 natura
1791 2532 1960 2565 reseratum
1972 2555 1984 2572 ‚
2008 2535 2039 2565 δε
2053 2532 2091 2565 ab
2116 2541 2183 2565 arte
2204 2532 2358 2566 serratum
2373 2557 2383 2565 .

1425 2578 1455 2608 6.
1483 2576 1566 2608 VIR
1591 2574 1631 2607 ad
1654 2574 1927 2618 quadragefimum
1949 2575 2098 2609 accedens
2121 2586 2238 2609 annum
2260 2600 2267 2613 ‚
2302 2577 2384 2610 mul-

1383 2629 1429 2652 tas
1451 2616 1516 2661 jam
1539 2617 1751 2651 hebdomadas
1774 2619 1860 2651 febre
1884 2620 1968 2650 lenta
1991 2618 2184 2652 laboraverat
2213 2645 2218 2650 .
2246 2620 2295 2652 Aa
2314 2632 2384 2653 eam

1380 2663 1457 2695 levis
1481 2660 1510 2694 se
1535 2660 1680 2704 adjunxit
1708 2663 1823 2704 pedum
1839 2671 1946 2695 tumor
1962 2684 1971 2698 ‚
1995 2662 2080 2696 tuliis
2101 2664 2189 2695 irrita
2207 2687 2214 2699 2
2241 2662 2384 2697 faucium

1379 2705 1523 2738 siccitas.
1548 2704 1732 2745 Anhelans,
1756 2707 1917 2748 effetaque
1950 2707 2067 2738 cervice
2090 2705 2259 2748 respirabat
2287 2719 2293 2739 ;
2329 2709 2384 2740 vix

1378 2749 1485 2791 pulsus
1510 2749 1764 2791 percipiebantur
1788 2775 1793 2780 .
1819 2751 1870 2782 Ex
1894 2749 2068 2791 improviso
2093 2750 2252 2784 moritur.

1380 2795 1471 2826 Dum
1493 2792 1768 2825 ABDOMINJS
1793 2794 2010 2834 integumenta
2046 2805 2060 2825 a
2084 2792 2232 2835 subjectis
2258 2793 2386 2829 muscu-

1379 2836 1419 2869 lis
1442 2835 1591 2878 scalpello
1613 2834 1796 2877 separantur
1817 2858 1826 2873 ‚
1859 2836 1974 2879 hugnor
1998 2838 2066 2869 exit
2091 2836 2226 2879 aquosus
2250 2839 2283 2870 in
2306 2837 2382 2870 smi-

1378 2880 1436 2912 stra
1460 2879 1656 2913 umbilicalis
1680 2880 1817 2922 regionis
1843 2888 1929 2921 parte
1948 2904 1955 2910 .
1990 2880 2068 2912 Sana
2092 2889 2195 2912 tamen
2219 2882 2252 2913 in
2276 2890 2384 2914 ventre

1379 2925 1487 2955 omnia
1509 2947 1520 2963 ,
1552 2920 1575 2955 si
1598 2923 1714 2955 lienem
1737 2924 1875 2965 excipias
1899 2946 1912 2962 ‚
1945 2923 2046 2964 triplo
2070 2935 2164 2965 quam
2199 2935 2252 2966 par
2284 2924 2383 2965 esl'et,

1380 2965 1533 3006 majorem
1548 2991 1555 2998 .
1689 2969 1727 2999 In
1753 2965 1912 2999 Thoracis
1937 2975 2071 3009 utroque
2093 2979 2171 2999 cavo
2195 2968 2384 3001 ierumlirn-

1380 3010 1492 3052 pidum
1516 3009 1697 3052 stagnabat.-
1721 3009 1806 3052 quod
1832 3011 1864 3041 in
1890 3009 1956 3041 vase
1981 3010 2086 3044 vitreo
2110 3010 2266 3044 servatum
2282 3034 2292 3048 ‚
2317 3012 2385 3054 pol't

1380 3055 1504 3097 aliquot
1528 3054 1644 3094 horas,
1667 3053 1819 3086 nonnulla
1843 3053 1996 3094 quidem,
2021 3053 2071 3087 sed
2087 3052 2244 3101 disjunc‘ta
2259 3080 2266 3093 ,
2291 3058 2320 3087 &
2346 3055 2385 3088 ad

1382 3097 1519 3131 fundum
1542 3097 1641 3137 vasis,
1663 3096 1812 3134 demisit5
1837 3096 1920 3128 nihil
1945 3108 2017 3129 vero
2034 3121 2043 3136 ,
2067 3107 2102 3130 ut
2127 3099 2226 3130 serum
2249 3108 2281 3129 in
2305 3097 2386 3131 tho-

1382 3152 1450 3173 race
1474 3151 1631 3183 repertum
1656 3140 1758 3179 solet,
1782 3141 1815 3172 in
1841 3151 1937 3173 unum
1958 3140 2145 3184 conjuncti,
2172 3145 2386 3184 atquesinna-

1383 3194 1481 3218 tantis
1505 3183 1639 3217 ostendit
1661 3208 1669 3215 .
1702 3184 1870 3217 Pulmones
1895 3183 1959 3215 sani
1982 3208 1994 3224 ,
2030 3188 2062 3217 ἃ
2094 3185 2232 3217 omnino
2266 3185 2386 3225 liberi,

1383 3227 1440 3260 nisi
1464 3228 1553 3271 quod
1577 3226 1687 3260 sinistri
1714 3226 1952 3260 inferiorlobus
1976 3239 2029 3270 per
2041 3229 2185 3267 brevem,
2213 3230 2386 3261 &tenuem

1380 3283 1497 3305 nexum
1521 3270 1558 3304 ad
1582 3271 1721 3311 pleuram
1745 3270 1936 3312 alligabatur
1960 3296 1966 3302 .
2006 3273 2185 3306 Dilatatum
2210 3282 2278 3304 erat
2303 3275 2387 3314 peri-

1379 3315 1522 3348 cardium
1541 3337 1553 3354 ,
1577 3317 1608 3346 ἃ
1634 3314 1689 3346 seri
1714 3314 1842 3355 limpidi
1868 3316 1937 3356 plus
1961 3314 2072 3347 selibra
2083 3315 2270 3349 continebat
2286 3339 2293 3346 .
2318 3318 2387 3348 Cor

1379 3370 1550 3401 magnum,
1573 3358 1607 3389 in
1630 3356 1754 3400 ejusque
1779 3358 1959 3391 ventriculo
1981 3358 2314 3400 praesertimtdextero
2342 3360 2387 3391 Ia-

1379 3413 1417 3434 xa
1442 3401 1606 3434 concretio
1630 3401 1806 3444 polyposa:
1830 3400 2009 3443 cujusmodi
2034 3413 2079 3435 res
2103 3401 2173 3435 sane
2196 3413 2262 3435 rara
2287 3402 2328 3435 est
2349 3403 2384 3435 in

1379 3456 1490 3479 eorum
1512 3444 1632 3484 corde,
1654 3456 1792 3486 quorum
1817 3445 1849 3477 in
1871 3447 1973 3477 caveis
1998 3457 2075 3488 aqua
2086 3445 2206 3488 stagnat
2223 3469 2230 3477 .
2257 3444 2385 3479 Ductus

1381 3490 1584 3521 Thoracicus
1607 3510 1616 3525 ‚
1650 3490 1682 3520 δε
1705 3486 1846 3531 lymphae
1869 3499 1996 3531 quoque
2021 3490 2133 3522 duftus
2157 3490 2191 3521 in
2224 3497 2331 3521 ventre
2354 3499 2388 3520 a·
2416 3527 2420 3529 -

1382 3531 1441 3564 deo
1464 3541 1549 3564 erant
1574 3534 1751 3572 exinaniti,
1776 3532 1898 3565 nullum
1932 3542 1966 3565 ut
1993 3544 2100 3565 eorum
2126 3531 2258 3574 usquam
2293 3530 2387 3564 vesti-

1382 3577 1474 3617 gium
1498 3576 1676 3618 apparuerit
1691 3600 1697 3606 .

2220 3629 2250 3660 7.
2276 3618 2342 3651 Hic
