2498 4075
404 214 500 285 416

340 298 412 332 dam
437 295 700 331 membranaceum
718 294 845 338 pupillae
880 291 1042 326 obduetum
1064 313 1075 329 ‚
1121 299 1159 324 ex
1201 287 1336 333 infantis

343 352 467 384 corpore
491 364 503 381 ,
536 350 604 373 cera
627 341 724 372 etiam
750 334 946 380 liquidzffima
968 333 1096 377 repletis
1118 334 1274 366 arteriolz‘s
1303 334 1337 367 id

335 381 592 428 pei-reptantibus
614 403 623 418 ‚
660 383 783 415 eximio
819 378 950 412 Medico
992 374 1169 410 Richardio
1199 375 1330 412 Meadio

338 431 350 466 (
376 440 396 461 u
418 432 431 468 )
454 424 613 460 ostensum
637 447 648 463 ,
680 436 747 467 quo
781 422 846 467 ipse
870 420 941 455 usus
980 420 1024 454 est
1046 418 1084 453 ad
1117 420 1332 459 comproban-

335 472 413 505 dum
436 496 446 511 ‚
478 466 628 502 rarissime
651 468 804 510 quidem,
827 463 877 498 sed
900 473 1006 497 tamen
1030 473 1138 496 revera
1173 464 1333 497 membra-

341 525 432 548 neam
457 511 662 545 Cataractam
696 509 754 544 esse
787 506 1014 550 deprehensam
1036 529 1049 547 ,
1081 516 1154 539 cum
1188 506 1336 540 videlicet

339 553 551 592 membranula
573 554 709 596 quedam
733 550 905 597 infortunio
928 550 1032 592 aliquo
1065 549 1244 583 ariditatem
1268 548 1338 592 for-

343 608 373 636 te
394 599 552 633 contraxit
577 621 584 628 .
610 598 693 632 Veri
717 598 820 638 igitur
844 593 1047 627 simillimum
1071 591 1181 625 censeo
1202 614 1212 628 ‚
1236 593 1338 635 pupil-

340 644 440 676 larem
464 639 682 674 membranam
708 641 744 672 in
767 636 934 672 nonnullis
959 635 1096 669 foetibus
1129 635 1306 669 craffiorem
1329 658 1341 676 ,

344 688 376 719 ἃ
403 685 481 718 lridi
505 683 628 717 firmius
653 683 893 720 adhaerentem,
918 691 991 714 cum
1025 688 1097 713 ante
1130 688 1258 718 partum
1279 679 1342 713 dis-

342 729 425 763 solvi
451 736 587 768 nequeat
611 748 621 764 ,
655 730 686 760 δι
708 724 891 759 evanescere
915 744 925 760 ,
950 722 1073 757 ibidem
1098 722 1239 755 restitare
1264 745 1274 760 ‚
1312 726 1343 757 &

341 770 482 807 clausam
506 771 547 803 ab
571 779 649 803 ortu
684 769 841 812 pupillam
875 766 977 800 faeere
1002 791 1011 805 ,
1044 776 1144 808 eoque
1165 767 1342 800 caecitatem

341 827 407 850 non
440 814 525 847 secus
555 812 707 847 inducere
730 833 740 848 2
776 823 810 845 ac
847 808 1036 844 surditatem
1069 807 1230 852 quidquid
1262 809 1342 843 cras-

345 859 407 893 sius
429 879 438 894 ,
471 855 639 897 magisque
673 853 834 888 adhaerens
869 853 1068 886 Membranae
1094 853 1264 894 Tympani
1303 862 1341 887 ex

343 912 452 936 recens
486 908 633 932 natorum
670 899 783 932 Meatu
821 896 1022 935 Auditori0,
1059 905 1095 928 ut
1127 896 1161 928 in
1183 897 1306 929 caeteris
1330 918 1340 934 ,

343 956 410 979 non
434 941 555 977 excidit
583 965 592 980 ,
626 941 898 984 quemadmodum
929 941 961 972 in
986 936 1142 982 Epistolis
1165 939 1340 972 Anatomi-

344 991 390 1022 cis
412 991 422 1027 (
446 996 468 1020 x
490 989 500 1025 )
526 994 591 1019 non
615 996 680 1018 uno
703 985 777 1018 loco
809 983 986 1017 memoravi
1010 1006 1020 1016 .
1149 981 1231 1016 Sunt
1254 985 1286 1015 δι
1309 994 1342 1015 a.

346 1033 389 1065 lia
414 1030 494 1062 vitia
521 1053 530 1067 ,
554 1040 653 1072 eaque
675 1030 772 1061 etiam
794 1028 912 1060 intima
933 1049 943 1063 ‚
977 1037 1048 1068 quae
1072 1026 1268 1069 comparatis
1290 1027 1341 1059 in-

345 1085 395 1109 ter
420 1072 450 1106 se
475 1072 638 1109 Auditus,
661 1074 692 1105 &
715 1071 816 1104 Visus
837 1070 969 1112 organis
993 1068 1123 1111 poss‘unt
1155 1069 1306 1103 illustrari
1332 1083 1340 1101 ε

346 1118 399 1152 sed
420 1126 491 1159 quae
514 1115 613 1149 oculo
636 1113 809 1153 accidunt,
834 1122 927 1146 tanto
951 1112 1078 1149 facilius
1104 1111 1231 1154 possunt
1257 1115 1342 1147 acci-

346 1162 443 1198 dere,
466 1169 591 1201 quanto
614 1158 766 1192 subtilior
789 1156 887 1200 ipsius
908 1156 1062 1189 structura
1085 1157 1127 1189 est
1154 1181 1162 1188 .
1186 1156 1271 1194 Quae
1295 1167 1342 1189 res

349 1205 375 1239 si
398 1202 528 1237 aliunde
552 1212 616 1235 non
640 1210 761 1244 pateret
782 1223 793 1239 ‚
823 1210 890 1232 non
928 1199 1058 1232 difficile
1092 1198 1212 1240 conjici
1245 1198 1344 1242 posset

356 1259 396 1281 ex
419 1246 508 1278 varia
530 1244 701 1278 dumtaxat
726 1245 855 1277 ratione
879 1253 941 1285 qua
974 1253 1102 1276 nerveas
1126 1241 1345 1282 Olfaetorias,

351 1288 544 1325 Auditorias
566 1310 581 1327 ‚
602 1287 751 1320 Visorias
773 1287 869 1319 fibras
890 1288 924 1318 in
958 1285 1048 1318 suum
1081 1286 1221 1329 quasque
1252 1297 1346 1327 orga-

349 1333 427 1368 n'um
450 1330 700 1372 Sapientiffimus
722 1330 886 1362 Conditor
910 1328 1060 1361 induxit.
1085 1331 1124 1362 In
1148 1340 1237 1363 nares
1260 1331 1347 1364 enim

348 1387 408 1420 per
432 1373 595 1409 evidentia
619 1372 807 1407 Ethmoidis
829 1372 902 1406 offis
924 1370 1082 1405 foramina
1106 1395 1116 1410 ,
1141 1371 1346 1415 eoque-cras-

349 1420 446 1454 fiores
469 1417 550 1460 ipsas
574 1416 710 1451 immisit
738 1427 751 1455 ;
783 1427 838 1458 per
862 1416 968 1448 multo
1005 1417 1130 1448 minora
1164 1417 1196 1449 in
1222 1427 1310 1458 aures
1337 1441 1346 1455 ,

350 1475 452 1506 eoque
476 1462 664 1500 tenuiores5
688 1471 742 1502 per
765 1458 931 1492 exiliffima
954 1459 1080 1492 tandem
1103 1483 1111 1498 ,
1136 1469 1170 1493 ut
1194 1458 1346 1493 recentis-

352 1507 427 1541 simi
454 1504 657 1538 Profestores
688 1503 895 1537 ostenderunt
908 1524 926 1549 ,³
964 1513 1064 1544 eoque
1098 1501 1289 1536 tenuissimas
1311 1503 1346 1535 in

351 1550 488 1586 oculos;
514 1557 550 1581 ut
574 1558 630 1590 per
653 1545 810 1590 quosdam
832 1545 918 1587 quasi
944 1545 1059 1586 gradus
1084 1546 1163 1579 mihi
1201 1547 1348 1579 videatur

349 1592 527 1629 subtilem,
554 1590 756 1623 subtiliorem
775 1611 785 1627 ‚
824 1591 854 1621 &
879 1588 1113 1621 subtilislimam
1147 1591 1349 1632 singulorum

352 1636 470 1672 horum
493 1634 641 1668 sensuum
666 1632 956 1666 Instrumentorum
981 1631 1135 1666 fabricam
1168 1632 1318 1666 indicasse
1341 1656 1349 1664 .

351 1681 478 1714 Verum
502 1678 571 1710 haec
593 1677 669 1709 alias
692 1675 820 1708 fortasse
843 1673 963 1707 fufius.
984 1674 1086 1709 ’Nunc
1112 1676 1148 1708 ad
1182 1677 1314 1709 morbos
1335 1697 1348 1715 ,

356 1733 394 1757 ut
418 1720 622 1765 promisimus
645 1729 753 1752 earum
778 1717 922 1750 Partium
945 1728 1017 1758 quae
1041 1719 1130 1751 vocis
1149 1741 1158 1755 ,
1183 1721 1213 1751 &
1235 1718 1350 1760 deglu-

353 1766 483 1801 tition'is
506 1761 599 1797 causa
622 1763 694 1795 sunt
717 1760 876 1797 conditae‚
902 1763 931 1792 &
958 1759 1352 1805 potislimumipsisinser-

356 1810 517 1844 vientium
543 1816 716 1840 nervorum
740 1803 961 1837 transeamus.

404 1863 453 1886 12.
479 1853 527 1885 De
551 1848 661 1884 lethali
685 1860 725 1881 ex
747 1847 901 1882 ebrietate
926 1845 1080 1889 Aphonia
1105 1849 1181 1883 alias
1204 1848 1294 1890 (y)
1319 1845 1357 1880 ad

361 1907 393 1930 te
417 1896 619 1938 scripsimus,
646 1891 782 1925 nostram
806 1900 957 1938 quoque,
983 1902 1055 1924 curn
1080 1891 1267 1926 dissectione
1279 1901 1358 1924 con-

356 1941 503 1984 junetam
522 1964 530 1978 ,
552 1935 824 1971 Observationem
848 1942 1014 1969 mittentes
1037 1957 1046 1968 .
1070 1936 1137 1970 Hic
1162 1936 1295 1969 alteram
1305 1933 1357 1967 ad·

359 1986 525 2027 jiciemus.

386 2038 453 2070 ⁷13.
491 2027 514 2059 Ρ
540 2025 568 2058 A
594 2024 631 2057 M
657 2023 692 2056 U
714 2024 742 2057 L
766 2023 801 2056 U
827 2023 846 2054 S
880 2033 980 2057 annus
1005 2030 1097 2056 natus
1120 2022 1250 2056 circiter
1273 2021 1358 2056 sexa—

359 2074 452 2115 ginta
468 2096 476 2111 ,
502 2069 619 2102 statura
644 2066 728 2104 alta,
752 2065 870 2100 habitu
893 2067 1037 2109 corporis
1059 2067 1171 2105 bono,
1195 2065 1334 2099 ebriosus
1349 2090 1359 2105 ,

360 2120 442 2155 saepe
464 2123 555 2146 antea
580 2113 613 2144 in
640 2108 882 2144 Nosocomium
906 2120 1054 2152 exceptus
1074 2133 1086 2150 ‚
1118 2109 1207 2142 semel
1233 2109 1276 2142 ob
1299 2120 1359 2150 go-

361 2157 548 2194 norrhoeam
572 2155 752 2187 Veneream
778 2163 930 2196 gravem,
953 2163 991 2187 ex
1013 2164 1074 2196 qua
1099 2153 1259 2186 laboranti
1285 2162 1355 2186 tan-

363 2214 437 2237 tum
461 2201 523 2244 jam
548 2197 645 2231 virosi
684 2197 830 2230 humoris
863 2194 1031 2231 effluxerat
1056 2219 1067 2236 ‚
1101 2204 1136 2230 u't
1166 2196 1205 2229 de
1228 2195 1357 2229 lumbo-

363 2258 435 2281 rum
459 2242 626 2278 debilitate
650 2249 862 2283 quereretur,
886 2250 918 2273 at
942 2252 1006 2273 non
1031 2240 1121 2273 semel
1146 2239 1187 2272 ab
1219 2239 1375 2272 ebrietas

364 2301 396 2325 te
420 2288 564 2332 aphonus
588 2285 667 2318 illuc
690 2283 811 2317 delatus
834 2294 846 2322 3
881 2282 930 2317 sed
964 2281 1102 2326 aphonia
1134 2293 1241 2317 tamen
1265 2280 1358 2316 simul

364 2345 441 2370 cum
465 2332 620 2366 ebrietate
641 2325 776 2361 discussa
798 2351 808 2367 ,
840 2326 993 2368 postridie
1028 2338 1121 2360 mane
1154 2326 1247 2359 sanus
1272 2326 1360 2359 abie-

365 2387 414 2412 rat
435 2402 443 2410 .
478 2376 603 2418 Verum
639 2369 804 2404 noviffime
836 2381 910 2407 cum
944 2370 983 2403 ab
1013 2371 1122 2404 eadem
1146 2369 1235 2403 causa
1259 2368 1360 2411 apho-

366 2433 425 2455 nus
448 2421 481 2452 in
504 2419 554 2451 via
579 2423 698 2457 jaceret
723 2413 820 2447 υοᾶυ
843 2436 854 2452 ,
885 2425 944 2455 pro
977 2414 1174 2448 moribundo
1196 2412 1325 2446 habitus
1348 2424 1359 2450 3

367 2468 398 2498 ἅ
424 2473 495 2497 iane
519 2458 713 2495 humillimis
736 2466 803 2491 erat
827 2456 994 2500 pulsibus,·
1016 2458 1126 2491 eodem
1151 2456 1258 2489 illatus
1278 2479 1292 2496 ,
1313 2466 1361 2489 et-

368 2507 392 2542 fi
431 2506 498 2538 vini
534 2503 737 2545 plurimum,
781 2499 858 2534 dum
893 2500 1066 2534 inferretur
1090 2526 1101 2542 ‚
1145 2509 1365 2535 evomueratf,

369 2559 534 2589 nunquam
558 2555 665 2578 tamen
689 2544 824 2586 amplius
849 2555 960 2578 vocem
986 2545 1105 2577 edidit.
1131 2544 1222 2579 Quin
1242 2542 1294 2576 die
1317 2544 1367 2575 iii-

372 2593 540 2635 {eque-nti,
563 2599 675 2630 magna
701 2586 782 2620 febri
810 2598 901 2621 mane
923 2598 1088 2628 correptus
1109 2609 1122 2626 ,
1152 2589 1182 2618 δι
1219 2594 1368 2628 praeterea

373 2636 528 2673 facultate
552 2632 684 2666 orbatus
709 2629 893 2668 sentiendi,
928 2630 1144 2672 movendique
1178 2630 1211 2662 in
1245 2627 1369 2662 sinistro

373 2681 544 2716 dumtaxat
578 2685 649 2709 artu
688 2672 877 2716 superiore3
915 2673 1081 2707 stimulatae
1119 2673 1204 2706 enim
1239 2672 1369 2714 reliquae

374 2734 479 2769 partes
503 2720 617 2753 sentire
652 2717 679 2751 se
701 2739 713 2756 ‚
743 2716 949 2750 ostendebant
974 2729 984 2755 3
1028 2719 1181 2760 sanguine
1213 2716 1325 2748 emisio
1359 2738 1371 2754 ,

375 2764 525 2801 nonnihil
552 2761 685 2802 quidem
709 2761 816 2793 minus
850 2761 930 2795 male
954 2760 1070 2794 habere
1095 2759 1176 2793 visus
1208 2760 1252 2792 est
1275 2769 1285 2796 3
1321 2758 1370 2791 sed

378 2811 432 2844 vel
456 2805 667 2842 erodentibus
689 2802 897 2846 emplastris,
928 2815 1000 2846 quae
1036 2803 1197 2847 appellant
1222 2801 1374 2835 vesicato-

377 2855 426 2888 ria
447 2876 456 2891 ,
496 2850 533 2884 ad
558 2859 649 2883 crura
674 2847 837 2890 postremo
859 2847 1015 2881 adhibitis
1039 2870 1050 2887 ,
1083 2845 1165 2880 nihil
1196 2844 1321 2888 prorsus
1345 2856 1378 2878 a·-

379 2896 533 2940 gentibus
550 2919 558 2934 ,
583 2890 625 2925 fic
648 2891 793 2931 aphonus
817 2916 826 2931 ,
860 2901 896 2925 ut
921 2892 1027 2924 illatus
1050 2889 1154 2924 fuerat
1177 2911 1187 2927 ,
1219 2889 1255 2922 ad
1293 2899 1376 2921 mor-

383 2952 449 2974 tem
477 2943 574 2979 usque
599 2934 757 2977 perstitit:
782 2945 873 2976 ηυξ,
895 2936 991 2968 nullis
1024 2945 1166 2976 unquam
1198 2932 1377 2966 accedenti-

382 2985 443 3017 bus
466 2977 730 3015 convulsionibus
754 2999 766 3017 ‚
789 2977 840 3010 die
864 2988 977 3019 quarta
1001 2978 1133 3011 ineunte
1156 2976 1287 3009 advenit
1310 2976 1378 3018 pri-

382 3026 437 3061 die
463 3026 541 3058 Idus
563 3022 701 3055 Martias
724 3021 765 3052 A.
796 3025 889 3063 1756.
1021 3022 1049 3053 C
1073 3022 1103 3055 A
1127 3023 1159 3055 D
1181 3020 1210 3052 A
1236 3020 1267 3052 V
1294 3020 1319 3052 E
1346 3019 1374 3051 R

385 3079 460 3105 ante
493 3067 578 3101 diem
617 3076 633 3097 a
670 3072 775 3096 morte
807 3066 978 3104 septimum
999 3089 1009 3104 ,
1038 3061 1212 3106 improvisa
1237 3073 1375 3104 gonagra

384 3127 436 3149 me
459 3113 550 3145 donli
573 3109 733 3142 retinente
753 3129 764 3145 ,
799 3106 953 3153 inspicere
977 3119 1040 3141 non
1067 3108 1159 3150 potui
1179 3129 1191 3146 ‚
1225 3107 1280 3138 ubi
1303 3116 1377 3139 cum

385 3170 437 3192 me
459 3155 584 3188 diutius
607 3149 677 3184 fore
700 3173 711 3188 ‚
739 3153 917 3198 timerem3
941 3151 1010 3194 Juffi
1037 3174 1047 3189 ,
1070 3159 1166 3194 caput
1191 3148 1325 3189 saltem,
1348 3151 1379 3182 &

384 3210 499 3245 penem
524 3207 599 3231 cum
623 3204 750 3227 annexae
775 3195 885 3228 vesicae
910 3204 999 3238 parte
1022 3194 1160 3228 servari.
1288 3195 1376 3228 Dum

386 3247 496 3284 Caput
522 3253 536 3273 a
568 3238 658 3271 collo
689 3236 868 3284 dividere-nt
895 3260 907 3277 ‚
935 3237 1029 3280 idque
1055 3238 1154 3271 biduo
1187 3236 1228 3270 ab
1248 3236 1341 3270 obitu
1365 3258 1377 3276 ,

386 3287 531 3320 multum
557 3286 641 3324 nigri
666 3303 676 3318 ‚
698 3282 726 3312 ἃ
753 3282 838 3314 densi
862 3280 1024 3321 sanguinis
1058 3280 1228 3315 effluxerat
1255 3304 1262 3312 .
1299 3280 1378 3317 Quo

386 3334 496 3364 minus
518 3328 651 3360 miratus
675 3326 764 3361 lum,
788 3323 925 3358 reserato
948 3325 1076 3357 demum
1098 3324 1229 3361 cranio‚
1256 3325 1377 3357 menin-

384 3377 436 3417 gis
459 3371 585 3405 Tenuis
611 3371 679 3400 vasa
705 3378 768 3400 non
791 3367 927 3401 distenta
952 3367 1102 3410 sanguine
1134 3380 1150 3402 a
1174 3379 1223 3400 me
1255 3367 1378 3407 conspi-

385 3419 437 3450 ci.
466 3418 504 3449 ln
531 3411 711 3446 ventriculo
736 3412 873 3444 Laterali
898 3411 1031 3444 dextero
1054 3411 1191 3445 multum
1217 3422 1305 3453 aquae
1329 3413 1380 3442 in-

390 3461 488 3498 veni,
510 3459 705 3502 plexumque
730 3454 929 3489 Clioroidem
953 3454 1111 3498 pallidum
1132 3477 1143 3493 ‚
1176 3455 1207 3486 δι
1240 3465 1303 3497 qua
1325 3464 1381 3487 an-

769 215 925 270 Liber
957 214 1030 268 V.
1061 210 1145 264 De
1180 209 1427 264 addendis
1459 207 1523 260 ad
1555 207 1743 262 Libros
1773 207 2058 275 superiores

1384 289 1524 325 trorsum
1547 287 1576 322 se
1595 286 1764 324 inflefflt‚
1789 289 1892 329 parvis
1916 288 2047 321 aufflim
2069 311 2082 329 ,
2106 287 2157 324 sed
2180 290 2369 328 confertim·-

1384 335 1471 373 mis,
1492 330 1701 373 hydatidibus
1725 353 1733 361 .
1769 331 1806 362 In
1832 329 1954 364 sinistro
1980 333 2159 366 ventriculo
2184 345 2271 375 aquae
2294 361 2303 375 ,
2337 340 2371 371 ἃς

1384 376 1579 420 hydatidum
1601 375 1709 407 multo
1731 374 1838 406 minus
1864 398 1870 404 .
1907 374 1961 407 Ab
1997 373 2057 407 hoc
2092 387 2198 408 taitien
2228 388 2309 411 inter
2335 391 2373 414 u-

1383 430 1535 460 trumque
1556 418 1742 451 discrimine
1765 416 1918 450 resolutio
1940 417 1993 448 ilia
2019 429 2033 449 a
2060 418 2188 452 sinistris
2211 431 2274 453 non
2300 433 2376 464 pro-

1384 471 1533 500 venerat.
1557 460 1647 495 Nam
1667 472 1742 495 cum
1768 469 1880 500 praeter
1901 460 2091 495 cerebellum
2109 484 2117 495 ,
2143 464 2375 508 medullamque

1388 507 1613 547 Oblongatam
1640 529 1648 544 ,
1682 502 1843 537 sinistrum
1874 515 2004 545 quoque
2036 506 2154 538 cerebri
2182 505 2378 551 hemisphae-

1388 552 1475 584 rium
1498 549 1582 582 ῐεᾶο
1607 547 1636 580 se
1659 547 1790 581 haberet
1814 571 1823 585 ,
1857 547 1891 579 in
1923 546 2057 580 dextero
2088 551 2289 585 cavernulam
2322 552 2379 586 de-

1389 592 1541 638 prehendi
1565 590 1795 625 subrotundarn
1818 612 1828 627 ‚
1858 590 1983 623 nuculae
2005 590 2166 633 juglandis
2198 605 2343 635 capacem
2365 618 2379 635 ‚

1391 637 1476 678 nigri
1510 635 1674 676 sanguinis
1706 634 1830 675 plenam
1852 657 1861 665 .
1908 634 1954 666 Ea
1988 638 2131 676 corporis
2164 637 2276 670 Sti-iati
2303 663 2313 678 ,
2347 641 2379 672 δε

1391 679 1545 714 Thalami
1570 678 1658 711 nervi
1683 677 1799 719 Optici
1844 685 2014 709 externum
2058 679 2137 712 latus
2182 691 2245 713 non
2279 682 2379 715 modo

1392 722 1621 765 contingebat,
1643 719 1694 754 sed
1715 723 1745 753 &
1770 718 1935 762 utriusque
1959 730 2081 760 partem
2108 724 2250 766 aliquam
2283 736 2381 759 occu-

1396 768 1491 808 pabat
1515 765 1556 799 sic
1580 774 1709 801 tamen,
1734 774 1769 797 ut
1793 765 1878 795 intra
1903 764 2118 809 ventriculum
2142 778 2206 799 non
2244 765 2346 801 hiaret
2370 793 2380 802 ,

1394 810 1524 848 Quibus
1548 808 1718 852 perspeffis
1740 831 1749 846 ‚
1784 806 1897 840 oculos
1944 806 1982 838 ad
2017 809 2114 842 imam
2151 810 2240 844 illam
2273 811 2383 845 velicae

1393 864 1541 895 partem,
1564 851 1602 885 ad
1626 850 1853 892 urethramque
1886 859 2039 883 annexam
2071 855 2220 887 converti
2242 880 2248 886 .

1392 895 1517 931 Veficae
1540 896 1657 929 tunicae
1679 893 1838 927 crasiiores
1860 902 1947 926 erant
1964 917 1972 932 ‚
1997 903 2032 926 ut
2055 895 2089 928 in
2114 909 2152 930 eo
2175 899 2231 939 qui
2263 909 2384 942 gonor-

1389 939 1489 974 rhoeae
1515 949 1659 980 tempore
1683 947 1720 970 ex
1743 938 1843 971 urinae
1866 936 2054 983 difficultate
2079 939 2277 975 laboraverat
2292 967 2299 974 .
2326 944 2384 975 Per

1393 985 1580 1017 interiorem
1604 993 1681 1015 vero
1703 980 1794 1013 illam
1828 980 1937 1012 vesicae
1970 978 2087 1015 faciem
2121 993 2172 1016 tot
2217 985 2385 1020 orificium

1393 1027 1498 1061 versus
1521 1025 1699 1067 {anguifera
1721 1021 1896 1057 tendebant
1921 1022 2044 1058 vascula
2064 1048 2073 1063 ,
2099 1028 2130 1058 &
2155 1026 2309 1065 sanguine
2331 1029 2387 1062 ad-

1392 1083 1430 1105 eo
1453 1069 1606 1108 distenta,
1627 1076 1663 1103 ut
1687 1080 1702 1101 a
1727 1067 1832 1109 primo
1855 1067 2015 1105 crederes,
2043 1070 2153 1103 t'otibi
2178 1065 2298 1106 eistare
2322 1071 2388 1107 liae-

1392 1112 1616 1152 morrhoides‚
1637 1122 1708 1145 eum
1734 1110 1841 1143 locum
1863 1110 2066 1151 optinentes>
2087 1123 2169 1155 quot
2194 1126 2279 1148 erant
2305 1128 2389 1159 qua.

1393 1157 1415 1191 si
1439 1158 1580 1199 aggeries
1604 1153 1826 1198 parallelorum
1850 1152 2053 1188 vasculorum
2069 1181 2077 1188 .
2210 1159 2267 1191 Ab
2289 1172 2326 1192 eo
2349 1172 2387 1193 ο-

1394 1200 1501 1235 rificio
1523 1211 1596 1233 cum
1620 1197 1785 1243 urethram
1820 1196 1858 1229 ad
1892 1195 1990 1229 finem
2025 1198 2122 1240 usque
2167 1203 2388 1242 aperuissem3

1395 1246 1524 1278 nullum
1547 1243 1679 1285 usquam
1704 1241 1816 1276 ulcus5
1842 1240 1909 1272 imo
1932 1240 2014 1274 nihil
2038 1242 2169 1282 usquam
2196 1246 2234 1277 ab
2258 1255 2390 1280 natura-

1394 1288 1418 1321 li
1440 1288 1549 1321 colore
1574 1287 1712 1319 alienum
1735 1284 1897 1316 occurrit.
1922 1283 2014 1326 Quin
2039 1284 2094 1318 etsi
2118 1298 2156 1320 ex
2179 1286 2297 1321 osculis
2310 1291 2390 1323 Pro-

1395 1330 1484 1365 statae
1507 1329 1664 1372 glandulae
1687 1329 1853 1361 materiam
1878 1327 2010 1367 expreffi
2034 1329 2119 1370 quafi
2146 1332 2308 1372 putridam
2325 1356 2334 1370 ‚
2358 1335 2390 1366 &

1396 1386 1468 1417 ηυξ
1491 1384 1529 1407 ex
1553 1373 1628 1406 albo
1651 1370 1693 1405 ad·
1709 1371 1873 1404 cinereum
1897 1370 2039 1404 colorem
2065 1383 2210 1415 vergeret
2235 1387 2244 1414 ς
2280 1376 2314 1409 id
2338 1385 2395 1409 tot

1395 1419 1521 1452 dierum
1545 1427 1642 1450 inorae
1665 1415 1845 1456 imputavi3
1870 1414 1938 1447 haec
1962 1425 2038 1447 vero
2053 1436 2062 1451 ‚
2084 1428 2155 1459 quae
2179 1419 2308 1460 dicam,
2330 1431 2393 1453 cae-

1398 1470 1464 1495 tera
1489 1458 1662 1502 praegressae
1684 1458 1763 1490 olim
1788 1455 2013 1500 gonorrhoeae.
2039 1460 2076 1491 In
2098 1463 2266 1496 caruncula
2292 1464 2395 1496 Semi-

1398 1505 1461 1539 nali
1484 1504 1576 1537 Sinus
1598 1499 1762 1536 orificium
1787 1501 1847 1534 mei
1871 1501 1994 1538 laxius,
2020 1502 2177 1546 sinusque
2211 1505 2275 1548 ipse
2297 1518 2395 1549 quam

1400 1548 1499 1582 soleat
1524 1569 1534 1586 ,
1568 1546 1698 1588 longior
1722 1543 1788 1578 fuit
1811 1569 1819 1576 .
1855 1545 1884 1576 A
1909 1547 2088 1578 carunculae
2124 1557 2229 1582 autem
2256 1559 2397 1592 utroque

1400 1592 1501 1625 latere
1533 1588 1658 1623 lineolae
1688 1597 1778 1622 erant
1811 1586 1958 1629 quaedam
1995 1588 2153 1629 parallelae
2182 1618 2190 1631 ,
2221 1592 2394 1627 secundum

1404 1632 1643 1677 longitudinem
1663 1631 1765 1665 ducias
1791 1655 1799 1661 .
1839 1630 1899 1663 Sed
1931 1629 1978 1663 hae
2003 1630 2215 1674 humillimae.
2248 1637 2328 1669 Non
2353 1637 2394 1670 fic

1401 1689 1478 1710 vero
1502 1676 1637 1710 annulus
1660 1686 1698 1707 ex
1722 1674 1835 1708 intima
1867 1672 2005 1706 urethrae
2042 1675 2215 1711 substantia
2240 1702 2249 1716 ‚
2283 1681 2395 1713 lacerti

1401 1720 1742 1760 instar,¹prominens,
1767 1727 1801 1750 ut
1826 1715 2027 1757 aliquantum
2044 1740 2053 1755 ‚
2079 1718 2177 1753 ferme
2200 1722 2237 1755 ad
2263 1724 2400 1757 valvulae

1403 1774 1510 1807 parvae
1533 1761 1685 1799 modum,
1709 1759 1912 1794 descendenti
1937 1759 2043 1797 lotio,
2067 1764 2164 1796 aliive
2187 1763 2318 1798 humori
2344 1778 2401 1808 po-

1406 1804 1502 1840 tuisse
1524 1804 1647 1838 obstare
1671 1803 1855 1837 videretur.
1880 1802 2056 1836 Transibat
2081 1806 2107 1838 is
2138 1809 2273 1842 annulus
2308 1808 2402 1851 super

1408 1848 1590 1884 carunculae
1612 1858 1678 1882 non
1702 1847 1850 1880 infimum
1876 1846 2012 1880 rostrum
2038 1868 2047 1883 ‚
2080 1847 2179 1889 huic,
2205 1861 2240 1885 ut
2266 1852 2399 1894 reliquae

1408 1893 1615 1927 circumcirca
1641 1888 1823 1932 superficiei
1848 1886 1986 1922 urethrae
2012 1890 2142 1933 affixus,
2168 1895 2323 1938 nusquam
2348 1895 2401 1929 s0..

1409 1939 1517 1971 lutus.
1540 1936 1626 1968 Cum
1654 1934 1692 1968 ad
1717 1934 1832 1967 Litt-rii
1854 1933 2036 1974 glandularn
2051 1955 2059 1968 ,
2083 1935 2122 1968 ad
2145 1950 2276 1981 eamque
2301 1938 2405 1973 sedem

1409 1983 1442 2014 in
1467 1991 1531 2021 qua
1555 1977 1662 2012 oscula
1686 1976 1778 2011 hiant
1800 1976 1955 2010 durftuum
1980 1976 2133 2020 Cowperi
2158 1981 2406 2024 glandularum,

1409 2023 1494 2057 nihil
1518 2020 1731 2055 internoscere
1754 2017 1925 2062 potuissem
1949 2020 2037 2061 quod
2063 2021 2135 2056 esset
2160 2034 2275 2066 praeter
2310 2035 2407 2059 natu..

1410 2077 1479 2101 ram
1500 2077 1508 2098 :
1543 2064 1650 2098 rursus
1673 2065 1706 2096 in
1729 2075 1764 2097 ea
1800 2070 1982 2109 parte-quae
2007 2063 2112 2097 tribus
2135 2091 2145 2106 ‚
2181 2077 2236 2100 aut
2262 2079 2404 2111 quatuor

1409 2107 1593 2145 transversis
1614 2107 1729 2150 digitis
1761 2105 1853 2149 supra
1886 2105 1984 2138 finem
2019 2108 2158 2142 uretlirae
2193 2112 2234 2145 est
2269 2133 2277 2148 ‚
2323 2113 2407 2147 albas

1408 2151 1494 2197 quasi
1519 2149 1614 2184 fibras
1636 2151 1771 2192 oblique
1788 2171 1801 2188 ‚
1835 2147 1886 2182 sed
1909 2149 2022 2182 leviter
2045 2174 2056 2191 ‚
2080 2152 2238 2188 exstantes
2263 2156 2408 2190 animad-

1409 2198 1514 2231 verti.
1539 2194 1713 2227 Tenebant
1725 2192 1774 2227 hae
1785 2192 1883 2226 latera
1897 2215 1903 2222 -
1919 2192 2002 2233 Qae
2018 2204 2125 2228 autern
2138 2199 2221 2232 inter
2235 2197 2301 2232 haec
2315 2209 2406 2233 erant

1409 2249 1555 2274 meorum
1581 2238 1848 2271 Canaliculorum
1871 2235 1997 2269 orificia
2023 2237 2097 2271 satis
2121 2250 2185 2274 erat
2222 2241 2373 2284 inspicere
2397 2266 2409 2284 ‚

1410 2294 1446 2318 ut
1471 2282 1622 2316 morbum
1646 2282 1729 2315 olim
1749 2279 1809 2313 effe
1825 2278 1927 2322 passa,
1954 2281 2214 2323 intelligeretur3
2240 2286 2317 2319 adeo
2343 2286 2410 2330 ipsa

1412 2328 1514 2368 magis
1538 2336 1633 2368 quam
1658 2333 1849 2366 caeterorum
1872 2322 2023 2364 orificia,
2047 2329 2213 2361 contra&a
2238 2340 2351 2369 erant,
2378 2332 2409 2363 δε

1411 2371 1561 2413 proxima
1586 2369 1739 2410 utrinque
1761 2365 1941 2409 superficies
1965 2368 2059 2402 aliter
2083 2381 2117 2403 ac
2142 2372 2263 2414 reliqua
2289 2375 2412 2411 omnis,

1413 2415 1442 2448 se
1467 2411 1602 2446 habebat
1617 2436 1625 2444 .
1757 2410 1839 2446 Quae
1863 2409 1901 2442 ad
1926 2420 2036 2452 graves
2061 2414 2190 2449 morbos
2215 2415 2413 2458 spectabant,

1417 2456 1603 2498 descriptis,
1626 2465 1689 2487 non
1716 2464 1799 2495 aegre
1821 2451 1927 2492 feres,
1950 2463 1986 2487 ut
2008 2457 2126 2497 opinor
2149 2483 2156 2496 ‚
2180 2457 2201 2491 si
2228 2470 2325 2500 pauca
2354 2461 2411 2494 ad-

1420 2500 1533 2533 didero
1559 2499 1591 2530 in
1616 2497 1709 2538 hujus
1731 2495 1875 2530 hominis
1907 2499 2012 2539 capite
2045 2501 2261 2535 animadversa
2283 2529 2295 2546 ,
2329 2516 2411 2546 quo-

1420 2554 1491 2578 rum
1514 2551 1614 2575 unum
1639 2542 1676 2574 ad
1703 2540 1852 2574 morbum
1873 2561 1882 2577 ‚
1908 2539 1958 2573 sed
2002 2542 2106 2576 levem
2136 2567 2147 2583 ,
2195 2547 2257 2578 tria
2289 2547 2413 2588 reliqua

1420 2597 1485 2620 non
1509 2585 1545 2618 ad
1571 2585 1720 2618 morbum
1743 2583 1876 2626 quidem
1892 2608 1900 2623 ,
1926 2583 1977 2616 scd
2002 2585 2039 2619 ad
2063 2597 2111 2619 res
2134 2596 2250 2629 praeter
2282 2592 2416 2624 consue-

1421 2641 1491 2663 tum
1514 2637 1634 2662 naturae
1660 2628 1793 2663 modum
1817 2627 2020 2668 pertinebant
2041 2652 2048 2659 .
2089 2631 2235 2664 Primum
2271 2632 2335 2667 fuit
2362 2643 2416 2665 tu-

1424 2685 1496 2707 mor
1519 2671 1679 2714 cysticus,
1705 2670 1862 2704 mediocri
1888 2681 1956 2703 uvae
1981 2672 2073 2705 acino
2097 2672 2180 2706 haud
2207 2675 2309 2717 major
2333 2700 2345 2717 ,
2382 2677 2416 2708 iri

1424 2727 1568 2757 tempore
1591 2715 1775 2757 prominens
1797 2712 1930 2747 dextero
1953 2724 2017 2747 non
2041 2718 2085 2749 ita
2111 2719 2221 2759 procul
2248 2732 2262 2752 a
2286 2720 2394 2753 fronte
2409 2743 2416 2749 .

1428 2760 1566 2794 Materia
1591 2759 1702 2801 plenus
1725 2765 1792 2790 erat
1816 2756 1887 2789 alba
1910 2756 2004 2790 laffis
2027 2760 2123 2792 instar
2141 2785 2151 2799 ,
2177 2760 2226 2794 sed
2253 2762 2333 2797 laffie
2358 2763 2418 2796 ali-

1427 2812 1552 2846 quanto
1576 2803 1681 2835 minus
1707 2799 1825 2834 fluida.
1850 2799 1978 2833 Cavum
2003 2804 2120 2835 tunicre
2145 2816 2211 2837 earn
2248 2811 2417 2840 materiam

1428 2846 1625 2881 continentis
1658 2843 1847 2886 sphaericum
1871 2866 1884 2883 ,
1917 2844 2051 2877 dimidia
2077 2858 2113 2878 ex
2137 2858 2226 2888 pai-te
2250 2851 2288 2884 ad
2312 2859 2419 2884 cutem

1430 2889 1632 2932 pertinebat3
1657 2888 1753 2921 altera
1777 2886 1910 2919 dimidia
1935 2897 2001 2920 erat
2024 2888 2112 2922 infra
2146 2901 2253 2925 cutem
2278 2918 2287 2927 ,

1429 2934 1607 2967 Secundum
1623 2956 1630 2965 .
1656 2933 1746 2964 Sinus
1770 2929 1886 2976 frontis
1911 2932 2070 2972 pituitarii
2084 2935 2162 2966 nulli
2178 2945 2264 2968 erant
2279 2962 2286 2968 .

1430 2978 1586 3010 Tertium
1610 3000 1618 3007 .
1657 2976 1748 3008 Sinus
1771 2972 1911 3014 ejusdem
1949 2978 2071 3015 generis
2095 2976 2297 3017 sphenoidaei
2331 2988 2420 3013 erant

1429 3021 1583 3060 quidem,
1605 3030 1661 3052 nec
1685 3028 1790 3050 tamen
1814 3019 1847 3049 in
1870 3017 2054 3055 dexterum,
2081 3020 2307 3065 sinistrumque
2331 3023 2421 3056 divi-

1429 3064 1450 3096 si
1479 3090 1493 3110 ‚⁴
1512 3063 1560 3096 sed
1584 3064 1618 3094 in
1643 3062 1838 3104 superiorem
1860 3084 1873 3101 ,
1906 3063 1935 3093 δε
1960 3062 2148 3096 inferiorem
2172 3087 2181 3102 ,
2206 3078 2342 3108 quorum
2366 3065 2421 3099 hic

1428 3118 1531 3149 major
1555 3105 1638 3139 fuit.
1772 3104 1934 3143 Qartum
1958 3104 2095 3148 denique
2117 3130 2125 3138 .
2163 3109 2323 3143 Processus
2348 3112 2424 3151 Sty-

1431 3151 1531 3183 loides
1564 3148 1684 3182 sinister
1715 3148 1836 3189 digitos
1860 3146 2050 3182 transversos
2083 3155 2319 3192 propemodum
2342 3165 2424 3196 qua-

1430 3203 1505 3226 tuor
1529 3195 1667 3234 longus,
1690 3201 1726 3225 ut
1749 3192 1801 3223 vix
1826 3191 1967 3232 digitulo
1989 3192 2084 3226 distet
2107 3195 2122 3236 (
2143 3193 2232 3228 servo
2258 3198 2344 3230 enim
2369 3197 2424 3229 ad·

1429 3236 1491 3271 huc
1517 3240 1535 3277 J
1554 3236 1592 3269 ab
1616 3235 1678 3268 offe
1702 3234 1834 3276 Hyoide
1856 3256 1869 3273 ,
1905 3234 1934 3267 id
1960 3237 2166 3271 intervallum
2202 3241 2333 3273 vinculo
2358 3245 2422 3273 imo

1427 3282 1534 3324 plente
1557 3279 1616 3312 illo
1642 3288 1740 3312 terete
1765 3289 1819 3318 per
1841 3282 1929 3318 quod
1951 3290 2023 3313 cum
2046 3292 2084 3312 eo
2107 3280 2171 3314 osse
2194 3284 2425 3320 connefiitur3

1432 3324 1489 3357 nisi
1525 3323 1612 3357 sorte
1644 3324 1745 3355 mavis
1768 3342 1778 3356 ‚
1811 3320 2007 3362 superiorem
2038 3334 2166 3358 omnem
2189 3325 2326 3367 ejusdem
2353 3337 2425 3359 vin—

1433 3368 1499 3400 culi
1533 3375 1660 3408 partem
1684 3364 1788 3398 multo
1812 3365 1989 3399 crassiorem
2013 3365 2132 3401 factam
2167 3368 2226 3402 effe
2247 3392 2261 3409 ‚
2305 3371 2337 3402 in
2373 3368 2428 3401 os-

1432 3422 1494 3452 que
1537 3409 1720 3441 conversam
1741 3430 1753 3448 ,
1795 3409 1924 3450 quando
1967 3410 2098 3443 vinculo
2144 3422 2273 3454 quoque
2318 3408 2435 3446 dexte-⁷

1432 3465 1471 3487 ro
1514 3453 1547 3486 in
1592 3452 1702 3485 medio
1753 3450 1854 3486 ferme
1898 3452 1960 3486 suae
2004 3454 2219 3495 longitudinis
2264 3455 2381 3489 accidit
2416 3477 2426 3494 ‚

2342 3507 2380 3533 ut

454 3727 525 3755 (u)
557 3726 648 3752 Monit.
680 3727 775 3753 Medic.
808 3733 830 3750 c.
862 3731 904 3751 ιι.
937 3725 962 3750 S.
994 3732 1017 3751 2.

459 3757 532 3787 (y)
564 3758 637 3786 Epist.
671 3765 709 3786 iq.
743 3766 765 3782 n.
798 3765 834 3787 34·
867 3759 889 3781 ἃ
920 3753 983 3787 seqq.

1078 3725 1152 3755 (x)
1183 3728 1215 3751 v.
1248 3733 1274 3750 n.
1303 3732 1325 3750 a.
1357 3728 1379 3750 δε
1411 3728 1436 3750 6.
1468 3724 1596 3750 bitin.
1627 3731 1651 3749 n.
1687 3732 1709 3753 3·
