2498 4075
397 192 436 224 ξε
459 187 563 212 tamen
595 174 759 211 obscurior
781 175 939 220 scaturigo
970 174 1012 210 est
1032 175 1120 209 illius
1151 175 1239 217 puris
1261 173 1352 220 quod
1382 186 1399 208 a

399 223 545 256 Valsalva
567 219 632 254 fuit
655 221 689 253 in
713 220 807 254 altera
827 219 1010 254 diffeetione
1030 218 1234 261 conspectum
1252 242 1266 259 ,
1288 218 1310 251 s1
1334 229 1397 252 non

397 266 467 309 post
489 275 594 297 veram
617 262 816 306 apoplexiam
833 287 847 304 ,
880 274 911 297 at
933 270 1014 295 certe
1058 261 1105 296 ost
1136 259 1337 296 affestionem
1360 261 1397 294 de

395 305 623 351 ejusdemmodi
645 317 775 350 genere.
799 308 887 341 Nam
910 317 956 339 res
979 305 1018 339 ad
1064 313 1125 339 unc
1146 305 1280 339 modurn
1303 304 1396 339 seha-

395 352 488 386 buit.

435 407 466 436 4,
491 393 697 428 MULIERI
721 404 819 426 annos
850 392 982 435 amplius
1011 391 1219 435 quadraginta
1253 399 1335 424 natae
1356 402 1394 424 ex

393 437 484 470 valde
506 437 688 470 imminutis
721 435 884 470 menstruis
916 435 1158 477 purgationibus
1191 435 1324 467 obortus
1353 433 1395 468 est

393 482 427 513 in
450 480 577 514 sinistro
609 490 699 514 crure
722 478 885 512 cancrosus
917 486 1056 512 tumor:
1089 490 1157 521 quo
1190 476 1393 520 postmodum

393 524 595 561 exulcerato,
621 523 751 565 aliisque
773 524 806 554 in
829 521 940 554 eodem
963 533 1051 555 crure
1064 521 1223 554 ulceribus
1244 522 1365 553 coortis
1380 543 1392 558 ,

391 577 457 600 non
480 567 556 599 levis
578 566 700 606 dolor,
722 564 862 598 &febris
886 576 984 607 prope
1007 563 1118 598 affidua
1139 563 1257 597 acceffit
1274 587 1282 596 .
1300 564 1392 608 Jam-

389 622 448 653 que
472 621 611 650 annum,
634 620 731 650 eoque
755 609 889 651 amplius
913 607 979 641 haec
1004 608 1195 650 pertulerat,
1221 617 1295 639 cum
1318 606 1392 640 diu..

389 663 555 687 turnarum
580 651 792 685 molestiarum
815 651 970 694 pertaesa,
1002 663 1017 683 a
1041 651 1188 685 Valsalva
1211 651 1332 692 petiit,
1354 659 1391 683 ut

386 708 480 737 crus,
502 695 566 738 jam
588 695 674 728 nulla
697 695 818 728 ratione
842 693 998 734 sanabile,
1021 702 1219 735 amputaret.
1245 693 1324 733 Qo
1339 703 1392 725 an-

385 749 499 773 nuente
522 764 531 779 ,
563 741 595 771 &
619 749 684 771 rem
707 737 846 771 feliciter
868 745 1034 780 peragente
1051 759 1064 777 ,
1100 747 1174 770 cum
1196 735 1234 770 ad
1259 736 1391 770 tertium

388 783 428 815 ab
451 783 667 824 amputatione
690 781 774 814 diem
799 789 928 814 ventum
950 777 1044 817 ess‘et,
1067 779 1184 813 lividus
1204 780 1237 812 in
1259 780 1390 813 mutila-

386 834 417 858 ta
443 835 531 867 parte
555 826 701 866 apparuit
723 823 834 863 color,
857 824 913 865 qui
935 834 1010 856 curn
1032 822 1166 856 biduum
1189 821 1366 866 perstitisset
1379 835 1388 860 ;

384 868 532 901 adhibito
555 867 720 909 emplastro
743 878 781 900 ex
803 866 1062 907 emollientibus,
1086 865 1313 900 &volatilibus
1336 877 1391 909 pa-

382 921 453 944 rato
465 934 479 951 ,
499 910 625 944 vividus
647 911 736 944 color
771 909 814 943 est
836 909 997 944 restitutus
1023 934 1029 940 .
1068 910 1202 943 Interim
1225 909 1323 943 febris
1355 912 1390 942 in

382 954 451 988 dies
472 953 509 987 fit
533 955 660 995 gravior
679 978 692 995 ,
723 956 757 987 in
779 962 967 996 acutamque
989 952 1155 996 degenerat
1177 978 1184 986 .
1223 954 1350 986 Parotis
1373 964 1390 985 a

381 998 502 1031 dextris
524 997 554 1030 se
575 996 699 1032 attollit
719 1020 732 1038 ,
765 997 841 1031 adeo
867 1008 905 1031 ue
928 996 1112 1031 intumescit
1139 1020 1148 1036 ,
1172 1006 1209 1030 ut
1233 996 1271 1030 ad
1295 996 1389 1029 horas

380 1042 451 1084 plus
482 1041 600 1084 viginti
621 1051 760 1084 quatuor
792 1051 829 1073 ne
844 1008 1012 1084 ‹iiquidum
1035 1041 1165 1083 quidem
1197 1041 1385 1073 alimentum

381 1083 539 1127 deglutire
561 1084 656 1118 sinat.
684 1084 743 1118 Sed
765 1083 862 1127 largis
884 1083 1009 1117 obortis
1031 1082 1223 1124 sudoribus,
1245 1084 1385 1116 remitti-

378 1137 431 1163 tur
454 1127 579 1168 febris‚
602 1129 726 1170 parotis
749 1127 921 1161 discutitur
940 1150 953 1168 ,
990 1129 1022 1160 δε
1045 1126 1183 1160 feliciter
1205 1129 1313 1160 omnia
1336 1127 1385 1158 vi-

380 1171 495 1205 dentur
517 1171 704 1214 procedere.
729 1171 820 1211 Qin
843 1173 941 1204 etiam
964 1181 1039 1204 cum
1065 1172 1151 1204 circa
1183 1170 1381 1210 trigesimum

375 1215 484 1255 diem,
506 1214 550 1247 ob
572 1223 710 1248 erratum
731 1215 766 1247 :in
789 1214 865 1248 cibo
887 1211 1052 1248 admissum
1069 1235 1078 1250 ‚
1103 1222 1194 1247 acuta
1216 1213 1313 1247 febris
1335 1224 1382 1246 re-

373 1256 504 1298 diisset,
525 1258 706 1300 multosque
728 1257 916 1300 perstitisset·
932 1257 1022 1296 dies;
1046 1268 1098 1299 per
1112 1256 1238 1292 sudores
1260 1259 1379 1295 iterum

373 1302 492 1337 sublata
516 1301 576 1334 est.
603 1302 684 1334 Haec
706 1313 777 1344 quae
801 1301 887 1335 dieta
900 1300 993 1341 sunt,
1014 1301 1145 1334 minime
1167 1301 1381 1340 obstiterunt,

373 1347 453 1388 quin
475 1346 577 1386 magis
613 1345 777 1388 magisque
811 1345 1006 1378 accrescente
1039 1345 1188 1378 cicatrice
1208 1368 1221 1385 ,
1247 1344 1382 1379 curatio

371 1390 439 1434 jam
461 1388 500 1421 ad
523 1387 618 1421 finem
642 1387 794 1430 spectaret
811 1413 818 1421 .
844 1390 966 1422 Verum
990 1389 1089 1421 tertio
1099 1388 1231 1421 circiter
1253 1388 1292 1421 ab
1315 1399 1382 1419 arn-

372 1433 541 1476 putatione
564 1431 666 1464 mense
681 1456 694 1472 ‚
715 1442 789 1464 cum
812 1430 927 1465 mulier
949 1443 965 1463 e
987 1432 1072 1466 Ῑεᾶο
1093 1441 1236 1474 exempta
1259 1431 1324 1474 jam
1335 1431 1381 1464 es-

371 1477 416 1510 set
438 1499 451 1516 ‚
485 1473 651 1508 affectione
675 1475 852 1516 corripitur
873 1475 911 1508 de
934 1485 1044 1516 genere
1077 1475 1343 1518 apopletfticar'um
1368 1498 1377 1506 .

370 1522 459 1554 Cum
481 1519 600 1552 delirio
624 1519 735 1558 enim,
758 1520 790 1550 &
812 1517 1094 1558 convuffionibus,
1116 1519 1218 1552 sensus
1232 1543 1240 1558 ,
1263 1522 1378 1551 &rno-

368 1572 422 1599 tus
444 1563 635 1596 imminutio
658 1563 691 1595 in
714 1569 785 1594 tota
810 1571 898 1600 parte
920 1563 1066 1604 corporis
1088 1562 1218 1595 dextera
1241 1560 1376 1603 conjun-

371 1608 423 1641 ὄζει
444 1615 530 1639 erat.
556 1606 639 1641 Quae
662 1605 744 1638 mala
767 1604 823 1637 ets1
845 1603 883 1639 ad
905 1605 1029 1647 aliquot
1063 1604 1221 1639 interdum
1245 1604 1311 1637 dies
1334 1616 1380 1637 re-

370 1652 460 1685 mitti
485 1649 693 1686 videbantur3
717 1657 822 1682 tamen
847 1647 1066 1683 vehementius
1079 1648 1239 1692 redeuntia
1264 1659 1380 1690 aegram

368 1693 408 1728 de
429 1692 536 1728 medio
558 1691 745 1726 sustulerunt
759 1715 766 1721 .
901 1692 1092 1726 CRANIO
1115 1692 1242 1726 exseOEto
1258 1714 1271 1731 ‚
1293 1691 1380 1724 mul-

369 1747 441 1772 tum
462 1749 520 1780 pus
543 1738 710 1770 inventum
733 1734 775 1768 est
796 1735 941 1777 stagnans
965 1735 998 1767 in
1010 1734 1134 1769 finistro
1155 1734 1277 1767 cerebri
1300 1745 1379 1767 ven-

368 1783 489 1816 triculo
513 1793 521 1814 .·
555 1790 611 1812 nec
638 1787 743 1811 tamen
764 1777 849 1811 laefio
870 1779 935 1814 ulla
959 1778 992 1810 in
1016 1778 1085 1820 ipso
1117 1778 1244 1811 cerebro
1267 1776 1379 1819 deprc-

369 1824 463 1859 hensa
488 1824 529 1857 est
549 1847 557 1854 .
593 1824 717 1855 Verum
740 1820 878 1864 suspicio
909 1820 967 1856 esse
988 1830 1112 1864 poterat
1134 1844 1147 1862 ,
1179 1822 1344 1853 materiam
1366 1843 1379 1860 ,

367 1881 439 1910 quae
475 1877 564 1902 antea
588 1867 620 1900 in
656 1876 726 1900 crus
750 1864 908 1900 ferebatur
930 1889 944 1907 ,
975 1865 1008 1898 in
1031 1873 1124 1908 caput
1148 1864 1270 1898 illatam
1299 1861 1378 1899 fuis-

367 1912 418 1946 se.

415 1968 443 1998 ς.
472 1957 618 2000 Suspicio
640 1954 707 1989 haec
726 1963 831 1987 tamen
854 1953 1021 1988 difficilem
1032 1952 1258 1996 obscuramque
1281 1951 1376 1986 habet

369 2002 619 2044 explicationem
645 2023 652 2030 .
678 1999 815 2032 Materia
838 1999 921 2032 enim
944 2009 1014 2041 quae
1039 1997 1119 2030 olim
1141 1998 1174 2029 in
1198 2007 1268 2029 crus
1292 1995 1373 2028 fere-

366 2046 463 2079 batur
473 2069 484 2084 b,
510 2047 543 2077 in
565 2044 668 2077 cruris
692 2042 849 2074 ulceribus
873 2053 929 2083 pus
954 2040 1049 2074 fiebat
1071 2052 1081 2078 3
1114 2041 1147 2072 in
1169 2039 1296 2073 cerebro
1320 2049 1374 2071 au-

365 2099 434 2122 tern
455 2087 607 2130 nusquam
629 2087 719 2119 ulcus
743 2093 901 2127 repertum
922 2084 965 2118 est
984 2110 992 2116 .
1015 2085 1082 2117 Aut
1106 2083 1128 2116 fi
1151 2095 1190 2115 ex
1211 2081 1372 2115 diuturnis

365 2133 465 2166 cruris
488 2131 646 2164 ulceribus
668 2129 799 2161 relatam
821 2129 854 2159 in
879 2128 945 2161 vias
979 2126 1139 2169 sanguinis
1162 2135 1283 2168 partem
1306 2135 1375 2157 cre-

368 2178 475 2209 dimus
513 2174 688 2216 purulentae
712 2171 852 2203 materiae
873 2181 887 2210 ,-
919 2181 975 2203 cur
998 2180 1062 2202 non
1095 2169 1163 2202 haec
1190 2170 1299 2211 potius
1336 2166 1374 2200 ad

366 2221 481 2255 vulnus
506 2216 664 2252 defluebat
689 2212 825 2247 necdum
848 2213 1045 2255 persanatum
1068 2211 1080 2245 ?
1104 2213 1254 2246 Omnino
1277 2209 1377 2254 suspi-

366 2265 428 2296 cari
454 2261 605 2300 mallem,
629 2267 794 2291 acutarum
819 2256 957 2290 febrium
982 2257 1169 2298 temporein
1191 2255 1299 2297 aliqua
1324 2257 1375 2287 in-

364 2316 453 2341 terea
477 2314 563 2346 parte
586 2302 731 2341 corporis
754 2301 897 2333 coastam
921 2301 1087 2332 materiam
1106 2320 1115 2335 ‚
1149 2297 1376 2340 abscessumque

370 2350 494 2384 faftum
519 2358 529 2385 3
564 2347 597 2379 ni
622 2343 769 2378 Valialva
792 2342 858 2384 ipse
881 2354 944 2385 qua
967 2351 1033 2374 erat
1056 2341 1226 2383 diligentia
1249 2343 1283 2373 in
1307 2352 1378 2373 mu-

369 2395 446 2426 liere
467 2388 651 2426 invisenda,
676 2390 707 2419 &
733 2384 860 2418 solertia
884 2387 917 2417 in
941 2395 1048 2418 eorum
1072 2386 1220 2416 omnium
1246 2384 1378 2426 quaein-

368 2434 517 2470 cide-bant
532 2458 541 2471 ,
565 2430 662 2466 causis
684 2427 881 2471 inquirendis
903 2449 911 2462 ‚
944 2426 1017 2461 satis
1041 2426 1193 2469 superque
1223 2425 1302 2469 signi
1325 2425 1380 2457 de-

371 2478 484 2514 disset,
508 2476 593 2509 nihil
617 2472 770 2515 ejusmodi
797 2469 965 2511 subfuisse,
988 2469 1116 2513 qnando
1129 2472 1272 2509 nullam,
1296 2480 1377 2510 prae—

373 2533 423 2555 rer
446 2529 566 2562 caput,
590 2528 712 2559 partem
737 2516 881 2557 corporis
904 2514 960 2546 sibi
985 2512 1193 2549 diss'ccandam
1218 2512 1343 2556 putavit
1365 2536 1372 2542 .

412 2565 464 2598 uid
489 2575 564 2602 ergo
588 2561 629 2594 est
654 2560 667 2593 P
699 2559 791 2592 Num
824 2557 997 2600 puriforem
1029 2558 1139 2599 potius
1172 2557 1340 2591 humorem
1365 2578 1375 2594 ,

370 2620 469 2654 quam
490 2602 598 2639 verum
623 2615 680 2646 pus
698 2625 711 2642 ,
735 2600 847 2641 fuisse,
870 2600 1028 2634 credemus
1052 2598 1065 2632 ?
1087 2601 1168 2633 Non
1191 2600 1265 2634 finit
1289 2599 1374 2632 sum·

372 2665 423 2687 ma
448 2653 480 2684 in
505 2662 536 2683 re
559 2647 755 2683 Chirurgica
766 2644 921 2677 Valsalvae
945 2644 1083 2686 peritia,
1107 2644 1164 2685 qui
1189 2656 1245 2687 pus
1269 2643 1296 2676 se
1320 2644 1369 2674 in-

374 2694 492 2729 venisse
510 2717 520 2731 ‚
541 2691 655 2725 diserte
680 2687 826 2731 scripfit.
854 2686 979 2720 Praestat
1003 2687 1127 2728 igitur,
1145 2696 1187 2719 —ut
1211 2699 1249 2720 ex
1272 2687 1375 2727 aliqua

374 2741 434 2773 alia
460 2731 590 2771 historia
613 2735 718 2768 lumen
741 2730 943 2773 expectemus
965 2754 976 2770 ,
999 2742 1094 2773 quam
1114 2738 1150 2763 ut
1174 2741 1256 2765 nunc
1280 2738 1376 2761 teme-

373 2794 406 2816 re
431 2779 573 2824 aliquid,
597 2780 627 2810 &
651 2776 889 2819 praecipitanter
919 2772 1121 2807 effutiamus.
1254 2775 1376 2806 Interea

374 2836 481 2859 autem
502 2822 542 2856 ad
576 2820 720 2854 historias
745 2818 868 2860 aliquot
902 2819 1046 2858 proprias
1070 2817 1132 2850 tibi
1163 2815 1381 2850 describendas

374 2877 565 2912 pergemus.-
588 2874 722 2905 quarum
747 2861 816 2894 duze
840 2861 949 2902 primae
961 2860 1106 2900 duabus,
1129 2860 1227 2893 modo
1240 2872 1278 2893 ex
1301 2860 1381 2892 Val-

378 2905 461 2945 salva
493 2905 664 2952 propositis
702 2931 711 2946 ,
751 2902 966 2947 quadantenus
1000 2904 1184 2946 respondere
1223 2902 1378 2936 videbun-

377 2964 451 2988 tur.

419 3001 454 3030 6.
476 2993 665 3029 MULIER
689 2992 837 3024 Patavina
849 3013 861 3030 ,
879 2991 999 3035 Jacoba
1011 2992 1163 3031 nomine,
1184 2991 1301 3033 Angeli
1317 2991 1378 3022 Za-

377 3039 482 3075 nardii
508 3048 589 3072 uxor
612 3038 626 3075 (
648 3034 725 3068 fecit
749 3035 833 3066 enim
856 3035 1003 3067 inventus
1026 3036 1059 3067 in
1092 3034 1223 3077 singulis
1247 3033 1311 3076 ejus
1336 3033 1379 3065 la-

375 3085 499 3117 teribus
525 3078 677 3114 tredecim
699 3077 853 3111 costarum
878 3088 1023 3111 numerus
1045 3100 1054 3115 ,
1087 3088 1123 3112 ut
1145 3076 1233 3121 quod
1255 3080 1288 3110 in
1313 3077 1380 3119 ple-

380 3126 462 3170 bejis
485 3136 546 3158 non
573 3122 676 3162 soleo,
701 3132 816 3154 nomen
840 3132 1031 3166 quasrerem‚
1057 3131 1149 3166 atque
1173 3119 1380 3159 adnotarem)

380 3181 455 3203 cum
479 3178 593 3201 annum
618 3175 724 3207 ageret
747 3163 1053 3206 undesexagesimum
1084 3190 1092 3203 ,
1121 3165 1288 3207 apoplexia
1310 3175 1380 3196 cor-

384 3222 472 3255 repta
497 3211 558 3243 est.
582 3210 671 3242 Huic
694 3209 798 3252 gravis
822 3206 997 3249 supervenit
1021 3207 1119 3241 febris
1144 3232 1151 3239 .
1176 3207 1233 3240 Ob
1256 3207 1322 3240 haec
1346 3208 1378 3238 in

380 3254 622 3290 Nosocomium
644 3252 733 3285 illata
760 3274 770 3289 ‚
804 3250 870 3284 dies
894 3250 940 3283 ibi
964 3253 1090 3294 aliquot
1114 3250 1260 3294 superstes
1283 3250 1346 3284 fuit
1371 3275 1378 3283 .

379 3298 449 3333 Etsi
474 3297 563 3340 loqui
588 3306 652 3327 non
676 3303 825 3337 poterat;
847 3303 951 3340 tamen
976 3296 1081 3336 primo
1104 3293 1233 3338 quidem
1256 3293 1306 3327 die
1330 3295 1380 3326 in-

381 3343 525 3384 telligere
546 3337 739 3377 videbatur3
763 3350 834 3371 nam
860 3339 965 3371 sanum
976 3338 1143 3371 brachium
1166 3338 1381 3371 Medicisten-

381 3385 513 3419 tandum
536 3382 622 3416 ultro
646 3381 801 3422 praebuit.
828 3381 865 3414 ld
889 3390 954 3414 erat
977 3380 1154 3416 sinistrum.
1181 3383 1381 3414 Dexteriau-

383 3437 447 3462 tem
471 3435 555 3460 artus
578 3434 614 3459 ut
637 3424 748 3464 sensu,
771 3426 816 3457 ita
838 3426 935 3457 etiam
969 3434 1060 3458 motu
1083 3425 1227 3457 carebant
1253 3437 1261 3456 :
1293 3424 1380 3457 vide-

382 3472 558 3512 banturque
581 3467 706 3510 insuper
728 3466 812 3509 quafi
839 3479 854 3500 a
878 3467 1084 3501 convulsione
1107 3468 1261 3501 contrat‘ti
1286 3493 1293 3499 .
1329 3468 1380 3500 Sic

384 3518 416 3547 &
439 3513 525 3546 oculi
547 3511 668 3545 dexteri
693 3510 904 3545 connivebant
929 3511 1104 3554 palpebrae3
1128 3520 1164 3545 ut
1176 3510 1238 3544 fere
1260 3510 1380 3544 clausus

446 3695 460 3724 ζ
475 3694 484 3717 Ι
499 3693 513 3721 D
529 3692 600 3721 Epist.
617 3694 687 3718 Anat.
707 3702 741 3724 ¹3·

1019 96 1250 151 Liberl.
1282 99 1368 151 De
1404 97 1610 152 Morbis
1644 96 1852 165 Capitis

1447 186 1608 221 appareret
1622 201 1629 209 .
1651 177 1758 208 Facies
1781 174 1932 209 rubebat.
1958 174 2102 208 Sorbitio
2115 173 2256 209 difficilis
2277 186 2342 210 non
2353 178 2442 209 era‘t:

1556 253 1559 254 γ
1576 219 1787 255 MORTUA
1809 220 1965 258 muliere,
1987 229 2062 251 cum
2083 217 2151 251 haec
2171 219 2378 262 accepiffem3
2401 230 2442 253 eo

1446 265 1597 300 libentius
1620 260 1839 295 Studiosorum
1855 263 2015 307 Juvenum
2037 262 2141 304 gratia
2163 261 2444 297 cadaverinciden·

1446 309 1523 343 dum
1547 305 1686 348 suscepi,
1709 304 1797 348 quod
1818 302 1841 337 si
1864 316 1947 338 noxa
1970 305 2004 337 in
2027 305 2157 338 cerebro
2171 308 2323 348 organica
2342 304 2442 344 esset,

1447 353 1526 387 hanc
1559 361 1577 382 a
1608 347 1737 381 sinistris
1776 347 1945 381 secundum
1978 344 2133 381 Valsalvae
2174 348 2405 383 observationes
2428 368 2441 390 ρ

1445 407 1521 430 tunc
1547 405 1562 426 a
1587 403 1634 425 me
1658 402 1755 433 nuper
1776 390 1859 424 edita
1878 390 2021 433 Epistola
2043 394 2056 430 (
2077 390 2090 424 l
2111 395 2124 430 )
2145 391 2346 426 confirmatas
2357 416 2371 432 3
2392 391 2443 425 fa-

1445 441 1507 473 cile
1530 438 1558 471 se
1580 435 1703 470 visuros
1724 433 1909 477 sperabant.
1936 436 2048 478 Itaque
2069 445 2143 467 cum
2152 436 2271 469 Doffls
2294 434 2442 479 pluribus

1442 483 1557 521 Viris,
1578 488 1615 513 ut
1637 479 1757 511 caeteris
1772 503 1781 517 ‚
1804 479 1850 510 fta
1875 475 1952 510 huic
1973 489 2100 527 quoque
2122 476 2301 514 diffeffioni
2324 503 2338 521 ,
2368 489 2442 521 quae

1441 526 1610 568 diligenter
1633 521 1741 555 habita
1764 521 1826 557 est,
1848 522 1880 553 δε
1904 520 2029 562 aliquot
2051 521 2221 564 occupavit
2242 521 2310 555 dies
2335 547 2346 562 ,
2376 521 2443 555 fre-

1445 576 1575 612 quentes
1597 563 1828 598 interfuerunt.
1854 562 1912 595 Sed
1935 562 1989 597 hic
2012 575 2075 597 non
2098 565 2159 598 alia
2182 562 2282 598 ferme
2299 589 2313 606 ,
2344 576 2443 608 quam

1446 623 1516 655 quae
1539 619 1592 643 aut
1615 617 1727 651 praeter
1748 616 1915 646 naturam,
1938 615 1990 640 aut
2013 617 2127 650 praeter
2138 608 2269 642 solitum
2291 619 2440 642 occurre-

1445 664 1542 695 runt,
1566 651 1752 696 perscribam
1764 675 1772 682 .
1908 651 2049 697 Primum
2060 652 2206 685 omnium
2217 675 2229 692 ,
2252 652 2442 694 inaequalem

1440 698 1605 740 corporis,
1627 694 1713 738 quod
1736 694 1879 736 alioquin
1911 692 1989 735 justa
2012 703 2078 727 erat
2101 695 2214 729 statura
2237 718 2250 735 ,
2283 695 2442 728 nutritio-

1440 752 1512 775 nem
1535 738 1763 773 animadverti.
1786 739 1873 770 Cum
1895 737 1980 769 enirn
2003 746 2155 779 truncus,
2179 741 2211 772 &
2225 738 2344 772 femora
2367 738 2441 780 pin·

1440 786 1515 827 guia
1537 782 1656 820 essent3
1679 791 1792 820 crura,
1814 783 1846 813 &
1869 779 1985 822 pedes,
2009 780 2227 824 &superiores
2250 791 2335 815 artus
2359 791 2441 824 prae-

1441 829 1550 862 sertim
1573 835 1659 859 erant
1683 823 1873 857 macilenti.
1910 824 2001 856 Hora
2022 834 2087 857 erat
2126 836 2144 858 a
2178 835 2283 859 morte
2315 824 2443 858 decima.

1438 873 1552 909 tertia,
1576 881 1648 903 cum
1670 870 1793 901 Venter
1813 876 1938 909 apertus
1959 865 2021 906 est,
2042 867 2206 911 tempestas
2216 879 2322 902 autem
2345 866 2444 910 frigi-

1440 915 1502 957 da,
1524 915 1642 957 quippe
1664 911 1790 945 ultimis
1810 909 1922 943 diebus
1945 910 2021 942 anni
2050 920 2143 954 1740-
2166 913 2290 945 Tamen
2314 911 2442 945 fuman-

1440 960 1485 992 tia
1510 957 1628 991 viscera
1662 965 1765 988 acrem
1789 954 1886 987 etiam
1918 961 1986 986 tum
2009 953 2147 987 calorem
2170 956 2218 987 vel
2252 954 2322 997 post
2344 955 2441 988 aliam

1440 1002 1582 1035 exaesam
1608 998 1722 1033 horam
1746 996 1923 1030 retinebant
1944 1020 1952 1027 .
1976 997 2155 1031 Omentum
2179 998 2350 1031 remidium
2373 1006 2441 1031 erat

1439 1045 1477 1078 ad
1498 1043 1733 1081 ventriculum,
1755 1043 1810 1081 qui
1835 1050 1947 1082 parvus
1969 1040 2139 1082 apparebat
2157 1064 2171 1082 ,
2193 1052 2266 1075 cum
2290 1040 2439 1075 intestina.

1436 1088 1565 1121 Tenuia
1577 1111 1589 1127 ‚
1612 1091 1644 1119 &
1668 1096 1737 1127 pars
1759 1082 1942 1118 Crassorum
1966 1094 2033 1116 aere
2055 1082 2150 1117 essent
2161 1084 2365 1128 subturgida.
2392 1086 2440 1119 Il.

1435 1131 1464 1163 la
1488 1141 1592 1164 autem
1618 1128 1738 1162 sursum
1761 1128 1917 1170 repulerat
1940 1124 2063 1167 vesica,
2084 1127 2176 1161 urina
2186 1127 2344 1169 distenta,
2365 1140 2438 1173 quae

1433 1174 1519 1207 nulla
1544 1185 1595 1210 re,
1619 1170 1674 1205 nisi
1699 1172 1829 1214 propria
1851 1179 1960 1213 operta
1981 1170 2193 1214 pinguedine,
2218 1171 2258 1205 ad
2282 1171 2334 1205 sex
2350 1171 2439 1215 digi-

1432 1228 1485 1250 tos
1508 1217 1598 1259 supra
1620 1227 1655 1249 os
1679 1214 1772 1258 pubis
1795 1213 1823 1246 se
1846 1214 2015 1247 attollebat
2035 1239 2043 1246 .
2068 1216 2155 1249 Cum
2178 1226 2273 1249 manu
2294 1218 2438 1258 compri-

1433 1271 1612 1298 meremus;
1637 1258 1824 1291 lixiviosum
1847 1257 1965 1290 lotium
1985 1280 1998 1296 ‚
2030 1268 2094 1290 non
2116 1267 2223 1292 tamen
2248 1258 2401 1294 foetidum
2423 1282 2438 1300 ‚

1432 1306 1489 1337 vix·
1510 1305 1666 1347 guttatim
1689 1300 1860 1344 prodibat.
1887 1301 1989 1334 Erant
2012 1301 2097 1333 enim
2118 1301 2190 1334 vasa
2214 1301 2390 1345 sanguifera
2402 1303 2438 1336 in

1434 1347 1579 1390 supremo
1600 1343 1740 1380 urethrae
1763 1343 1914 1385 orificio,
1936 1346 1968 1376 δι’
1993 1342 2103 1387 aliquo
2126 1342 2217 1388 supra
2236 1345 2345 1388 ‘ipsum
2367 1346 2439 1389 spa-

1433 1392 1484 1424 tio
1508 1390 1597 1424 valde
1621 1389 1769 1431 sanguine
1792 1386 1949 1426 distenta,
1973 1388 2006 1419 &
2029 1388 2222 1429 nigricantia
2241 1410 2252 1427 ,
2288 1388 2327 1422 ad
2359 1400 2439 1424 eun-

1433 1434 1568 1477 demque
1591 1432 1750 1471 modum,
1774 1430 1825 1464 sed
1847 1431 1944 1473 paulo
1957 1430 2086 1471 minus,
2108 1442 2163 1474 per
2184 1432 2357 1465 maximam
2366 1443 2440 1475 par-

1429 1487 1496 1510 tem
1518 1480 1651 1511 internae
1673 1474 1767 1507 faciei
1791 1473 1927 1508 urethrae
1950 1474 2144 1515 pergebant,
2168 1484 2204 1509 ut
2218 1474 2313 1508 facile
2336 1476 2440 1509 intel-

1428 1519 1643 1564 ligeres‚,esse
1667 1530 1699 1551 ea
1721 1519 1793 1551 loca
1814 1528 1880 1551 non
1903 1515 2003 1549 modo
2024 1517 2224 1551 inflammata
2245 1542 2255 1557 ‚
2287 1518 2337 1554 sed
2358 1530 2440 1563 gan-

1430 1575 1544 1608 graenae
1567 1571 1632 1603 Jam
1656 1562 1804 1604 proxima
1829 1585 1836 1592 .
1862 1561 1954 1600 Qin
1978 1561 2074 1593 etiam
2095 1561 2233 1594 interior
2255 1562 2361 1597 vesicae
2386 1563 2439 1597 fa-

1429 1609 1493 1641 cies
1516 1606 1696 1649 sanguineis
1719 1604 1772 1638 hic
1797 1605 1866 1637 illic
1888 1603 2016 1646 puntftis
2039 1603 2312 1647 distinguebatur.
2338 1608 2376 1639 In
2400 1616 2440 1641 u-

1429 1652 1488 1684 teri
1520 1661 1599 1683 cavo
1634 1647 1755 1690 aliquid
1788 1646 1918 1681 subflavi
1950 1645 2096 1680 humoris
2131 1648 2439 1684 animadvertimus.

1430 1695 1546 1737 Neque
1567 1692 1605 1735 cle
1631 1691 1755 1723 ventris
1778 1688 1953 1723 visceribus
1964 1688 2099 1731 superest
2120 1691 2208 1734 quod
2227 1692 2438 1731 adnotemus,

1429 1735 1452 1769 fi
1477 1736 1601 1778 hepatis
1624 1735 1763 1777 excipias
1786 1732 1954 1766 vesiculam
1985 1733 2052 1766 bile
2076 1733 2287 1777 turgidiorem
2311 1736 2399 1770 fusca
2421 1759 2438 1776 ,

1430 1789 1467 1813 ut
1490 1779 1682 1818 videbatur,
1705 1776 1755 1810 sed
1777 1788 1848 1824 (μζ
1871 1775 1979 1809 colore
2003 1775 2145 1810 inficeret
2170 1780 2304 1812 maxime
2328 1780 2412 1813 flavo
2423 1788 2444 1819 ,'

1430 1834 1496 1866 quo
1518 1826 1550 1856 &
1574 1822 1761 1866 proximum
1782 1819 1924 1853 vesiculae
1947 1819 2134 1854 intestinum
2144 1821 2255 1855 Colon
2277 1822 2438 1857 infectum

1429 1876 1496 1900 erat
1517 1891 1524 1898 .
1560 1868 1598 1900 In
1622 1876 1655 1898 ea
1679 1864 1742 1897 bile
1765 1863 1986 1897 concretiones
2008 1873 2096 1897 crant
2120 1863 2265 1907 quaedam
2291 1876 2398 1908 paucae
2424 1889 2438 1905 ,

1428 1920 1614 1953 parvaeque,
1640 1911 1671 1941 δι
1696 1907 1809 1954 molles
1828 1930 1841 1947 ,
1865 1904 1923 1939 nisi
1947 1905 2035 1948 quod
2058 1918 2119 1940 una
2142 1916 2249 1942 tamen
2272 1911 2308 1942 in
2330 1910 2440 1943 calcu-

1427 1955 1495 1987 lum
1519 1952 1643 1986 densata
1667 1961 1731 1984 erat
1745 1952 1893 1987 firmum,
1921 1948 2103 1988 &durum‚
2126 1950 2285 1985 diametro
2308 1964 2440 1996 aequan-

1428 2007 1495 2030 tem
1519 1997 1641 2039 apicem
1663 1995 1791 2027 minimi
1814 1993 1913 2036 digiti
1932 2014 1946 2032 ,
1970 1992 2132 2035 superficie
2153 1994 2295 2037 undique
2318 2007 2438 2038 grano-

1427 2041 1455 2073 sa
1476 2063 1488 2079 ,
1513 2039 1614 2082 figura
1638 2047 1742 2071 autem
1765 2035 1902 2069 rotunda
1925 2060 1934 2075 ,
1969 2045 2005 2069 ut
2027 2048 2125 2070 unum
2159 2049 2197 2071 ex
2219 2040 2260 2072 iis
2293 2039 2437 2073 bellariis

1426 2081 1541 2116 referre
1561 2079 1661 2122 posset
1685 2104 1696 2120 ,
1730 2091 1769 2113 ex
1790 2077 1950 2112 coriandri
1975 2078 2089 2113 semine
2109 2103 2119 2118 ‚
2154 2080 2350 2126 inductoque
2373 2083 2440 2116 sac-

1424 2125 1526 2159 charo
1546 2123 1587 2156 fic
1613 2125 1751 2166 paratis,
1775 2132 1812 2156 ut
1834 2120 2012 2165 superficies
2038 2122 2177 2166 asperula
2202 2124 2240 2158 sit
2263 2136 2274 2163 3
2298 2125 2356 2159 nisi
2381 2138 2439 2159 co-

1426 2170 1493 2202 lore
1516 2165 1622 2202 fuisset
1645 2168 1794 2206 cinereo,
1818 2168 1850 2198 δε
1873 2163 2029 2207 quiddam
2040 2166 2125 2209 quasi
2138 2167 2289 2209 pellucidi
2309 2167 2439 2203 habuis-

1427 2213 1492 2245 set.
1623 2212 1661 2243 In
1685 2209 1857 2247 Thorace,
1880 2209 1994 2251 pulmo
2016 2209 2125 2242 dexter
2149 2221 2263 2253 magna
2287 2224 2325 2245 ex
2348 2222 2438 2255 parte

1429 2255 1467 2288 ad
1490 2252 1794 2297 pleuramannexus
1814 2276 1822 2291 ,
1846 2252 1879 2284 in
1903 2251 2028 2284 summo
2053 2262 2158 2285 autern
2182 2254 2333 2295 posterius
2358 2255 2439 2290 adeo

1427 2303 1596 2339 corruptus
1618 2297 1816 2341 ex-antiquo
1840 2293 1967 2327 fortasse
1989 2296 2071 2327 Vitio
2087 2319 2098 2335 ,
2122 2305 2157 2329 ut
2176 2296 2343 2332 humorem
2367 2311 2439 2342 gra-

1426 2341 1604 2373 veolentem
1626 2338 1817 2371 efluncleret.
1841 2338 1920 2378 Qo
1945 2336 2077 2370 absterso
2096 2362 2108 2378 ,
2141 2342 2172 2371 ἃ·
2196 2341 2365 2376 visceribus
2388 2344 2439 2376 in-

1429 2384 1490 2423 de,
1512 2385 1544 2415 &
1567 2393 1605 2415 ex
1628 2390 1732 2414 ventre
1753 2380 1904 2413 detractis
1919 2402 1928 2418 ‚
1951 2379 2017 2412 duo
2039 2381 2268 2417 animadverti,
2293 2396 2387 2428 atque
2399 2399 2438 2419 0-

1428 2425 1555 2464 stendi,
1578 2425 1717 2458 alterum
1737 2425 1771 2456 in
1795 2422 2038 2465 diaphragmate
2053 2446 2065 2463 ,
2087 2423 2222 2458 alterurn
2245 2428 2279 2459 in
2305 2427 2398 2462 costis
2425 2453 2436 2468 ‚

1429 2474 1461 2503 δι
1484 2467 1660 2507 vertebris,
1682 2478 1753 2510 quae
1776 2464 1899 2499 tametsi
1923 2465 1962 2499 ad
1984 2466 2132 2500 morbum
2155 2478 2220 2501 non
2245 2471 2400 2506 attineant
2425 2496 2436 2511 ‚

1426 2522 1532 2546 tamen
1555 2511 1599 2544 ob
1622 2511 1784 2543 raritatem
1807 2508 1904 2551 digna
1926 2508 1997 2549 sunt
2021 2521 2091 2552 quae
2115 2511 2250 2545 minime
2273 2515 2335 2547 tibi
2360 2516 2438 2548 reti-

1426 2565 1573 2590 ceantur.
1597 2556 1636 2587 In
1659 2552 1900 2596 diaphragmate
1923 2561 2011 2584 erant
2033 2553 2098 2586 duo
2112 2556 2257 2596 proxima
2280 2557 2409 2600 quidem
2423 2584 2437 2600 ,

1427 2600 1478 2634 sed
1500 2601 1584 2632 inter
1606 2597 1634 2630 se
1658 2596 1806 2630 distincta
1825 2620 1838 2638 ,
1869 2594 2025 2628 foramina
2049 2595 2087 2629 ad
2111 2608 2201 2631 venas
2229 2611 2246 2632 e
2269 2611 2377 2635 ventre
2401 2604 2437 2636 in

1427 2643 1591 2676 thoracem
1615 2639 1816 2684 trajiciendas
1838 2664 1845 2671 .
1877 2640 1965 2672 Nam
1988 2648 2100 2681 praeter
2122 2641 2224 2683 majus
2244 2664 2255 2681 ,
2290 2645 2377 2686 quod
2400 2647 2436 2679 jn

1427 2687 1579 2720 omnibus
1601 2683 1665 2721 est,
1690 2683 1725 2716 ad
1749 2691 1899 2717 truncum
1921 2682 2026 2725 ipsum
2048 2693 2133 2716 venae
2148 2686 2242 2718 Cavae
2266 2688 2436 2723 transmit-

1427 2729 1580 2768 tendum,
1604 2728 1737 2761 alterum
1761 2738 1859 2770 prope
1880 2737 1968 2758 oram
2002 2726 2100 2768 primi
2123 2729 2315 2763 anteriorem
2350 2742 2437 2773 pate..

1430 2774 1510 2814 bat‚
1533 2782 1627 2807 unam
1650 2770 1814 2804 traducens
1835 2768 1873 2802 de
1896 2768 2052 2811 hepaticis
2074 2771 2162 2803 venis
2184 2794 2194 2810 ,
2218 2774 2312 2814 paulo
2337 2776 2433 2809 :titius

1434 2828 1531 2859 quam
1554 2815 1680 2854 soleat,
1702 2813 1737 2847 id
1759 2813 1802 2846 est
1825 2813 1915 2856 supra
1927 2811 2158 2855 diaphragma,
2180 2816 2212 2847 in
2227 2817 2321 2850 Cavae
2345 2827 2436 2853 trun-

1431 2872 1504 2894 cum
1527 2857 1739 2892 inserendam.
1872 2854 1977 2902 Costjae
2001 2866 2106 2889 autem
2117 2867 2203 2890 crant
2228 2860 2346 2902 viginti
2360 2861 2435 2895 sex.

1431 2906 1470 2937 In
1494 2902 1621 2945 singulis
1644 2903 1728 2934 enim
1751 2900 1899 2941 lateribus
1931 2899 2059 2940 singulte
2085 2910 2169 2933 erant
2201 2902 2325 2936 costulae
2349 2905 2436 2938 infra

1431 2946 1674 2981 duodecimam,
1698 2944 1810 2977 mobili
1838 2942 1981 2986 junctura
2005 2953 2089 2976 nexae
2112 2955 2185 2977 cum
2208 2947 2320 2987 prirnae
2354 2948 2435 2981 lum-

1430 2991 1516 3023 baris
1539 2990 1689 3022 vertebrae
1712 2998 1868 3029 corpore,
1890 2988 1933 3018 ita
1959 2995 2062 3018 autern
2085 2986 2190 3020 breves
2204 3012 2214 3028 ,
2236 2997 2270 3020 ut
2295 2987 2434 3033 singula-

1432 3045 1502 3067 rum
1527 3032 1697 3074 longitudo
1721 3029 1909 3063 transversos
1931 3029 2009 3062 duos
2033 3028 2155 3071 digitos
2179 3031 2310 3074 pollices
2334 3036 2434 3067 mini-

1431 3089 1480 3110 me
1504 3076 1658 3119 superaret
1680 3098 1693 3114 ,
1722 3085 1797 3107 cum
1819 3073 1977 3115 longiores
1996 3095 2009 3112 ,
2042 3084 2136 3115 quam
2161 3074 2262 3107 solent
2285 3098 2294 3113 ,
2333 3079 2433 3111 ambae

1431 3119 1629 3153 duodecimae
1664 3116 1844 3150 viderentur
1865 3142 1872 3147 .
1908 3116 2071 3149 Vertebrae
2106 3126 2210 3151 autem
2245 3119 2432 3155 lumborum

1432 3164 1484 3197 sex
1508 3172 1617 3201 erant,
1639 3170 1696 3195 aut
1719 3160 1741 3194 fi
1766 3161 1904 3203 primam
1926 3159 1970 3192 ob
1997 3171 2128 3194 annexas
2151 3160 2315 3196 dumtaxat
2328 3164 2434 3199 costu-

1433 3208 1477 3241 las
1500 3210 1512 3246 (
1536 3218 1608 3239 nam
1631 3214 1743 3237 caetera
1766 3227 1778 3244 ,
1809 3204 2003 3238 lumbarium
2025 3202 2091 3236 fuit
2114 3203 2274 3238 simillima
2295 3210 2310 3247 )
2340 3209 2433 3242 malis

1432 3250 1573 3285 thoracis
1604 3248 1754 3280 vertebris
1789 3257 2022 3285 annumerare3
2052 3246 2101 3280 hae
2137 3247 2288 3283 tredecim
2319 3261 2432 3293 erant,

1430 3294 1586 3328 lumbares
1609 3292 1765 3334 quinque.
1791 3289 1848 3323 Sed
1872 3291 2008 3333 quintstae
2021 3301 2155 3331 corpus,
2181 3293 2432 3334 magnitudine,

1432 3341 1464 3371 «Sc
1488 3337 1592 3370 forma
1616 3347 1676 3377 qua
1700 3334 1803 3381 solet,
1826 3333 1995 3374 praeditum
2020 3357 2033 3374 ,
2070 3333 2246 3378 iisdemque
2271 3336 2430 3379 adjumstis

1433 3380 1642 3423 proceffibus,
1666 3379 1723 3410 nisi
1745 3376 1830 3420 quod
1854 3377 2007 3418 posterior
2030 3378 2135 3410 minor
2147 3378 2315 3420 aliquanto
2338 3391 2404 3414 erat
2419 3407 2432 3423 ,

1432 3433 1604 3458 ornatum,
1627 3420 1668 3453 fic
1693 3429 1760 3453 erat
1783 3419 1920 3463 positum
1940 3443 1950 3459 ‚
1972 3429 2008 3454 ut
2031 3421 2211 3454 antrorsum
2234 3446 2245 3462 ,
2280 3422 2430 3457 dextror-

1431 3466 1559 3508 sumque
1582 3465 1769 3497 inclinaret.
1796 3463 1906 3498 Minus
1930 3464 1991 3497 alta
2013 3464 2201 3505 cartilagine
2225 3477 2240 3498 a
2256 3467 2352 3499 Sacro
2376 3467 2431 3501 os..

1432 3509 1460 3543 se
1484 3508 1685 3542 dividtbatur
1704 3519 1711 3540 .·
1735 3508 1812 3550 quin
1836 3509 1932 3541 etiam
1953 3506 2071 3541 sinistra
2094 3518 2148 3539 ora
2159 3519 2232 3542 cum
2254 3521 2292 3542 eo
2313 3521 2431 3544 conna-
