2498 4075
329 249 485 316 Epist.
522 249 684 307 Anat.
721 248 940 307 Medica
973 249 1206 307 XXXIV.
1243 248 1711 307 Art.10.11.12.&
1735 260 1802 314 ¹3*-

65 343 130 376 que
152 330 268 374 digitos
291 331 506 373 interceptum
518 329 596 369 effe,
622 331 799 364 invenires.
825 330 968 368 Idomne
978 342 1058 373 gan-

70 385 176 419 graena
201 373 347 411 affectum
362 397 370 414 ,
384 375 587 419 nigric‘abam
602 373 653 412 sed
667 375 772 408 multo
783 376 831 408 ibi
843 376 944 415 magis
956 375 1011 408 ubi
1024 375 1058 408 in

65 417 196 453 orificio
220 418 334 454 sacculi
358 417 658 459 constringebatur:
683 417 775 460 cujus
799 417 915 454 orificii
928 419 1060 452 annulus

65 471 132 495 non
157 462 261 495 minus
287 464 394 503 niger,
418 472 450 493 ac
473 460 589 494 foetens
612 468 699 498 erat,
724 461 997 504 quemadmodum
1018 463 1062 499 ,δι

67 506 218 547 proxima
243 505 386 547 superior
409 505 467 537 Ilei
491 514 581 546 pars;
603 504 670 536 imo
694 503 760 538 haec
785 504 862 538 adeo
886 502 1008 538 fracida
1031 516 1063 537 e-

62 559 134 586 rat,
160 557 194 581 ut
218 547 424 586 distendentis
447 546 591 580 humoris
614 549 682 580 vim
704 546 785 581 ferre
810 559 875 582 non
897 549 1061 590 potuerit,

64 589 119 625 sed
143 589 299 624 foramine
324 591 431 634 pervia
455 601 517 623 non
541 592 589 623 ita
613 602 714 632 parvo
738 616 746 629 ‚
778 593 851 624 illac
882 591 915 624 in
939 592 1060 624 ventris

62 645 178 668 cavum
202 634 371 672 effuderit.
396 634 446 665 Ex
468 634 601 676 reliquis
623 633 689 678 ejus
713 632 886 670 visceribus
911 656 920 671 ‚
955 646 1028 675 quae
1052 655 1061 671 ,

62 688 98 711 ut
122 678 271 711 intestina
286 703 294 716 ‚
317 688 381 710 non
407 687 520 717 parum
546 677 648 711 adhuc
671 677 841 719 calebant,
864 689 937 711 cum
962 676 1063 710 XIII.

61 733 79 754 a
104 731 207 754 morte
230 721 308 758 hora
332 719 465 753 cadaver
487 720 624 753 incisum
649 721 690 754 est
712 744 726 760 ,
747 721 835 763 jecur
859 732 989 764 quoque
1013 721 1063 753 vi-

62 765 147 798 tium
171 772 374 798 contraxerat
399 774 410 801 3
443 765 476 795 in
504 763 605 796 limbo
631 766 718 798 enim
741 774 809 797 erat
836 767 964 806 nigrum
986 786 1000 804 ‚
1029 765 1063 797 in

62 819 141 841 cava
166 817 271 841 autem
294 805 396 846 facie,
420 817 493 839 cum
518 807 599 848 cysti
623 829 632 844 ,
667 818 738 850 quae
772 808 940 841 mediocris
962 816 1029 840 erat
1054 828 1064 843 ‚

64 850 276 894 subnigrum.
413 850 451 882 ln
475 849 625 884 Thorace
649 849 719 882 sana
765 852 873 883 omnia
896 872 906 888 ,
939 850 1064 883 tametsi

62 894 97 927 in
121 894 253 931 dextero
274 892 381 927 cordis
405 894 585 926 ventriculo
609 892 762 935 polyposa
798 893 862 927 fuit
895 894 1062 927 concretio

60 937 228 977 subflava‚
250 938 282 969 Β(
305 936 434 974 mollis,
458 947 528 978 quae
552 936 625 971 inde
649 936 769 972 albidas
793 937 981 981 appendices
993 937 1061 970 suas

60 981 95 1014 in
119 991 211 1014 venas
235 978 334 1023 usque
353 978 523 1023 Jugulares
546 980 755 1013 extendebat.

108 1033 155 1057 ιο.
181 1025 231 1057 De
256 1023 368 1056 multis
391 1034 462 1064 quae
485 1022 632 1057 adnotari
659 1022 722 1057 huc
746 1021 892 1066 possent,
914 1022 1062 1065 quaedam

59 1065 147 1100 infra
170 1067 411 1109 opportunius,
433 1067 589 1100 nonnulla
612 1067 710 1099 etiam
734 1066 932 1109 attingemus
955 1066 1063 1100 statim

61 1121 95 1143 ac
108 1110 379 1144 Observationem
402 1109 534 1143 alteram
558 1108 836 1152 adscripserimus,
860 1121 956 1152 quam
972 1121 1063 1143 men-

58 1153 143 1187 sibus
169 1155 298 1190 circiter
322 1160 464 1195 quatuor
487 1155 558 1196 post
582 1153 725 1195 priorem
748 1154 781 1187 in
816 1153 927 1188 eodem
950 1153 1064 1188 Noso-

58 1199 167 1231 comio
190 1196 362 1233 habuimus
376 1220 383 1229 .

106 1240 375 1287 112MUL1ER
400 1251 498 1274 annos
520 1249 594 1273 nata
618 1240 688 1282 plus
709 1241 967 1285 quinquaginta,
991 1253 1064 1284 quae

57 1283 139 1317 duos
162 1294 229 1327 Jam
252 1286 283 1317 ὃ(
308 1284 468 1324 triginta,
494 1283 618 1317 hernias
643 1286 815 1326 pertulerat
838 1286 929 1319 binas
952 1310 961 1324 ‚
985 1297 1000 1318 a
1024 1284 1066 1318 fi·

57 1328 166 1361 nistris
192 1326 318 1365 ambas,
342 1327 473 1361 alteram
497 1327 534 1360 ad
559 1327 751 1362 umbilicum
766 1353 775 1368 ,
798 1329 929 1362 alteram
943 1328 981 1362 ad
1006 1340 1066 1372 pu-

59 1370 134 1404 bem
150 1392 159 1407 ,
184 1383 258 1404 cum
284 1370 370 1404 sorte
394 1371 433 1405 ab
456 1372 528 1404 loco
553 1382 616 1403 non
641 1372 688 1405 ita
712 1372 779 1405 alto
802 1372 958 1406 cecidisset
982 1394 992 1410 ,
1017 1373 1067 1404 ni·

56 1413 105 1448 hil
129 1414 203 1447 inde
228 1415 327 1452 mali,
352 1414 409 1447 nisi
435 1415 663 1449 contusionem
687 1417 838 1448 retulerat
864 1415 902 1448 ad
938 1415 1068 1449 alterius

58 1458 213 1499 scapulae,
238 1460 268 1490 &
292 1456 417 1490 humeri
439 1457 539 1491 fines.
564 1458 595 1490 A
618 1469 680 1500 qua
703 1469 778 1491 curn
801 1458 897 1492 facile
920 1459 1070 1492 convaleu

57 1501 158 1535 sceret
173 1528 181 1541 ,
204 1502 307 1543 coepit
329 1502 452 1535 interea
475 1500 675 1543 jamaliquot
700 1513 716 1535 a
740 1501 813 1535 casu
835 1501 947 1536 diebus
959 1502 1070 1546 adstri-

58 1546 145 1579 &am
170 1544 280 1580 alvum
304 1545 448 1586 habere,
471 1547 502 1577 &
528 1543 624 1586 paulo
635 1545 704 1587 post
728 1544 861 1579 fluidam
886 1544 1069 1579 subflavarn

56 1590 226 1622 materiam
250 1598 418 1629 evomere,
442 1588 527 1621 idem
550 1589 637 1631 quod
660 1598 856 1622 recrementa
878 1589 941 1622 alvi
954 1588 1069 1629 solent,

56 1633 194 1665 omnino
217 1631 379 1665 olentem.
403 1633 564 1665 Vomitus
587 1642 661 1664 curn
685 1631 782 1669 alias,
806 1640 876 1666 tum
890 1631 1067 1675 praesertiru

56 1675 181 1709 duabus
205 1696 214 1711 ,
254 1684 307 1707 aut
331 1674 433 1709 tribus
457 1673 623 1716 postquam
660 1675 751 1708 cibus
787 1675 934 1718 sumptus
959 1675 1067 1710 fuerat

56 1718 147 1752 horis
169 1719 360 1759 ingruebat.
388 1717 499 1751 Pulsus
524 1729 581 1751 nec
605 1716 775 1762 frequenS,
799 1729 856 1754 nec
880 1719 1066 1762 digitorum

57 1761 203 1805 preffioni
228 1762 360 1797 minime
384 1759 544 1801 resistens,
569 1772 684 1802 parvus
707 1771 772 1795 erat
797 1763 888 1796 valde
910 1785 920 1801 ‚
952 1765 1068 1806 praeci-

56 1816 119 1848 pue
143 1817 159 1838 a
183 1805 334 1841 vomitu,
359 1805 529 1846 minorque
552 1803 650 1839 fiebat
674 1805 805 1839 indies.
831 1807 918 1840 Cum
942 1817 1068 1840 enema-

53 1857 89 1883 ta
113 1847 196 1882 nihil
220 1848 437 1891 proficerent3
461 1848 510 1880 bis
532 1849 624 1882 datus
636 1848 679 1882 est
703 1849 877 1883 mercurius
901 1848 940 1884 ad
951 1849 1068 1885 drach-

57 1904 125 1926 mas
148 1892 226 1925 duas
249 1915 262 1931 ,
287 1893 428 1933 primum
453 1890 564 1925 frustra
590 1916 599 1931 ‚
634 1891 773 1926 secundo
795 1903 902 1926 autem
927 1905 965 1927 eo
988 1906 1062 1930 curn

55 1935 197 1973 effec'tm
222 1944 257 1968 ut
282 1936 371 1968 alvus
394 1943 441 1967 ter
468 1932 643 1969 solveretur
658 1961 667 1975 ‚
690 1935 784 1969 semel
808 1936 940 1978 quidem
964 1947 1063 1980 atque

54 1980 175 2013 iterum
198 1978 306 2012 solidis
330 1978 534 2011 recrementis
557 1977 708 2019 dejectis,
734 1979 834 2012 tertio
857 1988 964 2013 autem
989 1981 1065 2016 flui-

55 2023 126 2056 dis.
154 2022 226 2055 Nec
250 2021 482 2056 detrimentum
507 2017 613 2054 afferri
637 2034 675 2054 eo
698 2021 842 2056 remedio
865 2024 970 2057 visum
994 2025 1038 2059 est
1061 2051 1071 2060 .

56 2067 181 2102 Mulier
203 2074 307 2099 tamen
331 2065 411 2098 hora
435 2065 570 2099 circiter
592 2064 784 2099 duodecima
807 2076 845 2100 ex
855 2077 922 2108 quo
947 2079 1072 2103 mereu-

53 2111 141 2145 rium
166 2109 302 2142 secundo
327 2107 501 2151 sumpserat
528 2132 537 2147 ‚
568 2117 696 2142 mortua
729 2108 771 2144 est
795 2134 804 2148 ,
838 2121 956 2153 quarta
980 2135 990 2150 ,
1023 2123 1063 2144 an

53 2153 187 2196 quincta
211 2152 379 2195 postquam
404 2153 550 2185 vomitus
572 2152 734 2193 inceperat
749 2174 759 2190 ,
784 2153 856 2190 die,
883 2153 960 2188 serni
983 2154 1063 2187 hora

55 2206 165 2231 autem
187 2207 227 2229 ex
249 2207 317 2238 quo
342 2193 507 2229 noviffime
532 2203 697 2229 vomuerat
721 2208 731 2231 ς
763 2206 838 2228 cum
862 2204 934 2230 toto
956 2197 1062 2231 morbi

55 2249 205 2284 tempore
229 2250 330 2281 neque
353 2237 520 2272 manifesta
543 2236 650 2276 febri,
675 2248 778 2280 neque
800 2239 1063 2273 convulsionela-

52 2283 194 2317 borass'et
218 2304 227 2319 ‚
251 2282 379 2315 dolores
403 2291 511 2316 autem
536 2282 657 2314 ventris
681 2280 843 2316 moderate
869 2283 948 2316 adeo
971 2282 1064 2315 tulis-

51 2327 117 2363 set,
140 2336 175 2359 ut
198 2326 237 2359 de
260 2324 310 2358 his
332 2323 415 2359 nihil
429 2324 561 2359 habeam
574 2323 786 2358 adnotatum.
917 2325 1067 2359 AssDO·

55 2370 187 2403 MINE
209 2369 332 2405 inciso,
357 2380 392 2402 ac
415 2366 567 2406 diducto,
591 2366 673 2401 odor
697 2369 803 2409 gravis
813 2369 950 2403 extitit.
975 2369 1065 2412 Jeju-

55 2424 135 2447 num
158 2413 367 2450 intestinum,
395 2412 425 2444 &
448 2410 511 2445 Ilei
534 2411 680 2453 proxima
693 2421 762 2453 pars
786 2412 892 2446 eadem
917 2424 988 2456 quae
1000 2425 1063 2446 vo-

55 2457 140 2490 mitu
163 2455 366 2498 ejiciebatur,
392 2456 523 2489 materia
546 2477 555 2492 ‚
588 2462 657 2487 tota
680 2462 771 2488 erant
793 2456 930 2490 distenta
955 2480 962 2487 .
998 2457 1059 2490 Ilei

46 2509 157 2534 tutem
183 2510 252 2540 pars
275 2498 400 2539 reliqua
423 2521 432 2536 ‚
470 2502 500 2532 &
524 2496 636 2532 Craffa
672 2500 837 2533 contracta
862 2523 869 2531 .
898 2498 1058 2542 Jejunum

44 2542 241 2586 quibusdam
265 2543 300 2575 in
322 2542 402 2574 locis
414 2540 601 2577 distinstum
623 2539 797 2577 secundum
820 2542 1060 2584 longitudinem

47 2588 134 2621 striis
158 2584 302 2621 vividius
325 2584 516 2620 rubentibus
541 2609 549 2623 ,
579 2586 612 2618 in
636 2587 760 2619 caeteris
783 2586 918 2621 rubebat
942 2597 981 2619 ex
1003 2584 1057 2620 fu-

48 2630 105 2665 sco
129 2656 138 2670 ‚
171 2639 209 2664 ut
232 2629 336 2664 Ileum
359 2640 489 2671 quoque
513 2626 615 2661 ferme
637 2628 762 2671 ubique
787 2655 794 2662 .
822 2631 878 2663 Sed
906 2629 967 2664 hoc
992 2641 1057 2664 non

49 2676 97 2708 ita
120 2673 232 2717 procul
255 2673 294 2705 ab
312 2671 433 2717 Jejuno
457 2672 564 2705 multo
596 2672 723 2713 gravius
758 2673 909 2707 affefium
931 2673 1063 2707 inveni-

52 2728 123 2751 mus
146 2716 185 2751 ad
206 2716 328 2759 digitos
351 2725 433 2753 tres,
461 2724 516 2749 aut
540 2725 701 2757 quatuor5
726 2727 823 2757 quam
847 2717 997 2752 videlicet
1011 2717 1059 2751 sui

53 2769 181 2804 partem
201 2771 275 2794 cum
299 2770 422 2792 annexo
456 2757 645 2792 mesenterio
679 2759 712 2791 in
738 2760 856 2794 herniae
891 2759 1055 2794 inferioris

54 2803 216 2839 sacculum
229 2804 429 2838 immittebat
452 2802 670 2836 curvatumin
684 2813 772 2837 arcus
795 2803 950 2837 modurn.
974 2804 1056 2837 Haec

54 2850 143 2882 enirn
166 2847 219 2880 etsi
246 2857 347 2888 neque
372 2846 409 2881 ad
434 2845 593 2880 sacculum
619 2871 628 2884 ,
660 2856 759 2888 neque
783 2846 822 2880 ad
847 2847 943 2889 hujus
964 2846 1056 2881 orifi-

54 2893 164 2927 cium,
186 2890 275 2932 quod
301 2888 452 2925 referebat
476 2889 629 2922 annulum
653 2889 741 2931 quasi
766 2890 925 2933 quendam
951 2915 960 2931 ,
984 2890 1056 2925 alli-

55 2935 214 2978 gematur,
238 2943 405 2974 gangraena
429 2942 537 2966 tamen
560 2941 734 2974 correpta,
757 2945 796 2968 ex
819 2933 991 2976 sanguineo
1004 2945 1060 2967 co·

55 2981 124 3013 lore
147 2976 349 3019 nigricabat,
371 2975 501 3018 seroque
525 2985 659 3011 cruento
681 2974 852 3011 diffluebat
877 3004 884 3010 .
917 2977 1060 3011 Nullum

57 3032 165 3056 autem
188 3019 393 3056 intestinum,
417 3019 466 3052 sed
490 3030 559 3063 pars
581 3021 705 3053 omenti
728 3019 899 3054 dumtaxat
924 3046 931 3058 .
966 3020 1059 3062 supe-

54 3068 174 3100 riorem
197 3063 340 3099 herniam
367 3061 491 3096 subibat
516 3083 525 3099 ,
557 3073 627 3104 quae
651 3065 787 3097 exterius
819 3065 957 3106 inspeSca
979 3086 989 3102 ,
1024 3065 1059 3097 in

56 3110 137 3144 duos
160 3117 227 3141 erat
249 3106 338 3148 quasi
364 3106 557 3142 monticulos
580 3105 727 3140 distincta
751 3122 760 3145 3
795 3108 931 3141 interius
954 3116 1059 3142 autem

57 3165 125 3188 uno
147 3162 185 3185 ex
209 3150 333 3186 sacculo
357 3149 453 3183 fiebat
477 3171 487 3188 ,
521 3151 556 3183 in
578 3161 674 3192 quern
699 3149 727 3184 se
747 3151 907 3184 laxaverat
940 3152 1059 3192 perito-

56 3206 182 3231 naeum.
207 3196 323 3229 Praeter
347 3194 497 3226 intestina
512 3214 522 3230 ‚
546 3204 619 3226 cum
644 3203 756 3228 caetera
781 3196 912 3229 Ventris
936 3194 1056 3229 viscera

53 3239 305 3282 inspiceremu53
330 3235 517 3269 Thoracetn
538 3237 643 3273 enim,
665 3240 697 3270 δι
720 3239 829 3281 Caput
853 3249 919 3271 non
943 3238 1059 3272 resera-

56 3286 186 3324 vimus;
207 3282 303 3325 hepar
326 3279 570 3319 duriusculum,
592 3280 708 3314 lienem
731 3281 839 3314 laxum
854 3307 861 3320 ,
883 3281 1058 3323 &quibus-

56 3329 132 3362 dam
155 3336 283 3360 tantum
306 3323 386 3358 locis
410 3323 546 3356 exterius
570 3323 708 3357 lividum
740 3325 1023 3358 animadvertimus
1046 3351 1054 3359 .

55 3372 153 3406 Uteri
177 3368 304 3403 vincula
329 3367 550 3408 nigricabant:
572 3367 637 3408 ipse
661 3376 768 3401 autem
796 3368 884 3402 valde
908 3379 1020 3410 parvus
1043 3392 1058 3409 ,

57 3418 87 3449 δέ
109 3414 262 3449 tenuibus
284 3411 459 3454 parietibus
475 3433 482 3440 -
507 3409 634 3448 Quibus
658 3410 762 3445 incifis
784 3436 794 3452 ‚
829 3414 974 3454 apparuit
999 3424 1055 3446 eo-

58 3471 128 3494 rum
153 3456 327 3491 substantia
351 3457 384 3487 in
409 3454 514 3488 medio
537 3453 639 3487 livens
663 3455 762 3491 adeo,
788 3465 823 3489 ut
846 3457 883 3489 ad
908 3466 1053 3498 gangcae-

56 3514 131 3537 nam
155 3501 310 3534 inclinare
334 3498 520 3532 videretur.
547 3498 632 3530 Cum
657 3507 781 3533 uterum
806 3500 901 3541 paulo
921 3497 1053 3532 inferius

57 3558 155 3589 quam
181 3544 302 3583 soleat,
326 3543 469 3577 locatum
494 3539 785 3575 animadvertissem
810 3555 819 3579 3
845 3541 942 3575 subiit
968 3544 1056 3584 vagi-

58 3601 131 3623 nam
153 3587 330 3630 inspicere,
354 3594 389 3619 ut
412 3594 571 3627 quantum
595 3585 626 3615 in
651 3583 732 3618 hanc
756 3585 957 3627 procideret,
985 3598 1062 3628 per-.

57 3633 200 3676 spetffhim
224 3631 392 3665 haberem.
419 3627 551 3662 Accidit
576 3636 684 3661 antem
708 3650 718 3667 ‚
753 3639 788 3662 ut
811 3629 907 3664 labiis
931 3631 987 3663 vix
1008 3629 1062 3663 di-⁴

564 3825 578 3854 (
594 3832 604 3849 c
619 3824 633 3853 )
650 3823 708 3848 Obs.
726 3827 798 3850 Anat.
813 3825 879 3855 chit.
899 3833 935 3855 91·

151 3824 164 3848 b
178 3825 191 3853 3
207 3833 228 3848 c.
246 3824 286 3848 tit.
303 3825 369 3854 supra
388 3823 418 3847 ad
434 3830 457 3847 n.
476 3833 499 3849 1.¹

184 3860 194 3886 )
210 3856 300 3881 Medic.
318 3858 373 3881 Rat.
389 3856 422 3880 T.
440 3862 462 3884 4.
478 3857 511 3889 Ρ,
527 3862 550 3882 2.
567 3857 591 3881 S.
607 3862 629 3882 2.
646 3862 667 3881 c.
683 3864 707 3886 4·
723 3856 781 3883 Obs.
798 3863 822 3887 3·

121 3827 170 3889 ξε

998 3828 1009 3852 (
1027 3827 1043 3851 d
1057 3826 1071 3855 )
1087 3833 1108 3850 η
1127 3833 1165 3856 30.

887 3858 902 3887 (
918 3857 932 3882 h
947 3856 962 3887 )
978 3856 1041 3888 Eph,
1058 3859 1092 3884 N.
1109 3857 1139 3883 C.
1159 3858 1218 3883 Dec.
1237 3865 1265 3892 3:
1281 3859 1314 3884 A.
1332 3865 1357 3886 9.
1372 3856 1433 3884 ΟΜ.
1449 3863 1488 3887 79¹²

1108 330 1235 370 ductis,
1258 332 1289 364 &
1313 332 1436 372 vaginae
1459 330 1587 365 orificio
1609 331 1734 364 detecto
1757 341 1811 373 per
1824 329 1887 365 hoc
1910 332 2111 373 propendens

1110 382 1274 416 appareret
1297 373 1458 415 quoddam
1479 385 1596 416 corpus
1619 373 1705 414 quod
1731 385 1746 405 a
1772 375 1879 415 primo
1901 377 2041 416 accipere
2056 377 2113 409 ali-

1112 418 1185 458 quis
1209 428 1268 459 pro
1294 418 1377 450 uteri
1400 418 1511 455 osculo
1536 416 1708 459 potuisset.
1734 417 1857 451 Verum
1880 430 1953 452 cum
1967 417 2113 454 haudita

1113 458 1249 494 inferius
1292 458 1429 500 positum
1477 471 1602 496 uterum
1652 460 1750 493 modo
1795 460 1939 495 vidissem
1965 488 1972 499 ‚
2007 471 2043 494 ut
2089 461 2113 497 fi

1114 504 1166 536 vel
1191 504 1349 539 maximus
1372 502 1466 542 esset,
1488 505 1653 545 pervenire
1675 503 1752 537 illuc
1778 502 1899 544 posset,
1922 506 2026 546 ipsum
2037 516 2114 538 cum

1113 549 1230 589 vagina
1254 548 1402 588 protinus
1425 559 1439 579 e
1462 546 1615 580 cadavere
1638 546 1816 580 detractum
1841 548 2001 589 persecui,
2025 549 2115 581 inve·

1111 591 1209 632 nique
1232 590 1308 623 adeo
1319 589 1445 627 craffius
1456 589 1576 625 faffitum
1588 590 1812 632 glandulosum
1824 590 1962 625 urerhrae
1984 602 2116 633 corpus,

1114 635 1303 676 &vaginam
1318 658 1325 671 ,
1350 633 1453 665 laxam
1467 634 1632 677 alioquin,
1657 633 1808 676 rugisque
1831 635 1983 668 omnibus
2006 646 2118 669 caren-

1115 686 1181 710 tem
1196 698 1205 714 ,
1227 676 1375 710 deorsum
1399 676 1528 710 trahens
1551 699 1563 716 ,
1608 686 1644 710 ut
1676 687 1822 710 extremo
1845 675 1901 710 suo
1923 677 2010 719 quod
2044 689 2118 712 ure-

1116 719 1199 754 thrae
1222 719 1349 754 orificio
1372 720 1536 761 pertusum
1560 720 1623 758 est,
1649 721 1847 762 propendens
1871 720 2019 755 osculum
2043 731 2118 753 ute-
2168 739 2171 743 ν

1114 765 1142 796 ri
1166 765 1298 797 mentiri
1323 762 1445 805 pollet,
1472 763 1639 805 minusque
1663 765 1771 806 perito
1794 762 1949 806 chirurgo
1964 787 1976 804 ,
2001 763 2119 800 nedum

1114 807 1284 841 obstetrici
1299 829 1308 844 ,
1334 805 1429 840 facile
1452 808 1619 848 imponere
1633 831 1641 839 .
1966 808 1968 810 ’

1162 861 1211 885 12.
1236 850 1294 884 Sed
1319 848 1386 885 haec
1412 850 1526 888 ultima
1550 850 1614 883 alio
1638 851 1780 883 attinent
1802 872 1810 881 .
1846 849 1930 890 Qae
1964 849 2027 884 huc
2051 850 2121 893 spe-

1115 895 1203 928 &ant
1219 916 1228 930 ,
1254 905 1339 928 nunc
1363 894 1585 927 attendamus.
1612 893 1712 935 Quod
1736 892 1873 927 foemina
1898 892 1954 927 ista
1979 893 2018 928 de
2041 905 2120 929 ven-

1113 939 1172 972 tris
1195 936 1365 971 doloribus
1388 937 1443 971 vix
1465 945 1672 979 quereretur,
1695 937 1869 979 eademque
1892 935 1956 970 fine
1968 936 2059 971 febre
2074 936 2121 970 es-

1113 980 1179 1018 set,
1203 991 1281 1013 num
1304 980 1379 1013 inde
1403 981 1505 1020 repeti
1530 979 1636 1021 polle,
1661 980 1762 1014 credis
1777 1003 1786 1018 ‚
1807 980 1897 1022 quod
1921 980 2002 1014 Ileos
2025 982 2060 1014 in
2084 990 2122 1013 ea

1114 1023 1205 1061 fieret
1229 1023 1350 1056 ratione
1374 1022 1496 1056 abolitae
1516 1024 1652 1056 virtutis
1675 1022 1862 1064 expultrlcis
1877 1049 1885 1061 ‚
1909 1032 1945 1056 ut
1959 1021 2123 1074 Salius(b2

1114 1067 1285 1110 loquitur,
1308 1065 1373 1099 five
1395 1065 1435 1098 ab
1458 1066 1565 1099 atonia
1586 1066 1630 1098 ob
1652 1076 1761 1099 nervos
1779 1066 1989 1105 intestinorum
2005 1066 2124 1107 obstru-

1115 1112 1204 1150 ἑῖος,
1227 1119 1263 1143 ut
1290 1108 1478 1151 Ruyschius
1504 1109 1597 1150 (c)?
1621 1108 1681 1142 Ille
1705 1118 1790 1142 certe
1812 1108 1884 1141 fieri
1909 1118 1986 1144 tunc
2009 1133 2020 1150 ‚
2046 1111 2119 1150 ait,

1115 1153 1201 1188 nullo
1219 1151 1365 1195 praesente
1389 1151 1515 1191 dolore‚·
1537 1151 1591 1185 hic
1616 1163 1692 1185 vero
1715 1163 1781 1185 non
1805 1152 1977 1186 dubitabat
2005 1178 2013 1193 ‚
2035 1154 2120 1194 quin

1113 1198 1159 1232 ob
1180 1208 1250 1235 eam
1274 1193 1400 1230 causam
1424 1196 1458 1228 in
1483 1195 1615 1229 muliere
1637 1195 1774 1238 quadam
1792 1195 1858 1237 fine
1880 1195 2015 1229 notabili
2036 1195 2123 1229 dolo-

1114 1252 1167 1279 re,
1190 1241 1235 1274 s&
1250 1238 1316 1282 fine
1332 1236 1421 1281 febri
1452 1237 1560 1272 fuisset
1585 1263 1593 1270 .
1727 1239 1853 1272 Verum
1877 1250 1916 1271 ne
1939 1250 2122 1281 quaeramus

1116 1296 1200 1318 nunc
1223 1282 1313 1326 quod
1336 1280 1423 1315 infra
1445 1281 1736 1322 (d)videbimu5,
1759 1293 1838 1317 num
1863 1282 2082 1316 intestinisita
2094 1281 2126 1316 se

1117 1327 1334 1364 habentibus,
1361 1327 1503 1365 materiae
1526 1337 1564 1359 ex
1589 1326 1684 1363 bisin
1698 1325 1914 1365 ventriculum
1938 1327 2126 1364 retrudi‚&

1118 1366 1270 1414 compelli
1296 1368 1434 1410 possint,
1461 1378 1496 1402 ut
1521 1371 1651 1405 vomitu
1675 1368 1864 1411 rejiciantur
1887 1393 1899 1409 ,
1921 1371 1951 1402 δι
1976 1381 2013 1403 ne
2038 1369 2128 1412 signa

1119 1425 1233 1449 caetera
1258 1413 1602 1447 istiusconstitutionis
1625 1424 1699 1456 quae
1710 1414 1812 1447 Salius
1834 1423 2021 1451 enumerat,
2046 1424 2127 1446 num

1120 1458 1242 1493 fuerint
1267 1459 1300 1490 in
1312 1456 1470 1499 descripta
1483 1457 1605 1490 anobis
1619 1456 1752 1490 foemina
1765 1479 1774 1493 ,
1798 1456 2014 1499 disquiramus
2028 1484 2035 1497 ,
2050 1468 2128 1500 pro-

1120 1502 1205 1540 fecto
1229 1513 1333 1543 neque
1357 1500 1481 1538 Salius,
1507 1511 1608 1543 neque
1634 1498 1819 1542 Ruyschius
1843 1512 1920 1534 tunc
1943 1499 2130 1534 inflamma-

1120 1549 1245 1580 tionem
1269 1543 1328 1578 effe
1352 1553 1467 1586 putant
1489 1544 1716 1576 intestinorum
1741 1555 1751 1581 3
1786 1543 1834 1576 {ed
1867 1543 1948 1577 hanc
1984 1543 2129 1578 seorsum

1120 1600 1255 1631 uterque
1279 1598 1458 1624 memorat,
1481 1590 1512 1627 ὃς
1535 1588 1657 1629 primus
1680 1586 1796 1620 diserte
1822 1588 1853 1619 in
1878 1587 1989 1621 eadem
2005 1585 2134 1630 febrem

1120 1634 1236 1677 ponit,
1259 1635 1301 1665 (φ
1322 1641 1383 1664 una
1406 1642 1476 1664 cum
1499 1641 1533 1664 ea
1543 1629 1663 1662 dolores
1685 1629 1901 1670 vehementes,
1926 1632 1968 1664 &
1982 1629 2132 1673 quimul-

1118 1686 1187 1711 tum
1208 1687 1303 1719 aegros
1325 1673 1531 1716 distorqueant
1555 1699 1562 1706 .
1602 1672 1695 1705 Num
1720 1675 1822 1715 igitur
1847 1674 1880 1706 in
1906 1673 1963 1707 hac
1989 1673 2130 1709 foemina

1119 1722 1154 1754 in
1177 1731 1239 1763 qua
1264 1717 1490 1752 intestinorum
1514 1714 1606 1750 fuisse
1631 1715 1923 1752 inflammationem
1949 1743 1957 1757 ‚
1993 1716 2130 1751 manist-

1119 1764 1200 1798 stum
1224 1761 1287 1801 est,
1315 1759 1407 1794 simul
1433 1769 1501 1794 erat
1523 1771 1636 1794 eorum
1660 1763 1793 1794 atonia?
1818 1763 1942 1795 Verum
1957 1762 2077 1795 nullam
2090 1774 2130 1795 ex

1120 1816 1174 1841 tot
1195 1806 1291 1848 hujus
1314 1804 1413 1839 causis
1435 1815 1513 1847 quas
1525 1803 1626 1837 Salius
1641 1814 1903 1846 commemorat,
1927 1804 2130 1847 praeceffiffe‚

1120 1850 1285 1885 constabat
1298 1873 1306 1882 .
1320 1849 1378 1883 Sed
1390 1848 1427 1882 de
1441 1847 1528 1882 febre
1541 1859 1579 1882 an
1592 1847 1806 1882 inflammatis
1818 1849 2001 1888 intestinis,
2026 1848 2128 1882 abesse

1120 1904 1365 1936 nonnumquam
1379 1891 1471 1935 poffit
1482 1914 1493 1930 ‚
1517 1891 1624 1925 rursus
1636 1892 1698 1924 erit
1712 1893 1840 1936 alibi(e
1851 1896 1862 1931 )
1875 1892 2003 1927 videndi
2019 1894 2106 1926 locus
2118 1919 2126 1927 .

1164 1949 1212 1979 13·
1234 1938 1310 1981 jam
1334 1946 1409 1970 vero
1432 1934 1454 1968 fi
1478 1946 1550 1977 quae
1573 1934 1868 1982 inflammationem
1891 1937 2130 1982 consequuntur

1120 1981 1295 2025 propositis
1318 1979 1442 2013 duabus
1466 1977 1609 2012 historiis
1623 1980 1822 2022 ίρεέὶςῐυυςς
1848 1983 1992 2024 proclive
2003 1986 2129 2020 eritin-

1121 2025 1290 2068 telligere,
1316 2034 1414 2065 quam
1438 2020 1584 2056 festinare
1609 2032 1762 2065 oporteat
1787 2037 1957 2060 occurrere
1982 2029 2126 2064 volentes

1122 2068 1200 2102 huic
1224 2066 1342 2100 morbo
1358 2090 1368 2106 ,
1391 2067 1423 2098 δέ
1446 2076 1518 2108 quae
1542 2066 1687 2107 auxilia,
1711 2068 1766 2101 ubi
1789 2068 1858 2112 jam
1885 2071 2025 2106 multum
2050 2085 2128 2116 pro-

1123 2111 1271 2150 cesserit,
1296 2108 1439 2151 suspefia
1462 2109 1601 2147 habere,
1627 2110 1743 2151 globos
1768 2123 1844 2154 puta
1871 2115 2040 2156 plumbeos
2064 2145 2069 2155 ,
2096 2120 2129 2150 ἃς

1117 2155 1332 2188 mercurium.
1356 2153 1446 2185 Nam
1470 2151 1492 2185 fi
1517 2152 1665 2193 sphacelo
1690 2152 1811 2190 fracida
1836 2158 2007 2199 intestina,
2033 2172 2068 2194 ut
2093 2163 2128 2194 in

1111 2199 1238 2243 Juvene
1261 2197 1321 2230 illo
1345 2195 1633 2240 agricola(f),ne
1658 2200 1800 2233 materiae
1824 2203 1956 2243 quidem
1982 2204 2128 2238 resistunt

1114 2252 1212 2284 quarn
1234 2241 1428 2279 continenti
1452 2239 1628 2275 cavendum
1652 2241 1714 2275 hoc
1740 2242 1843 2284 ipsum
1869 2246 1911 2279 est
1928 2268 1935 2282 ,
1963 2258 1999 2279 ne
2011 2247 2127 2282 affim-

1117 2286 1204 2328 ptis,
1228 2282 1284 2317 nisi
1309 2291 1469 2326 quantum
1494 2283 1781 2328 neceffitascogat.
1810 2286 1862 2319 illa
1879 2300 2127 2331 augeatur,1mn

1116 2329 1216 2362 modo
1239 2339 1277 2361 ne
1300 2327 1393 2360 rebus
1417 2326 1610 2368 gravissimis
1624 2328 1811 2369 deglutitis,
1836 2331 1932 2366 aliam
1943 2346 2125 2378 quamquae

1114 2380 1296 2414 oporteret,
1309 2371 1393 2403 viam
1405 2372 1590 2411 aperientes,
1602 2372 1772 2406 interitum
1784 2375 2009 2410 acceleremus.
2025 2378 2128 2413 Quod

1113 2415 1277 2448 multoibi
1300 2413 1429 2447 facilius
1454 2414 1598 2454 accidit,
1621 2415 1678 2448 ubi
1702 2428 1737 2450 ea
1760 2416 2056 2454 fimulconstriclio
2081 2423 2125 2456 cst

1111 2470 1184 2500 quae
1208 2458 1315 2493 nihil,
1341 2455 1399 2489 nifi
1422 2456 1565 2498 reposito
1590 2458 1764 2497 intestino,
1790 2462 1922 2497 transire
1934 2464 2032 2497 sinat.
2060 2466 2126 2497 Ea-

1111 2502 1183 2535 dem
1208 2502 1294 2534 enim
1317 2499 1506 2533 constrictio
1530 2509 1600 2533 tum
1627 2503 1814 2540 proximum
1828 2504 1972 2546 superius
1997 2508 2124 2541 intesti-

1111 2556 1189 2578 num
1213 2543 1361 2577 vitiando
1384 2565 1394 2580 ,
1429 2543 1534 2584 impar
1557 2543 1663 2578 reddit
1685 2544 1874 2581 distentioni
1896 2573 1906 2588 ‚
1932 2553 1962 2584 &
1987 2552 2125 2593 ponderi

1111 2586 1293 2623 sustinendo
1309 2612 1318 2627 ‚
1342 2597 1413 2621 tum
1437 2597 1509 2628 quae
1532 2586 1616 2621 illud
1640 2587 1843 2631 distendant,
1866 2596 1897 2626 δι
1921 2604 2070 2636 gravent,
2084 2608 2123 2629 eo

1111 2630 1183 2674 ipso
1205 2632 1239 2664 in
1261 2631 1336 2665 loco
1360 2639 1539 2664 remoratur
1554 2656 1563 2671 ,
1589 2631 1645 2664 ubi
1669 2632 1855 2668 intestinum
1867 2639 2006 2671 maxime
2031 2639 2125 2672 infir-

1112 2686 1202 2708 mum
1226 2675 1288 2708 est.
1313 2675 1360 2707 At
1372 2674 1483 2711 enim,
1509 2674 1656 2716 inquies,
1681 2675 1901 2714 Hoffmannus
1925 2684 1987 2723 (g)
2012 2691 2123 2716 tamen

1111 2720 1145 2751 in
1171 2718 1306 2751 volvulo
1330 2729 1369 2752 ex
1391 2718 1574 2759 intercepto
1597 2719 1631 2751 in
1656 2718 1858 2755 bubonocele
1882 2725 2033 2757 intestino
2058 2724 2121 2758 soe-

1111 2762 1233 2795 minam
1258 2761 1396 2795 servavit
1420 2759 1499 2794 dato
1523 2761 1561 2794 ad
1586 2761 1733 2796 selibram
1750 2775 1882 2805 argento
1897 2770 1995 2804 vivo3
2017 2779 2122 2810 quan-

1110 2817 1209 2847 quam
1234 2816 1301 2838 non
1321 2804 1438 2838 desunt
1461 2804 1581 2850 quibus
1604 2804 1657 2838 hic
1681 2805 1771 2839 casus.
1790 2807 1891 2841 ferme
1915 2811 2120 2845 incredibilis

1110 2849 1275 2883 videatur.
1303 2846 1391 2881 Mihi
1415 2858 1491 2881 vero
1514 2858 1553 2880 eo
1576 2848 1765 2882 credibilior
1776 2851 1923 2890 videtur,
1949 2854 2038 2895 quod
2049 2854 2121 2897 jam

1111 2902 1184 2926 ante
1207 2890 1395 2935 Alphonsus
1408 2890 1560 2923 Khonius
1584 2890 1650 2933 (h)
1674 2892 1758 2925 idem
1783 2895 1859 2927 mali
1882 2897 2117 2940 exintercepto

1109 2937 1143 2969 in
1167 2935 1351 2969 oscheocele
1375 2933 1527 2966 intestino
1550 2935 1583 2966 in
1610 2937 1681 2968 viro
1704 2935 1868 2972 sustulerat
1891 2941 1967 2973 dato
2002 2942 2117 2975 eodem

1111 2989 1245 3021 argento
1270 2977 1306 3011 ad
1332 2979 1441 3011 uncias
1464 2988 1602 3012 novem.
1627 2978 1686 3012 Sed
1709 2983 1858 3022 quamvis
1882 2985 1992 3025 gravia
2026 2993 2117 3018 erant

1111 3032 1249 3064 utroque
1273 3024 1308 3055 in
1332 3020 1405 3058 casu
1429 3020 1669 3063 symptomata-‚
1694 3024 1956 3060 minorintestini
1981 3028 2119 3062 constri-

1111 3066 1180 3100 e'tio
1203 3063 1261 3098 effe
1284 3065 1414 3107 potuit,
1440 3075 1496 3097 nec
1520 3074 1603 3097 certe
1627 3076 1673 3098 res
1686 3066 1788 3101 adhuc
1804 3068 1841 3102 ad
1867 3070 2048 3112 sphacelum
2062 3084 2116 3104 ac-

1112 3107 1262 3143 cesserat.-
1285 3118 1319 3141 ut
1344 3117 1446 3150 neque
1460 3107 1493 3153 in
1518 3116 1568 3140 tot
1580 3109 1752 3143 volvulosis
1777 3113 1939 3146 accesserat
1952 3126 2031 3156 quos
2044 3116 2115 3156 pas-

1111 3153 1317 3193 simlegimus
1333 3151 1381 3184 vel
1407 3151 1523 3191 majori
1539 3149 1687 3194 assumpti
1713 3157 1948 3190 remediiillius
1974 3159 2114 3197 pondere

1109 3195 1201 3230 fuisse
1224 3195 1365 3229 sanatos.
1393 3195 1441 3227 De
1465 3192 1515 3227 his
1539 3196 1641 3236 igitur
1663 3199 1782 3239 quibus
1807 3198 1898 3232 firma
1921 3199 2023 3233 adhuc
2042 3202 2115 3234 sunt

1109 3239 1283 3278 intestina,
1306 3248 1471 3279 nunquam
1494 3239 1520 3270 is
1546 3238 1624 3272 mihi
1653 3251 1753 3274 metus
1778 3239 1860 3278 fuit,
1889 3244 2008 3284 quippe
2034 3253 2112 3278 tunc

1109 3293 1201 3316 ortus
1223 3294 1296 3316 cum
1320 3282 1353 3314 in
1378 3281 1510 3317 disseffio
1534 3282 1592 3315 illo
1616 3285 1755 3324 agricola
1780 3296 1877 3325 quam
1903 3286 1983 3318 male
2017 3285 2115 3321 habe-

1110 3335 1202 3363 rent,
1226 3325 1447 3372 conspiciens,
1471 3326 1639 3367 quomodo
1662 3327 1694 3359 in
1718 3328 1947 3371 alfisqrmque,
1972 3332 2113 3366 multum

1109 3369 1271 3411 progressi
1294 3380 1358 3408 jam
1375 3368 1510 3408 morbo,
1534 3369 1698 3402 infirmata
1710 3368 1769 3403 esse
1793 3371 1935 3410 possent,
1959 3373 2110 3414 conjeci.

1110 3412 1311 3454 Miratusque
1338 3412 1405 3444 sum
1429 3413 1469 3445 ab
1482 3423 1519 3444 eo
1542 3422 1690 3452 tempore
1702 3412 1738 3445 ad
1754 3411 1838 3447 hunc
1862 3415 1947 3449 diem
1961 3428 2026 3459 quo
2041 3414 2110 3451 haei:

1105 3456 1307 3499 relegebam,
1332 3457 1365 3488 in
1388 3456 1512 3489 nullum
1536 3455 1685 3488 Prafflcae
1710 3456 1883 3490 Medicinae
1896 3460 2110 3500 Scriptorem,

1107 3500 1194 3542 quod
1220 3499 1445 3538 meminerim,
1468 3496 1637 3536 incidisse,
1660 3500 1715 3542 qui
1739 3510 1814 3533 cum
1825 3501 1862 3534 de
1876 3514 1914 3534 eo
1927 3503 2038 3536 auxilii
2053 3515 2111 3541 ge-

1106 3553 1179 3575 nere
1203 3542 1347 3576 adversus
1371 3540 1459 3577 hunc
1477 3543 1649 3579 morbum,
1675 3543 1761 3584 quod
1776 3544 1917 3586 plerique
1941 3540 2109 3581 omnes'fe..

1107 3594 1245 3626 cerunt,
1269 3585 1444 3619 sermonem
1468 3584 1622 3625 haberet,
1647 3585 1684 3619 de
1710 3585 1799 3626 justo.
1819 3587 1881 3620 hoc
1906 3599 1992 3623 metu
2015 3592 2110 3631 quid..

1108 3641 1205 3673 quam
1229 3639 1371 3663 moneret
1387 3653 1398 3670 ,
1421 3637 1537 3671 praeter
1557 3640 1659 3663 unum
1681 3628 1779 3671 cujus,
1798 3631 2002 3673 Opusculum
2026 3634 2072 3674 (i
2097 3641 2108 3676 )

2006 3687 2067 3710 ΠΟ-

527 3764 2119 3783 --——-—-——-—-—·-——-—-—-—-—--——·--—-—-———-——-—-—-.-..

1596 3824 1748 3856 (f)n.9,

1223 3827 1232 3855 (
1249 3817 1260 3851 e
1275 3827 1289 3855 )
1307 3825 1379 3856 Epist.
1397 3834 1434 3855 35.
1452 3833 1477 3849 n.
1495 3834 1534 3853 ιο,
1695 3855 1701 3859 ,
1807 3856 1813 3860 .

1549 3857 1564 3888 (
1578 3857 1588 3882 i
1603 3858 1612 3889 J
1629 3857 1729 3882 Monita
1744 3855 1842 3883 Medica
1858 3863 1880 3884 e.
1895 3865 1920 3888 7.
1935 3859 1960 3885 S.
1980 3867 2003 3884 2-
