2498 4075
416 137 507 188 162

345 218 385 245 ut
408 210 523 248 infimo
545 209 652 245 sterno
675 211 725 245 res
744 210 896 245 onderet:
923 210 1021 244 Tunc
1045 219 1123 242 vero
1154 212 1185 243 δε
1219 211 1352 254 respira-

342 256 467 289 tionem
490 254 643 288 nonnihil
668 222 741 288 laecsi
757 279 766 296 ,
790 257 823 288 ὃς
846 254 1061 298 gravissimum
1083 251 1352 298 stuporemquen-

338 297 416 332 dam
446 297 592 332 vdiffundi
628 308 684 340 per
720 307 894 341 utrumque
918 306 1024 343 artum
1047 295 1242 339 superiorem
1267 323 1274 331 .
1306 299 1352 332 Et

342 343 448 378 initio
471 340 603 384 quidem
628 353 698 376 cum
723 341 843 376 sensum
868 349 976 374 ortum
1002 339 1061 373 sibi
1096 338 1153 373 esse
1185 340 1354 376 dumtaxat

342 386 427 418 inter
453 384 683 418 ambulandum
709 408 721 426 2
753 384 930 427 praesertim
963 394 1018 426 per
1049 383 1183 418 acclivia
1206 396 1219 423 ;
1251 385 1355 427 postea

339 439 418 462 =vero
450 429 549 462 etiam
581 439 658 462 cum
690 428 720 462 se
752 428 923 461 inclinaret
945 449 958 466 ,
991 433 1091 469 eoque
1125 428 1159 460 in
1192 427 1252 461 situ
1284 438 1355 471 per-

343 480 487 504 maneret
513 496 521 507 .
554 473 686 505 Perraro
725 470 829 506 aestate
850 493 864 512 ,
896 479 952 504 aut
987 479 1059 503 ante
1095 470 1265 513 prandium
1286 473 1354 504 ori-

342 516 369 550 ri
397 526 404 545 τ
442 514 554 558 saepius
589 515 705 557 hyeme
725 539 734 554 ,
768 516 800 546 ἃς
825 525 841 546 3
873 511 1013 556 prandio
1036 535 1046 552 ‚
1079 517 1110 548 &
1136 526 1210 548 cum
1232 515 1353 548 leffium

338 566 460 603 peteret
487 583 494 590 .
534 558 723 600 Plerumque
766 558 837 589 cito
881 557 1062 590 evanescere
1085 579 1095 595 ,
1129 557 1152 590 si
1186 557 1277 591 stet:
1320 567 1352 591 at

336 612 462 645 nupera
486 600 599 644 hyeme
624 613 698 635 cum
731 599 950 634 dormientem
976 623 989 641 ,
1025 600 1113 643 quod
1147 609 1238 634 antea
1269 602 1353 635 acci-

336 644 427 679 derat
452 656 616 687 nunquam
642 669 655 687 ‚
687 642 874 684 excitasset,
897 643 997 684 duas,
1020 645 1121 676 tresve
1144 643 1241 678 horas
1262 666 1272 681 ‚
1305 654 1353 677 et-

335 688 427 722 iarnsi
453 688 628 722 surrexerat
651 712 663 728 ‚
697 685 863 731 perstitisse
887 711 895 720 .
933 688 1100 720 Caeterum
1122 698 1222 730 neque
1246 688 1353 731 pulsa-

336 733 459 766 tionem
483 732 683 774 percipiebat
706 731 805 764 ullam
826 754 838 769 ‚
863 741 964 773 neque
999 730 1251 767 intermittentes
1279 732 1352 775 pul-

335 774 385 809 sus
409 775 574 813 habebam·
597 773 735 807 habebat
760 782 869 806 tamen
895 772 986 806 valde
1008 771 1213 816 frequentes,
1237 777 1269 808 δι
1302 776 1351 809 vi*

333 817 446 852 bratos
469 841 482 858 ‚
518 829 592 852 cum
616 817 701 860 ipsos
725 839 737 856 ,
770 815 908 849 molesto
939 817 1000 850 illo
1023 816 1111 851 sensu
1134 816 1221 852 haud
1256 829 1352 860 pror-

338 863 387 896 sus
412 862 536 895 absente
558 884 571 901 ‚
605 860 842 902 exploraremus
867 872 876 890 ε
912 870 978 903 quo
1011 862 1109 894 etiam
1132 870 1278 903 ternpore
1302 873 1351 896 ar..

333 905 384 938 &e
429 902 567 948 appressa
603 915 689 939 circa
724 903 905 936 mamillam
942 902 1096 938 sinistram
1127 916 1224 939 manu
1245 928 1259 946 ,
1292 916 1350 939 cor

336 948 507 991 aliquanto
530 947 669 981 validius
692 958 789 990 quam
812 957 941 990 aequum
964 946 1062 988 esset,
1086 948 1209 992 pulsare
1243 949 1350 983 visum

335 992 396 1025 est.
423 993 510 1024 Cum
535 1001 649 1034 praeter
672 1002 705 1023 ea
729 1002 801 1034 quae
836 991 922 1025 dieta
956 991 1030 1025 sunt
1049 1015 1062 1032 ‚
1094 992 1176 1026 nihil
1214 992 1350 1035 usquam

336 1036 415 1068 mali
440 1035 673 1077 interrogando
696 1033 1001 1078 deprehenderemus
1025 1060 1034 1076 ,
1058 1036 1235 1079 praesertim
1273 1047 1349 1068 vero

332 1089 433 1122 neque
457 1078 654 1122 cephalicae,
678 1090 778 1120 neque
803 1076 1078 1121 hypocondriacae
1102 1078 1284 1113 affeffionis
1295 1090 1348 1112 ve-

333 1123 467 1165 stigium
493 1120 632 1160 subesse3
667 1123 763 1155 ambo
787 1121 938 1163 suspicari
961 1124 1122 1165 coepimus
1145 1145 1155 1161 ‚
1190 1123 1351 1165 retropul.

334 1166 378 1200 sas
402 1166 485 1199 olim
524 1167 694 1200 irritantes
717 1188 728 1205 ,
760 1164 989 1208 erodentesque
1022 1165 1138 1199 scabiei
1175 1167 1350 1209 particulas

333 1220 399 1243 non
425 1220 490 1242 tam
513 1209 645 1252 ganglio
661 1231 669 1246 ‚
693 1217 749 1242 aut
772 1209 879 1251 plexui
904 1210 1033 1244 cuidam
1044 1220 1244 1250 nervorum,
1268 1221 1351 1252 prae-

330 1252 452 1287 cordiis
476 1253 718 1287 inservientium
740 1274 752 1291 ,
774 1263 872 1295 quam
897 1253 1027 1295 Magnae
1061 1251 1189 1287 fortasse
1225 1254 1349 1288 arteriae

330 1298 452 1331 tunicis
474 1295 638 1334 insedisse,
666 1307 700 1329 ac
732 1295 922 1329 dilatationi
958 1305 1178 1338 opportunam
1211 1295 1315 1331 secisse
1338 1321 1347 1331 .

333 1342 384 1374 Ut
408 1342 443 1374 in
467 1351 500 1377 re
524 1349 632 1374 tamen
667 1340 772 1372 minus
806 1340 969 1381 perspicua
1004 1338 1039 1374 id
1069 1338 1241 1374 confilium
1271 1340 1348 1374 dan-

329 1393 377 1419 tes
400 1408 413 1425 ,
445 1384 535 1427 quod
558 1383 580 1417 si
604 1394 667 1416 non
694 1381 849 1425 prodesset
874 1407 887 1423 ‚
922 1394 1035 1418 nocere
1058 1394 1124 1417 non
1147 1383 1257 1427 posse,
1280 1395 1347 1417 cre-

328 1429 474 1465 deremus
489 1451 498 1466 ‚
522 1427 741 1461 omittendam
766 1437 831 1460 non
855 1428 1039 1470 putavimus
1050 1428 1348 1469 venaeseffionern‚

326 1474 448 1516 quippe
472 1473 505 1506 in
531 1471 662 1505 homine
687 1470 790 1505 firmis
813 1470 937 1504 viribus
961 1494 972 1511 ‚
1007 1474 1038 1504 δε
1071 1470 1227 1505 laudabili
1251 1470 1347 1505 habi-

327 1525 365 1553 tu
387 1517 533 1559 corporis
559 1539 567 1554 ‚
606 1520 634 1548 ts:
662 1514 754 1548 rubra
781 1526 795 1546 a
820 1525 918 1556 puero
943 1514 1039 1556 usque
1064 1514 1146 1548 facie
1170 1514 1312 1559 praedito
1335 1538 1346 1554 ,

327 1571 392 1593 non
417 1561 600 1593 nocituram
626 1582 638 1599 ,
671 1559 742 1591 imo
767 1557 862 1591 facile
885 1556 945 1591 five
970 1570 985 1590 a
1010 1569 1179 1592 nervorum
1214 1568 1346 1593 contra-

328 1603 494 1638 stionibus
519 1627 528 1643 ,
558 1602 630 1635 five
661 1602 699 1635 ab
722 1603 845 1635 arteriae
869 1600 1065 1635 dilatatione
1087 1602 1220 1636 morbus
1245 1601 1347 1643 esset,

328 1658 366 1680 eo
391 1647 565 1690 praesertim
590 1657 691 1679 verno
714 1654 860 1688 tempore
884 1644 1089 1688 profuturam
1113 1670 1120 1677 .
1148 1645 1227 1679 Hoc
1249 1648 1348 1681 etiam

329 1690 508 1725 discedenti
532 1687 702 1724 inculcasse
726 1700 775 1721 me
799 1689 933 1722 memini
956 1711 970 1728 ,
1005 1688 1027 1721 fi
1063 1687 1214 1734 profuisse
1249 1688 1346 1722 senti-

332 1743 380 1770 ret
404 1758 417 1774 ,
450 1734 629 1768 iterandam
664 1731 770 1774 postea
805 1741 877 1767 ante
912 1734 993 1765 veris
1036 1731 1133 1766 finem
1178 1742 1302 1767 curaret
1336 1745 1349 1773 ;

330 1788 363 1814 at
384 1778 407 1811 si
432 1789 448 1811 a
472 1780 576 1822 prima
611 1776 734 1810 turbari
762 1801 771 1815 ,
809 1785 866 1810 aut
903 1774 1070 1809 debilitari
1105 1776 1134 1809 se
1157 1800 1170 1817 ‚
1199 1776 1345 1810 animad-

327 1831 465 1856 verteret
487 1845 500 1863 ,
532 1821 794 1865 praetermitteret
818 1842 827 1857 ,
862 1819 1010 1862 idemque
1034 1820 1069 1854 in
1092 1821 1218 1854 caeteris
1243 1831 1344 1853 reme-

325 1865 389 1901 diis
413 1864 532 1899 faceret
548 1889 559 1906 ,
583 1876 649 1899 uno
673 1872 813 1905 excepto
837 1873 916 1906 apto
939 1862 1089 1896 videlicet
1113 1885 1122 1900 ‚
1156 1875 1253 1905 quem
1289 1875 1343 1897 ac-

319 1919 430 1945 curate
453 1907 789 1945 commendaveramus
807 1928 816 1943 ‚
842 1918 944 1940 return
978 1905 1036 1940 usu
1054 1928 1068 1945 ,
1099 1918 1177 1949 quas
1209 1907 1335 1941 Medici

309 1956 456 1991 vocitant
480 1964 545 1987 non
571 1952 729 1986 naturales
747 1975 755 1983 .
782 1950 892 1992 Igitur
914 1959 988 1983 cum
1012 1949 1152 1982 feliciter
1175 1949 1336 1991 domum,

312 2010 383 2042 quae
408 2009 473 2031 non
496 1999 543 2031 ita
569 1996 662 2038 longe
685 1994 824 2028 distabat
850 2017 863 2035 ,
896 1991 1082 2039 pervenisset
1106 2016 1119 2033 ,
1153 1994 1334 2037 primisque

310 2041 583 2076 innocentissimis
608 2038 759 2072 remediis
784 2039 832 2071 uti
858 2036 1031 2080 coepisset,
1066 2049 1082 2069 e
1105 2036 1243 2071 brachio
1278 2049 1335 2070 au-

302 2095 370 2120 tem
396 2085 530 2119 dextero
554 2083 684 2125 sanguis
707 2080 817 2115 missus
841 2080 914 2115 esset
938 2081 977 2114 ad
1005 2082 1115 2115 uncias
1139 2080 1217 2114 οέὶο
1239 2104 1252 2121 ,
1283 2082 1334 2114 vi-

304 2131 375 2164 sum
398 2129 442 2163 est
466 2129 533 2172 ejus
556 2127 696 2161 Medico
721 2126 815 2158 mitti
840 2124 948 2170 rursus
971 2133 1126 2167 oportere
1161 2134 1333 2166 propterea

304 2176 379 2216 quia
403 2171 478 2209 esset
504 2198 513 2211 ‚
549 2179 587 2208 nt
611 2169 738 2205 dicebat
765 2193 775 2210 ,
811 2169 958 2204 incensus
982 2191 994 2211 2
1032 2170 1064 2202 &
1097 2176 1182 2202 certe
1215 2169 1306 2210 niger
1328 2192 1338 2210 ,

310 2229 346 2252 ac
370 2216 460 2251 valde
484 2213 627 2251 viscidus
657 2238 664 2246 .
701 2211 772 2246 Ubi
797 2222 904 2246 autem
927 2220 1061 2255 quartus
1083 2209 1152 2245 dies
1176 2209 1306 2246 advenit
1324 2234 1339 2253 ,

932 133 1091 187 Liber
1124 132 1191 185 ΙΙ.
1227 131 1314 187 De
1348 131 1552 187 Morbis
1586 130 1853 188 Thoracis

1402 222 1468 254 quo
1489 209 1543 244 die
1563 210 1771 245 constituerat
1780 209 1839 244 esse
1860 207 2085 250 mittendum,
2104 218 2278 253 repugnate
2299 214 2407 254 :egeri

1402 255 1608 288 monitorum
1639 265 1782 288 meorum
1813 251 1940 287 fortasse
1972 263 2097 287 memor
2117 275 2131 294 ,
2179 264 2213 288 ac
2257 251 2411 288 debilita-

1404 307 1472 331 tem
1496 322 1506 338 ‚
1540 308 1638 340 quam
1671 299 1834 340 percipere
1869 296 1898 330 se
1921 319 1935 338 ,
1967 296 2070 339 ajebat
2093 319 2107 336 ,
2142 306 2344 340 opponere;
2376 300 2410 331 &

1404 341 1475 375 sane
1507 341 1631 375 duabus
1662 352 1733 383 quae
1777 341 1925 383 proxime
1967 338 2182 383 praecesserant
2204 364 2218 381 ,
2259 340 2410 375 noffibus

1403 394 1536 418 vexatus
1573 385 1776 427 aliquantum
1807 382 1911 418 fuerat
1943 383 2061 418 morbo
2093 383 2171 417 suo.
2197 383 2256 418 Sed
2279 395 2354 418 cum
2375 394 2410 417 ea

1404 428 1556 463 debilitas
1589 438 1689 470 neque
1720 426 1849 461 solitam
1882 426 2082 462 hilaritatem
2103 449 2113 465 ,
2156 437 2255 470 neque
2298 427 2411 461 ambu-

1405 470 1491 505 landi
1524 471 1714 505 facultatem
1736 493 1746 509 ‚
1786 481 1886 513 neque
1921 471 2029 514 pulsus
2053 493 2066 512 ,
2095 478 2131 504 ut
2154 470 2338 514 Chirurgus
2361 469 2410 504 af-

1404 514 1552 549 firmabat
1573 538 1587 556 ,
1619 516 1765 557 vigorem
1799 515 1928 548 tolleret
1950 537 1963 555 ,
1995 514 2090 557 hujus
2124 512 2252 548 tandem
2276 514 2409 550 vocibus

1403 559 1510 593 vi&us
1532 581 1546 599 ‚
1577 558 1689 601 pedem
1709 580 1722 598 ‚
1760 567 1797 592 ut
1831 558 1978 591 Medicus
2012 555 2137 600 jusserat
2170 579 2183 597 ‚
2222 557 2361 599 praebuit
2393 581 2408 597 ,

1404 614 1443 637 ex
1474 614 1540 644 quo
1575 601 1627 636 sex
1652 625 1662 641 ‚
1698 600 1784 635 haud
1818 602 1978 643 amplius,
2001 602 2103 635 unciae
2127 599 2290 643 sanguinis
2313 600 2410 635 emis-

1403 646 1443 680 [τε
1482 646 1554 680 sunt
1579 671 1588 679 .
1619 645 1701 687 Qo
1734 644 1844 682 saffiro,
1870 643 1899 677 se
1935 656 1951 677 3
1972 645 2141 688 Chirurgo
2164 643 2307 679 occisum
2331 644 2410 679 fuis-

1404 689 1457 727 ses
1482 689 1614 729 dicens,
1639 690 1738 722 animi
1763 686 1946 722 defectione
1977 696 2146 730 correptus
2157 687 2223 728 est,
2247 699 2408 731 moxque,

1403 744 1479 767 cum
1512 733 1552 768 ab
1581 731 1641 766 hac
1676 732 1831 766 relevatus
1862 729 1935 765 esset
1956 754 1968 771 ,
2000 731 2098 764 altera
2123 753 2136 771 ,
2166 730 2303 774 denique
2332 742 2409 767 cum

1404 776 1467 810 alvi
1489 774 1694 811 exonerandae
1725 775 1818 809 causa
1841 797 1854 816 ,
1891 785 1947 817 per
1979 774 2009 808 se
2030 785 2047 807 e
2079 774 2163 808 1εὲὶο
2197 774 2371 810 surrexisset
2393 799 2409 817 ,

1402 821 1500 854 tertia
1524 846 1533 861 ,
1566 818 1723 863 simulque
1757 819 1814 853 suo
1834 827 1948 860 captus
1972 817 2089 852 morbo
2112 842 2120 857 ,
2145 818 2245 852 levari
2269 820 2408 862 amplius

1403 875 1468 897 non
1491 865 1625 907 potuit,
1649 865 1758 906 itaque
1793 860 1923 896 vivendi
1957 859 2052 895 finem
2084 861 2208 905 placide
2241 860 2319 896 fecit
2352 875 2409 897 eo-

1401 907 1475 941 dem
1496 930 1509 947 ,
1540 906 1621 941 idest
1642 905 1797 950 vigesimo
1818 905 1950 939 circiter
1973 916 2012 939 ex
2042 916 2108 948 quo
2130 906 2263 939 Patavio
2294 905 2409 941 disces-

1402 951 1481 984 serat
1504 974 1517 992 ,
1548 951 1602 986 die
1626 974 1633 983 .
1670 953 1756 985 Cum
1790 950 1934 993 plerique
1957 960 1996 982 ex
2019 947 2086 991 ejus
2122 950 2268 983 Civitate
2300 949 2409 984 Medi-

1400 1006 1476 1029 cum
1497 1018 1508 1035 ‚
1543 1004 1580 1029 ut
1603 994 1641 1028 fit
1666 1017 1677 1032 ,
1707 998 1739 1029 δε
1762 995 1967 1036 Chirurgum
1990 991 2171 1038 incusarent
2197 1015 2210 1033 ‚
2240 992 2326 1036 quasi
2359 1004 2408 1027 te-

1400 1049 1484 1072 mere
1497 1062 1511 1079 ,
1535 1041 1567 1072 &
1592 1047 1706 1083 praeter
1729 1039 1888 1074 rationem
1911 1048 1949 1069 eo
1971 1034 2023 1069 die
2056 1036 2240 1082 sanguinem
2274 1039 2408 1071 mitten-

1401 1090 1449 1115 tes
1472 1106 1485 1123 ,
1517 1082 1639 1116 Virum
1662 1082 1823 1116 Nobilem
1853 1081 2011 1115 continuo
2043 1079 2183 1113 insecuta
2216 1089 2322 1114 morte
2350 1081 2409 1116 su..

1401 1123 1555 1159 stulissent
1580 1150 1589 1165 ,
1621 1124 1741 1168 nosque
1785 1137 1819 1158 ea
1852 1124 1891 1159 de
1924 1135 1956 1157 re
1991 1134 2045 1166 per
2075 1123 2200 1156 litteras
2232 1124 2411 1158 consulere-

1401 1180 1473 1202 mur
1494 1180 1508 1209 ;
1545 1168 1629 1213 quid
1652 1180 1691 1201 ex
1714 1166 1872 1212 ejusmodi
1893 1190 1907 1207 ,
1937 1168 2065 1210 qualem
2089 1167 2237 1212 suspicati
2262 1179 2410 1210 eramus,

1402 1212 1519 1245 morbo
1541 1236 1555 1253 ,
1577 1212 1624 1245 vel
1648 1213 1741 1245 nullo
1765 1212 1915 1253 sanguine
1939 1210 2050 1244 emisso
2067 1234 2077 1250 ,
2102 1211 2237 1253 persaepe
2261 1211 2409 1252 accidat,

1401 1255 1597 1297 docuimus,
1621 1265 1813 1298 motumque
1836 1257 1871 1288 in
1895 1254 1969 1287 illos
1993 1258 2172 1289 animorum
2197 1254 2375 1290 sedavimus
2398 1281 2409 1289 .

1400 1298 1502 1336 Quod
1524 1300 1577 1333 illi
1601 1322 1612 1339 ,
1644 1297 1668 1331 fi
1691 1297 1862 1336 dissecandi
1886 1297 2046 1331 cadaveris
2068 1296 2258 1332 facultatem
2279 1298 2411 1334 habuis-

1400 1343 1467 1376 sent
1490 1366 1500 1382 ‚
1536 1343 1642 1377 multo
1665 1344 1766 1377 citius
1788 1365 1801 1384 ,
1837 1350 1874 1377 ut
1897 1343 2015 1384 opinor
2037 1364 2051 1383 ,
2081 1352 2135 1384 per
2169 1340 2198 1381 se
2232 1340 2376 1378 fecissent
2397 1366 2411 1384 ‚

1398 1388 1513 1421 mortis
1536 1387 1662 1421 causam
1686 1398 1753 1420 non
1775 1398 1814 1420 ex
1837 1398 1875 1420 eo
1898 1386 1954 1427 qui
1980 1394 2033 1427 per
2055 1396 2165 1419 venam
2188 1383 2320 1420 edufius
2341 1385 2412 1420 fue-

1398 1440 1447 1464 rat
1470 1454 1484 1471 ,
1519 1431 1670 1473 sanguine
1694 1454 1706 1471 ,
1741 1429 1792 1464 sed
1816 1441 1857 1463 ex
1880 1441 1919 1462 eo
1952 1430 2040 1472 qui,
2075 1430 2204 1462 interno
2237 1430 2307 1463 vase
2349 1431 2413 1464 ali-

1397 1486 1465 1518 quo
1487 1483 1642 1517 perrupto
1666 1473 1761 1508 facile
1784 1472 1981 1516 profluxerat
2009 1495 2018 1510 ‚
2052 1472 2250 1507 ostendentes
2274 1486 2284 1506 .-
2307 1485 2411 1517 quan-

1397 1529 1495 1561 quam
1519 1519 1688 1552 Ballonius
1710 1541 1723 1558 ,
1755 1520 1810 1551 cui
1841 1527 1906 1548 non
1944 1515 2132 1550 absimiliter
2162 1517 2306 1560 contigit
2324 1541 2338 1558 ‚
2373 1525 2410 1552 ut

1398 1563 1592 1604 Formageus
1615 1585 1628 1602 ,
1660 1560 1751 1605 cujus
1775 1558 1959 1602 aneurysma
1983 1559 2073 1601 supra
2096 1563 2110 1600 (
2132 1571 2151 1602 q
2172 1564 2186 1600 >
2210 1560 2253 1594 est
2276 1572 2291 1594 a
2315 1561 2411 1595 nobis

1398 1614 1717 1645 commemoratum,
1739 1604 1847 1638 tribus
1869 1614 1888 1636 a
1910 1612 1994 1637 venae
2013 1602 2149 1646 seft'ione
2172 1603 2258 1638 horis
2279 1625 2290 1642 ‚
2325 1605 2412 1639 dere-

1398 1658 1489 1690 pente
1511 1660 1550 1682 eo
1573 1656 1665 1690 rupto
1689 1649 1856 1683 interiret,
1885 1656 1950 1678 non
1983 1647 2113 1689 negavit
2137 1668 2147 1683 ‚
2179 1657 2292 1689 magna
2327 1648 2411 1681 artis

1400 1692 1503 1731 nostrae
1515 1715 1528 1732 ‚
1552 1702 1617 1735 quae
1640 1690 1752 1725 multis
1776 1689 1816 1729 est
1837 1690 1979 1729 auxilio,
2002 1689 2161 1724 calumnia
2184 1690 2219 1724 id
2242 1689 2302 1724 sibi
2327 1691 2412 1724 acci-

1399 1733 1500 1775 disse,
1524 1737 1556 1768 &
1580 1743 1703 1776 turpem
1731 1731 1830 1777 fuisse
1862 1731 2080 1766 calamitatem
2101 1756 2114 1773 ‚
2148 1735 2281 1774 agnovit
2303 1760 2311 1767 .
2349 1733 2412 1769 Sed

1397 1778 1466 1821 ipse
1487 1779 1544 1821 qui
1567 1777 1719 1812 morbum
1743 1786 1803 1818 pro
1827 1775 1893 1808 alio
1916 1773 2082 1821 accepisset
2104 1797 2114 1813 ‚
2147 1787 2335 1818 praevertere
2357 1788 2413 1811 ca-

1395 1823 1554 1856 lumniam
1578 1832 1645 1855 non
1670 1820 1803 1863 potuit,-
1827 1818 1879 1853 illi
1905 1817 2010 1851 nostra
2043 1818 2224 1860 suspicione
2251 1844 2264 1861 ‚
2298 1824 2332 1855 ἃς
2368 1822 2412 1855 iis

1393 1877 1463 1907 quae
1486 1877 1574 1909 aegro
1596 1864 1850 1911 inculcaveram,
1874 1861 1995 1896 auditis
2020 1884 2032 1900 ,
2068 1862 2131 1895 sibi
2169 1864 2282 1899 melius
2318 1874 2412 1899 antea

1391 1908 1555 1942 consulere
1578 1907 1778 1950 potuissent.
1910 1907 2075 1939 Caeterum
2100 1917 2219 1949 magno
2244 1907 2299 1942 hic
2324 1920 2413 1952 quo-

1389 1962 1450 1994 que
1473 1951 1653 1994 descriptus
1677 1962 1693 1984 a
1718 1949 1814 1983 nobis
1837 1947 1925 1982 casus
1948 1948 2148 1982 documento
2172 1951 2241 1991 est,
2264 1963 2301 1984 ne
2314 1963 2414 1995 repu-

1385 2004 1520 2036 gnantes
1543 1995 1650 2037 aegri,
1683 1994 1718 2026 in
1742 1993 1886 2027 obscuris
1908 1991 2085 2034 praesertim
2109 1994 2234 2027 morbis
2251 2020 2259 2034 ,
2283 1995 2323 2030 ad
2348 1996 2413 2029 ali-

1385 2036 1474 2080 quod
1497 2037 1675 2072 remedium
1690 2061 1698 2075 ,
1721 2035 1808 2078 quod
1832 2045 1986 2077 magnum
2011 2034 2076 2076 fit,
2108 2045 2162 2070 aut
2195 2040 2305 2076 magni
2343 2040 2413 2082 spe..

1384 2082 1470 2114 ciem
1492 2080 1632 2121 habeat,
1655 2078 1899 2114 admittendum
1923 2088 2103 2124 cogantur.
2240 2082 2296 2116 Tu
2333 2093 2410 2116 vero

1390 2125 1511 2157 interea
1535 2124 1682 2164 valebis,
1704 2124 1736 2155 δι
1760 2133 1845 2155 meas
1868 2123 2128 2162 aneurysmatum
2153 2123 2410 2160 Observationes

1389 2178 1447 2244 per
1473 2177 1644 2203 anatomen
1663 2164 1870 2201 confirmatas
1881 2187 1896 2206 ,
1918 2166 2080 2207 proximis
2102 2166 2240 2203 Litteris
2262 2169 2411 2214 expeeta-

1413 2223 1439 2246 is
1463 2234 1472 2245 .

349 2409 875 2477 EPISTOLA
932 2406 2062 2472 ANATOMICO—MEDICA
2118 2409 2375 2474 XVHI.

358 2597 361 2598 a
402 2545 717 2603 Absolvitur
752 2545 926 2597 sermo
961 2542 1029 2595 de
1066 2540 1434 2608 Respiratione
1466 2540 1612 2595 Laesa
1647 2559 1678 2594 a
1713 2541 1940 2593 Cordis‚
1975 2552 2067 2594 aut
2101 2540 2328 2610 Magnae

737 2611 970 2664 Arteriae
1005 2611 1145 2662 intra
1180 2608 1465 2661 thoracem
1502 2607 2016 2672 Aneurysmatibus·

320 2743 692 2860 MEaanuoque
717 2743 823 2785 accipe
833 2741 1105 2784 Aneurysmatum
1129 2739 1238 2772 intimi
1264 2739 1341 2775 tho-

489 2797 568 2820 racis
595 2787 849 2821 Observationes
884 2785 997 2819 eodem
1030 2784 1143 2818 ordine
1172 2784 1306 2826 digestas
1330 2808 1342 2825 ‚

490 2841 585 2873 quem
609 2830 772 2873 superiore
796 2828 942 2872 Epistola
966 2831 1001 2861 in
1026 2827 1186 2861 Vals'alvae
1219 2828 1341 2861 Obser-

323 2874 510 2909 vationibus
534 2873 659 2907 secutus
684 2873 753 2907 sum
771 2899 780 2913 ,
805 2882 840 2906 ut
865 2871 925 2905 sive
950 2873 1006 2905 illa
1031 2873 1065 2904 in
1079 2870 1210 2911 Corde,
1234 2871 1340 2905 sivein

324 2920 448 2961 Magna
472 2917 612 2956 arteria,
634 2914 698 2949 five
732 2916 862 2949 demum
895 2916 1069 2958 utrobique
1105 2914 1209 2949 sedem
1244 2915 1343 2949 habe-

326 2972 419 2999 rent,
443 2960 516 2993 inde
540 2961 658 3002 pariter
681 2960 865 3002 intelligas,
890 2958 1049 2993 laefionem
1071 2970 1134 3003 qua
1149 2958 1188 2992 de
1201 2961 1344 3002 agimus,

326 3005 569 3048 Respirationis
595 3002 736 3037 extitisse
749 3028 757 3036 .

372 3061 402 3081 2.
429 3048 595 3083 SUTOR
619 3059 720 3081 annos
745 3055 837 3080 natus
862 3047 997 3088 triginta
1022 3056 1085 3081 tres
1109 3072 1119 3087 ,
1141 3047 1302 3080 obnoxius
1326 3059 1342 3080 a

330 3105 347 3127 a
370 3094 480 3135 paucis
503 3092 592 3124 annis
615 3091 756 3134 spirandi
791 3089 1010 3128 difficultati,
1047 3102 1118 3133 quae
1152 3091 1199 3124 vel
1235 3089 1342 3123 seden-

332 3147 424 3176 tem,
446 3144 483 3169 ut
507 3134 632 3168 sutores
657 3134 782 3175 solent,
805 3133 938 3167 vexabat
957 3158 966 3173 ,
990 3137 1022 3167 δε
1054 3133 1175 3167 levibus
1209 3133 1345 3177 quibus-

334 3180 408 3213 dam
432 3179 535 3211 animi
559 3177 801 3212 defectionibus
826 3200 839 3216 ,
862 3177 954 3220 pulsu
988 3186 1065 3211 tunc
1098 3177 1230 3221 quidem
1253 3203 1263 3218 ,
1293 3176 1346 3210 sed

333 3234 401 3257 non
427 3221 531 3265 postea
547 3247 556 3261 ,
580 3222 755 3265 inaequali,
778 3221 953 3263 aliquando
976 3222 1073 3254 etiam
1096 3223 1311 3264 vertiginibus
1331 3243 1344 3261 ³

334 3266 385 3301 sed
411 3267 452 3300 iis
473 3276 543 3308 quae
568 3265 664 3306 dixi,
689 3265 908 3310 potissimum,
932 3272 969 3298 ut
1003 3264 1042 3297 ab
1077 3277 1116 3297 eo
1149 3267 1255 3307 accepi
1287 3266 1345 3307 qui

337 3319 410 3344 ante
456 3320 574 3343 annum
619 3308 680 3353 ipsi
725 3308 829 3343 fuerat
872 3308 1021 3342 Medicus
1041 3321 1055 3349 ,-
1086 3309 1226 3352 denique
1259 3310 1346 3341 circa

340 3353 482 3388 medium
501 3353 695 3398 Januarium
717 3353 759 3386 A.
788 3363 878 3396 1739.
906 3362 995 3384 mane
1019 3362 1092 3387 cum
1126 3353 1159 3385 in
1193 3352 1346 3397 Nosoco-

340 3398 445 3431 mium
468 3396 623 3430 scalarum
651 3396 822 3440 gradibus,
848 3398 905 3438 qui
931 3395 1064 3438 plurimi
1101 3396 1173 3429 sunt
1198 3419 1210 3436 ‚
1241 3406 1296 3438 per
1318 3396 1348 3428 se

342 3439 524 3473 ascendisset
541 3461 550 3477 ‚
575 3440 756 3483 leffiuloque
780 3440 888 3475 statim
913 3448 1063 3481 exceptus
1087 3438 1181 3479 esset,
1205 3438 1348 3472 dolorem

341 3483 379 3516 ad
404 3482 659 3525 diaphragmatis
682 3485 844 3526 regionem
867 3494 962 3517 manu
980 3505 993 3523 ‚
1027 3486 1060 3516 δε
1091 3483 1195 3517 verbis
1229 3482 1352 3515 indica-

341 3528 419 3565 bat,
444 3525 587 3560 tuffiebat
609 3551 622 3567 ‚
657 3527 763 3571 pulsus
797 3526 970 3570 languidos
993 3548 1002 3563 ‚
1036 3530 1069 3560 &
1101 3526 1254 3560 nonnihil
1288 3524 1353 3559 fre-

341 3578 474 3614 quentes
498 3568 660 3613 habebat,
684 3570 735 3605 sed
758 3573 815 3615 qui
840 3581 943 3613 neque
976 3571 1231 3605 intermitterent
1250 3593 1264 3611 ,
1296 3581 1351 3603 ne-

1393 2750 1453 2781 que
1477 2737 1546 2772 ullo
1569 2736 1668 2770 modo
1691 2734 1788 2771 essent
1821 2735 1992 2780 inaeq'uales
2010 2761 2018 2769 .
2052 2737 2140 2773 Cum
2174 2748 2265 2773 mors
2297 2740 2409 2775 vicina

1393 2781 1475 2815 adeo
1498 2793 1562 2814 non
1585 2781 1772 2820 videretur;
1792 2779 1911 2814 viridia
1935 2781 2079 2815 evomuit
2102 2806 2114 2822 ,
2137 2786 2168 2816 δι
2192 2784 2278 2816 intra
2311 2782 2405 2818 horae

1392 2825 1568 2859 dimidium
1590 2836 1628 2857 ex
1650 2836 1717 2867 quo
1739 2833 1890 2865 venerat,
1920 2826 2027 2858 vivere
2058 2824 2150 2858 desiit
2172 2850 2180 2857 .
2325 2828 2409 2861 CA-

1393 2870 1586 2908 DAVER,
1610 2877 1646 2901 ut
1669 2870 1859 2901 Anatomen
1882 2868 2099 2909 inchoarem,
2123 2871 2157 2903 in
2191 2869 2413 2912 Gymnasium

1395 2913 1561 2953 delatum,
1586 2912 1784 2956 inspiciens,
1807 2911 1924 2945 habitu
1950 2911 2016 2945 vidi
2042 2912 2083 2946 fic
2109 2912 2185 2947 satis
2219 2913 2378 2948 laudabili
2399 2937 2414 2956 ,

1393 2959 1540 2998 quamvis
1565 2957 1691 2988 minuta
1716 2955 1841 2993 scabie,
1866 2958 1897 2988 δι
1922 2955 2032 2989 colore
2056 2955 2414 2999 quasicachefficifoe-

1395 3001 1507 3035 datum
1531 2997 1627 3038 esset,
1651 2997 1785 3041 pedibus
1809 3009 1916 3032 tamen
1940 3000 2074 3033 minime
2109 3001 2246 3034 tumidis
2269 3027 2276 3034 .

1394 3046 1517 3077 Ventte
1542 3051 1678 3086 apert0‚
1700 3044 1734 3075 in
1759 3054 1826 3084 quo
1851 3053 1988 3084 paucum
2012 3042 2351 3078 serumsubcruentum
2365 3042 2416 3077 ef.

1396 3087 1501 3122 fusum
1524 3095 1612 3126 erat,
1636 3097 1748 3129 magna
1773 3097 1844 3127 pars
1868 3086 2095 3120 intestinorum
2121 3089 2287 3121 Tenuium
2299 3100 2337 3121 ex
2362 3087 2415 3123 fu-

1396 3132 1450 3165 sco
1475 3130 1647 3165 subrubeus
1670 3130 1842 3171 conspecta
1865 3130 1930 3168 est3
1953 3130 2062 3163 Colon
2088 3141 2193 3165 autern
2219 3130 2412 3166 adtraetum

1396 3187 1459 3208 non
1484 3185 1639 3217 parvum,
1664 3176 1696 3207 &
1721 3172 1898 3215 praesertim
1922 3185 1984 3216 qua
2009 3186 2026 3206 a
2048 3173 2181 3208 dextero
2206 3175 2244 3208 ad
2256 3174 2416 3211 sinistrum

1397 3217 1684 3262 hypochondrium
1708 3216 1836 3257 fertur,
1860 3216 1938 3250 adeo
1961 3219 2164 3252 conti-assum
2179 3240 2189 3256 ‚
2214 3227 2251 3251 ut
2289 3218 2332 3251 bn
2344 3220 2416 3252 val-

1397 3262 1435 3295 de
1460 3262 1622 3305 superaret
1645 3259 1881 3294 craffitudinem
1904 3260 2007 3303 digiti
2031 3261 2158 3304 pollicis
2184 3285 2192 3294 .
2216 3263 2279 3295 Coi
2295 3263 2416 3296 traSmS

1397 3317 1526 3350 quoque
1550 3304 1770 3344 ventriculus,
1791 3305 1879 3337 intus
1903 3315 1978 3338 vero
1992 3303 2417 3340 striisinflammatoriishic

1397 3351 1490 3390 illic,
1514 3352 1546 3382 &
1570 3347 1764 3391 potissimum
1788 3349 1941 3391 inrugis,
1964 3347 2133 3382 distinesus
2151 3372 2163 3389 ,
2185 3347 2349 3391 superiore
2361 3361 2417 3383 au-

1398 3402 1464 3426 tem
1491 3391 1621 3426 orificio
1642 3389 1707 3434 jam
1731 3390 1861 3431 livido,
1886 3395 1918 3425 δε
1943 3391 2225 3435 subnigrescente;
2251 3393 2326 3425 bilis
2360 3393 2417 3427 fla-

1402 3448 1450 3470 vae
1474 3436 1602 3478 aliquid
1624 3435 1816 3469 continebat
1842 3447 1850 3469 :
1873 3447 1946 3479 quae
1970 3437 2006 3469 in
2030 3438 2085 3469 sua
2109 3435 2244 3469 vesicula
2275 3434 2330 3469 etsi
2367 3438 2419 3471 ni.

1402 3482 1529 3523 gricans
1553 3488 1719 3521 appareret
1733 3502 1746 3519 ‚
1767 3480 1875 3512 colore
1899 3489 2004 3512 tamen
2027 3479 2164 3513 saturare
2174 3490 2288 3512 croceo
2298 3477 2417 3515 veficu-

1404 3525 1468 3557 iam
1479 3547 1488 3562 ‚
1503 3526 1534 3556 ὃ(
1549 3523 1702 3556 viciniam
1714 3521 1870 3556 infecerat
1883 3548 1890 3555 .
1906 3524 1988 3555 Lien
2000 3534 2093 3566 aequo
2105 3523 2231 3556 crassior
2243 3546 2251 3561 ‚
2268 3522 2358 3556 sanus
2371 3533 2420 3558 ta-

1404 3579 1477 3601 men
1487 3590 1499 3608 ,
1522 3565 1613 3608 septo
1627 3565 1825 3600 Transverso
1836 3576 1907 3600 tota
1919 3566 2002 3600 facie
2018 3565 2114 3609 gibba
2126 3566 2311 3643 validissitge
2321 3578 2420 3642 1anne.

2304 3620 2318 3642 e
2344 3622 2379 3645 a-

401 3762 552 3794 (strum
