2498 4075
528 222 684 288 Epist
723 221 883 276 Anat.
917 218 1120 274 Medica
1158 216 1300 273 le.
1334 218 1452 273 Art.
1477 226 1550 280 ις.Ι

53 301 97 336 sic
120 300 264 336 Graffius
285 304 298 342 (
321 313 337 336 r
361 305 397 343 ),
421 300 464 336 fic
488 302 658 345 Raygerus
679 300 739 343 (s)
761 301 878 335 lienem
903 299 1054 334 viderunt

55 345 261 387 disruptum,
285 355 349 380 tres
372 346 469 388 primi
495 357 511 379 a
536 345 644 379 baculi
669 345 759 383 iffitu,
784 345 918 378 ultimus
943 344 981 377 ab
1005 344 1054 376 al-

57 389 195 422 lisione:
218 388 334 431 quibus
356 388 498 423 historiis
523 410 533 427 ,
555 390 589 422 in
615 387 822 430 Sepulchreto
844 385 1018 430 propofitis
1041 409 1051 424 ‚

56 432 150 467 addas
174 432 247 474 licet
271 434 347 468 alias
370 443 519 475 quoque,
545 440 581 465 ut
592 442 665 473 quae
688 432 721 463 in
733 432 986 464 Commentariis
997 441 1052 462 ex-

54 485 106 510 tat
130 477 212 516 Imp.
238 476 287 510 Sc.
314 476 569 517 Petropolitanae
594 473 777 508 Academiae
799 476 812 512 (
834 480 848 507 t
869 477 903 514 >,
927 475 958 506 δι
981 484 1054 515 quae

60 518 146 562 apud
171 519 243 552 Cel.
258 519 442 553 Heisterum
464 523 478 560 (
500 529 520 551 u
543 521 572 556 ).
599 519 748 560 Utraque
771 518 878 555 enim,
903 516 1058 557 illaapu-

23 590 33 594 -
56 574 145 605 gno,
169 561 235 596 haec
260 563 298 597 ab
310 564 382 605 equi
406 562 491 597 calce
514 560 655 604 eiusdem
667 560 796 595 visceris
810 559 1056 601 disruptionem,

58 605 252 648 eandemque
276 617 314 639 ex
338 617 377 638 eo
411 607 587 639 immanem
611 604 794 639 effusionem
828 602 991 644 sanguinis
1024 603 1058 635 in

63 658 212 682 ventrem
235 649 373 682 ostendit
389 673 397 680 .
421 649 476 683 Ab
500 648 597 681 simili
610 649 684 690 equi
707 648 774 681 ι’ἃιι
797 647 831 679 in
854 645 980 680 duobus
991 646 1060 679 aliis

59 694 146 726 idem
171 691 340 733 accidisse,
362 702 401 725 ex
425 693 639 727 Commercio
653 690 830 724 Litterario
855 693 918 729 (x)
940 701 1062 731 cogno-

60 735 143 769 sces.
170 735 324 777 Idemque
347 736 381 769 in
405 735 560 774 totidem,
586 734 637 768 sed
661 734 778 768 baculo
794 732 1062 774 percuffis‚com-

62 787 192 821 pertum
216 779 367 812 retulerat
393 778 544 813 Bohnius
566 781 620 819 (y
644 781 677 816 ).
704 777 777 811 Nec
801 775 916 809 desunt
944 778 1005 811 alia
1027 788 1061 809 e-

62 821 279 864 jusdemmodi
303 821 469 863 exempla,
493 821 659 855 abiffibus
681 819 947 862 cujusquemodi,
970 821 1063 853 &in-

62 874 113 898 ter
136 864 195 898 hos
220 877 236 898 a
258 864 345 906 lapsu
368 886 377 901 ‚
400 876 472 905 quae
493 865 549 908 Jo.
575 864 688 898 Petrus
712 863 910 897 Albrechtus
934 868 943 902 (
969 875 994 906 z
1014 866 1027 902 )
1049 884 1061 901 ‚

62 908 185 941 Gotth.
209 908 343 942 Budaeus
367 911 378 946 (
401 919 419 939 a
441 912 476 947 ),
501 909 602 941 Lucas
615 906 807 940 Schrockius
830 904 916 947 (b),
938 907 1062 939 Hiero-

64 962 184 993 nymus
197 951 337 984 Laubius
360 953 422 989 (c)
440 977 450 992 ‚
469 952 611 995 Joannes
624 948 791 985 Storchius
815 953 825 989 (
848 950 902 992 d)
925 950 1060 984 adnota-

71 1003 148 1026 runt
166 1018 174 1027 .
199 993 299 1031 Quod
322 992 344 1026 si
369 993 430 1028 alia
455 1004 606 1036 praeterea
630 994 720 1036 cupis
742 1006 751 1030 3
782 992 847 1027 duo
868 993 954 1035 leges
979 992 1061 1034 apud

66 1036 306 1071 Hoffmannum
330 1038 411 1078 (e),
437 1040 467 1071 &
490 1039 546 1071 ubi
566 1048 688 1083 quaeras
710 1036 874 1076 totidem,
897 1035 1064 1070 laudatum

66 1080 226 1114 indicabit
250 1082 496 1116 Commercium
519 1080 621 1124 (s),
645 1081 702 1113 ubi
734 1091 810 1113 vero
833 1079 979 1122 quaedam
1004 1079 1064 1112 alia

68 1125 216 1171 insuper,
241 1124 429 1158 monstrabit
453 1125 617 1158 Platnerus
640 1127 653 1162 (
672 1134 694 1166 g
718 1125 749 1160 ).·
772 1134 869 1164 quem
890 1122 961 1165 jure
985 1122 1065 1156 scri-

67 1166 179 1210 psisse,
203 1167 383 1209 intelligis,
404 1180 444 1203 ex
467 1169 610 1201 violenta
633 1166 815 1200 abdominis
838 1166 1064 1208 compressione

69 1209 189 1244 inclusa
212 1211 328 1255 viscera
352 1213 480 1253 rumpi,
500 1211 690 1253 lacerarique
713 1211 759 1243 ita
773 1232 782 1247 ‚
806 1217 842 1244 ut
864 1207 956 1253 effuso
981 1209 1065 1242 omni

63 1252 237 1296 sanguine,
261 1255 327 1287 cita
349 1265 432 1289 mors
448 1254 617 1297 sequatur.
643 1257 678 1286 In
701 1252 780 1287 liene
803 1263 907 1288 autem
931 1249 1063 1294 hocfre-

71 1297 216 1339 quentius
237 1297 357 1332 evenire
371 1323 381 1338 ,
404 1296 666 1341 observationibus
688 1304 877 1339 compertum
888 1294 942 1339 effe
955 1318 964 1326 ·
989 1296 1060 1328 Nec

71 1340 215 1381 mirum,
242 1340 263 1374 si
288 1341 419 1374 mollem
441 1341 506 1382 ejus
531 1340 739 1376 structuram,
765 1341 857 1373 tenui
880 1338 1063 1372 conclusam

73 1384 206 1424 tunica,
231 1383 375 1418 attendas
397 1410 405 1417 .
444 1385 543 1420 Quod
579 1383 600 1416 fi
628 1385 732 1417 morbi
758 1384 790 1416 vi
816 1384 947 1416 mollior
970 1381 1027 1415 fiat
1051 1405 1063 1422 ,

74 1429 107 1459 δε
130 1427 310 1470 tardigradi
343 1427 508 1470 sanguinis
543 1428 637 1470 copia
659 1427 742 1460 infra
776 1427 935 1460 costarum
959 1427 1065 1459 muni—

74 1480 218 1505 mentum
241 1472 431 1506 extendatur
453 1494 464 1510 ,
491 1480 583 1504 tanto
606 1470 734 1504 facilius
757 1469 972 1512 disrumpitur
994 1493 1003 1509 ,
1033 1471 1065 1501 &

74 1522 168 1546 tanto
190 1514 262 1558 plus
285 1514 470 1556 sanguinis,
491 1513 653 1556 citiusque
676 1512 813 1548 effundit
828 1538 837 1553 ,
862 1524 964 1555 eoque
988 1513 1071 1547 cele-

73 1559 193 1590 riorem
217 1558 308 1593 affert
331 1559 502 1593 interitum
517 1583 524 1591 .
549 1560 623 1590 Imo
644 1560 677 1591 in
700 1558 835 1590 Comite
859 1555 1001 1599 quodam
1024 1555 1072 1596 (h)

74 1611 148 1634 cum
171 1601 333 1638 tumidus,
355 1605 386 1635 &
408 1599 496 1644 quasi
514 1600 680 1643 pultaceus
702 1599 777 1633 esset
801 1598 905 1632 fa&us
927 1612 937 1638 5
964 1611 1018 1642 per
1043 1601 1072 1634 se

75 1652 233 1686 ruptum,
256 1647 287 1679 &
309 1647 482 1688 repentinae
505 1645 620 1677 mortis
643 1645 767 1677 causam
791 1641 901 1680 fuisse,
925 1644 1071 1677 constat.

84 1719 86 1721 ,
198 1689 264 1734 ’θεά
288 1689 320 1721 in
342 1689 472 1723 renibus
493 1697 616 1730 quanto
648 1687 803 1721 strucstura
837 1686 1039 1728 compafflor
1061 1708 1073 1726 ‚

76 1737 170 1763 tanto
193 1730 307 1773 Justior
330 1731 512 1766 admirandi
535 1729 702 1769 causaest,
725 1741 799 1764 cum
821 1731 854 1764 in
878 1732 975 1764 citata
989 1731 1074 1763 Lau·

76 1771 125 1805 bii
137 1772 376 1808 Observatione
399 1776 554 1817 legimus,
578 1774 622 1808 ob
632 1785 797 1808 externam
819 1785 858 1806 ex
880 1773 952 1807 casu
977 1773 1016 1806 ab
1029 1773 1074 1806 al-

75 1824 113 1849 to
136 1817 396 1859 compreffionem
419 1830 483 1851 non
508 1818 607 1853 modo
628 1817 739 1851 lienem
781 1817 819 1850 ad
841 1824 1005 1858 rupturam
1027 1815 1076 1858 us-

77 1869 136 1901 que
158 1861 317 1904 contusum
341 1885 352 1902 ‚
377 1860 428 1895 sed
452 1863 551 1895 etiam
573 1861 606 1895 in
628 1859 713 1902 dorsi)
736 1863 818 1895 renis
847 1858 963 1902 finzstri
976 1857 1069 1902 sora-

78 1912 167 1940 men,
192 1905 325 1938 duorum
345 1906 512 1947 digitorum
535 1914 632 1946 capax
655 1926 664 1941 ,
694 1902 784 1937 fuisse
806 1903 1035 1945 deprehensum
1057 1924 1069 1941 ‚

78 1954 135 1994 aut
160 1947 242 1988 apud
267 1948 494 1983 Manchartum
513 1951 526 1987 (
549 1948 561 1982 z·
585 1951 620 1986 ),
644 1946 748 1980 baculi
769 1947 897 1986 teretis,
918 1957 976 1980 non
999 1958 1071 1979 acu-

79 1996 132 2028 τι,
154 1989 370 2033 ναίἱάιᾙῑηιανη
392 2003 428 2024 ac
450 1990 682 2034 perniczffimam
704 1989 913 2032 impulfionem
922 1993 961 2022 aci
982 1989 1074 2023 abdo-

78 2042 168 2070 men,
190 2034 272 2067 citra
294 2034 539 2068 ullamcontinui
554 2033 764 2076 solutionem,
779 2032 836 2074 sed
848 2040 950 2066 tamen
973 2043 1011 2067 ex
1021 2044 1075 2074 op-

75 2074 175 2118 posito
196 2079 352 2120 crepantis
375 2078 446 2113 hinc
470 2077 628 2113 lethaliter
650 2076 745 2110 medii
767 2076 848 2110 renis
872 2076 963 2110 fuisse
993 2087 1070 2110 cau-

80 2118 147 2152 sam
171 2144 179 2153 .
204 2121 249 2153 Et
272 2123 429 2164 quoniam
453 2123 486 2155 in
510 2122 688 2155 sermonem
711 2119 815 2153 incidi
837 2119 875 2153 de
899 2119 1072 2154 visceribus

79 2164 183 2196 urinae
205 2163 450 2199 inservientibus
474 2178 484 2203 ;
516 2163 566 2199 fac
598 2163 740 2206 perlegas
763 2161 893 2196 Theod.
918 2164 1073 2206 Zuingeri

80 2206 145 2246 (lz)
170 2207 443 2242 Observationem
469 2217 616 2242 accurate
640 2205 746 2248 figna‚
772 2208 805 2238 δε
827 2215 995 2240 anatomen
1020 2216 1075 2240 ex-

81 2249 246 2283 hibentem
265 2251 399 2294 Juvenis
422 2254 479 2295 q⁴ui
504 2252 603 2285 nolitu
627 2249 665 2284 ad
688 2249 812 2283 arboris
835 2252 1075 2291 prominentem

84 2304 210 2327 ramum
235 2294 320 2328 sorte
343 2294 585 2338 hypogastrium
608 2294 739 2327 allidens
764 2317 773 2333 ‚
798 2292 923 2327 nullum
946 2293 1079 2335 quidem

81 2339 222 2371 exterius
246 2338 381 2372 laefionis
404 2340 584 2377 indicium,
609 2347 642 2372 at
653 2336 887 2379 disruptionem
913 2336 1020 2370 vesicae
1032 2348 1081 2371 re-

83 2380 184 2418 tulit,
209 2382 300 2415 urina
326 2392 410 2417 tunc⁴
429 2383 549 2425 plenae.
687 2382 811 2414 Verum
834 2391 874 2412 ne
896 2381 974 2420 quid
1008 2382 1079 2414 aliis

26 2433 29 2435 ’
84 2424 253 2467 contingat
279 2424 474 2465 visceribus,
497 2426 622 2468 prorsus
644 2426 838 2457 omittamus
859 2434 872 2462 ‚·
895 2422 987 2466 supra
1009 2424 1079 2461 lau-

83 2466 178 2501 datus
203 2466 369 2503 Heisterus
391 2473 404 2510 (
427 2469 472 2512 l)
495 2479 607 2511 praeter
631 2467 720 2501 illam
742 2478 838 2510 quam
860 2475 933 2499 ante
957 2467 1079 2502 indica-

84 2511 211 2551 vimus,
234 2511 312 2545 duas
336 2514 474 2555 protulit
497 2512 770 2548 Observationes,
795 2510 926 2545 alteram
958 2512 1078 2546 ventris

85 2553 242 2588 viscerum
267 2558 494 2597 quaegraviter
505 2556 650 2593 contusa,
668 2555 849 2588 &lacerata
872 2565 993 2596 reperta
1007 2556 1079 2589 sunt

85 2609 103 2631 a
128 2597 443 2638 vehementioribus,
467 2601 673 2642 quantumvis
685 2598 864 2637 tenuioris,
888 2598 996 2632 bacilli
1009 2600 1082 2632 iffi-

85 2642 168 2681 bus;
191 2642 324 2675 alteram
348 2644 383 2676 in
407 2642 719 2685 quajecurmedium
742 2642 878 2674 omnino
900 2640 1082 2684 disruptum

87 2696 104 2717 a
129 2686 164 2718 vi
186 2686 383 2720 extrinsecus
406 2687 496 2719 illata
519 2686 730 2728 deprehendit
754 2709 763 2724 ‚
793 2684 918 2718 tametsi
942 2688 1082 2720 exterius

86 2728 174 2773 nulla
196 2730 332 2762 omnino
354 2729 593 2772 conspiceretur
615 2729 700 2764 laefio
725 2752 735 2762 .
764 2727 918 2769 Disrupti
954 2740 1083 2771 quoque

86 2773 240 2813 Jecinoris
264 2773 447 2815 exemplum
471 2773 535 2805 tibi
559 2772 718 2807 indicabit
744 2773 911 2805 Platnerus
934 2775 1025 2812 (m),
1040 2772 1084 2805 al-

89 2824 258 2857 terumque
280 2816 523 2850 Commercium
547 2817 761 2851 Litterarium
783 2817 797 2855 (
820 2826 840 2848 n
861 2818 895 2855 >z
921 2815 1005 2849 unde
1017 2818 1084 2855 (o),

88 2859 223 2892 tertium
245 2857 374 2900 insuper
396 2858 531 2894 habebis
554 2861 614 2892 viri
638 2860 677 2893 ab
700 2870 783 2901 equo
807 2859 841 2891 in
865 2859 994 2900 regione
1030 2858 1085 2891 he-

90 2903 173 2944 patis
196 2903 340 2942 graviter
363 2902 513 2944 percussi,
536 2913 571 2937 ut
594 2903 685 2936 costae
708 2904 782 2934 imae
805 2900 1086 2943 frangerentun&

93 2944 222 2979 visceris
245 2945 332 2978 illius
355 2957 424 2987 pars
445 2947 545 2989 gibba
569 2945 683 2979 fissuris
706 2944 883 2978 finderetur
906 2945 1086 2986 compluri-

90 2989 173 3029 bus,
197 2998 262 3021 non
285 2989 332 3021 ita
356 2989 543 3030 profundis,
566 3000 601 3023 ut
625 2990 764 3031 opinor’‚
789 2999 864 3021 cum
889 2998 998 3021 venter
1021 2999 1086 3022 non

91 3031 265 3075 sanguine,
291 3030 343 3065 sed
366 3032 467 3068 multa
493 3031 628 3076 lympha
651 3040 780 3066 cruenta
805 3032 944 3074 repletus
967 3030 1085 3071 fuerit,

91 3087 175 3118 aeger
200 3086 276 3109 vero
300 3085 365 3109 non
389 3085 462 3109 ante
484 3086 637 3118 quartum
660 3075 822 3109 interierit
844 3075 929 3108 diem
953 3088 962 3111 ;
988 3085 1024 3108 ut
1047 3075 1085 3109 ad

91 3120 282 3153 memoriam
305 3129 434 3153 revocet
458 3119 624 3154 historiam
647 3120 738 3152 illam
761 3117 974 3159 Hippocratis
996 3118 1084 3160 (p):

92 3165 177 3196 Puer
198 3174 216 3195 a
239 3158 322 3196 mulo
339 3162 496 3205 percussus
517 3171 677 3201 ventrem,
702 3159 847 3201 &hepar
863 3183 872 3199 ‚
896 3169 1037 3196 mortuns
1049 3162 1087 3201 esi

93 3214 207 3246 quarta
230 3206 301 3244 die;
322 3216 505 3247 quanquam
530 3206 582 3240 hic
594 3217 694 3248 puer,
718 3214 753 3238 ut
777 3203 885 3242 vides,
911 3203 949 3237 ad
964 3207 1083 3242 ventri-

94 3250 202 3282 culum
226 3260 356 3291 quoque
380 3249 538 3291 percussus
560 3249 624 3283 suit
650 3277 659 3291 ,
692 3252 722 3282 δε
745 3249 842 3289 longe
875 3249 936 3282 alia
969 3247 1084 3283 habuit

93 3290 312 3334 symptomata
338 3314 347 3329 ,
379 3303 451 3334 quae
474 3295 582 3326 omnia
606 3293 770 3327 attendens
793 3294 899 3332 gravis
925 3292 1087 3333 Interpres

94 3335 255 3369 Vallesius
279 3341 289 3375 (
314 3346 331 3376 q
353 3339 393 3377 >,
414 3336 459 3369 ob
483 3336 689 3370 acutiffimam
715 3334 870 3368 viscerum
894 3334 1026 3368 illorum
1039 3336 1090 3367 in-

94 3377 359 3422 flammationem
384 3402 394 3418 ‚
417 3390 483 3412 non
506 3380 550 3413 ob
570 3379 804 3423 disruptionem
828 3401 837 3417 ‚
864 3377 1090 3422 sanguinisque

1104 298 1313 336 effusionem,
1338 308 1472 339 puerum
1496 302 1663 329 mortuum
1686 293 1771 332 esse}
1792 293 1936 329 censuit.
1962 297 2062 330 Certe
2086 297 2110 331 si

1105 354 1219 384 magna
1244 341 1404 384 sanguinis
1428 338 1536 374 fuisset
1560 338 1692 374 effufio,
1718 341 1748 370 &
1773 339 1880 377 ratio,
1905 341 1935 370 &
1962 339 2111 372 Lanzoni

1104 389 1165 425 (r)
1191 384 1389 418 Observatio
1412 381 1606 419 ostendunt,
1635 381 1820 426 citiffimam
1846 380 1990 414 futuram
2016 380 2111 415 fuisse

1105 438 1263 462 mortem.
1286 429 1356 466 Qui
1379 427 1463 460 enim
1489 436 1597 467 pugno
1622 424 1660 457 ad
1684 435 1774 467 Jecur
1799 424 1956 458 violenter
1983 426 2114 465 percus-

1108 472 1178 509 sus,
1202 470 1481 512 extrnvasationem
1498 467 1660 510 sanguinis
1698 468 1731 500 in
1758 477 1867 501 ventre
1893 467 2009 500 habuit
2031 476 2040 504 ·,
2084 470 2115 500 &

1109 523 1274 556 rupturam
1294 513 1438 555 misorum
1460 512 1492 545 in
1515 510 1625 552 hepate
1648 534 1660 551 ‚
1692 514 1718 544 is
1743 521 1813 544 mox
1837 512 1875 544 ab
1900 512 1965 545 iem
1988 510 2020 542 z'n
2048 517 2113 543 ter-

1109 569 1176 593 ram
1195 557 1377 599 prolapsus,
1402 554 1508 597 misere
1530 554 1709 593 expiravit.
1734 554 1811 587 Huc
1834 555 1929 586 etiam
1954 552 2116 595 septennis

1112 602 1202 644 pueri
1218 600 1370 643 [perstaret
1382 597 1513 632 historia
1537 595 1620 638 (s),
1644 609 1741 639 quern
1766 597 1916 639 supinum
1940 597 2017 633 adeo
2029 595 2117 638 pres.

1113 644 1219 677 serant
1244 645 1319 684 equi
1341 652 1472 676 currum
1495 640 1679 678 trahentes,
1706 650 1741 674 ut
1765 652 1804 673 ex
1829 650 1927 681 rupto
1951 640 2118 676 adextris‚

1113 690 1143 721 δι
1171 688 1309 720 lacerato
1330 684 1471 729 jecinore
1496 682 1623 726 sanguis
1648 685 1680 716 in
1693 692 1796 716 totam
1812 685 1953 723 ventris,
1977 684 2118 719 exterius

1113 730 1224 769 illaefi‚
1249 741 1379 764 caveam
1402 727 1518 762 estusus
1543 728 1642 759 fuerit
1667 739 1676 763 3
1704 726 1760 759 nisi
1787 727 1904 761 mortis
1929 737 2029 768 quam
2054 725 2118 758 sta-

1113 776 1175 808 tim
1197 775 1347 812 obierat,
1372 773 1441 806 aliae
1465 771 1557 804 simul
1582 780 1651 804 tum
1675 771 1710 804 in
1721 769 1877 807 thorace,
1906 778 1976 802 tum
2002 772 2034 801 in
2047 780 2117 801 cer-

1115 819 1183 850 vice
1205 817 1405 859 deprehensa:
1430 813 1526 846 essent
1558 812 1658 846 causae
1683 837 1690 845 .
1827 812 1885 845 Sed
1922 818 1958 845 ut
1984 813 2118 855 propius

1114 861 1256 902 denique
1281 861 1319 895 ad
1343 855 1503 894 Valsalvae
1516 856 1789 892 Observationem
1814 855 2022 896 accedamus,
2046 865 2119 896 quae

1113 905 1154 936 ab
1178 905 1246 937 ictu
1270 912 1361 945 rupta
1387 898 1564 942 sanguifera
1587 899 1815 936 omemivasa,
1841 901 2009 940 Ileumque
2033 900 2112 931 inte.

1114 946 1233 981 stinum
1258 945 1452 990 proposuit3
1474 943 1583 976 eadem
1610 942 1681 976 vasa
1705 944 1737 975 in
1763 942 1896 976 foemina
1926 964 1935 979 ‚
1970 953 1986 974 a
2011 942 2118 974 milite

1115 990 1275 1032 percussa,
1301 993 1331 1024 δε
1354 987 1519 1032 postquam
1545 995 1754 1021 totusventer
1778 986 1929 1027 sanguine
1953 982 2054 1018 effuso
2068 995 2121 1018 re-

1116 1034 1221 1076 pletus
1242 1042 1335 1069 erat,
1360 1032 1467 1065 subito
1494 1040 1624 1063 mortua
1652 1052 1660 1066 ,
1693 1029 1824 1068 eadem,
1850 1030 1986 1071 inquam
2010 1053 2020 1068 ‚
2045 1027 2121 1061 vasa

1116 1077 1259 1118 disrupta
1284 1076 1467 1109 indicarunt
1501 1073 1666 1115 sanguinei
1702 1074 1842 1114 grumuli
1880 1074 1966 1105 inter
1989 1072 2117 1104 omenti

1116 1121 1196 1156 folia
1217 1119 1377 1156 conclusi,
1405 1117 1677 1161 quemadmodum
1701 1119 1735 1150 in
1760 1116 2017 1150 Commentariis
2040 1115 2123 1156 leges

1116 1162 1388 1204 Petropolitanis,
1416 1161 1511 1203 paulo
1537 1168 1608 1192 ante
1633 1159 1769 1194 laudatis
1792 1162 1876 1197 (t),
1902 1158 1960 1191 ubi
1985 1157 2120 1200 quidem

1115 1207 1148 1240 in
1171 1204 1319 1249 rarzffima
1342 1204 1432 1239 hacce
1455 1203 1567 1244 laesione
1591 1202 1670 1236 illud
1685 1200 1774 1245 forte
1797 1203 1828 1235 in
1852 1201 2121 1243 confideretionem

1114 1249 1298 1285 trahendum
1321 1246 1375 1292 effe
1398 1247 1518 1281 dicitur
1530 1269 1543 1286 ,
1567 1247 1645 1287 quod
1662 1253 1774 1287 praeter
1796 1242 2118 1282 naturaeirrliitutum

1113 1300 1270 1327 omentum
1284 1291 1387 1334 fundo
1410 1290 1493 1325 uteri
1516 1297 1681 1332 cannatum
1702 1286 1775 1330 effer
1798 1299 1811 1331 ,-
1849 1288 1883 1322 id
1906 1296 2012 1322 tamen
2038 1285 2126 1318 Val-

1115 1336 1207 1372 salvae
1232 1335 1433 1368 Observatio
1458 1334 1595 1366 minime
1620 1332 1826 1365 necessarium
1851 1330 1931 1368 esse,
1958 1328 2099 1363 ostendit
2116 1353 2126 1363 .

1116 1379 1218 1418 Quod
1242 1390 1319 1412 vero
1343 1378 1380 1411 ad
1405 1375 1593 1411 intestinum
1626 1377 1744 1410 attinet
1780 1376 1854 1416 equi
1888 1375 1975 1408 calce
2012 1383 2126 1415 perru-

1116 1432 1211 1467 ptum
1226 1445 1238 1462 ,
1261 1421 1407 1456 conferre
1431 1431 1506 1454 cum
1530 1419 1588 1453 hac
1611 1420 1731 1461 poteris
1754 1419 2027 1454 Observationem
2042 1416 2128 1448 Kra-

1125 1467 1206 1500 meri
1230 1468 1294 1507 (u)
1318 1467 1351 1498 in
1377 1465 1528 1499 rhedario
1551 1463 1591 1499 ab
1613 1464 1720 1497 eadem
1744 1462 1833 1497 causa
1850 1485 1858 1500 ,
1884 1461 1936 1494 sed
1961 1471 2061 1502 neque
2074 1471 2127 1492 eo-

1124 1510 1199 1544 dem
1222 1519 1387 1551 tempore,
1411 1518 1513 1549 neque
1527 1507 1566 1539 ab
1588 1506 1697 1539 eadem
1721 1514 1850 1539 tantum
1869 1507 1996 1537 interna
2020 1502 2124 1535 laefio-

1126 1565 1164 1586 ne
1176 1561 1327 1590 mortuo3
1352 1549 1416 1584 nifi‘
1433 1550 1517 1584 forte
1541 1549 1600 1582 Ilei
1627 1549 1771 1582 intestini
1782 1549 1970 1589 ruptionem
1982 1547 2131 1580 tribuen-

1123 1597 1198 1630 dam
1216 1597 1324 1638 potius
1335 1604 1511 1637 gangraenae
1522 1590 1746 1624 intestinorum
1762 1615 1771 1629 ,
1785 1592 1965 1631 suspiceris,
1976 1588 2130 1632 quemad-

1125 1639 1258 1674 modum
1269 1650 1343 1672 cum
1356 1634 1546 1671 Helwichio
1560 1638 1609 1673 (x)
1625 1634 1816 1667 tribuendus
1828 1635 1882 1666 ille
1902 1644 1987 1667 certe
2008 1632 2049 1665 est
2061 1633 2132 1665 Co-

1125 1685 1170 1721 li,
1185 1686 1216 1716 δε
1232 1684 1289 1716 Ilei
1302 1680 1456 1722 Sphacelo
1471 1680 1537 1723 jam
1550 1676 1737 1713 affectorum
1749 1699 1760 1715 ,
1771 1678 1878 1711 hiatus
1889 1678 1921 1710 in
1934 1676 2132 1710 adolescente

1127 1725 1363 1761 animadversus
1386 1724 1575 1759 diebusuon
1601 1723 1645 1754 ita
1671 1723 1778 1763 paucis
1801 1722 1948 1755 extinfio
1960 1720 2129 1763 postquam

1127 1771 1223 1806 herus
1245 1780 1389 1803 ventrem
1414 1767 1530 1802 baculo
1554 1766 1695 1808 graviter
1720 1763 1911 1805 percusserat
1939 1788 1947 1795 .
1982 1763 2042 1799 Sed
2077 1761 2127 1795 vel

1127 1815 1193 1847 fine
1216 1813 1288 1853 his,
1310 1813 1406 1847 habes
1429 1813 1463 1845 in
1487 1808 1697 1852 Sepulchreto
1722 1812 1791 1849 (y)
1816 1818 1880 1840 non
1907 1807 2005 1841 modo
2042 1807 2129 1839 inte-

1126 1857 1245 1891 stinum
1276 1857 1431 1901 Jejunum
1454 1867 1470 1888 a
1494 1851 1731 1888 violentiffimis
1756 1851 1873 1893 pedum
1899 1850 2070 1885 insultibus
2092 1850 2126 1883 in

1123 1901 1272 1937 lumbos,
1296 1900 1488 1942 dorsumque
1512 1896 1660 1940 prostrati
1686 1894 1827 1931 homitiis
1849 1894 2050 1938 disruptum,
2077 1891 2128 1942 sed

1127 1947 1159 1978 δι
1183 1944 1285 1977 lleum
1306 1966 1316 1981 ,
1349 1946 1380 1978 &
1403 1943 1512 1975 Colon
1536 1941 1580 1975 ob
1605 1939 1913 1976 vehementissimam
1948 1938 2133 1973 abdomims

1129 1987 1168 2022 ad
1193 1988 1318 2021 arboris
1342 1996 1495 2021 truncum
1520 1985 1697 2024 allisionem
1722 1986 1755 2018 in
1770 1984 1871 2019 altero
1896 1987 1971 2028 (z)
1987 2006 1995 2022 ‚
2018 1993 2133 2028 quam-

1127 2033 1178 2065 vis
1201 2033 1331 2074 integro
1353 2033 1387 2065 in
1410 2039 1553 2074 utroque
1576 2029 1751 2062 abdomine
1766 2052 1777 2069 ‚
1801 2039 1864 2062 non
1889 2039 1954 2063 uno
1978 2028 2050 2062 loco
2062 2026 2133 2068 p‘er-

1126 2074 1256 2108 forata..
1283 2073 1365 2107 Noli
1389 2083 1496 2108 autem
1520 2073 1657 2111 mirari,
1681 2074 1768 2116 quod
1807 2072 1949 2107 mulieris
1977 2095 1986 2110 ‚
2020 2070 2091 2103 aliis
2115 2081 2133 2102 a

1124 2130 1176 2152 me
1188 2119 1322 2152 Litteris
1346 2118 1410 2159 (a)
1433 2117 1497 2152 tibi
1519 2116 1709 2159 descriptae,
1731 2127 1804 2149 cum
1818 2114 1925 2149 fuisset
1949 2115 2066 2149 baculo
2079 2113 2136 2146 ab-

1126 2161 1246 2196 domen
1269 2161 1473 2202 percussum,
1496 2163 1527 2195 <Sc
1550 2160 1821 2201 symptomatibus
1845 2159 1997 2201 insecutis
2010 2157 2135 2200 gravis-

1127 2205 1234 2244 simis,
1258 2204 1325 2246 ipsa
1348 2205 1387 2238 de
1411 2204 1505 2249 hujus
1528 2203 1642 2237 dolore
1663 2203 1894 2236 tantummodo
1917 2211 2106 2247 quereretur
2125 2222 2135 2237 ,

1131 2248 1215 2282 nihil
1241 2258 1348 2281 tamen
1372 2247 1480 2281 laesum
1500 2262 1509 2286 ς
1533 2247 1650 2280 nedum
1675 2257 1807 2289 ruptum
1832 2272 1840 2285 ,
1873 2247 1905 2280 in
1930 2247 1997 2288 ejus
2022 2254 2134 2277 ventre

1130 2290 1366 2333 deprehensum
1390 2290 1510 2326 fuerit.
1537 2289 1652 2332 Neque
1674 2292 1760 2324 enim
1786 2300 1896 2324 omnes
1921 2291 2003 2323 icius
2027 2288 2134 2322 eadem

1133 2333 1557 2376 vehementiainfliguntur‚
1581 2345 1681 2376 neque
1704 2334 2019 2367 omnibusintestina
2045 2343 2134 2374 aeque

1134 2379 1330 2421 disruptioni
1354 2388 1538 2420 opportuna
1564 2376 1730 2411 sunctum
1754 2389 1769 2409 a
1796 2388 1908 2410 natura
1933 2399 1942 2413 ,
1976 2374 2134 2419 quemad-

1130 2422 1264 2456 modum
1286 2432 1396 2455 cervos
1421 2421 1608 2456 Aristoteles
1631 2420 1761 2463 quidem
1785 2419 1907 2462 scripsit
1932 2419 1996 2460 (b)
2020 2417 2136 2457 intesti-

1131 2476 1204 2500 num
1228 2473 1293 2501 tam
1316 2473 1426 2501 tenue,
1450 2463 1660 2506 imbecillemque
1670 2462 1802 2503 habere,
1828 2471 1863 2496 ut
1875 2463 1994 2505 etiamsi
2020 2462 2134 2498 leviter

1126 2507 1334 2554 percufferis‚
1353 2507 1444 2550 poffi'r
1466 2507 1589 2548 rumpi,
1618 2514 1687 2541 cute
1712 2507 1810 2540 adhuc
1833 2508 1952 2549 integra
1976 2518 1986 2544 3
2006 2515 2090 2547 ‚tum
2116 2517 2133 2539 a

1126 2553 1334 2594 repletione.
1359 2552 1403 2584 Et
1427 2561 1513 2585 certe
1538 2553 1665 2593 utrique
1688 2562 1798 2584 eorum
1809 2562 1948 2594 quorum
1974 2548 2070 2583 modo
2083 2547 2136 2581 hi-

1134 2596 1248 2630 storias
1270 2607 1308 2628 ex
1331 2594 1538 2637 Sepulchreto
1561 2595 1777 2629 indicavimus
1799 2617 1808 2633 ‚
1843 2594 1962 2627 summe
1986 2603 2063 2626 tunc
2088 2603 2137 2625 re-

1135 2640 1241 2683 pleta,
1264 2642 1295 2672 &
1317 2638 1455 2672 distenta
1480 2645 1596 2680 praeter
1621 2636 1753 2670 solitum
1777 2637 1869 2672 fuisse
1892 2636 2043 2671 intestina
2059 2648 2072 2669 a
2087 2637 2136 2668 ni-

1136 2684 1205 2716 mio
1230 2691 1308 2724 potu
1327 2708 1335 2722 ‚
1359 2693 1398 2716 ex
1419 2693 1552 2722 earum,
1575 2684 1605 2713 δε
1631 2680 1754 2713 Scholii
1780 2681 1849 2713 insu
1878 2693 1908 2713 er
1933 2682 1970 2714 ad
1998 2682 2135 2721 primam

1135 2725 1238 2760 additi
1262 2726 1402 2759 lectione
1426 2724 1619 2767 cognosces.
1647 2725 1702 2758 Tu
1718 2725 1819 2765 igitur
1870 2724 1998 2764 quando
2023 2731 2136 2764 praeter

1136 2770 1262 2803 ictuum
1286 2769 1466 2803 abdominis
1491 2768 1753 2806 vehementiam,
1775 2768 1999 2800 intestinorum
2026 2777 2135 2807 aqua-

1135 2824 1262 2856 cunque
1288 2813 1380 2847 causa
1404 2812 1630 2845 distentionem
1658 2809 1836 2843 fuissetunc
1854 2833 1861 2847 ,
1885 2810 1981 2845 scias,
2009 2809 2134 2851 gravis.-

1137 2858 1216 2890 fima
1241 2866 1366 2893 autem,
1391 2855 1610 2896 &peculiaria
1623 2854 1773 2887 accedant
1798 2853 2035 2895 symptomata;
2055 2851 2136 2894 quid

1136 2901 1224 2934 intus
1249 2901 1317 2932 fieri
1343 2899 1506 2941 potuerit,
1532 2896 1653 2930 etiamsi
1678 2897 1798 2929 nullam
1822 2898 1854 2929 in
1879 2907 1951 2930 cute
1977 2896 2137 2929 laesionem

1136 2942 1243 2976 videas
1258 2967 1267 2982 ,
1291 2941 1497 2983 suspicaberis
1512 2966 1520 2981 ‚
1543 2944 1573 2973 δι
1590 2963 1602 2980 ,
1627 2940 1646 2972 si
1672 2940 1754 2973 nihil
1779 2939 1864 2973 aliud
1879 2941 2011 2981 poteris,
2025 2949 2055 2971 at
2068 2950 2136 2972 cer-

1137 2997 1171 3020 te
1195 2986 1407 3028 suspicionem
1431 2994 1521 3018 tuam
1546 2986 1585 3018 iis
1609 2995 1748 3024 quorum
1772 2984 1940 3021 intererit,
1969 2992 2061 3016 caute
2083 2983 2137 3017 in·-

1136 3029 1281 3064 dicabis.
1307 3030 1379 3061 Irno
1402 3027 1457 3061 etsi
1481 3039 1582 3070 neque
1606 3027 1660 3058 illa
1683 3026 1837 3060 distentio
1864 3027 1960 3060 fuerit
1985 3049 1994 3064 ‚
2034 3037 2136 3068 neque

1137 3074 1243 3107 statim
1268 3071 1368 3106 adsint
1391 3072 1446 3105 illa
1471 3071 1687 3114 symptomata
1705 3092 1717 3109 ,
1742 3071 1807 3103 noli
1833 3070 1897 3104 sine
1920 3071 2010 3104 omni
2035 3071 2136 3102 timo-

1137 3129 1170 3152 re
1194 3115 1276 3155 esse,
1302 3127 1340 3149 ne
1363 3114 1532 3157 quidpiam
1557 3114 1640 3147 forte
1665 3115 1796 3147 latentis
1819 3115 1895 3147 mali
1931 3114 2043 3147 sensim
2067 3124 2138 3146 cre-

1138 3160 1225 3198 scat,
1248 3158 1378 3201 ejusque
1400 3159 1519 3192 indicia
1533 3158 1570 3191 de
1595 3157 1772 3197 improviso
1785 3155 1928 3191 universa
1955 3164 2137 3197 erumpant.

1142 3205 1307 3246 Sapienter
1333 3202 1467 3235 Plancus
1491 3201 1528 3235 ad
1554 3200 1602 3233 M·-
1629 3201 1784 3234 Tullium
1807 3203 1821 3238 (
1843 3211 1859 3232 c
1883 3203 1914 3239 >=
1940 3210 1998 3232 non
2019 3197 2138 3242 poffum

1139 3257 1199 3280 non
1222 3244 1450 3287 exhorrescere,
1467 3244 1495 3287 fi
1519 3244 1593 3286 quid
1616 3243 1698 3276 intra
1722 3252 1822 3276 cutem
1839 3241 1942 3284 subest
1965 3241 2105 3275 vulneris
2127 3264 2138 3280 ‚

1139 3290 1217 3331 quod
1236 3291 1327 3331 prins
1350 3298 1452 3321 nocere
1474 3285 1593 3329 potest,
1615 3296 1706 3327 quam
1726 3285 1819 3329 sciri,
1844 3287 2004 3327 curarique
2024 3284 2112 3327 poffit
2128 3309 2137 3318 .

1143 3332 1269 3374 Legelis
1292 3332 1565 3365 observationem
1591 3327 1790 3371 Lospichleri
1815 3329 1905 3369 (cl),
1929 3332 2042 3362 &vera
2057 3340 2071 3360 a
2087 3340 2138 3362 me

1141 3375 1230 3417 dici,
1251 3375 1431 3416 intelliges.
1457 3376 1543 3408 Viro
1568 3373 1653 3407 enim
1676 3373 1732 3417 qui
1760 3381 1831 3406 ante
1856 3383 1954 3405 annos
1977 3372 2134 3413 plurimos

2027 3427 2098 3446 CUm
2131 3431 2135 3434 ”

96 3464 2138 3486 ——------—----——-——-—--—--—————-—--·-=—-—-—-

212 3519 220 3549 )
239 3518 299 3544 ibid.
315 3518 341 3543 in
358 3516 441 3542 Addit.
458 3516 518 3542 Obs.
535 3525 571 3547 3¹·
634 3516 649 3546 (
662 3516 678 3546 s
693 3517 701 3548 )
719 3516 780 3542 Ibid.
798 3516 856 3541 obs.
876 3524 913 3545 30.

211 3552 220 3582 )
238 3553 268 3574 Α.
284 3555 350 3578 173⁶·
366 3547 442 3572 Hebd.
461 3551 497 3573 16.
515 3556 539 3572 n.
556 3557 580 3577 ⁴·
600 3547 621 3571 δι
639 3550 665 3571 Α.
686 3556 754 3577 1740.
773 3549 852 3572 Hebd.
870 3554 907 3571 21.
925 3553 950 3569 n.
967 3552 989 3569 1.

218 3582 233 3610 )
249 3579 352 3604 Eat-und.
368 3580 442 3603 Cent.
461 3586 481 3603 1.
500 3578 522 3602 s:
539 3585 562 3603 2.
579 3578 637 3602 obs.
656 3580 708 3602 108.

220 3614 233 3641 )
248 3612 388 3635 Commerc.
405 3609 492 3633 Litter.
511 3610 539 3633 A.
558 3615 627 3638 173¹·
643 3608 748 3636 specim.
767 3612 806 3638 36.
823 3616 847 3633 n.
867 3614 890 3632 ι.

211 3643 224 3671 )
242 3644 272 3666 Α.
288 3642 360 3670 1738.
375 3639 453 3665 Hebd.
473 3647 509 3668 3²-
527 3647 554 3664 n.
571 3647 592 3664 1.
608 3639 638 3664 ad
656 3641 720 3663 Part.
736 3648 759 3669 4.
776 3641 799 3663 δι
816 3649 828 3669 ς

191 3675 196 3679 ”
212 3674 225 3701 )
244 3672 338 3697 Differt.
356 3671 384 3696 de
401 3669 518 3699 Mydriasi
536 3669 558 3701 §.
577 3677 613 3700 3²·

217 3704 227 3734 )
246 3706 276 3727 Α.
296 3703 360 3731 1738.
377 3702 456 3727 Hebd.
475 3708 510 3730 32·
529 3709 551 3724 n.
571 3709 593 3727 ι.
616 3699 645 3724 ad
661 3702 726 3724 Part.
745 3709 766 3729 ς.

221 3735 233 3762 )
250 3736 390 3759 comment.
403 3733 428 3756 in
445 3731 505 3756 hane
525 3732 576 3756 hist.
594 3739 646 3761 quae
662 3730 702 3759 ipfi
721 3732 756 3759 38.

214 3766 227 3794 )
242 3767 314 3789 Tum.
332 3763 373 3787 cit.
394 3762 453 3787 ibid.

153 3523 172 3858 *hannones-³⁶³5

184 3804 205 3852 n*
187 3743 203 3789 ”Q
186 3712 201 3727 3
183 3590 203 3697 *⁵⁸23
181 3559 195 3574 κ
184 3528 195 3545 -ε

251 3797 275 3820 in
292 3794 376 3819 Addit.
396 3794 423 3818 ad
442 3793 503 3817 hanc
518 3795 542 3817 S.
563 3792 621 3817 obs.
640 3801 680 3822 ²5·

211 3827 224 3856 2
241 3826 303 3852 inter
320 3825 393 3856 Epist.
408 3825 438 3851 ad
453 3823 583 3850 familiar.
602 3823 619 3849 l.
638 3827 661 3848 ⁶.
680 3820 752 3853 Epist.
771 3822 810 3848 18.

975 3515 989 3544 (
1007 3520 1018 3538 t
1033 3514 1046 3543 2
1062 3516 1136 3538 Tum.
1155 3520 1178 3537 1.
1195 3513 1220 3536 in
1237 3511 1294 3536 Obs.
1314 3513 1389 3536 Anat.

1050 3545 1065 3574 (
1079 3553 1095 3575 y
1110 3544 1124 3573 )
1141 3546 1177 3568 De
1194 3546 1304 3568 Renum:-
1324 3542 1395 3566 Vuln.
1414 3543 1437 3566 S.
1455 3548 1477 3563 2.
1495 3548 1515 3564 c.
1532 3550 1557 3569 4.

769 3579 784 3607 (
799 3578 813 3602 b
831 3580 839 3608 )
855 3578 879 3603 in
895 3575 973 3600 schol.
989 3574 1020 3599 ad
1037 3576 1105 3599 eand.
1122 3573 1181 3598 Obs.

952 3607 967 3635 (
982 3614 993 3629 e
1011 3606 1019 3633 )
1036 3605 1126 3629 Medic.
1145 3608 1203 3629 Rat.
1219 3604 1294 3627 Tom.
1315 3611 1335 3632 3-
1352 3604 1376 3626 S.
1395 3609 1415 3626 1.
1433 3609 1453 3626 c.
1470 3610 1493 3630 7.
1512 3601 1536 3631 §.
1554 3609 1591 3630 34.

830 3657 836 3663 ,
899 3637 914 3665 (
926 3646 943 3667 g
961 3637 974 3663 )
992 3635 1046 3660 Inst-
1065 3635 1131 3660 Chir.
1152 3635 1175 3667 §.
1189 3642 1245 3664 7¹7·
1262 3638 1313 3656 not.
1332 3641 1356 3656 a.

673 3669 682 3698 s
700 3669 716 3693 k
734 3670 744 3700 )
761 3670 824 3699 Eph.
841 3671 876 3694 N.
894 3670 923 3693 C.
941 3668 1014 3691 cent.
1033 3674 1057 3696 7.
1076 3665 1134 3689 Obs.
1154 3673 1192 3694 30.

828 3701 842 3729 (
858 3708 870 3724 σ
886 3700 899 3728 )
917 3701 945 3722 Α.
964 3703 1030 3725 1734-
1050 3695 1127 3721 Hebd.
1145 3705 1181 3727 35.
1200 3702 1222 3720 n.
1241 3702 1263 3748 3(-

515 3762 523 3792 (
541 3771 556 3787 u
571 3763 585 3791 )
601 3764 738 3788 Commerc.
754 3760 795 3784 cit.
817 3727 1189 3789 gfffssoe'ruigsfideigzx'x133.
1207 3726 1263 3749 Ob*
1279 3727 1303 3748 6.

741 3792 756 3820 (
771 3799 790 3819 z
808 3791 815 3819 )
831 3794 851 3817 1.
867 3798 891 3820 3·
910 3792 933 3814 S·
953 3796 986 3815 ¹⁴·
1003 3786 1065 3811 obs.
1083 3795 1122 3816 4⁷·

871 3820 881 3853 (
898 3820 913 3846 d
930 3822 938 3851 )
957 3817 1020 3849 Eph·
1037 3819 1071 3843 N.
1087 3819 1119 3843 C.
1136 3818 1207 3843 Cent.
1225 3823 1247 3843 1.
1265 3815 1287 3840 &-
1302 3822 1324 3840 2.
1340 3813 1399 3840 Obs.
1422 3821 1468 3844 151.

1454 3511 1468 3539 (
1484 3518 1499 3533 u
1514 3510 1528 3538 )
1546 3508 1704 3534 Instit.Chir.
1717 3508 1802 3533 1².1.1.
1818 3514 1871 3532 1.c.
1887 3514 1922 3536 ις.
1941 3512 1995 3531 not.
2014 3506 2042 3530 ad
2060 3510 2118 3532 n.6.

1619 3541 1628 3571 (
1648 3548 1665 3568 z
1680 3540 1694 3568 )
1711 3539 1770 3568 Eph.
1788 3539 1824 3562 N.
1842 3539 1872 3562 C.
1889 3538 2040 3567 Dec,3.A.9.
2052 3537 2139 3562 ΘΒΜ.

1244 3572 1253 3602 (
1270 3580 1281 3595 c
1298 3578 1308 3599 )
1325 3572 1377 3596 Ast.
1396 3573 1430 3596 N.
1450 3573 1479 3595 C.
1495 3572 1570 3595 Tom.
1590 3579 1614 3595 2.
1633 3570 1692 3595 Obs-
1711 3577 1748 3593 21.

1419 3634 1430 3657 (
1446 3633 1461 3655 h
1478 3634 1486 3663 J
1505 3631 1558 3657 Ast.
1579 3634 1612 3656 N.
1629 3633 1660 3655 C.
1676 3631 1750 3654 Tom.
1768 3637 1790 3659 ς.
1807 3628 1866 3653 Obs.
1884 3635 1936 3659 ης.

1254 3664 1268 3692 (
1284 3664 1293 3687 l
1307 3663 1321 3692 )
1337 3666 1386 3686 not.
1404 3662 1448 3686 cit.
1510 3664 1524 3691 (
1539 3671 1562 3686 m
1582 3663 1589 3691 )
1605 3667 1654 3686 not.
1671 3661 1714 3685 cit.

1325 3693 1333 3721 (
1349 3700 1366 3723 p
1382 3693 1396 3721 )
1414 3692 1483 3722 Epid.
1501 3692 1516 3717 l.
1534 3702 1554 3723 5.
1572 3700 1594 3716 n.
1616 3700 1649 3720 ¹7·

1368 3722 1433 3752 (s)
1450 3724 1586 3747 Commerc.
1608 3722 1695 3746 Litter.
1714 3721 1743 3744 Α.
1761 3727 1832 3751 ¹740·
1849 3718 1926 3744 nebi.
1946 3726 1983 3750 ς’..
2000 3724 2026 3743 n.
2045 3726 2067 3749 3.

1229 3756 1235 3783 s
1256 3763 1269 3777 κ
1289 3756 1295 3781 )
1312 3752 1369 3782 Eph-
1389 3755 1422 3776 N·
1439 3755 1468 3778 C·
1491 3756 1547 3779 Dec.
1566 3762 1587 3782 3.
1606 3756 1635 3776 A.
1657 3760 1677 3781 9-
1696 3752 1719 3774 ik
1737 3758 1773 3775 ιο.
1791 3750 1851 3775 obs.
1869 3758 1920 3775 120-
2074 3776 2077 3779 Ὗ

1182 3786 1196 3815 (
1210 3794 1225 3810 a
1240 3786 1253 3814 )
1269 3783 1340 3813 Epist.
1357 3791 1397 3812 49-
1415 3792 1438 3807 n.
1455 3787 1480 3809 6.
1541 3783 1550 3814 s
1567 3784 1581 3808 b
1597 3783 1611 3812 )
1627 3781 1804 3809 1*1ist.Animalv
1821 3784 1869 3807 1.6.
1887 3788 1907 3806 c.
1923 3787 1964 3811 ²9·
1981 3781 2007 3806 in
2022 3780 2065 3807 fin,
