2498 4075
326 150 369 171 eae
396 147 502 172 autem
525 138 608 171 vires
630 134 792 169 canalibus
816 135 874 177 qui
897 135 990 168 illurn
1015 133 1053 165 ad
1076 133 1238 169 cerebrum
1261 145 1341 168 con-

325 182 501 222 veherent,
525 180 651 214 vitiatis
666 202 675 218 ‚
699 179 748 212 vel
773 178 872 212 solito
893 177 989 212 essent
1022 177 1162 212 minores
1185 190 1195 217 5
1230 179 1305 212 hinc
1330 201 1342 217 ,

323 227 466 268 opinor,
484 236 542 257 cor
566 223 678 265 saepius
700 222 857 265 quiescere
880 222 1028 255 coa&tim
1053 219 1141 261 fuit,
1165 221 1263 255 donec
1298 220 1343 254 ob

325 269 496 303 adau<9mm
520 270 603 301 iutra
627 268 771 300 cranium
790 289 803 306 ,
825 266 910 298 vitio
934 262 1093 307 glandulae
1127 266 1306 298 Pituitariae
1329 287 1342 304 ,

322 324 411 355 aquae
423 314 551 354 copiam
567 336 575 347 ‚
596 311 719 343 viribus
732 308 882 342 omnibus
896 309 1047 340 orbatum
1062 331 1074 346 ,
1098 307 1136 341 ad
1150 318 1336 351 perpetuam

323 357 465 398 quietem
490 353 654 388 redac‘tum
677 353 744 392 est,
768 350 884 385 affeetu
906 363 945 384 ex
967 350 1127 393 syncope,
1151 354 1182 384 δε
1206 352 1336 394 apople-

320 401 374 432 xia
400 397 512 431 misto.
647 400 812 431 Caeterum
823 395 969 436 exempla
993 393 1211 428 defeffionum
1236 396 1336 428 animi

323 453 362 476 ex
393 443 521 482 Magnae
558 441 684 474 arteriae
718 438 968 473 dilatationibus
1000 438 1061 470 alia
1106 436 1235 471 fortasse
1266 439 1338 472 aliis

319 486 457 518 Litteris
504 483 701 526 proferemus
735 492 847 523 praeter
880 493 914 514 ea
959 492 1030 523 quae
1065 480 1212 515 dedimus
1258 482 1337 515 alias

319 533 333 570 ζ
357 541 386 562 m
408 532 422 569 )
453 539 492 560 ex
516 527 664 562 Valsalva
697 524 854 569 descripta
879 550 886 556 .
913 525 1012 558 Nunc
1036 523 1073 558 ad
1099 524 1160 558 alia
1203 524 1339 559 transea-

323 584 392 606 mus
407 596 420 603 e

367 626 415 648 12.
443 617 527 650 VIR
549 613 743 647 consistentis
768 614 872 646 aetatis
896 613 939 645 ob
962 623 1056 654 grave
1079 611 1170 645 ulcus
1204 611 1332 646 alterius

319 661 420 693 cruris
437 686 445 700 ‚
469 659 592 693 sextum
615 657 680 700 jam
705 656 841 689 mensem
865 657 898 688 in
924 655 986 688 hoc
1009 655 1147 688 cubabat
1179 655 1332 688 Nosoco-

318 704 412 742 mio,
438 714 512 737 cum
537 700 737 743 inexpectata
762 699 897 741 syncope
924 698 1064 732 sublatus
1097 698 1172 738 est,
1199 699 1331 733 ineunte

322 745 416 787 Majo
441 749 481 780 A.
511 753 603 787 1723.
740 743 1002 778 THORACE,
1026 745 1058 775 δε
1083 741 1263 783 pericardio
1287 754 1333 775 re-

319 789 412 823 clusis
430 814 442 830 ,
475 790 510 821 in
533 788 593 820 illo
617 798 695 828 aqua
719 797 783 819 non
808 785 912 818 deerat
936 796 1009 818 cum
1033 784 1222 827 quibusdam
1257 797 1335 819 con-

317 832 535 872 cretionibus,
554 830 729 873 gelatinam
753 828 989 862 referentibus:
1016 829 1049 860 in
1072 829 1136 862 hoc
1148 839 1253 863 autem
1265 841 1338 863 cor-

316 877 367 910 dis
390 874 548 909 sinistrum
571 873 784 906 ventriculum
819 871 1030 905 animadverti
1076 884 1168 915 aequo
1212 873 1336 906 crassio-

320 931 410 959 rem,
433 922 466 953 &
488 916 673 952 duriorem:
701 915 790 959 quod
812 927 886 950 cum
911 916 1140 959 amajoribus,
1163 916 1334 950 &firmio-

316 963 404 996 ribus
449 961 507 996 effe
552 960 711 993 crederem
735 959 899 1002 polyposis
921 959 1204 999 concretionibus,
1228 959 1332 993 inciso

315 1005 435 1047 corde,
459 1016 521 1039 non
547 1002 603 1037 nisi
629 1012 737 1038 tenues
749 1003 925 1046 quasdam,
949 1006 980 1036 δέ
996 1003 1137 1038 mucosas
1153 1005 1333 1046 inutroque

315 1051 436 1094 pariter
458 1048 642 1082 ventriculo
667 1049 797 1081 inveni:
823 1059 923 1091 neque
946 1046 1181 1081 craffitudinem
1214 1047 1304 1080 illam
1324 1071 1336 1087 ,

316 1098 348 1127 &
372 1094 528 1128 duritiem
553 1090 680 1125 aliunde
705 1089 784 1131 effe,
807 1103 905 1133 quam
952 1102 967 1123 a
999 1090 1197 1123 craffioribus
1242 1089 1336 1123 saetis

316 1138 478 1171 columnis
502 1136 643 1174 carneis,
665 1136 753 1167 intra
776 1134 990 1168 ventriculum
1013 1132 1170 1167 sinistrum
1196 1135 1336 1166 extanti-

313 1182 395 1221 bus,
418 1190 569 1214 caeterum
593 1177 766 1212 secundum
789 1187 936 1212 naturam
962 1179 1049 1212 intus
1077 1199 1086 1215 ‚
1121 1186 1273 1219 extraque
1306 1177 1336 1210 se

313 1224 524 1259 habentibus.

359 1278 407 1312 13.
432 1268 526 1301 Num
550 1265 625 1300 satis
650 1264 803 1308 syncopes
827 1266 915 1300 istius
940 1264 1064 1299 causam
1096 1264 1334 1307 perspexerim,

312 1324 377 1348 non
401 1322 512 1355 parum
535 1310 674 1344 dubito.
708 1310 910 1352 Qacunque
943 1310 1029 1343 enim
1052 1309 1186 1351 *ratione
1219 1320 1331 1350 aggre-

307 1358 385 1392 'dior
409 1366 474 1389 rem
497 1355 683 1397 explicare3
707 1352 788 1387 illud
812 1353 914 1387 obstat
931 1379 939 1391 ,
962 1364 1027 1386 non
1051 1349 1227 1395 praeceffiffe
1252 1352 1329 1384 alias

309 1402 483 1445 syncopes,
510 1409 563 1432 aut
588 1397 696 1431 saltem
721 1397 820 1429 animi
841 1396 1056 1431 defeftiones.
1082 1398 1179 1429 Certe
1191 1395 1330 1428 crassitu-

310 1445 399 1479 dinis
422 1444 457 1476 in
479 1444 520 1476 iis
542 1441 706 1476 columnis
743 1442 975 1475 incrementum
1013 1440 1134 1483 punt-“to
1170 1439 1327 1481 temporis

309 1489 380 1524 fieri
403 1498 467 1520 non
490 1487 619 1530 potuit:
647 1495 704 1518 cur
727 1485 852 1527 igitur,
877 1485 898 1518 fi
934 1485 995 1518 illo
1039 1482 1104 1525 jam
1150 1481 1294 1525 perfec-10
1319 1504 1327 1519 ,

312 1527 474 1576 syncope,
495 1542 533 1564 ex
560 1527 795 1572 propemodum
821 1527 966 1570 perfeeto
990 1527 1076 1560 nulla
1100 1525 1183 1559 faeta
1208 1526 1250 1560 est
1288 1526 1329 1559 li-

309 1572 505 1621 pothymia?
528 1574 622 1607 Num
646 1573 747 1614 igitur
772 1570 836 1605 huc
859 1583 988 1616 quoque
1013 1569 1136 1614 aliquid
1149 1568 1329 1603 addendum

309 1620 372 1658 est,
399 1629 433 1653 ut
458 1627 535 1661 puta
566 1614 733 1650 convulsio
768 1628 782 1648 a
818 1617 920 1657 pravis
955 1614 1120 1649 ichoribus
1154 1625 1191 1646 ex
1225 1615 1328 1647 cruris

309 1665 436 1703 ulcere,
458 1669 495 1696 ut
519 1659 663 1703 pridem,
689 1658 777 1701 quod
797 1657 977 1700 gelatz'nosae
1001 1658 1065 1691 illae
1104 1659 1328 1690 concretiones

309 1706 499 1744 ostendunt,
522 1705 556 1737 in
580 1702 766 1740 thoracem,
792 1701 834 1734 fic
858 1711 935 1735 tunc
959 1711 1086 1743 repente
1109 1702 1142 1732 in
1155 1711 1327 1734 nervorum

308 1751 506 1796 principium
530 1747 689 1782 inveftis?
716 1747 773 1778 Per
797 1756 864 1777 eam
889 1744 959 1779 sane
983 1743 1067 1778 haud
1100 1744 1206 1777 multo
1241 1744 1326 1778 secus

309 1807 406 1840 quam
430 1795 464 1826 in
488 1794 561 1825 viro
586 1791 646 1824 illo
681 1787 868 1822 Pistoriense
904 1787 988 1831 apud
1018 1786 1201 1821 Lancifium
1239 1792 1249 1827 (
1273 1798 1292 1820 n
1314 1792 1329 1828 )

307 1840 414 1875 cordis
439 1847 589 1871 mucrone
613 1834 650 1867 ad
674 1832 772 1866 bafim
808 1832 966 1866 violenter
989 1855 999 1870 ,
1043 1842 1079 1864 ac
1125 1832 1331 1873 pertinaciter

310 1883 504 1920 contracto,
538 1878 630 1912 fimul
667 1875 845 1918 improvisa
882 1877 1027 1918 Syncope
1060 1873 1204 1914 induci,
1237 1873 1329 1909 simul

307 1928 404 1963 corde
426 1927 461 1959 in
484 1923 514 1957 se
525 1920 744 1965 conglobato,
771 1918 866 1961 hujus
890 1921 999 1962 augeri
1020 1918 1179 1955 durities,
1204 1928 1238 1950 ac
1249 1917 1332 1950 cras-

311 1972 418 2006 fitudo
443 1965 614 2011 potuiffet.
640 1967 709 1998 Cor
733 1972 840 1997 autem
865 1962 1021 2002 convelli,
1045 1965 1077 1995 δέ
1112 1961 1150 1994 ab
1193 1961 1330 2003 Hippo-

309 2027 396 2050 crate
421 2014 524 2051 olim,
548 2021 604 2042 nec
628 2020 693 2043 uno
716 2007 790 2040 loco
814 2010 825 2045 (
851 2017 867 2038 o
889 2009 902 2045 )
922 2030 932 2044 ,
954 2005 1080 2040 dietum
1114 2004 1156 2038 est
1178 2028 1190 2045 ,
1223 2007 1254 2037 &
1282 2004 1328 2051 *ab

308 2056 557 2094 Recentioribus
581 2050 856 2097 quemadmodum
883 2049 1061 2084 musculum
1085 2047 1142 2096 else
1165 2071 1178 2088 ,
1210 2048 1326 2096 cons-ir-

310 2113 434 2137 matum
457 2099 540 2135 fuit,
566 2097 606 2130 fic
631 2097 737 2137 negari
762 2105 826 2127 non
851 2095 989 2136 potuit,
1011 2094 1052 2126 iis
1075 2092 1134 2125 este
1158 2091 1250 2124 malis
1278 2090 1327 2123 fa-

309 2148 370 2181 cile
394 2144 598 2182 obnoxium,
622 2139 739 2181 quibus
764 2140 796 2170 &
821 2138 929 2169 caeteri
956 2136 1115 2175 musculi,
1161 2138 1193 2168 &
1238 2134 1327 2177 quod

310 2189 539 2233 consequitur,
564 2185 662 2218 etiam
684 2179 915 2220 convulfioni;
937 2190 973 2214 ut
996 2180 1134 2213 irritatis
1158 2189 1212 2222 per
1233 2178 1326 2212 icho-

310 2247 358 2270 res
383 2232 525 2277 peffimos
551 2229 674 2267 nervis,
699 2225 787 2259 fibrae
809 2223 918 2257 cordis
942 2226 974 2256 in
1001 2223 1157 2267 pertinaci
1192 2222 1326 2256 convul-

310 2280 396 2314 fione
420 2283 642 2320 permaneant.
778 2267 835 2302 Est
858 2266 992 2302 viciffim
1015 2267 1072 2300 ubi
1096 2266 1203 2300 cordis
1240 2265 1326 2299 reso-

313 2324 419 2361 lutio,
444 2323 475 2353 &
501 2320 617 2352 laxitas
641 2318 675 2349 in
700 2312 823 2348 morbis
856 2310 1049 2356 ejuscemodi
1082 2309 1239 2353 culpanda
1278 2310 1325 2341 vi-

311 2367 422 2401 deatur
446 2388 453 2395 .
590 2363 642 2394 Sic
666 2361 699 2392 in
725 2356 857 2391 historia
882 2379 891 2393 ,
927 2357 1007 2389 alias
1040 2367 1171 2398 quoque
1204 2364 1324 2402 memo-

315 2420 406 2448 rata,
431 2407 486 2440 Cl.
511 2405 642 2440 Gretzii
668 2408 723 2443 (p
747 2405 757 2440 )
781 2411 855 2433 cum
880 2401 912 2431 in
938 2407 1067 2431 mortua
1091 2409 1130 2431 ex
1165 2404 1323 2429 contmms

314 2450 533 2497 lipothymiis‚
556 2447 641 2481 nihil
666 2445 832 2486 sanguinis
857 2444 888 2475 in
913 2441 1019 2474 cordis
1043 2437 1328 2482 caveisdeprehen-

313 2499 383 2532 ium
411 2494 477 2533 est,
501 2491 550 2526 sed
573 2502 631 2525 cor
656 2496 761 2523 totum
779 2485 860 2530 flatu
885 2484 1047 2526 distensum
1072 2482 1174 2524 adeo,
1198 2492 1233 2516 ut
1243 2490 1329 2524 tym-

312 2539 486 2586 panitidem
510 2537 611 2569 cordis
634 2527 782 2574 dixisses,
807 2528 866 2562 {ive
890 2540 942 2561 aer
964 2529 1042 2562 dum
1065 2539 1098 2561 ea
1121 2524 1331 2563 viveret‚s1ve

314 2585 424 2629 potius
454 2592 468 2612 a
496 2589 598 2612 morte
623 2578 763 2611 maxima
786 2585 824 2606 ex
848 2580 934 2615 parte
969 2584 985 2605 a
1008 2571 1158 2614 sanguine
1194 2569 1222 2603 se
1247 2569 1333 2602 evol-

314 2629 418 2664 verit,
443 2635 574 2666 eumque
599 2619 792 2656 extruserit,·
816 2628 881 2649 non
907 2615 1004 2649 facile
1039 2615 1229 2662 intelliges,
1247 2625 1331 2656 quo-

313 2671 411 2706 modo
435 2668 473 2701 ad
497 2667 590 2700 illum
637 2663 731 2707 usque
776 2660 909 2693 modum
954 2659 1128 2693 distendere
1163 2666 1296 2703 parietes
1319 2680 1331 2697 ,

315 2713 492 2759 praesertim
537 2708 652 2743 finistri
696 2704 870 2739 ventriculi
894 2727 907 2744 ,
954 2701 1106 2746 potuisset
1127 2724 1140 2743 ,
1185 2701 1242 2747 nili
1278 2700 1332 2749 ‘Ia-

313 2758 433 2793 xiffimi
480 2750 610 2789 fuissent
654 2775 667 2792 ,
713 2753 744 2783 &
790 2747 926 2790 denique
972 2747 1109 2779 omnino
1153 2745 1286 2778 resoluti
1320 2768 1327 2775 .

316 2800 375 2836 Sed
398 2800 436 2834 de
461 2796 596 2842 paralysi
619 2791 728 2830 cordis
751 2792 813 2825 erit
836 2792 935 2825 etiam
960 2790 1077 2829 alibi(
1099 2800 1117 2832 q
1139 2792 1153 2828 )
1177 2786 1332 2821 scribendi

321 2847 606 2931 loclqshuoniam
629 2891 779 2917 caeteras,
804 2890 882 2923 quas
907 2876 1034 2918 habeo,
1057 2875 1331 2925 Observationes,

317 2932 357 2968 ad
371 2930 501 2964 morbos
518 2929 616 2962 etiam
628 2926 666 2959 de
676 2924 792 2969 quibus
805 2922 859 2957 hic
875 2924 1018 2964 agimus,
1042 2923 1213 2970 attinentes
1225 2942 1239 2959 ,
1261 2919 1332 2969 aliis

317 2975 357 3010 ad
381 2984 411 3007 te
434 2973 518 3006 datis
545 2969 698 3014 Epistolis
723 2973 734 3010 (
759 2978 774 2999 r
796 2971 809 3007 )
841 2967 959 3009 partim
994 2964 1149 3012 proposui
1169 2987 1194 3012 ,ι
1214 2972 1333 3012 ρει-ἐπι]

317 3021 387 3054 sum
411 3015 655 3060 proposituru53
681 3012 756 3044 duas
781 3011 944 3052 perbreves
969 3009 1137 3051 subjiciam
1163 3005 1331 3056 historias,

317 3073 418 3106 quas,
441 3072 515 3095 curn
540 3057 696 3094 Bononiae
720 3053 889 3096 degerem,
913 3054 1020 3095 accepi
1046 3052 1085 3085 ab
1098 3050 1241 3090 Dostis,
1266 3055 1332 3092 lpe-

318 3108 477 3148 &ataeque
500 3103 574 3137 fidei
600 3100 709 3133 Viris.
738 3099 858 3130 Earum
883 3097 966 3130 mihi
999 3099 1086 3128 venit
1124 3096 1158 3127 in
1192 3103 1331 3140 mentem

317 3149 399 3185 hanc
425 3145 625 3191 Sepulchreti
648 3144 688 3176 X.
714 3141 894 3175 seetionem
919 3139 1078 3179 versanti,
1102 3139 1266 3181 pluresque
1290 3138 1335 3169 le-

321 3194 434 3236 genti,
458 3195 490 3225 &
514 3192 598 3224 inter
623 3187 651 3220 se
674 3182 852 3219 conferenti
878 3183 1158 3221 Observationes,
1190 3192 1260 3228 quae
1295 3180 1334 3213 ad

320 3239 402 3270 vitia
427 3236 565 3269 attinent
589 3243 664 3264 curn
689 3227 947 3262 membranarum
986 3226 1077 3259 cordi
1114 3224 1335 3266 circumjec‘ta—

319 3292 412 3321 rum,
436 3288 507 3313 tum
530 3276 628 3320 ipsius
652 3273 826 3315 praesertim
849 3270 957 3304 cordis
977 3295 983 3301 .
1010 3272 1091 3303 Sunt
1116 3281 1157 3302 eae
1182 3268 1339 3301 membra-

321 3336 393 3366 nae,
416 3332 452 3357 ut
476 3322 557 3356 nosti
576 3344 588 3360 ‚
626 3315 879 3355 Mediastinum,
904 3313 1140 3349 Pericardium‚
1175 3315 1206 3345 δέ
1230 3310 1337 3344 cordis

320 3368 503 3402 membrana
528 3364 678 3409 propria.
715 3362 765 3395 De
800 3358 986 3392 Mediastini
1021 3357 1278 3392 inflammatione
1313 3353 1356 3404 fi>

923 55 1081 109 Liber
1116 53 1181 106 11.
1215 56 1301 108 De
1338 55 1548 108 Morbis
1584 54 1843 107 Thoracis

1391 143 1426 166 ea
1448 133 1533 175 legas
1578 146 1624 168 uae
1647 133 1693 167 ibi
1718 135 1775 168 sub
1796 144 1883 168 num.
1909 136 2040 169 XVIII.
2066 131 2286 177 producuntur
2301 157 2314 175 ,
2337 142 2400 168 tres

1391 175 1497 209 credas
1520 188 1535 209 e
1562 188 1578 210 e
1600 176 1870 219 Observationes,
1892 189 1964 212 cum
1989 178 2059 212 duae
2082 177 2291 217 sint51eadem
2314 179 2400 210 enirn

1394 221 1531 253 omnino
1552 220 1596 253 est
1616 232 1686 262 quae
1710 223 1737 260 §.
1764 233 1793 254 2.
1821 225 1852 255 &
1875 232 1946 264 quae
1970 222 1997 260 §.
2027 235 2053 261 3.
2090 216 2248 254 continuo
2282 231 2401 263 propo-

1393 263 1503 295 nitur.-
1527 263 1615 306 quod
1639 263 1732 305 plane
1753 265 1924 307 cognosces
1948 264 2004 297 ubi
2029 275 2093 297 non
2116 272 2181 297 tam
2214 264 2304 296 verba
2351 272 2400 296 at-

1392 304 1558 346 tenderis,
1580 319 1650 349 quae
1673 307 1780 340 nescio
1803 319 1864 351 qua
1887 309 2019 341 licentia
2039 331 2051 348 ,
2074 316 2128 340 aut
2160 318 2227 349 quo
2258 306 2329 341 casu
2365 308 2399 339 in

1387 349 1447 381 alia
1472 350 1532 383 alia
1554 349 1638 388 sint3
1662 361 1757 392 quam
1779 362 1886 385 earum
1911 351 2050 392 primam
2073 361 2144 384 cum
2168 361 2201 382 ea
2233 349 2400 383 conferens

1386 403 1456 434 quae
1480 393 1610 433 legenda
1634 393 1795 429 indicatur
1817 396 1871 428 tir.
1896 395 1931 427 de
1954 394 2124 436 D3'sl'noea,
2155 392 2189 426 id
2223 393 2265 427 est
2302 392 2399 436 hujus

1390 437 1436 468 ΙΙ.
1482 436 1558 470 libri
1606 437 1687 471 Sect.
1713 440 1739 471 1.
1787 438 1869 472 Obs.
1895 438 2031 471 CXXV.
2068 439 2095 477 §.
2124 447 2150 468 1.
2200 437 2400 471 animadver-

1388 479 1486 518 teris,
1510 492 1549 514 ex
1571 480 1685 513 eodem
1699 503 1707 518 ‚
1730 479 1928 524 ejusdemque
1951 481 2106 514 Aueeoris
2126 480 2202 512 loco
2224 479 2315 513 illam
2327 481 2396 523 pri-

1391 533 1477 556 mam
1500 524 1629 565 accipi,
1652 524 1736 557 unde
1760 534 1889 567 accepta
1911 523 2034 558 dicitur
2055 535 2125 565 quae
2149 522 2279 557 eandem
2292 523 2398 566 sequi-

1390 576 1443 600 tur
1466 590 1473 598 .
1520 567 1592 600 Nec
1636 578 1712 600 vero
1734 579 1805 611 quae
1828 569 1975 610 protinus
1998 566 2169 609 subjicitur
2191 567 2220 606 §.
2243 577 2275 609 4.
2301 569 2333 600 δι
2359 566 2398 601 ad

1390 621 1449 652 pus
1473 611 1589 643 attinet
1611 609 1683 653 post
1713 611 1883 653 pericardii
1916 610 2207 646 inflammationem
2252 611 2285 641 in
2333 610 2393 643 hoc

1384 652 1571 687 conclusum
1587 679 1596 694 ,
1619 654 1755 688 dubium
1778 653 1844 695 est,
1866 656 1943 697 quin
1967 652 2073 687 eadem
2097 652 2136 686 fit
2159 664 2229 696 quae
2253 652 2398 695 aliquan-

1384 705 1421 729 to
1467 694 1564 731 fusius
1608 698 1704 739 paulo
1748 707 1820 730 ante
1864 698 1937 731 data
1960 697 2062 732 fuerat
2085 699 2113 737 §.
2139 707 2167 731 2.
2192 695 2274 729 Obs.
2298 697 2397 729 XIII.

1385 741 1495 782 Qam
1517 740 1538 773 fi
1563 740 1619 783 ubi
1644 750 1714 775 tota
1737 741 1893 783 descripta
1916 741 2044 782 fuerat,
2064 740 2215 775 videlicet
2228 739 2306 773 SeH.
2335 751 2398 772 non

1383 794 1415 827 3.
1439 782 1490 817 sed
1513 795 1546 827 4.
1571 783 1743 827 Obfhrv.4.
1770 785 1964 828 perlegeris,
1988 785 2148 828 intelliges
2171 782 2210 817 ad
2242 782 2399 816 membra-

1388 838 1461 860 nam
1486 838 1613 871 quoque
1637 829 1791 868 tertiam,
1815 827 1879 861 hoc
1904 827 1946 862 est
1968 827 2075 862 cordis
2099 829 2288 871 propriam,
2328 827 2398 859 imo

1387 872 1485 903 etiam
1509 870 1546 904 ad
1569 882 1626 904 cor
1647 870 1752 913 ipsum
1775 871 1903 906 exesum
1926 873 1959 905 in
1984 881 2093 914 parte,
2139 874 2170 905 &
2219 868 2397 904 marcidum

1388 916 1564 956 pertinere.
1590 915 1691 953 Quod
1715 915 1739 949 fi
1762 914 1892 950 demum
1916 926 2061 958 quaeras,
2085 914 2124 949 ad
2150 915 2228 948 hanc
2240 913 2394 947 membra-

1383 969 1459 991 nam
1475 981 1487 999 ,
1510 969 1549 992 an
1573 957 1611 992 ad
1634 959 1873 1000 pericardium,
1896 970 1935 992 an
1959 959 2067 1001 potius
2091 957 2130 991 ad
2154 959 2247 991 aliam
2258 957 2397 999 aliquam

1386 1011 1501 1043 praeter
1522 1011 1693 1041 naturam,
1717 1004 1865 1036 alterutri
1887 1003 2051 1039 innatam,
2075 1001 2195 1043 spec'tet
2220 1001 2276 1033 illa
2288 1001 2396 1033 tunica

1386 1046 1525 1086 quaedam
1543 1044 1742 1088 superjacens
1765 1046 1824 1088 ipsi
1846 1046 1957 1085 cordi,
1977 1044 2069 1087 plena
2093 1044 2282 1078 humiditate
2316 1054 2394 1085 qua-

1392 1089 1463 1121 dam
1477 1086 1559 1130 foedz'
1580 1089 1704 1126 odoris,
1728 1101 1826 1133 quam
1849 1091 1992 1123 tunicam
2007 1112 2019 1129 ,
2043 1099 2113 1121 cum
2127 1095 2314 1130 quaereretur
2325 1086 2398 1128 syn-

1386 1133 1479 1175 copis
1504 1131 1620 1174 causa,
1642 1134 1676 1165 in
1698 1133 1870 1178 dissessione
1883 1133 2020 1175 corporis
2033 1132 2192 1165 inventam
2203 1129 2257 1175 esse
2271 1129 2397 1177 ,ttesta-

1387 1176 1415 1209 ri
1439 1176 1582 1209 Galenus
1605 1174 1727 1209 dicitur
1751 1175 1832 1209 Obs.
1855 1177 1938 1214 X11;
1961 1185 2094 1215 vereor,
2117 1183 2153 1208 ut
2177 1186 2214 1207 ex
2239 1173 2333 1216 hujus
2357 1174 2397 1207 li-

1387 1219 1452 1252 bris
1477 1218 1635 1253 addiscere
1657 1219 1693 1252 id
1715 1218 1827 1262 poffis:
1855 1222 1886 1252 &
1911 1218 2079 1261 suspicor,
2101 1216 2125 1251 fi
2148 1217 2282 1261 quidem
2294 1218 2397 1251 Corn-

1385 1264 1542 1298 mentaria
1567 1261 1624 1294 illa
1648 1285 1657 1299 ‚
1696 1262 1780 1296 unde
1804 1262 1873 1297 haec
1898 1262 1971 1296 sunt
2005 1261 2168 1303 descripta
2189 1286 2198 1301 ,
2230 1259 2397 1294 Philothei

1384 1306 1469 1346 sint,
1493 1317 1547 1340 aut
1571 1305 1778 1349 Theophili,
1804 1317 1856 1341 aut
1883 1304 2062 1348 Stephani,
2086 1305 2187 1338 alium
2210 1305 2296 1336 enim
2319 1305 2395 1339 aliis

1381 1352 1416 1384 in
1439 1349 1607 1383 codicibus
1633 1350 1797 1383 au&orem
1820 1348 2019 1393 praeferunt3
2045 1346 2189 1389 suspicor
2205 1371 2215 1387 ‚
2242 1348 2397 1390 inquam,

1381 1395 1501 1428 Galeni
1524 1393 1645 1426 librum
1670 1394 1703 1426 in
1727 1405 1794 1436 quo
1817 1405 1851 1427 ea
1874 1403 1921 1427 res
1944 1392 2103 1434 legeretur
2125 1413 2134 1428 ,
2166 1389 2361 1426 intercidisse
2386 1405 2395 1426 :

1380 1437 1425 1471 fin
1454 1447 1581 1478 autem;
1603 1437 1842 1480 quaetGalenus
1865 1436 1952 1480 (s)
1974 1436 2139 1481 scripserat
2171 1434 2210 1468 de
2243 1436 2400 1470 emaciata

1379 1482 1483 1525 magis
1507 1482 1540 1513 in
1564 1480 1632 1515 dies
1657 1479 1767 1518 simia,
1794 1484 1824 1514 «Sc
1850 1480 1889 1514 de
1914 1490 2041 1515 tumore
2064 1481 2099 1513 in
2132 1479 2293 1512 ambiente
2326 1478 2395 1523 ejus

1380 1536 1438 1559 cor
1461 1526 1596 1565 tunica,
1621 1524 1812 1563 humorem,
1835 1524 1964 1567 qualem
1989 1521 2162 1567 hydatides
2185 1545 2194 1559 ,
2227 1523 2397 1557 continen-

1381 1578 1435 1610 te,
1458 1580 1492 1601 ea
1517 1566 1645 1602 fortasse
1668 1567 1707 1601 ad
1735 1567 1927 1610 syncopem,
1951 1569 1984 1600 &
2007 1567 2046 1601 ad
2069 1566 2305 1610 graveolentem
2337 1566 2399 1601 hu-

1378 1623 1501 1646 morem
1524 1612 1648 1645 incuria
1671 1611 1812 1654 quadam
1836 1608 1892 1644 effe
1915 1609 2154 1645 traduetaAEed
2167 1608 2258 1650 haec,
2282 1617 2400 1644 utcun-

1379 1668 1440 1699 que
1466 1655 1494 1689 se
1518 1654 1656 1688 habeant
1673 1679 1683 1695 ,
1708 1654 1980 1688 Observationern
2004 1665 2075 1698 quae
2102 1651 2244 1696 sequitur
2268 1674 2279 1692 ‚
2312 1654 2397 1688 rnihi

1380 1699 1418 1733 ad
1444 1701 1634 1733 memoriam
1659 1696 1870 1731 reduxerunt.

1429 1754 1476 1783 15.
1503 1741 1781 1776 MONACHUS
1805 1751 1881 1774 cum
1903 1742 1976 1774 aliis
1999 1739 2193 1774 valetudinis
2217 1741 2398 1776 incommo-

1381 1786 1455 1827 dis,
1479 1796 1550 1819 tum
1574 1786 1674 1818 animi
1700 1783 1876 1827 praesertim
1900 1783 2140 1817 defeffionibus
2169 1785 2399 1826 confflecatus‚

1381 1829 1510 1863 vivendi
1535 1828 1631 1862 finem
1653 1827 1790 1862 fecerat.
1927 1827 2263 1862 PERICARDIUM
2287 1830 2401 1862 inven-

1384 1884 1455 1907 tum
1478 1872 1520 1907 est
1530 1883 1610 1916 aqua
1623 1873 1772 1915 plenum,
1796 1871 1931 1906 &cordi
1942 1881 2080 1914 exparte
2094 1881 2273 1905 annexum:
2297 1884 2399 1907 acor-

1385 1916 1435 1950 dis
1460 1927 1566 1951 autem
1591 1927 1741 1950 mucrone
1766 1927 1878 1958 magna
1901 1914 2035 1958 hydatis
2059 1914 2235 1957 pendebat.

1434 1964 1481 1993 16.
1507 1962 1560 1993 Ex
1583 1961 1687 2002 ruptis
1712 1958 1922 2002 hydatidibus
1946 1958 2081 1993 humore
2104 1956 2226 1997 effuso,
2259 1960 2399 2002 pericar-

1383 2003 1432 2038 dii
1454 2003 1634 2047 hydropem
1659 2002 1725 2036 fieri
1738 2026 1749 2043 ,
1777 2003 1854 2036 alibi
1877 2006 1890 2042 (
1913 2009 1927 2036 t
1941 2002 1962 2045 )
1995 2014 2011 2036 a
2044 2001 2138 2035 nobis
2177 2014 2398 2041 'memoratum

1378 2046 1442 2085 est,
1466 2048 1552 2081 inter
1574 2056 1701 2080 caeteras
1724 2045 1820 2089 hujus
1845 2046 1949 2080 morbi
1973 2045 2079 2080 causas
2103 2045 2185 2079 hanc
2208 2058 2337 2090 quoque
2348 2060 2399 2081 re-

1362 2090 1595 2134 cipientibus.
1622 2091 1731 2128 Quam
1754 2090 1825 2123 sane
1848 2092 1881 2123 in
1907 2101 1945 2123 eo
1968 2088 2134 2123 Monacho
2145 2090 2253 2124 locum
2265 2089 2397 2125 habuis·

1381 2134 1409 2167 se
1424 2158 1437 2175 ,
1459 2136 1526 2167 veri
1550 2132 1652 2167 fimile
1677 2133 1742 2175 est,
1766 2134 1839 2168 aliis
1864 2143 1953 2167 antea
1977 2131 2191 2179 hydatidibus
2214 2133 2370 2178 disruptis
2387 2160 2397 2176 ‚

1380 2177 1446 2220 ejus
1470 2177 1627 2212 similibus
1651 2190 1721 2221 quae
1746 2178 1873 2221 integra
1897 2179 1995 2211 etiam
2020 2186 2090 2210 tum
2114 2177 2264 2211 restabat.

1378 2225 1466 2256 Cum
1489 2221 1637 2265 hydrope
1661 2232 1766 2256 autern
1800 2220 1971 2263 pericardii
2004 2220 2179 2263 conjuncta
2223 2222 2398 2265 aliquando

1379 2265 1437 2299 effe
1460 2265 1626 2308 deliquia,
1652 2264 1749 2299 missae
1774 2264 1811 2299 ad
1837 2275 1868 2299 te
1907 2265 1983 2298 alias
2016 2267 2029 2304 (
2052 2275 2071 2298 u
2096 2267 2107 2303 )
2141 2264 2394 2301 Observationes

1379 2309 1571 2343 ostendunt.
1597 2308 1656 2342 Sed
1678 2320 1752 2342 cum
1776 2308 1837 2342 hac
1871 2321 1941 2342 eam
1975 2306 2173 2350 potiffimum
2217 2309 2361 2343 conseres
2384 2334 2399 2351 ,

1374 2365 1447 2397 quae
1470 2352 1690 2395 superioribus
1716 2353 1851 2387 Litteris
1872 2356 1886 2394 <
1908 2363 1930 2386 x
1951 2355 1965 2392 )
1987 2363 2026 2385 ex
2050 2351 2199 2386 Valsalva
2220 2352 2400 2396 descripta,

1376 2397 1548 2440 pericardii
1575 2396 1668 2431 simul
1693 2395 1876 2440 hydropem
1913 2395 2047 2429 exhibet
2069 2419 2083 2436 ,
2117 2394 2211 2430 simul
2245 2397 2398 2440 quasdam

1380 2439 1419 2472 ad
1444 2450 1499 2471 cor
1524 2440 1728 2481 alligationes
1751 2451 1825 2474 cum
1849 2438 1945 2482 hujus
1981 2439 2145 2473 mucronis
2177 2439 2395 2482 impedimen-

1380 2492 1419 2516 to
1434 2507 1441 2514 .
1465 2483 1610 2516 Alterius
1632 2484 1755 2525 generis
1779 2494 1844 2516 non
1870 2484 1936 2516 leve
1960 2481 2159 2516 obstaculum
2182 2483 2291 2517 cordis
2324 2496 2399 2518 mo-

1382 2528 1432 2560 tui
1458 2525 1670 2568 deprehendit
1696 2528 1780 2559 intra
1805 2525 2021 2569 pericardium
2053 2527 2226 2559 Lanzonus
2270 2531 2326 2570 (y
2349 2533 2363 2568 )
2385 2552 2400 2569 ,

1383 2581 1459 2604 cum
1482 2569 1627 2603 foeminae
1660 2570 1795 2602 cadaver
1828 2570 1984 2603 incideret
2017 2580 2033 2601 a
2065 2567 2225 2611 frequenti
2258 2570 2398 2615 syncope

1384 2621 1541 2653 mortuae,
1565 2623 1626 2646 tres
1651 2612 1801 2646 videlicet
1833 2611 2008 2647 subvirides
2040 2612 2182 2645 'calculos
2202 2637 2214 2653 ,
2258 2626 2400 2657 quorum

1385 2668 1466 2690 unus
1489 2668 1523 2689 ea
1546 2655 1611 2691 fuit
1636 2656 1859 2699 magnitudine
1883 2665 1920 2690 ut
1954 2665 2094 2698 aequaret
2126 2657 2251 2698 pondus
2286 2660 2399 2692 uncia-

1385 2712 1457 2734 rum
1480 2700 1636 2735 duarum.
1771 2700 1832 2734 Sed
1856 2701 1952 2733 altera
1969 2723 1978 2738 ,
2001 2711 2098 2742 quam
2123 2699 2191 2733 sum
2204 2701 2399 2743 pollicitus,

1385 2744 1582 2778 Observatio
1608 2743 1647 2778 ad
1670 2744 1776 2778 multo
1798 2745 1945 2787 gravius,
1968 2745 2089 2786 quippe
2125 2744 2234 2778 cordis
2268 2745 2365 2788 ipsius
2385 2769 2399 2787 ,

1384 2789 1503 2822 vitium
1527 2790 1666 2828 attinet,
1689 2789 1779 2822 ulcus
1814 2787 1937 2821 scilicet
1960 2812 1968 2819 .
2002 2788 2085 2820 Eam
2120 2798 2186 2821 non
2223 2789 2368 2831 pluribus
2387 2813 2397 2828 ,

1385 2843 1480 2873 quam
1503 2831 1719 2873 superiorem,
1745 2831 1848 2865 verbis
1871 2829 2161 2873 comprehendam,
2185 2842 2267 2875 quot
2299 2834 2398 2867 nimi-

1385 2887 1458 2909 rum
1480 2887 1519 2909 ex
1543 2875 1614 2918 ipso
1636 2876 1805 2909 Albertini
1837 2887 1891 2908 ore
1924 2875 2067 2916 accepi,
2112 2876 2169 2918 qui
2216 2875 2273 2911 sub
2318 2889 2399 2919 prae-

1386 2929 1516 2962 ceptore
1560 2918 1750 2962 Malpighio
1795 2919 1905 2953 nostes
1929 2941 1939 2956 ‚
1983 2917 2108 2960 diesque
2154 2931 2242 2962 aegro
2285 2919 2399 2956 affede-

1387 2972 1436 2996 rat
1460 2988 1469 2997 .

1433 3017 1482 3046 17.
1509 3006 1791 3040 PRAEFECTUS
1816 3007 1895 3040 arcis
1920 3006 2048 3040 Urbani
2083 3005 2194 3040 crebro
2218 3007 2257 3042 ad
2289 3010 2398 3052 regio-

1385 3062 1459 3083 nem
1482 3049 1588 3083 cordis
1611 3049 1744 3088 dolore,
1767 3052 1799 3082 &
1823 3050 1907 3084 hunc
1930 3049 2141 3092 consequente
2165 3050 2303 3095 syncope
2325 3063 2400 3085 cor.

1385 3094 1582 3135 ripiebatur.
1605 3095 1709 3126 Caute
1731 3094 1975 3137 aMalpighio,
1998 3093 2235 3137 diligenterque
2246 3105 2399 3137 curatuS,

1385 3138 1487 3170 videri
1510 3146 1637 3180 poterat
1659 3137 1872 3178 convaluisse,
1906 3146 1980 3172 cum
2013 3136 2150 3179 denique
2182 3137 2271 3172 febre
2307 3149 2400 3174 acuta

1386 3180 1581 3224 prehensus,
1613 3178 1839 3223 confec‘tusque
1871 3180 1913 3215 est
1935 3207 1942 3213 .
2076 3181 2130 3213 IN
2165 3183 2333 3218 CORDE
2366 3186 2399 3216 &

1391 3226 1528 3268 polypi,
1556 3227 1586 3256 &
1611 3224 1699 3257 ulcus
1723 3235 1846 3266 reperta
1871 3225 1964 3259 sunt.
2120 3228 2122 3231 ’

1438 3269 1487 3301 18.
1512 3270 1618 3307 Cave,
1643 3268 1728 3300 hunc
1752 3267 1808 3300 esse
1832 3269 1939 3303 credas
1970 3267 2104 3302 eundem
2136 3269 2219 3301 arcis
2262 3269 2400 3313 ejusdem

1391 3311 1585 3357 Praefectum
1598 3334 1607 3349 ‚
1630 3309 1721 3352 cujus
1734 3311 1883 3345 morbum
1896 3336 1906 3353 ‚
1921 3316 1953 3346 &c
1965 3310 2184 3345 &flectionem
2197 3313 2400 3356 Malpighius

1389 3356 1454 3397 ipse
1487 3360 1497 3395 (
1522 3367 1546 3398 ζ
1566 3358 1580 3394 )
1613 3357 1902 3397 commemoravit,
1927 3354 2105 3390 acutiffimo
2127 3355 2234 3390 dolori
2257 3357 2297 3390 ad
2327 3355 2401 3390 ster-

2262 3411 2359 3440 num,

333 3492 2393 3513 W

381 3566 390 3597 (
422 3574 446 3588 m
476 3565 489 3592 )
520 3564 596 3593 Epist.
631 3570 668 3592 17.
701 3570 727 3586 n.
760 3570 798 3590 17.
833 3562 854 3584 Ee
886 3567 925 3583 21.

384 3597 397 3624 (
413 3605 425 3619 ο
446 3596 503 3622 )1)ε
520 3596 610 3619 Morbo
626 3596 698 3618 sacro
713 3600 737 3617 n.
755 3595 789 3617 18.
809 3594 843 3616 De
860 3593 921 3614 Nat.
940 3589 1004 3613 Mul.
1023 3597 1048 3612 n.
1066 3591 1104 3616 46.
1123 3590 1160 3611 De
1176 3588 1252 3611 Morb
1281 3589 1348 3611 Mul.
1366 3589 1385 3611 1.
1404 3594 1469 3611 1.d·l.
1486 3593 1524 3615 7²·

381 3628 395 3655 ζ
413 3626 545 3655 q)13pist.
563 3629 601 3650 26-
625 3633 649 3648 n.
668 3625 705 3652 38.
768 3625 809 3651 (r
827 3622 840 3650 )
855 3622 953 3644 XVIII.
974 3628 999 3643 n⁸
1016 3627 1037 3643 2.
1057 3619 1079 3642 8(
1098 3620 1191 3654 XXIV.
1209 3626 1232 3641 n,
1250 3626 1285 3646 13.
1303 3622 1324 3642 ἀ
1342 3626 1377 3646 32.

384 3663 390 3685 1
413 3665 428 3679 u
452 3656 546 3684 jEpist.
566 3657 618 3679 ead.
638 3663 661 3678 n.
679 3661 717 3683 43·
736 3653 758 3677 8<
777 3654 869 3676 XXIV.
889 3659 970 3684 ³334-
1034 3650 1073 3679 (x
1088 3649 1101 3677 3
1119 3649 1182 3673 lbra.
1203 3657 1226 3673 n.
1244 3656 1266 3673 z.

385 3688 398 3716 (
416 3694 433 3715 z
450 3687 458 3717 )
475 3687 525 3714 Op.
545 3686 623 3711 Possh.
642 3684 683 3710 ubi
699 3684 731 3709 de
748 3685 844 3713 Polypo
861 3682 951 3707 cordis.

988 3559 1002 3587 (
1032 3567 1049 3581 η
1081 3557 1095 3586 )
1127 3559 1163 3581 De
1194 3556 1272 3581 Subit.
1305 3558 1385 3581 Mort.
1418 3553 1479 3579 Obs.
1514 3555 1582 3586 Phys.
1623 3558 1697 3579 Anat.
1729 3566 1753 3585 4.

1590 3587 1604 3614 (
1615 3593 1631 3615 p
1642 3587 1657 3615 )
1675 3586 1740 3615 Disp.
1757 3588 1785 3611 de
1801 3587 1879 3617 Hydr.
1898 3588 2022 3612 Pericard.
2042 3588 2067 3612 in
2084 3590 2187 3613 Prooem.

1442 3618 1455 3645 (
1469 3616 1511 3645 s)
1528 3618 1563 3641 De
1583 3619 1640 3640 Loc.
1657 3618 1699 3642 aff.
1719 3619 1735 3641 l.
1755 3628 1774 3649 5.
1792 3625 1812 3641 c.
1830 3626 1843 3642 2
1916 3620 1955 3647 (r
1971 3618 1985 3647 )
2002 3618 2076 3647 Epist.
2094 3621 2162 3643 XVI.
2181 3627 2205 3645 n.
2221 3626 2261 3648 44.

1327 3649 1368 3678 (y
1383 3647 1394 3678 )
1410 3649 1471 3676 Eph.
1493 3649 1524 3671 N.
1542 3648 1571 3671 C·
1590 3649 1648 3671 Dec.
1668 3657 1688 3678 3.
1707 3651 1736 3673 A.
1753 3658 1776 3678 7.
1795 3647 1858 3673 Obs.
1874 3656 1911 3679 75.
