2498 4075
455 99 518 137 22

380 165 429 193 ter
451 159 582 194 modum
606 157 753 199 tumida,
776 160 806 193 δι’
827 157 907 192 dura
928 157 1028 197 fiant,
1052 156 1140 191 annis
1163 159 1377 201 superioribus

375 204 601 247 comprobavit
624 204 815 237 immaturus
838 202 987 234 interitus
1010 200 1203 240 dofflffimi‚
1235 203 1379 237 amiciffi-

378 250 485 290 mique
508 246 671 279 Archiatri
690 267 699 282 ,
722 244 812 287 cujus
835 243 1042 278 insanabilem
1063 247 1221 279 vomitum
1255 245 1346 280 fuisse
1365 269 1378 285 ‚

983 81 1139 135 Liber
1174 82 1240 134 11.
1274 83 1360 135 De
1393 84 1602 137 Morbis
1636 67 1853 136 Ventris

1427 160 1462 192 in
1485 158 1693 200 Sepulchreto
1715 158 1807 193 habes
1830 159 1996 201 exempla,
2031 168 2067 193 ut
2088 161 2331 201 ,Observatione
2365 153 2433 195 XF

1428 205 1461 235 &
1482 202 1592 234 XVII.
1617 205 1648 235 &
1673 202 1827 245 plerisque
1851 203 1922 235 aliis
1944 203 2176 244 insequentibus
2200 203 2297 237 ferme
2331 201 2431 247 usque

1435 243 1473 277 ad
1495 244 1619 278 XXVI.
1645 246 1677 278 ἃ
1701 245 1805 279 rursus
1827 247 1861 278 in
1885 246 1977 278 LVI.
2000 249 2027 279 §.
2058 255 2104 287 13.
2130 247 2163 279 in
2187 243 2429 280 AdditamentiS

377 291 577 333 accepimus,
603 288 641 321 ab
653 287 801 337 jecinore
817 313 825 327 ,
848 290 881 321 δ(
905 295 1067 329 pancreate
1083 311 1091 325 ‚
1115 299 1184 329 quae
1207 288 1384 323 sua&mo-
1435 296 1540 320 autem
1563 286 1793 321 Observatione
1816 291 1841 321 Ι.
1869 290 1900 321 &
1926 289 2028 320 VIII.
2050 290 2128 330 quin
2150 291 2246 323 etiam
2270 290 2369 329 alibi,
2393 287 2429 323 ut

374 331 427 372 le,
451 336 484 367 δι
507 329 626 365 duritie
649 340 863 373 interceptum
885 329 1098 363 ventriculum
1108 331 1380 374 comprimebant.

377 375 435 407 Sed
461 384 632 416 pancreas3
656 383 691 408 ut
715 374 754 407 de
776 385 814 406 eo
837 373 1033 415 potiffirnum
1056 372 1145 416 loqui
1178 386 1344 418 pergamus
1370 397 1381 413 ,

374 416 552 460 praesertim
587 428 660 450 cum
683 416 778 450 facile
801 415 877 449 adeo
903 415 939 448 fit
962 428 1033 459 quae
1055 416 1093 448 de
1127 428 1165 449 eo
1195 418 1346 451 dicuntur
1366 441 1380 458 ,

375 460 412 494 ad
436 459 520 503 jecur
542 471 670 502 quoque
694 460 885 497 transferre3
910 469 985 492 tunc
1008 459 1104 491 etiam
1129 470 1300 501 provocare
1322 472 1379 493 vo-

374 505 491 536 mitum
515 503 641 544 potest,
664 514 735 536 cum
759 514 830 535 eum
855 501 986 534 secernit
1011 501 1136 536 succum
1158 505 1214 545 qui
1235 514 1288 538 aut
1298 505 1379 537 acri-

371 548 478 580 monia
503 546 650 579 molestus
675 545 712 579 fit
737 544 897 580 Duodeno
919 543 1069 578 intestino
1091 568 1105 585 ,
1137 554 1191 578 aut
1227 548 1339 580 inertia
1367 569 1377 585 ,

371 590 476 623 aliove
499 591 654 631 quopiam
678 591 764 622 vitio
787 587 883 621 faciat
899 611 910 627 ,
933 597 968 621 ut
990 589 1023 619 in
1044 599 1083 620 eo
1116 587 1267 622 intestino
1298 591 1376 624 male

370 632 513 667 absoluta
540 634 763 666 alimentorum
786 630 951 664 confeffitio
974 632 1130 672 relinquat
1152 631 1198 664 ibi
1222 643 1292 675 quae
1315 633 1375 666 sint

369 676 575 709 incommoda
590 700 598 714 ,
622 683 676 707 aut
698 675 1017 717 denique-paucitate
1043 675 1147 715 impar
1179 673 1218 707 fit
1252 677 1374 710 caeteris

368 719 496 759 usibus,
520 721 552 751 &
573 720 605 750 in
630 716 680 751 his
703 719 754 751 illi
777 729 842 760 quo
865 716 949 750 fellis
972 717 1061 751 simul
1085 717 1247 752 influentis
1263 742 1272 756 ‚
1295 731 1374 763 prae-

369 761 478 797 sertim
502 762 659 800 acrioris,
681 763 749 794 vim
773 769 947 802 temperat,
971 772 1009 794 ne
1043 761 1145 794 acrius
1178 762 1294 795 afficiat
1325 775 1374 797 eas

370 807 518 843 tunicas,
542 814 729 847 motumque
751 805 911 835 invertat:
936 815 996 846 qua
1019 802 1057 836 de
1081 813 1112 835 re
1134 804 1294 839 consulere
1326 816 1373 840 et-

365 850 430 881 iam
454 849 573 890 poteris
597 847 682 879 Frid.
707 844 943 882 Hoffmannum
966 849 1052 887 (y),
1073 847 1246 883 censentem
1261 848 1372 890 ,istam

364 891 465 933 ipsam
490 888 579 924 fuisse
600 889 746 927 causam,
770 900 827 923 cur
848 899 913 922 uno
926 888 1099 932 eodemque
1109 889 1218 925 osculo
1232 893 1373 934 sebius,

364 937 397 967 &
423 934 639 977 pancreaticus
663 933 772 967 succus
794 932 978 968 intestinum
1001 932 1081 966 illud
1116 933 1201 969 adire
1225 935 1364 976 soleant,

363 980 396 1010 &
419 988 474 1011 cur
499 977 654 1010 Brunneri
678 987 791 1016 canes,
812 976 945 1018 dempto
968 985 1128 1018 pancreate
1151 1001 1164 1018 ,
1194 980 1370 1014 vomitibus

361 1019 485 1054 biliosis
509 1019 604 1053 finem
627 1019 753 1053 vivendi
780 1018 914 1052 feceriut
932 1043 939 1050 .
967 1021 1078 1061 Itaque
1101 1020 1155 1053 ubi
1191 1021 1369 1056 humanum

365 1074 512 1105 pancreas
535 1075 573 1096 eo
598 1062 758 1097 redaRum
782 1062 847 1102 fit,
871 1071 907 1096 ut
942 1061 1026 1096 nihil
1062 1063 1186 1105 prorsus
1222 1065 1369 1099 humoris

361 1107 502 1149 separet3
526 1117 648 1150 quanto
671 1105 799 1141 facilius
824 1106 910 1148 sequi
934 1106 988 1138 illa
1035 1106 1146 1147 poffint
1180 1119 1249 1150 quae
1283 1108 1370 1142 dixi-

361 1160 455 1189 mus,
479 1150 627 1192 praeclare
650 1149 754 1183 vides.
781 1150 838 1182 Sed
863 1152 895 1181 δι
919 1149 1013 1181 aliter
1036 1149 1143 1182 induci
1169 1162 1184 1182 a
1208 1161 1371 1193 pancreate

359 1193 502 1226 vomitio
526 1192 649 1234 potest,
674 1203 711 1225 ut
733 1192 756 1225 fi
770 1200 980 1226 memoratum
1003 1191 1206 1233 intestinum,
1229 1194 1266 1226 ad
1282 1194 1371 1238 quod

358 1236 469 1268 latiori
495 1244 640 1268 extremo
663 1235 691 1267 se
715 1246 858 1277 pancreas
882 1235 983 1277 affigit
1003 1259 1016 1275 ,
1048 1234 1101 1269 sua
1137 1236 1301 1278 asperitate
1332 1241 1366 1272 δε

358 1277 499 1319 duritie,
523 1287 577 1311 aut
600 1278 687 1312 aucta
712 1277 934 1320 magnitudine
957 1277 996 1311 ad
1019 1278 1153 1311 eundem
1175 1280 1365 1315 modumir.

358 1323 458 1363 riter,
483 1330 536 1357 aut
560 1330 681 1364 premat
705 1321 743 1355 ad
769 1333 863 1365 quem
900 1320 938 1353 de
972 1322 1151 1354 ventriculo
1187 1324 1363 1359 indicatum

356 1365 420 1399 est.
553 1363 733 1399 Secundum
757 1364 844 1405 haec,
870 1373 924 1399 aut
947 1364 1006 1398 alia
1018 1363 1230 1407 ejuscemodi,
1254 1368 1365 1402 licebit

356 1409 421 1443 tibi
446 1407 607 1451 plerasque
629 1419 762 1449 omnes,
786 1407 848 1442 huc
873 1407 1066 1448 attinentes,
1090 1407 1237 1444 historias
1261 1413 1364 1454 expli-

355 1464 425 1486 care
441 1475 453 1492 ,
476 1451 644 1494 multoque
667 1451 739 1485 illas
762 1453 887 1494 magis,
910 1462 980 1497 quae·
1003 1451 1094 1485 fimul
1117 1456 1309 1495 pancreatis,
1324 1455 1364 1489 si-

356 1496 421 1530 mul
447 1494 598 1530 Duodeni
622 1494 747 1528 inestini
773 1497 890 1529 vitium
906 1496 1115 1536 conjunctum
1132 1496 1266 1531 habeant
1277 1511 1297 1538 ‚s
1312 1511 1363 1533 ve.

357 1541 404 1573 lut
429 1537 510 1571 hanc
532 1549 627 1581 quam
649 1539 807 1571 continuo
830 1537 997 1579 subjiciam
1035 1538 1073 1571 ab
1107 1542 1364 1575 exercitatissimo

355 1582 539 1615 Prosec‘tore
550 1581 712 1614 Mediavia
726 1581 832 1615 nostro
842 1581 1037 1615 subinitium
1050 1582 1207 1617 octobris
1221 1584 1364 1621 habitam

352 1627 394 1659 A.
422 1635 514 1668 1733.
540 1627 571 1656 δε
584 1635 704 1663 mecum
714 1624 751 1657 ab
763 1636 800 1657 eo
814 1624 1064 1666 usquetempore
1074 1630 1362 1663 communicatam.

399 1679 447 1702 12.
471 1666 790 1710 MONACHUM,
813 1678 944 1708 genere,
981 1670 1014 1699 δέ
1046 1669 1188 1703 moribus
1220 1671 1362 1706 nobilem

353 1724 392 1746 ex
415 1713 496 1745 sacra
520 1710 806 1753 capuccinorum,
828 1718 863 1743 ut
888 1718 1027 1749 vocant,
1050 1711 1182 1745 Familia
1204 1737 1213 1752 ‚
1247 1716 1362 1748 multi-

352 1757 425 1799 plex
449 1753 603 1797 morbus,
629 1752 772 1795 hydrops
796 1752 994 1799 praesertim,
1018 1754 1219 1800 vomitusque
1250 1757 1360 1791 confe-

350 1808 457 1833 cerant
480 1808 596 1831 annum
620 1807 764 1839 agentem
777 1798 972 1839 trigesimum
996 1799 1149 1830 tertium.
1279 1802 1359 1836 CA-

352 1842 559 1878 DAVERIS
581 1840 731 1874 univerlae
755 1842 822 1874 cuti
849 1850 935 1882 aquae
948 1838 1070 1880 aliquid
1083 1840 1226 1882 suberat,·
1248 1845 1356 1887 itaque

351 1890 383 1920 &
411 1887 501 1928 pedes
524 1883 679 1916 oedemate
702 1884 870 1917 tumebant
894 1883 1119 1925 aliquantum.
1145 1885 1267 1919 Venter
1299 1900 1353 1921 au-

351 1939 419 1963 tem
443 1939 496 1963 nec
520 1926 612 1960 valde
636 1927 800 1965 tumebat,
823 1938 879 1959 nec
905 1926 975 1967 plus
998 1937 1086 1968 aquae
1110 1928 1196 1961 intus
1218 1928 1354 1971 habuit,

350 1984 446 2017 quam
472 1971 566 2005 libras
589 1971 718 2004 circiter
740 1970 835 2004 duas.
855 1971 972 2015 Jecur,
997 1970 1028 2001 δε
1054 1969 1116 2003 lien
1138 1982 1233 2013 aequo
1257 1973 1356 2007 ma'o-

352 2028 408 2050 ra:
432 2014 513 2050 illud
538 2023 685 2057 praeterea
708 2013 895 2052 subalbum,
919 2013 1038 2047 lobulis
1061 2013 1263 2056 conspicuis,
1320 2029 1356 2050 u-

350 2071 439 2094 rum.
464 2062 502 2093 In
527 2057 705 2091 ventriculo
727 2057 808 2090 nihil
834 2055 1041 2090 adnotatione
1063 2057 1197 2099 dignum
1222 2058 1311 2101 fuit,
1333 2059 1355 2093 fi

351 2105 481 2147 plexum
506 2102 645 2143 excipias
670 2099 793 2143 digitos
816 2101 917 2134 iatum
942 2100 981 2133 ad
1003 2099 1084 2133 duos
1105 2124 1112 2138 ,
1151 2100 1283 2144 longum
1316 2102 1355 2137 ad

350 2156 487 2190 quatuor
502 2172 510 2183 ,
532 2156 570 2178 ex
595 2143 756 2187 glandulis
778 2143 1033 2180 confertiffimis,
1058 2143 1141 2177 lente
1151 2144 1281 2187 quidem
1293 2149 1353 2179 mi-

352 2191 504 2226 rioribus,
527 2187 577 2221 sed
604 2187 771 2221 manifesto
792 2187 902 2221 osculo
924 2187 1091 2229 praeditis:
1115 2187 1142 2220 is
1166 2188 1275 2230 plexus
1288 2198 1352 2223 erat

350 2235 383 2267 in
394 2232 563 2266 ventriculi
588 2229 690 2265 fundo
714 2242 814 2273 prope
829 2239 955 2264 antrum
968 2231 1095 2273 pylori.
1122 2232 1233 2274 Digiti
1247 2242 1352 2266 autem

350 2277 521 2311 intervallo
541 2274 622 2307 infra
646 2274 796 2317 pylorum
820 2274 1016 2308 Duodenum
1040 2273 1225 2309 intestinum
1248 2278 1352 2318 nigri-

351 2321 462 2358 cahat,
486 2322 518 2353 δέ
552 2319 645 2361 paulo
677 2315 812 2352 inferius
846 2317 1038 2350 scirrhosum
1072 2325 1136 2350 erat
1156 2344 1163 2349 .
1204 2321 1353 2353 Pancreas

351 2375 479 2409 quoque
501 2361 612 2396 durius
636 2359 722 2394 fuit.
857 2362 895 2392 In
919 2359 1080 2393 Thoracis
1101 2369 1238 2403 utroque
1273 2374 1352 2395 cavo

352 2420 432 2451 aqua
456 2416 519 2439 non
543 2415 660 2447 pauca.
688 2403 855 2435 Pulmones
878 2403 1057 2436 contracti.
1093 2405 1163 2435 Cor
1195 2416 1257 2438 non
1291 2404 1352 2438 fine

352 2447 615 2485 concretionibus
637 2445 822 2489 polypofis:
857 2447 888 2477 ὃς
920 2444 984 2488 ejus
1018 2445 1215 2480 valvularum
1249 2448 1354 2490 aliqua

352 2505 418 2528 non
442 2493 503 2526 fine
525 2490 605 2524 ossea
631 2490 797 2531 portione.
824 2487 906 2521 Offis
931 2497 1034 2521 autem
1060 2489 1140 2523 olim
1163 2488 1266 2524 futuri
1289 2492 1355 2524 ini-

352 2539 398 2570 tia
421 2538 454 2570 in
478 2535 558 2569 facie
584 2534 733 2566 interiore
757 2531 943 2574 apparebant
967 2533 1091 2567 arteriae
1116 2534 1243 2575 Magnae
1253 2533 1291 2566 ab
1303 2545 1356 2567 ra..

352 2582 413 2615 mis
439 2577 649 2622 superioribus
673 2576 768 2618 usque
791 2574 827 2607 ad
851 2575 1076 2617 Emulgentes.
1102 2577 1149 2610 Ea
1161 2579 1294 2615 arteria,
1319 2579 1353 2610 in

352 2635 485 2668 procero
510 2620 653 2664 alioquin
677 2630 831 2661 corpore,
856 2620 909 2651 vix
933 2619 1075 2661 digitum
1096 2620 1292 2654 craffitudine
1305 2620 1355 2653 su-

351 2667 502 2712 perabat:
525 2674 674 2706 erantque
697 2672 808 2696 caetera
834 2660 1008 2704 sanguisera
1034 2662 1101 2696 vasa
1132 2662 1197 2706 ipsa
1229 2674 1354 2706 quoque

352 2711 562 2754 proportione
585 2705 761 2748 angustiora
773 2727 783 2737 .

397 2765 445 2798 13,
474 2754 523 2785 Ut
546 2751 613 2784 haec
625 2749 766 2783 vasorum
779 2770 787 2786 ‚
799 2748 832 2781 in
845 2747 1000 2790 ejusmodi
1012 2748 1183 2791 praesertim
1195 2759 1328 2790 corpore
1343 2775 1353 2790 ,

352 2807 467 2837 magna
510 2793 649 2838 angustia
694 2794 823 2826 initium
867 2789 994 2826 fortasse
1026 2791 1129 2825 fuerat
1167 2791 1352 2827 morborum

351 2833 520 2877 omnium,
544 2840 590 2870 ita
614 2838 809 2878 pancreatis‚
846 2836 1005 2879 magisque
1029 2835 1179 2870 Duodeni
1213 2837 1351 2869 intestini

351 2884 505 2920 duritiem
527 2881 744 2914 vomitionum
768 2877 856 2912 fuisse
881 2880 1026 2920 causam,
1050 2890 1112 2911 non
1135 2878 1252 2913 dubito
1270 2904 1277 2910 .
1302 2881 1351 2912 Si-

353 2940 389 2961 ve
411 2927 496 2960 enim
518 2923 551 2956 id
575 2922 756 2956 intestinum
786 2933 800 2953 a
824 2923 1046 2965 compressione
1077 2922 1248 2965 stringatur
1276 2947 1283 2960 ‚
1315 2932 1351 2957 ut

352 2972 434 3005 olim
459 2966 685 3001 animadvertit
710 2966 889 3005 Riolanus,
914 2978 1009 3009 quem
1034 2965 1086 2999 hic
1108 2967 1141 2998 in
1166 2966 1350 3008 Sepulchre-

352 3025 391 3048 to
413 3011 576 3046 laudatum
599 3008 718 3042 videbis
742 3012 830 3051 (z),
854 3008 913 3041 five
935 3009 976 3041 ob
999 3008 1168 3042 scirrhosas
1191 3011 1311 3042 tunicas
1325 3008 1353 3042 se

351 3057 485 3092 minime
508 3052 599 3096 poffit
622 3051 854 3092 constringere,
877 3052 1035 3094 oppositas
1058 3050 1146 3085 hasce
1156 3052 1354 3085 causasidem

351 3099 480 3134 effeetus
504 3097 669 3139 sequitur,
691 3104 725 3128 ut
750 3093 896 3136 illapsura
920 3107 957 3127 ex
979 3096 1156 3129 ventriculo
1168 3097 1353 3128 cumminus

353 3144 447 3177 facile
459 3151 511 3176 aut
523 3140 740 3181 excipiantur,
765 3147 817 3171 aut
828 3138 962 3171 ulterius
977 3149 1240 3181 promoveantur,
1263 3149 1351 3171 nem-

352 3198 390 3230 pe
412 3189 445 3218 in
468 3183 648 3217 ventriculo
671 3181 781 3214 restent
806 3181 969 3223 pleraque,
990 3182 1278 3225 ibiquecorrupta,
1302 3190 1354 3216 aut

356 3241 444 3262 mora
467 3228 532 3270 ipsa
555 3227 689 3268 gravia,
713 3227 744 3257 ὅ(
770 3223 896 3257 molesta
920 3225 1084 3266 impellant
1110 3225 1146 3261 ad
1171 3227 1351 3258 vomitum:

352 3272 442 3315 cujus
465 3272 507 3304 rei
533 3269 730 3303 luculentum
753 3267 932 3309 exemplum
956 3270 1052 3301 etiam
1064 3269 1264 3311 prorulirCl.
1279 3268 1353 3300 Mo-

355 3316 497 3348 linellius
519 3312 606 3355 (a).
634 3310 722 3343 Idem
745 3312 937 3352 contingat,
961 3311 1073 3345 necesse
1097 3311 1161 3351 est,
1183 3322 1255 3344 curn
1291 3321 1351 3352 py-

353 3359 439 3393 Iorus
462 3357 552 3391 vitiis
577 3353 714 3389 afficitur
737 3353 984 3397 ejusdemmodi.
1010 3356 1149 3390 Plurima
1172 3364 1275 3389 autem
1298 3352 1353 3386 hic

501 3548 558 3573 Diff-
577 3548 605 3572 de
622 3550 744 3573 Pancroet-
763 3545 847 3571 Morb.
866 3546 890 3577 §.
906 3555 930 3574 4.
992 3548 1006 3577 (
1020 3556 1038 3576 z
1054 3549 1069 3577 )
1085 3546 1165 3573 Schoh
1180 3547 1211 3572 ρὰ
1226 3546 1284 3571 Obs.
1302 3553 1338 3575 ²³-

498 3578 563 3607 Eph.
579 3581 613 3603 N.
631 3580 661 3602 C.
679 3580 751 3603 Cent.
767 3584 787 3605 3.
805 3580 828 3605 ,ἃ
843 3585 867 3606 4.
885 3576 941 3600 ΟΜ.
961 3583 1009 3602 121.
1027 3580 1051 3602 in
1068 3578 1148 3602 Schol-

501 3640 527 3662 Α.
549 3647 608 3667 1711.
630 3640 659 3662 M
688 3639 751 3666 Sept.
769 3645 797 3661 ex
814 3640 897 3661 Dionis
914 3638 1005 3661 Differt.
1066 3638 1129 3667 )s)

508 3669 602 3694 Diiiert.
621 3670 651 3693 de
667 3670 740 3692 Fame
756 3667 851 3692 Letha‘li
866 3669 908 3692 ἔω.
927 3667 949 3696 §.
965 3676 1002 3697 ²9·

1064 3669 1077 3697 (
1093 3669 1136 3698 h)
1153 3671 1188 3693 De
1204 3667 1260 3692 Obs.
1277 3667 1347 3692 Med.
1363 3670 1385 3692 ἃ
1401 3669 1474 3693 Anat.
1491 3668 1561 3697 Epist.
1580 3677 1602 3692 a.
1619 3671 1639 3693 δι
1658 3677 1678 3698 3.

1434 331 1522 364 libro
1545 332 1570 362 I.
1599 331 1679 364 Seet.
1706 333 1763 364 IX.
1786 330 2019 364 Observatione
2041 342 2104 363 non
2136 332 2238 365 solum
2271 333 2426 373 XXXIV.

1432 373 1479 407 sed
1502 372 1651 415 insuper,
1674 372 1990 416 fisubverfionesillas
2014 373 2178 414 attendas,
2200 377 2355 409 XXXIII.
2372 374 2427 408 Inss

1431 426 1478 450 ter
1499 417 1569 449 illas
1592 426 1695 451 autern
1716 428 1793 458 quas
1815 418 1959 450 Sestione
1989 418 2086 450 VIII.
2113 416 2171 451 hac
2203 419 2286 460 leges
2310 440 2319 454 ‚
2350 429 2427 452 cum

1431 460 1469 493 ad
1492 459 1756 493 Observationem
1780 462 1956 502 perveneris
1977 460 2066 494 XXI.
2092 471 2155 493 non
2179 461 2226 493 ita
2247 460 2427 495 dissimilem

1429 503 1557 536 alterius
1579 514 1648 545 quae
1671 513 1689 536 a
1707 503 1832 547 Joanne
1856 503 1984 537 Bohnio
2007 503 2074 543 (b)
2098 503 2162 544 est,
2185 505 2220 536 in
2242 504 2357 545 illaque
2368 514 2427 536 vo-

1428 547 1596 580 mitionem
1619 546 1765 579 ciborum
1788 547 1955 586 omnium,
1979 550 2011 580 &
2035 556 2171 579 mortem
2204 546 2341 589 denique
2374 549 2425 579 in-

1425 599 1473 622 tra
1496 588 1656 623 decimum
1679 588 1766 622 diem
1788 589 1971 625 consecutas
1994 591 2131 623 invenies
2155 588 2425 632 pyloriocclufio-

1425 644 1495 665 nem
1519 644 1533 665 a
1557 643 1688 667 nummo
1708 631 1860 666 devorato
1882 634 2001 675 exiguo
2022 641 2191 675 argente05
2216 635 2318 666 veniet
2352 644 2424 674 pro-

1424 677 1473 710 cul
1498 675 1599 709 dubio
1622 677 1653 709 in
1678 684 1815 709 mentem
1838 678 1959 709 nummi
1982 676 2070 710 illius
2093 677 2230 720 argentei
2253 686 2345 710 tanto
2358 686 2424 708 ma-

1423 719 1503 764 joris
1525 730 1622 762 quem
1644 719 1736 752 solers
1757 718 1936 760 Chirurgus
1957 719 1997 752 du
2014 723 2083 753 'Luc
2104 723 2118 760 (
2139 731 2154 752 c
2175 722 2192 759 )
2213 719 2305 757 inde,
2330 727 2423 761 atque

1423 762 1500 796 adeo
1522 772 1610 795 extra
1633 773 1747 804 corpus
1770 772 1844 796 curn
1868 762 1938 796 aliis
1962 763 2114 804 auxiliis,
2136 773 2207 796 tum
2231 761 2423 805 hydrargyri

1421 806 1595 849 praesertim
1619 809 1648 838 ἃ
1674 804 1810 847 pondere
1833 807 1996 847 urgentis,
2020 808 2052 839 δε
2074 806 2350 849 amalgamatione‚
2384 806 2422 839 ut

1421 848 1576 896 Chymici
1600 849 1794 891 loquuntur,
1816 849 2037 882 imminuentis
2059 848 2199 883 feliciter
2220 849 2423 886 deturbavit,

1423 904 1495 928 cum
1509 904 1572 935 jam
1583 893 1654 925 laevi
1667 891 1702 925 ad
1716 892 1864 934 pylorum
1875 892 2000 925 dolores
2012 891 2194 935 incepiss'ent
2206 904 2278 927 cum
2291 903 2421 925 vomen-

1422 936 1455 969 di
1478 937 1657 970 voluntate.
1683 935 1741 968 Sed
1764 947 1801 968 ne
1824 935 1950 977 longius
1960 935 2050 968 abiis
2064 937 2168 978 pylori
2182 936 2419 978 impedimentis

1419 991 1489 1022 quae
1512 990 1575 1013 non
1600 978 1706 1018 casus,
1731 977 1780 1011 sed
1804 978 1933 1012 morbus
1956 976 2034 1011 facit
2054 1002 2064 1016 ,
2099 978 2272 1018 abeamus3
2304 989 2419 1021 praeter

1420 1022 1667 1056 Observationes
1690 1023 1761 1054 illas
1783 1033 1860 1066 quas
1883 1023 1915 1054 in
1940 1021 2149 1064 Sepulchreto
2184 1024 2418 1058 indicavimus,

1420 1065 1490 1098 aliae
1514 1065 1604 1103 sunt,
1628 1077 1683 1098 nec
1707 1077 1811 1107 paucae
1828 1089 1840 1105 ,
1863 1076 1939 1108 quas
1962 1064 2115 1107 adjicias,
2138 1074 2173 1100 ut
2195 1077 2265 1108 quae
2290 1066 2323 1098 in
2348 1067 2419 1098 Vo-

1421 1108 1594 1142 luminibus
1619 1118 1727 1142 extant
1750 1108 1899 1142 Caesareae
1924 1108 2104 1142 Academiae
2125 1112 2140 1148 (
2162 1108 2183 1141 d
2204 1112 2237 1149 ),
2268 1110 2301 1141 in
2325 1109 2419 1142 Actis

1420 1150 1632 1185 Eruditorum
1656 1150 1866 1193 Lipfienfibus
1889 1152 1977 1194 (e),
2001 1153 2035 1184 in
2058 1154 2267 1185 Commercio
2279 1153 2419 1185 Littera-

1422 1196 1471 1227 rio
1493 1193 1560 1236 (f)
1579 1219 1587 1233 ,
1612 1198 1643 1228 δε
1667 1194 1761 1237 fiquae
1785 1203 1932 1237 praeterea
1957 1195 2025 1228 aliae
2049 1194 2119 1228 sunt
2143 1196 2227 1228 inter
2250 1196 2364 1228 multas
2377 1195 2417 1228 ab

1420 1239 1639 1272 Eruditiffimo
1662 1238 1806 1271 Trillero
1828 1247 2088 1271 commemoratas
2109 1241 2195 1281 (g).
2225 1240 2277 1271 Ex
2298 1238 2418 1280 quibus

1416 1282 1564 1315 omnibus
1588 1280 1873 1315 observationibus
1897 1282 2027 1323 reperies
2052 1282 2175 1324 aliquot
2189 1280 2278 1315 fimul
2295 1292 2328 1313 ea
2339 1291 2419 1313 con-

1416 1324 1573 1358 firmantes
1595 1336 1665 1367 quae
1689 1324 1784 1366 paulo
1807 1334 1877 1357 ante
1902 1325 2067 1366 attigimus
2089 1336 2162 1358 cum
2195 1323 2233 1357 de
2267 1325 2418 1357 Pancrea..

1416 1378 1473 1409 te,
1496 1367 1701 1402 &Duodeno
1723 1366 1872 1401 intestino
1893 1366 2091 1407 diceremus,
2114 1370 2147 1401 δι
2171 1367 2340 1400 nonnullas
2363 1377 2414 1401 et-

1415 1413 1478 1445 iarn
1503 1411 1540 1444 ad
1565 1411 1723 1453 Epistolas
1747 1422 1844 1454 nuper
1867 1410 1904 1444 ad
1927 1419 1958 1443 te
1985 1410 2087 1444 missas
2112 1412 2303 1444 attinentes.
2339 1411 2412 1445 Hu-

1415 1454 1463 1496 jus
1484 1456 1605 1497 generis
1627 1454 1697 1489 sunt
1721 1454 1792 1488 duae
1813 1465 1940 1497 quoque
1961 1456 2161 1488 Cl.Fantoni
2186 1453 2253 1495 (h)
2273 1453 2327 1487 hic
2339 1464 2417 1489 neu-

1414 1500 1539 1541 tiquam
1564 1496 1865 1541 praetermittendae.
1889 1498 1961 1531 Nec
1985 1498 2120 1540 denique
2142 1497 2236 1530 nobis
2268 1496 2379 1531 desunt
2400 1520 2415 1538 ,

1414 1543 1557 1584 quamvis
1579 1552 1642 1576 non
1665 1543 1710 1574 ira
1733 1540 1918 1581 mirabiles,
1941 1550 1977 1574 ut
1999 1541 2064 1583 ejus
2087 1540 2219 1575 secunda
2242 1540 2306 1581 est,
2328 1552 2415 1583 quae-

1413 1585 1486 1619 dam
1511 1585 1600 1620 aliae:
1622 1595 1754 1626 quarum
1777 1594 1870 1618 unam
1892 1594 1966 1617 cum
1989 1584 2131 1627 Epistola
2156 1584 2313 1626 superiore
2337 1584 2415 1617 scri-

1413 1629 1565 1671 pserimus
1586 1629 1663 1669 (i),
1687 1639 1750 1660 non
1774 1626 1828 1660 hic
1852 1627 2037 1662 iterabimus
2060 1641 2071 1660 .-
2108 1628 2238 1667 alteram
2271 1636 2378 1662 autem
2397 1651 2411 1668 ‚

1438 1683 1508 1705 uam
1533 1672 1565 1704 in
1579 1669 1743 1713 Episcopo
1757 1670 1966 1704 Brixienfium
1991 1670 2183 1710 habuimus,
2206 1671 2245 1703 ad
2269 1681 2320 1703 eas
2343 1669 2413 1704 dif-

1430 1717 1544 1747 erimus
1565 1725 1636 1755 quae
1659 1712 1800 1754 spectant
1825 1713 1862 1745 ad
1886 1714 2019 1746 Ventris
2041 1716 2202 1747 Tumores
2225 1714 2314 1753 (¹0³
2348 1723 2413 1746 ter-

1409 1759 1512 1797 tiam,
1536 1756 1699 1790 nobiscum
1723 1755 1763 1788 ab
1786 1755 1911 1790 laudato
1934 1756 2009 1788 alibi
2034 1757 2182 1792 Mariano
2195 1759 2413 1790 communica-

1409 1810 1475 1834 tam
1490 1824 1498 1838 ,
1520 1802 1554 1834 in
1576 1811 1637 1844 qua
1659 1799 1795 1836 calculi,
1820 1801 1853 1832 ὃ(
1874 1799 1971 1832 callus
1996 1799 2078 1832 arete
2102 1798 2179 1833 adeo
2189 1801 2339 1842 pylorum
2351 1801 2412 1833 ob·-

1408 1844 1574 1883 tui-abant,
1599 1853 1635 1876 ut
1659 1853 1695 1874 ne
1721 1853 1737 1874 a
1760 1844 1919 1876 mercurio
1940 1843 2071 1885 quidem
2095 1842 2222 1886 pervadi
2247 1846 2413 1885 potuerit,

1406 1899 1480 1921 cum
1504 1886 1678 1920 absolutam
1700 1886 1934 1927 acceperimus,
1969 1886 2006 1919 ad
2040 1895 2072 1919 te
2105 1888 2270 1919 mittemus
2292 1911 2299 1918 .
2335 1888 2411 1920 Una

1406 1930 1448 1963 est
1469 1942 1539 1974 quae
1563 1940 1626 1963 non
1650 1926 1853 1962 incommode
1875 1927 2010 1969 proferri
2034 1928 2089 1962 hic
2113 1929 2228 1972 poffit,
2253 1930 2411 1963 Bononiae

1408 1972 1519 2007 habita
1542 1974 1584 2006 A.
1613 1983 1703 2016 1703.
1730 1972 1785 2005 sub
1808 1972 1940 2005 initium
1964 1973 2173 2012 Decembris,
2196 1972 2343 2006 consulto
2356 1984 2410 2007 au-

1405 2026 1471 2050 tem
1495 2016 1532 2050 ad
1557 2015 1641 2050 hunc
1666 2016 1773 2048 locum
1798 2014 1913 2048 servata
1931 2038 1942 2055 ,
1966 2026 2039 2050 cum
2064 2017 2128 2049 alio
2150 2017 2244 2049 etiam
2257 2026 2294 2049 ex
2318 2025 2409 2058 parte

1405 2061 1514 2102 aliqua
1536 2057 1751 2099 convenisset,
1775 2067 1811 2092 ut
1843 2069 1881 2091 ex
1913 2058 2062 2101 pulsuum
2092 2058 2285 2092 obscuritate
2312 2060 2409 2093 intel-

1406 2103 1485 2146 liges
1506 2101 1679 2145 conjunsta
1700 2113 1774 2137 cum
1799 2101 1917 2134 summa
1941 2100 2091 2136 fibrarum
2113 2102 2219 2136 cordis
2250 2102 2409 2136 laxitate..

1448 2157 1496 2190 14.
1521 2145 1798 2180 SACERDOTI
1822 2155 1860 2178 ex
1883 2145 2013 2187 Inclyto
2037 2145 2162 2179 Ordine
2199 2147 2229 2179 S.
2251 2146 2408 2189 Augusti-

1403 2191 1460 2228 ni,
1482 2188 1570 2232 cujus
1605 2199 1718 2222 nomen
1742 2190 1826 2222 inter
1849 2188 1959 2222 Sacros
1982 2190 2139 2222 Oratores
2161 2200 2222 2222 non
2246 2198 2314 2223 erat
2346 2191 2406 2223 ob-

1404 2233 1553 2273 scurum,
1577 2231 1701 2274 aliquot
1726 2243 1821 2265 annos
1846 2241 1921 2265 nato
1945 2231 2035 2274 supra
2057 2233 2267 2275 quadraginta
2291 2256 2300 2270 ‚
2336 2232 2407 2275 post

1404 2275 1503 2310 studia
1518 2302 1527 2316 ‚
1551 2276 1689 2312 itinera,
1713 2275 1834 2308 labores
1860 2275 1939 2308 alios
1961 2285 2101 2318 coeperat
2125 2287 2188 2308 non
2212 2277 2258 2310 ita
2293 2277 2403 2310 multis

1405 2328 1475 2352 ante
1500 2317 1654 2352 mensibus
1676 2318 1776 2351 tenfio
1799 2318 1942 2361 quaedam
1966 2320 2085 2362 percipi
2110 2318 2149 2354 ad
2170 2318 2333 2354 dexterum
2347 2320 2422 2363 hy·-

1402 2361 1655 2406 pochondrium.
1680 2360 1816 2394 Access'it
1837 2361 1950 2394 deinde
1974 2361 2117 2404 frequens
2141 2365 2282 2397 vomitus
2312 2364 2426 2406 quar-‘

1402 2416 1434 2439 ta
1458 2418 1473 2438 a
1496 2404 1625 2447 sumpto
1646 2404 1722 2437 cibo
1746 2404 1843 2437 hora.
1868 2405 1938 2437 Alia
1950 2404 2094 2449 deinceps
2107 2406 2212 2440 addita
2227 2407 2405 2441 sunt-No-

1403 2448 1529 2482 viffimis
1552 2448 1686 2490 denique
1708 2448 1814 2480 morbi
1846 2446 2054 2481 hebdomadis
2091 2451 2136 2482 ita
2169 2462 2214 2484 res
2244 2450 2273 2483 se
2306 2449 2405 2482 habe-

1403 2492 1500 2525 bant.
1525 2493 1563 2524 In
1587 2501 1693 2524 ventre
1717 2501 1827 2533 magna
1850 2490 2006 2531 durities,
2029 2493 2061 2524 in
2085 2492 2216 2526 dextero
2228 2502 2331 2527 autem
2343 2493 2404 2534 hy.

1404 2533 1608 2578 pochondrio
1631 2535 1791 2572 maxima3
1815 2533 1866 2566 sed
1889 2534 2017 2573 nullus,
2040 2534 2062 2567 fi
2096 2547 2245 2577 premeres
2268 2560 2276 2574 ,
2309 2537 2404 2569 dolor

1404 2579 1459 2622 qui
1482 2587 1594 2611 contra
1618 2589 1671 2620 per
1697 2576 1724 2609 se
1746 2576 1927 2614 oriebatur,
1951 2580 1980 2610 ἃ
2015 2579 2143 2613 acerbus
2171 2579 2303 2620 quidem
2323 2603 2335 2619 ,
2369 2580 2404 2612 in

1406 2623 1507 2655 altero
1530 2618 1780 2663 hypochondrio
1803 2620 1879 2653 hora
1902 2619 2113 2655 confectionis
2137 2622 2285 2656 ciborum
2302 2648 2310 2655 .
2337 2624 2403 2657 Re-

1405 2664 1574 2707 ]'iciebatur
1597 2663 1713 2696 humor
1736 2663 1910 2706 aliquando
1930 2664 2036 2697 colore
2060 2664 2197 2699 infefius
2230 2665 2316 2709 quasi
2351 2674 2403 2699 ta-

1404 2707 1491 2741 bacci
1512 2731 1524 2748 ,
1567 2708 1642 2740 alias
1684 2707 1790 2740 multo
1836 2707 1933 2748 magis
1977 2706 2066 2740 fusco
2095 2733 2106 2748 ,
2159 2719 2251 2752 atque
2293 2719 2369 2744 atro
2389 2732 2403 2750 ,

1405 2752 1480 2785 alias
1502 2752 1614 2790 vario,
1638 2753 1670 2783 δέ
1694 2752 1830 2783 maxima
1853 2762 1891 2782 ex
1914 2760 2001 2792 parte
2025 2751 2063 2783 ab
2085 2751 2134 2785 his
2157 2751 2280 2785 diverso
2303 2764 2310 2784 :
2348 2763 2404 2785 nec

1404 2795 1530 2829 deerant
1554 2795 1609 2837 qui
1633 2792 1798 2833 dicerent,
1820 2792 1847 2826 se
1871 2805 1933 2826 non
1956 2793 2081 2827 mucosa
2104 2805 2252 2836 tantum,
2274 2806 2310 2830 ut
2324 2797 2401 2834 alii,

1405 2838 1453 2871 sed
1477 2841 1509 2871 δε
1532 2836 1674 2880 quaedam
1697 2835 1782 2879 quasi
1806 2847 1944 2869 ramenta
1978 2837 2263 2873 membranularurn
2294 2842 2328 2872 in
2362 2851 2403 2873 eo

1402 2880 1535 2915 humore
1558 2878 1827 2912 animadvertisse.
1852 2880 1898 2911 Hi
1921 2880 1962 2912 ob
1987 2879 2065 2913 hanc
2088 2884 2183 2915 etiam
2217 2882 2339 2916 causam
2361 2883 2401 2917 ab

1402 2925 1497 2958 resina
1520 2923 1734 2956 terebinthina
1758 2934 1820 2955 non
1843 2921 1900 2955 effe
1923 2933 2035 2957 temere
2059 2924 2302 2963 discedendum,
2340 2926 2404 2969 aje-

1401 2968 1500 3006 bant,
1524 2979 1592 3009 quae
1616 2978 1674 2999 una
1709 2966 1746 3012 ab
1777 2965 1941 2999 stomacho
1973 2969 2165 3003 retinebatur
2192 2992 2200 3006 ‚
2244 2981 2317 3004 cum
2352 2981 2401 3003 re-

1404 3011 1505 3045 media
1535 3019 1644 3043 caetera
1678 3011 1878 3050 rejicerentur
1904 3033 1910 3038 .
1948 3012 2063 3045 pilulas
2086 3022 2191 3046 autem
2237 3013 2401 3055 improba-

1404 3056 1504 3094 bant,
1527 3054 1653 3092 aloem,
1676 3053 1798 3094 gummi
1821 3064 2079 3095 ammomacum,
2103 3058 2136 3089 &
2159 3065 2340 3095 tartarum,
2364 3065 2401 3091 ut

1403 3105 1535 3132 vocant,
1560 3097 1763 3129 vitriolatum
1787 3094 1952 3134 habentes,
1978 3108 2053 3140 quas
2078 3100 2155 3132 alter
2168 3100 2313 3133 Medicus
2326 3111 2401 3142 pro-

1408 3140 1547 3183 ponebat
1565 3165 1573 3178 ‚
1597 3150 1676 3182 :eger
1700 3147 1803 3184 autern
1820 3164 1829 3178 ,
1852 3140 1885 3171 in
1908 3138 2167 3183 dejectionibus,
2193 3152 2229 3176 ut
2260 3144 2400 3185 plerique

1407 3184 1530 3224 solent,
1552 3193 1697 3225 magnam
1721 3184 1804 3224 spem
1829 3193 1969 3224 ponens,
1993 3185 2206 3228 praeoptabat.
2238 3187 2304 3220 His
2338 3188 2400 3228 igi-

1406 3237 1460 3261 tur
1482 3227 1638 3269 sumptis,
1660 3227 1812 3258 immanes
1835 3226 1944 3260 securae
1968 3227 2038 3261 sunt
2062 3230 2274 3268 vomitiones,
2308 3239 2399 3272 atque

1402 3271 1474 3304 inde
1498 3282 1536 3302 ex
1560 3270 1649 3301 malis
1675 3280 1719 3301 res
1742 3268 1808 3302 fieri
1835 3270 1937 3302 multo
1983 3271 2156 3306 deteriores
2198 3282 2363 3314 coeperunt
2387 3297 2397 3307 .

1402 3315 1490 3348 Nam
1513 3312 1617 3354 pulsus
1639 3312 1787 3346 obscurus
1811 3321 1898 3345 antea
1911 3336 1922 3353 ‚
1946 3314 2177 3349 obscuriffimus
2200 3315 2299 3349 faetus
2312 3338 2324 3355 ,
2353 3315 2399 3349 fe-

1403 3357 1468 3391 bris
1490 3356 1614 3398 lipyriae
1637 3354 1749 3389 fimilis
1764 3369 1773 3387 .·
1796 3357 1894 3390 urinae
1918 3358 2005 3392 velut
2028 3358 2231 3392 ictericorum
2246 3384 2253 3390 .
2288 3361 2398 3401 Itaque

2274 3410 2358 3435 intra

1399 3548 1413 3576 (
1429 3555 1444 3571 a
1461 3546 1470 3576 )
1486 3548 1626 3572 Comment.
1643 3548 1672 3571 de
1688 3549 1782 3573 Bonon.
1801 3550 1839 3573 Sc.
1859 3548 1934 3573 Acad.
1951 3551 1982 3574 T.
1992 3558 2014 3574 a.
2030 3552 2057 3575 P.
2076 3558 2094 3575 i.
2111 3551 2173 3576 inter
2189 3551 2286 3576 Medica
2301 3551 2358 3578 obs.
2377 3558 2398 3577 1.

1211 3577 1219 3605 (
1237 3585 1248 3601 c
1263 3578 1277 3605 )
1294 3577 1353 3600 Hist.
1369 3576 1397 3601 de
1413 3577 1515 3601 l'Acad.
1532 3580 1560 3601 R.
1578 3578 1624 3602 des.
1644 3580 1681 3602 Se.
1700 3581 1727 3602 Α.
1747 3588 1811 3609 17⁴0.
1832 3579 1890 3603 Obs.
1907 3583 1981 3604 Anat.
1998 3588 2023 3610 4.

412 3552 426 3576 ι
438 3556 455 3578 y
470 3549 484 3577 )

413 3579 486 3637 ((Ξὶ)
503 3611 570 3633 cent.
588 3618 610 3637 7.
629 3608 682 3632 Obs
706 3610 743 3636 87.
760 3608 784 3631 Bt
800 3609 869 3631 Cent.
887 3608 909 3630 8.
927 3607 984 3630 Obs.
1002 3616 1039 3632 ιο.
1055 3611 1078 3633 82
1095 3611 1166 3632 cent.
1183 3616 1220 3633 ιο.
1238 3608 1297 3631 Obs.
1319 3615 1351 3630 ιο.
1368 3609 1389 3631 8ι
1407 3607 1460 3632 Ast.
1477 3609 1507 3632 T.
1524 3616 1547 3635 4.
1570 3608 1627 3631 Obs.
1646 3616 1696 3637 1⁰7-
1713 3612 1734 3634 ἃ
1753 3619 1801 3639 ¹53·
1819 3610 1841 3633 δε
1858 3612 1888 3634 T.
1906 3614 1928 3634 6.
1946 3611 2008 3636 Obs.
2026 3619 2082 3641 151·

415 3639 490 3699 ἓὲζ
1148 3640 1174 3661 Α.
1196 3645 1260 3665 ¹7⁴3-
1279 3638 1355 3661 Hebd.
1374 3642 1410 3661 ¹6.
1428 3646 1450 3661 n.
1468 3647 1490 3662 2.
1509 3646 1563 3662 cum
1582 3638 1656 3663 Hebd.
1674 3647 1707 3669 ¹7-
1725 3649 1745 3664 n.
1766 3649 1785 3663 ι.

1738 3671 1746 3700 (
1768 3672 1777 3693 i
1794 3671 1805 3700 )
1821 3678 1844 3694 n.
1863 3673 1886 3694 6.
1946 3671 1991 3701 (k
2006 3671 2021 3701 )
2037 3671 2108 3700 Epist.
2126 3679 2161 3701 39.
2182 3680 2204 3696 n.
2222 3681 2258 3697 ιι.
2278 3675 2299 3697 δι
2318 3673 2378 3703 seqq.
