2498 4075
483 259 635 325 Epist.
670 260 833 313 Anat.
867 256 1085 314 Medica
1117 257 1283 313 Lvu.
1319 257 1443 312 Art.
1485 231 1721 316 izin&
1744 267 1815 319 14.

95 339 261 374 noviffime
284 339 348 375 sine
368 340 515 383 corporis
537 338 680 381 agitante
703 338 932 373 exercitatione
941 338 1092 375 duc'tam,

94 392 146 417 tot
170 384 224 416 illa
248 395 320 426 quae
346 393 459 425 praeter
492 391 637 416 naturam
669 383 703 416 in
736 390 844 415 ventre
876 380 1091 423 deprehende-

95 436 190 461 runt.
215 427 304 460 Nam
327 429 469 469 primum
491 426 688 459 ventriculus
711 423 788 459 adeo
812 425 923 463 laxus,
954 424 1089 458 tunicis..

89 481 153 512 que
176 470 254 503 adeo
277 470 459 504 extenuatis
480 468 578 511 probe
599 466 753 502 conficere
777 469 930 501 alimenta
954 478 1018 500 non
1029 480 1090 510 po-

93 523 178 546 terat
203 539 211 546 .
248 514 338 547 Turn
360 512 475 548 deinde
498 522 555 545 nec
588 511 738 546 intestina
773 520 921 552 poterant
953 510 1088 553 chylum

92 556 242 598 perficere
261 578 274 595 ,
317 559 351 590 in
396 566 468 598 quae
512 554 599 588 nulla
641 554 708 596 jam
751 554 827 588 bilis
871 565 889 588 e
922 554 1002 595 cysti
1036 555 1088 587 in-

86 598 208 634 flueret
222 623 234 638 ,
257 611 273 633 a
295 610 443 641 ternpore
467 607 575 632 autem
600 598 700 639 longo
722 608 780 630 nec
805 597 888 631 bona
904 622 912 636 ,
934 601 966 630 &
989 608 1087 640 pauca

86 642 293 683 influxisset,
315 652 454 685 quorum
477 642 557 675 illud
582 651 646 674 non
671 651 784 682 parvus
808 640 917 675 felleus
928 641 1086 678 calculus,

87 686 150 720 hoc
176 696 282 720 autern
303 686 399 728 cystis
421 686 582 726 parvitas,
607 686 639 716 &
660 683 813 718 diuturna
837 684 900 717 alvi
925 683 1087 717 adstrifflo

86 728 292 771 significant.-
315 740 387 772 quae
411 728 477 771 ipsa
501 728 664 762 adslriastio
686 726 888 769 repurgando
898 726 952 761 illa
967 738 1004 760 ex
1014 737 1086 767 par-

86 780 119 805 te
142 772 290 815 sanguini
313 782 412 814 quam
434 770 652 805 adversaretur
673 793 686 810 ,
717 769 875 812 intelligis
897 794 905 802 .
938 771 1088 812 Denique

85 817 239 858 purgatio
256 842 265 856 ‚
288 827 352 858 qua
374 812 398 848 si
422 814 526 853 ullus,
550 813 675 857 sanguis
695 822 780 847 certe
801 812 960 855 ejusmodi
985 813 1090 847 maxi-

87 870 137 893 me
161 858 328 900 indigebat
351 880 361 895 ‚
394 869 469 892 cum
493 868 549 899 per
571 866 679 891 cutem
701 856 900 898 potiffimum
924 879 934 894 ,
966 859 998 890 &
1031 866 1088 898 per

85 914 172 937 renes
194 903 272 941 fiat3
297 912 354 944 per
375 910 483 934 cutem
507 899 583 938 hic,
605 899 787 943 quiescente
809 910 944 940 corpore
959 899 1087 935 ,minus

87 945 207 984 fiebam
230 957 284 988 per
296 955 384 978 renes
397 954 505 977 autem
518 953 667 986 gravatos
677 942 757 976 adeo
770 966 780 981 ,
791 946 822 976 &
834 953 873 976 ex
885 953 975 984 parte
985 943 1086 975 callo-

87 988 138 1022 sos
160 990 233 1031 quis
254 988 328 1022 satis
351 987 431 1021 bene
450 986 510 1021 esse
520 985 662 1026 factam,
684 990 803 1029 putet?
829 985 900 1019 Nec
913 997 963 1019 me
974 985 1061 1027 fugit
1075 1006 1086 1022 ‚

89 1033 149 1074 qui
166 1030 347 1066 reicausarn
369 1030 529 1073 quandam
554 1029 662 1072 alibi(
668 1031 989 1068 o)memoraverim,
1012 1029 1088 1061 &in

89 1073 193 1109 obesis
217 1072 394 1117 praesertim
417 1074 699 1112 confirmaverim;
722 1082 780 1106 nec
801 1083 890 1112 πη,
922 1074 1052 1114 inquam
1075 1093 1089 1111 ,

89 1116 196 1160 fugit,
220 1126 256 1151 ut
280 1117 360 1159 saepe
382 1128 494 1151 renum
515 1116 631 1150 calculi
656 1126 732 1150 cum
754 1115 931 1149 arthritide
953 1113 1088 1155 conjun-

89 1171 230 1203 gantur;
255 1161 323 1194 imo
344 1160 389 1194 ob
411 1159 471 1194 hos
492 1171 623 1203 quoque
645 1157 890 1194 arthriticorum
904 1157 1090 1200 sanguinem

88 1206 195 1239 minus
218 1204 393 1246 expurgari
417 1226 427 1241 ‚
461 1205 493 1237 &
515 1202 558 1236 sic
581 1201 763 1237 arthritidis
785 1203 952 1237 materiam
966 1203 1090 1243 augeri.

86 1248 205 1291 Neque
228 1255 334 1280 tamen
358 1246 435 1280 hinc
459 1245 603 1286 inferas,
635 1245 733 1279 velim
756 1266 766 1283 ‚
800 1246 834 1280 in
865 1246 907 1281 iis
937 1244 1090 1278 omnibus

89 1290 171 1326 hanc
196 1292 302 1324 minus
324 1289 410 1333 posse
433 1290 471 1323 ad
494 1290 649 1323 articulos
672 1288 831 1331 propelli,
856 1298 911 1323 aut
943 1287 966 1322 si
1003 1286 1088 1322 forte

86 1335 129 1369 ab
150 1334 202 1369 his
225 1335 315 1368 intro
337 1332 463 1368 cefferit
488 1357 497 1371 ,
527 1344 592 1366 non
617 1331 705 1375 posse
728 1331 768 1366 ad
791 1332 946 1366 articulos
957 1342 1089 1366 revoca-

85 1380 115 1412 ri
140 1403 149 1411 .
187 1378 281 1423 Qin
304 1377 460 1416 memini,
486 1376 633 1411 Senatori
657 1375 707 1408 isli
731 1373 927 1410 Bononiensi
950 1375 990 1409 de
1020 1386 1090 1418 quo

83 1421 178 1464 supra
200 1425 214 1462 (
233 1430 257 1463 p
278 1424 291 1460 )
317 1420 498 1455 indicatum
520 1421 566 1454 est
587 1442 602 1459 ,
631 1419 765 1454 calculis
786 1430 918 1463 quoque
940 1429 1052 1453 renum
1075 1440 1087 1455 ‚

86 1474 204 1508 praeter
240 1462 448 1498 arthritidem
470 1486 482 1502 ,
514 1462 658 1497 exercito
681 1484 692 1501 ‚
723 1473 800 1497 cum
833 1461 919 1496 forte
955 1462 995 1496 ab
1027 1461 1088 1495 hac

85 1519 210 1553 genua,
236 1509 268 1541 δε
292 1518 404 1543 manus
427 1506 700 1546 intumescerent,
721 1514 854 1548 repente
877 1514 986 1540 autem
1010 1515 1090 1538 mox

87 1556 222 1591 mmor,
242 1553 274 1584 ἃ
296 1551 394 1584 dolor
417 1549 481 1584 sine
514 1547 683 1584 manifesta
705 1548 798 1583 causa
837 1559 916 1591 pene
946 1560 985 1582 ex
1018 1558 1091 1581 toto

89 1594 341 1634 evanescerent,
365 1597 398 1627 &
435 1602 569 1628 terreret
599 1602 710 1626 omnes
747 1592 915 1634 insequens
949 1591 1091 1634 spirandi

84 1637 257 1673 difficultas
281 1653 290 1676 3
328 1637 485 1676 memini,
507 1638 662 1678 inquam,
687 1646 743 1679 per
765 1635 874 1669 eadem
896 1644 1005 1669 tamen
1016 1635 1092 1676 qui-

83 1681 143 1716 bus
166 1683 219 1716 hic
242 1692 299 1713 nos
322 1679 434 1714 frustra
459 1680 507 1713 usi
538 1678 646 1712 sumus
667 1699 678 1714 ‚
711 1688 892 1720 peccantem
925 1679 1093 1712 materiam

85 1726 126 1759 ab
150 1725 330 1760 Albertino
353 1722 445 1756 fuisse
470 1722 507 1756 ad
531 1721 686 1756 articulos
707 1731 893 1763 revocatam
920 1749 929 1757 .
962 1721 1093 1755 Scilicet

88 1779 191 1811 neque
214 1777 289 1802 aetas
312 1766 423 1800 eadem
438 1789 450 1806 ‚
475 1777 577 1809 neque
612 1775 734 1798 moeror
758 1787 768 1802 ,
800 1776 903 1807 neque
936 1764 1060 1799 cerebri
1082 1785 1093 1801 ‚

90 1822 195 1855 neque
219 1811 350 1852 Magnae
373 1810 500 1843 arteriae
523 1809 606 1841 vitia
629 1807 698 1840 illic
722 1817 834 1841 erant:
866 1809 1093 1851 &quanquam

87 1855 203 1889 calculi
226 1856 284 1897 qui
309 1853 443 1888 subinde
467 1850 719 1885 excernebantur
741 1874 753 1892 ,
784 1861 848 1885 non
862 1850 1013 1887 deerant3
1029 1860 1095 1884 non

84 1906 178 1975 erardt‘
203 1907 309 1932 tamen
333 1906 408 1931 cum
431 1893 482 1930 his
505 1894 544 1929 de
565 1894 685 1938 quibus
720 1893 889 1938 loquimur
910 1916 922 1934 ‚
960 1904 1096 1937 compa-

85 1953 143 1976 ran
169 1952 204 1976 1.
827 1962 829 1965 ·

133 1995 181 2019 12.
206 1984 296 2018 Nam
320 1984 464 2027 primum
485 1981 601 2018 coralii
624 1980 765 2017 formam
804 1981 840 2018 hi
874 1980 1057 2017 referebant
1085 2005 1093 2014 .

84 2029 182 2069 Quod
206 2025 440 2062 attendendum
472 2037 489 2061 a
521 2036 554 2060 te
585 2024 627 2060 est
658 2036 723 2059 non
759 2033 828 2060 tam
861 2035 899 2059 ut
930 2026 1057 2059 mireris
1080 2047 1095 2065 ‚

87 2083 185 2114 quam
218 2080 255 2106 ut
292 2082 405 2105 eorum
438 2069 562 2106 causam
585 2094 596 2110 ,
615 2067 842 2113 -effeffitumque
873 2069 1049 2112 cognoscas
1085 2090 1094 2100 .

86 2116 188 2158 Leges
211 2116 299 2149 enim
324 2116 357 2147 in
384 2111 594 2157 Sepulchreto
615 2134 627 2151 ,
649 2110 708 2146 esse
729 2111 941 2155 deprehensos
963 2113 997 2146 in
1021 2122 1097 2145 rene

83 2158 226 2193 calculos
248 2159 306 2200 qui
331 2159 431 2191 muris
453 2157 630 2198 imaginem
651 2155 670 2230 f
688 2158 763 2197 qr),
789 2156 908 2191 nedum
943 2156 1002 2199 qui
1034 2166 1095 2189 co-

84 2203 158 2236 ralii
180 2204 194 2241 <
217 2213 232 2234 r
255 2205 266 2240 )
289 2199 551 2243 repraesentarent
566 2223 575 2232 .
599 2199 649 2232 Eu
664 2197 788 2233 sachius
812 2208 921 2234 autem
943 2200 1002 2242 qui
1025 2198 1092 2241 pri-

85 2256 172 2281 mam
195 2244 261 2279 fere
284 2245 435 2278 omnium
468 2240 686 2289 coraliformis
721 2243 839 2277 calculi
870 2241 1092 2277 Observatio-

83 2301 158 2324 nem
181 2287 350 2331 proposuit
374 2309 384 2326 ‚
420 2287 494 2321 satis
515 2284 675 2327 eJusmodi
706 2285 817 2328 figurae
848 2287 974 2320 causam
1006 2285 1094 2319 indi-

105 2334 171 2366 avit
194 2335 208 2370 ζ
224 2332 247 2376 s
264 2335 274 2370 )
300 2357 308 2366 .
341 2331 519 2365 Secundum
541 2339 638 2371 quam
662 2327 927 2363 Piccolhominus
949 2331 1012 2373 (t)
1035 2340 1095 2372 po-

82 2345 147 2410 ssea
173 2376 273 2409 muris
296 2385 426 2418 quoque
448 2372 591 2408 formam
614 2374 648 2405 in
681 2371 807 2406 calculo
842 2373 1017 2416 explicavit
1055 2373 1096 2406 ab

85 2421 115 2453 se
137 2419 318 2461 descripto.
343 2417 447 2459 Cujus
469 2416 637 2453 historiam
662 2415 685 2448 si
709 2427 748 2449 ex
781 2414 851 2458 ipso
888 2417 1033 2451 Austore
1055 2417 1091 2450 in

85 2463 331 2506 Sepulchretum
357 2459 464 2494 suisset
482 2460 580 2495 relata
606 2471 619 2498 3
650 2459 787 2493 lestores
811 2459 881 2501 post
904 2470 976 2501 quae
1000 2459 1091 2502 sym-

85 2515 233 2549 ptomata
256 2514 402 2549 repertus
424 2502 524 2544 esset,
546 2514 612 2537 non
643 2504 831 2545 ignorarent
854 2528 864 2538 .
898 2503 1006 2545 Igitur
1052 2511 1088 2537 ut

84 2550 283 2585 calculorum
304 2548 437 2583 materia
460 2549 495 2580 in
519 2547 624 2588 pelvi,
657 2546 820 2588 initioque
852 2547 987 2580 ureteris
1018 2546 1090 2580 sub-

86 2594 193 2633 fistit3
217 2593 259 2627 sic
282 2594 316 2626 in
341 2603 411 2625 eam
434 2590 572 2634 figuram
595 2589 825 2624 conformatur
854 2600 927 2632 quae
959 2600 1088 2631 corpus,

85 2640 117 2671 &
139 2647 237 2681 caput
262 2637 383 2675 muris,
406 2646 459 2669 aut
482 2646 556 2676 quae
577 2633 742 2668 caudicem
764 2632 877 2667 coralii
901 2631 999 2667 refert
1021 2645 1031 2666 .·
1053 2641 1091 2666 ut

86 2685 164 2714 vero
188 2680 281 2714 simul
305 2682 339 2712 in
362 2678 482 2712 tabulis
504 2679 562 2719 qui
584 2678 618 2712 in
642 2676 763 2720 pelvim
795 2674 973 2711 confluunt
997 2697 1008 2714 ‚
1043 2677 1091 2710 ita

85 2725 221 2758 caudam
246 2724 367 2759 muris,
390 2725 420 2756 δι
442 2721 560 2761 tibias,
584 2731 639 2755 aut
660 2731 774 2754 ramos*
790 2719 905 2753 coralii
919 2718 1094 2762 repraesen-

87 2776 160 2801 tant
185 2791 193 2798 .
226 2765 369 2800 Obseffis
391 2774 501 2798 autem
523 2765 563 2798 ab
586 2762 746 2807 ejusmodi
769 2762 891 2797 calculo
915 2761 1095 2805 plerisque,

87 2819 144 2845 aut
168 2809 321 2844 omnibus
344 2818 423 2850 quas
446 2808 688 2841 nominavimus
710 2830 720 2846 ,
754 2808 855 2842 urinae
878 2807 940 2839 viis
960 2827 970 2843 ‚
1002 2817 1094 2839 com-

88 2852 257 2898 preffisque
281 2851 427 2885 minimis
451 2851 587 2892 attiguis
609 2850 831 2885 instrumentis
853 2859 906 2892 per
928 2859 999 2890 quae
1031 2849 1097 2892 ipsa

88 2909 106 2931 a
129 2897 283 2940 sanguine
306 2894 486 2938 separatur,
509 2894 580 2928 sane
598 2892 779 2935 intelligis,
802 2902 839 2927 ut
862 2891 930 2934 ejus
954 2891 1098 2932 secretio,

90 2950 185 2984 atque
207 2939 350 2972 excretio
371 2939 474 2971 minui
496 2937 656 2976 debeant,
681 2945 736 2970 aut
758 2935 826 2970 haec
858 2938 956 2969 etiam
989 2936 1097 2968 omni-

88 2995 134 3018 no
157 2983 309 3025 intercipi
336 3006 346 3022 ,
378 2984 410 3014 &
435 2981 494 3016 nisi
518 2981 559 3014 ab
582 2988 696 3014 natura
719 3002 729 3018 ‚
762 2988 818 3013 aut
841 2979 882 3012 ab
905 2988 971 3012 arte
995 3003 1005 3019 ,
1039 2987 1096 3012 aut

89 3027 130 3062 ab
152 3036 287 3070 utraque
310 3024 433 3058 feratur
456 3025 638 3064 auxilium,
661 3024 806 3066 incipere
828 3019 975 3065 hydrops
998 3021 1091 3061 sieri,

91 3080 146 3106 aut
170 3081 285 3112 magna
308 3068 369 3102 alia
391 3068 471 3102 oriri
495 3078 578 3102 noxa
602 3092 612 3101 .
643 3066 748 3102 Vides
771 3065 898 3108 igitur,
922 3064 1006 3099 unde
1038 3076 1091 3098 na.

91 3115 136 3149 sci
158 3114 303 3157 hydrops
324 3110 470 3154 coepisset
494 3113 531 3145 in
551 3109 721 3154 proposito
741 3108 1006 3144 Eminentiffimo
1028 3109 1094 3142 Vi-

88 3170 127 3192 ro
150 3178 160 3195 ‚
192 3167 267 3192 cum
291 3165 338 3188 ars
361 3155 503 3189 remedio
527 3152 704 3195 praevalido
726 3152 847 3188 lotium
869 3162 1007 3194 urgens,
1023 3162 1091 3194 par.⁴

89 3203 152 3236 tim
177 3197 312 3234 obsessas
337 3198 404 3231 vias
427 3197 578 3232 nonnihil
601 3196 788 3239 expedivit,
812 3196 948 3238 partim
980 3205 1057 3229 vero
1082 3220 1093 3235 ,

92 3244 191 3287 idque
215 3240 413 3286 potissimum
435 3264 448 3281 ,
481 3240 617 3275 necdum
639 3239 776 3274 obsessas
813 3248 928 3282 praeter
960 3238 1102 3281 modurn*

89 3288 241 3322 dilatavit
263 3308 279 3326 ‚
307 3294 345 3318 ut
367 3285 460 3318 urina
484 3309 494 3323 ‚
529 3286 560 3318 &
581 3293 651 3317 turn
675 3281 808 3326 copiose
824 3308 834 3322 ,
873 3285 905 3315 δι
928 3281 1032 3323 postea
1054 3280 1097 3315 sic

90 3331 164 3366 satis
188 3329 357 3367 efflueret,
384 3327 557 3370 adjuvante
579 3336 693 3361 natura
716 3338 786 3369 quae
811 3326 1001 3362 materia-m,
1037 3335 1098 3357 no-

92 3385 150 3408 vos
172 3383 278 3417 ramos
300 3372 432 3405 calculis
455 3370 660 3406 addituram,
683 3371 794 3413 saepius
814 3367 931 3403 deinde
948 3393 956 3407 ,
989 3370 1097 3401 &rna-

92 3418 156 3461 jori
179 3418 273 3459 copia
298 3415 337 3449 ad
362 3415 515 3448 articulos
539 3414 742 3448 amandavit.
768 3413 826 3446 Sed
850 3420 886 3446 ut
910 3411 1017 3445 tubuli
1039 3411 1098 3444 ali-

93 3469 176 3503 quot
201 3463 232 3493 &
268 3457 393 3500 patuli,
417 3459 449 3490 &
470 3457 600 3490 latiores
623 3457 738 3490 servati
761 3456 848 3494 sint3
872 3456 978 3497 plures
990 3463 1098 3487 tamen

92 3504 225 3538 inutiles
248 3502 386 3535 omnino
408 3499 570 3534 restabant
593 3500 793 3533 calculorum
815 3499 910 3532 ramis
933 3499 1019 3540 pleni
1044 3509 1099 3539 pe-

92 3550 181 3582 nitus
195 3570 206 3586 ,
229 3555 326 3586 atque
347 3543 519 3587 impediti:
541 3545 572 3576 &
588 3567 597 3581 .
619 3542 707 3584 quod
739 3543 841 3584 magis
874 3540 1102 3585 attendendum

93 3590 160 3632 est,
186 3589 314 3624 inutilis
337 3599 467 3630 quoque
491 3586 625 3620 restabat
648 3586 794 3628 proxime
828 3586 903 3627 ipsis
925 3586 1102 3625 circumje-

182 3631 346 3675 Morgagni
357 3633 391 3664 de
403 3632 470 3665 sed.
482 3630 525 3663 Φ
535 3628 624 3671 Caus.
636 3628 739 3663 Morb.
755 3629 854 3662 Tom.
866 3629 913 3660 ΙΙ,

1142 334 1193 371 &a
1216 348 1327 371 renum
1351 336 1539 375 substantia,
1559 332 1641 367 dura
1662 343 1737 367 cum
1760 331 1858 375 ipsis,
1884 331 1916 363 &
1948 331 2065 364 callosa
2094 330 2138 363 ‘ab

1142 381 1255 415 assidua
1278 379 1503 422 compreffione
1525 376 1669 412 reddita.
1693 376 1777 417 Qae
1801 386 1849 408 res
1885 373 2040 409 efficiebat
2061 398 2070 412 ‚
2101 382 2138 406 ut

1142 435 1180 457 ne
1204 435 1220 456 a
1245 425 1385 456 maxima
1418 421 1551 464 quidem
1580 420 1726 461 corporis
1759 416 1960 452 concussione
1993 416 2138 450 molestia

1141 466 1205 504 ulla
1231 469 1445 508 perciperetur
1468 466 1501 498 in
1523 463 1672 501 renibus,
1696 462 1870 504 praes'ertim
1902 471 1974 495 cum
2007 459 2140 493 arffisii-

1139 522 1191 544 rna
1214 510 1405 543 tubulorum
1429 507 1466 542 ad
1490 517 1595 541 ramos
1627 504 1826 539 calculorum
1860 503 1994 538 adhaefio
2029 514 2065 535 ne
2102 501 2138 534 hi

1139 553 1338 596 agitarentur
1361 574 1372 590 ,
1394 550 1551 594 praestaret
1567 572 1579 589 ‚
1604 557 1641 582 ut
1663 550 1696 581 in
1721 548 1790 581 aliis
1815 544 1991 590 praestitisl‘e
2014 556 2051 579 ex
2086 546 2139 577 Se-

1138 595 1309 639 pulchreto
1331 598 1395 633 (u)
1417 593 1610 636 cognosceS‚
1632 602 1707 625 cum
1730 592 1840 632 magni
1862 590 1999 632 lapides,
2023 589 2137 623 coralii

1139 639 1275 677 similes,
1299 637 1384 673 clavi
1407 637 1498 676 instar
1520 635 1671 676 impasti,
1694 633 1922 667 &immobiles
1945 634 2073 666 renibus
2087 632 2138 677 iq-

1137 681 1312 716 haererent.
1335 681 1458 714 Verum
1484 688 1534 712 tot
1546 677 1690 721 partibus
1701 676 1883 712 substantiae
1894 681 2006 710 renum
2016 675 2138 710 callosis

1134 726 1246 764 faffls,
1268 735 1369 766 eoque
1390 723 1582 760 inutilibus,
1606 731 1682 753 num
1704 719 1821 753 horum
1843 720 2002 753 viscerum
2026 728 2140 751 munus

1136 768 1326 806 detrimenti
1338 766 1418 802 nihil
1430 765 1547 808 cepisse
1558 789 1568 803 ,
1583 763 1837 797 existimabimus
1848 761 1864 795 ,ἓ
1875 764 1978 795 Erant
1991 771 2142 803 praeterea
2187 777 2190 781 ⁴

1139 814 1175 849 hi
1197 811 1314 845 calculi
1336 812 1368 842 &
1387 809 1515 852 plures,
1538 810 1568 842 δι
1590 808 1723 848 magni,
1747 815 1783 840 ut
1804 805 1962 847 reliquam
1973 803 2141 837 nonindu.

1138 865 1241 893 ratam
1265 863 1374 887 renum
1398 850 1609 886 substantiam
1634 851 1753 889 partim
1777 849 1994 892 praegravari,
2021 849 2140 889 partim

1138 897 1271 935 distrahi
1293 895 1412 930 necesse
1435 893 1511 929 esset
1526 918 1534 926 .
1560 895 1761 934 Praegravata
1786 901 1891 925 autem
1906 913 1915 927 ‚
1940 893 1971 923 δι
1995 889 2140 923 distracta

1137 953 1202 978 non
1225 949 1352 984 poterat
1377 938 1447 972 sane
1469 938 1526 972 suo
1548 936 1657 970 officio
1681 934 1818 975 perfecte
1851 934 1945 976 fungi
1978 935 2010 965 in
2044 933 2143 975 parti-

1138 987 1219 1022 culis
1240 994 1317 1027 quas
1341 983 1416 1016 alias
1439 980 1517 1014 solet
1541 1003 1551 1018 ‚
1583 978 1777 1015 inutilibus,
1800 981 1831 1011 δε
1855 978 1960 1012 noxiis
1975 989 1991 1010 a
2015 976 2144 1018 sangui-

1140 1040 1179 1064 ne
1204 1026 1404 1071 separandis.
1428 1025 1578 1065 Denique
1611 1031 1701 1055 erant
1734 1021 1769 1055 hi
1800 1021 1915 1056 calculi
1946 1021 1979 1054 in
2015 1020 2144 1057 renibus

1139 1074 1208 1115 ejus
1229 1071 1376 1111 corporis
1397 1069 1430 1101 in
1454 1066 1547 1108 cujus
1571 1064 1661 1099 fellea
1684 1064 1765 1107 cysti
1788 1066 1867 1099 alter
1889 1063 2143 1100 continebatur,

1141 1120 1172 1151 &
1194 1113 1283 1157 quod
1307 1111 1542 1153 consequitur,
1566 1110 1598 1141 in
1624 1121 1661 1142 eo
1683 1118 1819 1150 corpore
1839 1107 1928 1151 quod
1952 1107 2063 1149 egebat
2077 1116 2145 1139 ma-

1142 1160 1192 1203 gis
1214 1157 1411 1199 separatione
1433 1154 1564 1187 illarum
1589 1152 1842 1193 particularum,
1867 1150 1954 1184 velut
1978 1151 2068 1191 supra
2092 1151 2146 1189 (x)

1141 1202 1320 1236 indicatum
1344 1197 1410 1231 est.
1435 1197 1507 1230 Nec
1533 1196 1600 1228 sum
1623 1194 1755 1238 quidem
1779 1193 1922 1233 nescius,
1945 1192 2036 1226 facile
2060 1191 2146 1234 posse

1142 1248 1178 1281 in
1199 1243 1312 1278 iisdem
1333 1241 1525 1282 corporibus
1547 1249 1618 1279 quae
1642 1237 1784 1270 obnoxia
1807 1237 1880 1271 sunt
1904 1247 2016 1270 renum
2038 1236 2146 1269 calcu-

1142 1289 1205 1325 lis,
1229 1286 1330 1322 felleae
1352 1295 1482 1327 quoque
1505 1281 1600 1324 cystis
1633 1281 1774 1315 calculos
1807 1278 1943 1323 produci
1970 1294 1978 1316 ;
2012 1279 2080 1312 imo
2111 1278 2148 1312 id

1140 1333 1203 1367 alia
1226 1330 1308 1364 olim
1332 1326 1478 1370 Epistola
1501 1326 1566 1367 (y)
1591 1323 1687 1358 fassus
1710 1323 1777 1357 sum
1803 1349 1810 1363 ‚
1841 1334 1903 1366 qua
1937 1332 2078 1364 repertos
2110 1323 2147 1357 in

1139 1373 1311 1410 Cardinali
1332 1371 1395 1405 hoc
1420 1368 1628 1412 Ampliffimo
1644 1368 1903 1402 commemoravi
1927 1390 1937 1405 ,
1967 1377 2023 1399 nec
2060 1364 2144 1398 mihi

1138 1418 1317 1462 proclivius
1338 1412 1517 1458 quidquam
1549 1412 1595 1445 est
1627 1422 1725 1455 quam
1748 1422 1814 1444 non
1847 1421 1962 1453 paucas
1997 1408 2141 1450 proferre

1138 1472 1251 1498 eorum
1275 1458 1533 1493 Observationes
1554 1455 1613 1498 qui
1636 1464 1776 1497 utroque
1800 1453 1893 1489 simul
1929 1455 1963 1487 in
1987 1453 2062 1486 loco
2090 1451 2148 1487 de-

1141 1502 1370 1549 prehenderint
1392 1525 1401 1533 .
1438 1499 1528 1532 Nam
1553 1507 1669 1540 praeter
1691 1506 1744 1531 tot
1777 1497 1854 1533 alias
1890 1507 1967 1538 quas
2000 1495 2154 1529 invenies>

1142 1561 1159 1583 a
1184 1559 1234 1582 me
1258 1546 1321 1579 tibi
1345 1544 1425 1578 alibi
1451 1546 1461 1581 (
1486 1554 1512 1585 z
1531 1545 1545 1581 )
1566 1549 1859 1580 commemoratas,
1881 1541 1913 1576 &
1935 1548 2050 1581 praeter
2073 1538 2151 1573 insi-

1143 1602 1237 1634 gnem
1262 1589 1351 1622 illam
1374 1597 1448 1629 quae
1481 1597 1497 1619 a
1535 1586 1590 1617 Cl.
1616 1583 1735 1618 Pohlio
1769 1587 1779 1621 (
1803 1595 1821 1616 a
1843 1587 1858 1622 )
1889 1583 2051 1619 indicatur
2075 1607 2084 1622 ‚
2115 1583 2148 1614 &

1143 1632 1352 1677 sepulchreto
1375 1629 1449 1664 addi
1473 1626 1575 1670 posset
1590 1652 1600 1668 ,
1620 1630 1657 1660 in
1680 1626 1894 1668 Sepulchreto
1917 1626 1986 1667 ipso
2009 1625 2060 1660 sex
2085 1636 2152 1659 me-

1143 1678 1227 1713 mini
1250 1673 1359 1718 legisse
1381 1695 1392 1712 ‚
1425 1672 1535 1713 easque
1559 1681 1671 1704 omnes
1693 1669 1779 1704 libro
1803 1670 1868 1704 ΙΙΙ.
1894 1667 1978 1707 (b):
2004 1680 2081 1711 quas
2104 1670 2154 1702 in.

1145 1730 1194 1755 ter
1205 1716 1371 1754 Grembsii
1395 1726 1457 1750 una
1481 1715 1548 1751 est,
1571 1714 1633 1749 hoc
1657 1713 1753 1747 etiam
1776 1723 1851 1749 cum
1876 1713 2041 1754 proposita
2065 1712 2150 1745 hica.

1145 1765 1240 1799 nobis
1263 1761 1457 1796 conveniens
1467 1778 1477 1795 ,
1502 1758 1592 1800 quod
1615 1759 1699 1791 intra
1733 1754 1905 1789 vesiculam
1949 1754 2031 1787 nihil
2057 1752 2156 1797 fellis*

1146 1815 1310 1849 repertum
1333 1804 1398 1837 est.
1422 1800 1483 1835 Sed
1506 1799 1626 1835 horum
1659 1810 1755 1833 nemo
1777 1820 1787 1837 ‚
1822 1797 1910 1842 quod
1943 1796 2040 1845 scia-m
2061 1819 2071 1836 ‚
2102 1808 2152 1831 ar-

1143 1848 1280 1886 thritide
1304 1846 1500 1882 vexabatur,
1523 1846 1556 1877 δζ
1579 1843 1662 1887 siqui
1685 1845 1818 1876 vexatus
1843 1842 1943 1875 etiam
1965 1840 2060 1880 eslet,
2084 1842 2158 1885 nonJ

1145 1902 1197 1928 tot
1221 1892 1298 1926 alias
1320 1899 1454 1928 tamen,
1478 1898 1580 1930 neque
1604 1895 1807 1930 tamugraves
1841 1883 2008 1922 vasorum,
2033 1887 2064 1921 δε,
2097 1887 2149 1923 vie

1146 1936 1272 1972 [cerum
1296 1933 1434 1969 habebat
1457 1929 1617 1966 laesionesr.
1654 1967 1656 1969 Ι

1192 1990 1241 2023 ¹3-
1268 1979 1351 2013 Sunt
1374 1976 1435 2011 alia
1460 1974 1559 2008 etiam
1583 1973 1663 2008 vitia
1695 1983 1768 2016 quae
1799 1972 1973 2016 aliquando
2004 1972 2038 2005 in
2070 1973 2153 2006 artie

1145 2024 1230 2060 culis
1252 2022 1281 2057 se
1303 2020 1480 2056 ostendunt
1495 2043 1505 2059 ‚
1527 2017 1615 2051 velut
1639 2016 1673 2051 id
1696 2015 1784 2059 quod
1807 2017 1840 2049 in
1864 2017 1996 2050 muliere
2019 2016 2153 2059 conspe-

1146 2069 1180 2103 xi
1195 2089 1205 2104 ‚
1227 2064 1317 2106 cujus
1340 2062 1487 2098 diffeffio
1511 2072 1577 2096 non
1600 2071 1662 2095 una
1683 2059 1723 2095 de
1745 2059 1837 2094 causa
1869 2060 1967 2104 digna
2003 2059 2047 2094 est
2078 2070 2153 2104 quae

1145 2111 1199 2149 hic
1223 2110 1285 2143 tibi
1307 2106 1537 2149 describatur..
1813 2137 1816 2138 ⁷

1191 2164 1240 2197 14.
1267 2152 1418 2188 ANUS,
1440 2149 1661 2194 complurium
1692 2149 1871 2183 liberorum
1904 2158 2013 2193 parens
2036 2171 2046 2188 ,
2079 2148 2154 2183 ante

1144 2196 1269 2233 menses
1291 2195 1425 2230 circiter
1448 2203 1510 2228 tres
1533 2194 1703 2237 apoplexia
1725 2202 1873 2235 correpta
1897 2194 2022 2228 fuerat.
2057 2193 2155 2227 Hanc

1146 2240 1305 2276 resolutio
1327 2247 1492 2282 exceperat
1514 2244 1600 2271 artus
1623 2235 1786 2277 utriusque
1808 2237 1934 2271 dexteri
1958 2237 1998 2279 sic
2022 2246 2129 2270 tamen
2143 2258 2154 2274 ‚

1147 2296 1185 2319 ut
1207 2285 1289 2319 salva
1314 2282 1469 2317 sentiendi
1493 2280 1671 2319 facultate,
1696 2282 1819 2313 moveri
1843 2280 1991 2314 nonnihil
2016 2279 2156 2323 possent.'

1147 2328 1332 2363 Noviffime
1355 2335 1464 2361 autem
1485 2336 1559 2359 cum
1581 2324 1714 2367 quidam
1737 2323 1902 2358 acceffiffet
1925 2324 2012 2367 quasi
2037 2322 2150 2365 sopor,

1149 2375 1322 2413 minorque
1345 2371 1385 2404 ad
1408 2368 1608 2412 loquendum
1644 2366 1896 2410 promptitudo,
1929 2368 1963 2400 in
1999 2366 2151 2401 Nosoco-

1143 2417 1246 2450 mium
1271 2415 1379 2450 illata,
1403 2413 1450 2446 ibi
1483 2411 1597 2446 sensim
1630 2423 1646 2445 e
1681 2412 1750 2444 vita
1781 2411 1949 2445 excesserat
1984 2410 2053 2453 post
2086 2412 2154 2443 ini-

1124 2461 1230 2493 —tium
1255 2457 1442 2492 Decembris
1465 2455 1508 2489 A.
1547 2456 1639 2502 1746.
1674 2455 1725 2488 De
1758 2454 1870 2487 multis
1900 2466 1972 2497 quae
2005 2453 2153 2495 pluribus

1141 2503 1254 2544 diebus
1279 2501 1433 2538 secando,
1456 2499 1491 2533 in
1536 2509 1602 2540 ejus
1635 2508 1770 2539 corpore
1803 2498 2049 2534 animadverti,
2084 2496 2152 2541 haec

1144 2546 1218 2579 sunt
1234 2544 1444 2587 ,potiffimum
1467 2553 1538 2586 quae
1563 2540 1628 2575 huc
1652 2542 1816 2580 attinent.v
1886 2576 1890 2581 .
1950 2542 2003 2575 IN
2028 2541 2150 2574 VEN-

1145 2590 1249 2624 TRE
1273 2597 1383 2622 uterus
1408 2586 1485 2622 adeo
1507 2585 1599 2619 brevi
1622 2583 1850 2626 longitudine,
1875 2594 1911 2619 ut
1934 2584 1982 2618 vel
2007 2586 2151 2627 exterius

1146 2632 1187 2667 ab
1209 2631 1322 2665 osculo
1346 2630 1384 2665 ad
1408 2632 1568 2666 summum
1591 2626 1728 2661 fundum
1752 2629 1808 2660 vix
1839 2627 1920 2661 duos
1954 2627 2151 2665 transversos

1145 2685 1286 2718 aequaret
1296 2675 1435 2717 digitos.
1462 2672 1520 2706 Sed
1532 2679 1600 2705 erat
1611 2680 1699 2704 totus
1709 2671 1742 2704 in
1756 2671 1785 2705 se
1796 2672 1981 2706 contracstns
1992 2695 2000 2711 ,
2024 2674 2057 2703 &
2066 2668 2149 2705 con-

1147 2718 1318 2762 globatim,
1342 2727 1377 2752 ut
1399 2717 1536 2761 parvulae
1549 2715 1621 2757 pilae
1644 2713 1774 2747 referret
1799 2713 1933 2756 speciem
1956 2714 2115 2758 nonnihil
2133 2726 2151 2753 a

1149 2762 1257 2796 fronte
1279 2785 1289 2800 ,
1325 2763 1356 2793 δε
1382 2772 1398 2794 a
1419 2770 1512 2802 tergo
1534 2756 1704 2800 depressas,
1729 2758 1905 2799 parietibus
1940 2760 2151 2799 proportione

1148 2804 1351 2840 eraffioribus
1375 2817 1383 2836 :
1417 2813 1555 2846 quorum
1581 2799 1807 2847 substantiam,
1830 2805 1915 2844 cums
1930 2800 2065 2834 secarem
2080 2802 2150 2841 ,li-A

1150 2848 1260 2883 vidam
1282 2846 1454 2889 conspexi,
1478 2855 1535 2878 nec
1560 2842 1665 2877 sanam
1687 2843 1852 2886 judicavi.
1884 2844 2029 2877 Alterius
2061 2846 2150 2883 tubae*

1149 2892 1253 2933 majus
1275 2900 1453 2924 extremum
1477 2898 1541 2921 non
1565 2887 1661 2928 modo
1686 2888 1880 2929 impervium
1902 2895 1990 2926 erat,
2015 2886 2065 2924 sed
2076 2886 2154 2927 cun-‚i

1148 2934 1294 2970 testiculo
1317 2933 1444 2976 prorsus
1466 2939 1668 2970 connatum,
1690 2931 1747 2972 qui
1761 2953 1771 2973 ,
1794 2939 1829 2966 ut
1853 2934 2006 2975 compar,
2030 2931 2151 2972 durus}

1146 2983 1178 3013 &
1202 2977 1365 3019 superficie
1387 2972 1629 3020 quodammodo
1653 2973 1815 3008 tesselata.
1835 2971 1838 2979 '
1880 3015 1881 3018 Ἴ
1948 2977 1987 3008 In
2019 2975 2151 3010 Thora-

1146 3035 1203 3062 ce,
1225 3019 1359 3063 grandes
1379 3031 1437 3054 cor
1459 3017 1573 3053 habuit
1598 3017 1773 3060 polyposas
1795 3020 2016 3052 concretiones
2031 3043 2039 3050 .
2077 3027 2079 3029 ·

1135 3068 1186 3101 ,In
1208 3063 1368 3098 Calvariae
1390 3062 1622 3106 integumentis
1645 3071 1707 3110 qua
1730 3070 1859 3104 tempus
1880 3061 2038 3096 sinistrum
2073 3076 2150 3105 ope-

1146 3109 1290 3144 fiebant,
1317 3117 1432 3149 magna
1458 3106 1595 3139 exterius
1618 3125 1629 3143 ‚
1664 3104 1861 3147 interiusque
1885 3104 2147 3148 apparuitsugil-

1147 3153 1260 3188 latios
1294 3150 1418 3184 tametsi
1473 3148 1559 3183 nulla
1589 3148 1706 3190 capitis
1736 3147 1840 3181 allisio
1872 3158 1927 3181 aut
1961 3150 2113 3191 percussio
2136 3171 2148 3189 ‚

1147 3203 1306 3238 quantum
1330 3194 1547 3235 perquirendo
1570 3191 1642 3225 sciri
1669 3193 1781 3235 potuit
1803 3214 1813 3229 ,
1849 3198 1952 3232 nuper
1987 3192 2147 3233 praeces'l'e..

1149 3248 1199 3273 rat
1232 3246 1370 3270 mortem
1394 3257 1404 3273 ‚
1439 3247 1492 3269 aut
1526 3236 1607 3269 hanc
1645 3244 1712 3267 erat
1747 3246 1822 3267 mox
1865 3234 2026 3268 subsecuta
2053 3260 2062 3266 .
2088 3237 2149 3272 ,In

1142 3291 1224 3324 toto
1246 3280 1369 3324 cerebri
1412 3278 1641 3322 hemisphaerio
1684 3276 1806 3311 sinistro
1851 3286 1965 3311 contra
2012 3290 2048 3312 ac
2066 3277 2148 3319 „he-

1152 3323 1305 3367 miplexia
1370 3322 1567 3357 indicaverat
1600 3344 1609 3358 ‚
1676 3320 1777 3353 nihil*
1823 3321 2002 3363 quidquam
2071 3323 2148 3362 vitii

1150 3367 1345 3401 offendimus
1370 3390 1377 3398 .
1425 3367 1464 3400 In
1507 3365 1641 3399 dextero
1686 3372 1793 3397 autem
1838 3365 1978 3405 primum
2005 3364 2148 3399 animad—

1133 3411 1237 3455 'verti
1282 3409 1351 3442 vasa
1392 3420 1464 3451 quae
1510 3419 1565 3451 per
1610 3408 1759 3440 Tenuem
1789 3408 1987 3448 ‚emeningem
2030 3408 2150 3446 'ferunss

1305 3452 1478 3494 praesertim
1532 3462 1594 3494 qua
1646 3451 1764 3492 capitis
1815 3451 1933 3488 vertici
1979 3446 2152 3494 responde-

1311 3494 1461 3537 sanguine
1485 3493 1666 3536 turgidiora
1688 3506 1696 3527 .-
1732 3503 1787 3535 per
1810 3493 2004 3536 eandemque
2029 3490 2148 3533 menits.

1150 3463 1203 3487 tur
1237 3474 1247 3491 ,

1154 3498 1231 3530 bant
1255 3517 1266 3533 5

1154 3551 1229 3581 gem
1261 3538 1412 3580 transpici
1446 3535 1534 3582 quasi
1578 3548 1693 3577 aquam
1725 3547 1799 3570 cum
1844 3539 1942 3571 aereis
1987 3536 2153 3579 particulis

1153 3581 1275 3616 mistam
1300 3595 1310 3619 3
1353 3593 1425 3624 quae
1449 3592 1556 3615 revera
1590 3581 1717 3615 suberat
1741 3604 1753 3621 ,
1799 3579 1850 3614 sed
1897 3580 1973 3614 adeo
2018 3592 2115 3623 pauca
2137 3605 2153 3622 β

1674 3626 1700 3657 Ζ
1725 3634 1743 3656 z
1790 3634 1807 3655 2
2072 3635 2108 3658 ut

92 3716 2158 3738 *ww

1249 3779 1258 3805 (
1274 3778 1315 3806 s)
1335 3778 1389 3802 via.
1408 3776 1429 3810 ς,
1448 3788 1470 3808 4.
1486 3779 1528 3804 eit.

1674 3778 1690 3800 1.
1713 3785 1736 3800 2.
1754 3776 1824 3800 Anat.
1850 3775 1959 3805 Praelefs.
1978 3785 2014 3806 ²3·

1241 3808 1300 3836 (ζ)
1317 3807 1388 3837 Epist.
1407 3818 1445 3839 37.
1460 3818 1484 3834 n.
1500 3817 1541 3839 ⁴3·

1672 3805 1767 3832 Differt.
1777 3806 1805 3829 de
1816 3807 1887 3830 Prosi.
1896 3803 1984 3832 Essaicul.
1995 3807 2073 3846 affest.
2090 3806 2114 3837 §-
2123 3814 2147 3837 7·

156 3757 170 3784 (
187 3763 200 3778 ο
214 3754 229 3783 )
245 3753 318 3783 Epist.
332 3761 372 3781 ⁴⁰·
389 3759 414 3776 n.
432 3760 452 3782 3.
469 3751 493 3774 ἂ
510 3758 531 3781 ς.
595 3751 635 3778 (p
651 3753 661 3775 >
679 3755 705 3772 n.
720 3749 744 3773 8.
760 3748 785 3772 in
802 3748 844 3773 sin.
905 3749 948 3779 (q
966 3747 975 3779 )
990 3747 1006 3771 l.
1023 3754 1044 3776 3.
1062 3747 1087 3771 S.
1103 3755 1141 3771 22.
1156 3748 1215 3773 obs.
1231 3751 1269 3772 26.
1285 3747 1309 3776 §.
1325 3751 1350 3772 6.

154 3789 163 3815 s
181 3794 192 3809 v
209 3786 222 3813 )
241 3784 302 3809 ibid.
319 3782 405 3807 obser.
422 3789 460 3806 21.
479 3782 502 3812 §.
518 3789 542 3808 4.
559 3779 582 3803 8:
599 3778 661 3809 seqq.
678 3780 701 3803 δι
717 3780 742 3803 S.
758 3785 795 3808 ²5-
813 3777 874 3803 Obs.
890 3785 930 3812 ²0¹.
946 3777 968 3801 δε
984 3778 1006 3801 S.
1023 3779 1061 3801 ²8.
1076 3778 1134 3801 ΟΜ.
1151 3782 1188 3802 26.

159 3816 232 3874 {¹23
248 3815 290 3870 esi:
308 3812 366 3839 ΟΜ.
382 3820 419 3838 ²0.
437 3812 460 3836 a
476 3816 515 3837 26.
578 3810 586 3838 (
603 3818 619 3833 x
633 3813 647 3838 2
663 3816 686 3832 n.
705 3816 748 3834 1¹„
802 3809 817 3837 (
829 3808 958 3840 y)Ep1st,
976 3809 1049 3832 Anat.
1062 3815 1080 3831 ι.
1101 3816 1124 3832 n.
1139 3810 1180 3836 48.

1593 3777 1658 3805 (t)

1601 3807 1665 3863 (ως

266 3862 272 3869 .
292 3852 326 3868 22,
345 3843 406 3869 Obs.
426 3850 450 3872 ι,-
465 3842 489 3868 S.
506 3848 541 3872 23.
558 3840 618 3867 obs.
636 3849 659 3870 4-
678 3839 700 3870 §.
717 3846 757 3868 ως
773 3839 795 3864 S.
815 3847 851 3867 ²4·
868 3838 926 3864 obs.
944 3846 965 3863 a.
983 3837 1006 3868 ἕ.
1026 3845 1065 3867 1²;
1081 3838 1141 3864 ΟΜ.
1160 3843 1181 3863 ⁶.
1199 3837 1221 3868 ὗ.
1240 3848 1263 3868 4·
1281 3838 1340 3863 ΟΜ.
1359 3847 1395 3866 ιο.
1409 3840 1510 3866 secwrda
1529 3838 1554 3869 §.
1569 3846 1594 3869 43
1611 3840 1634 3863 Bt
1668 3855 1672 3862 ,
1691 3845 1729 3868 25.
1747 3837 1802 3862 obs.
1824 3845 1847 3867 9.
1862 3836 1934 3868 §.35
