2498 4075
346 150 500 214 Epist.
539 151 703 203 Anat.
738 113 953 204 Medrea
987 149 1252 204 xxxix.
1289 149 1407 205 Art.
1440 165 1518 215 44.
1549 154 1602 205 sc
1635 167 1717 215 45.

51 231 258 273 Sepulchreto
280 235 294 272 (
315 243 337 267 x
395 232 541 275 legeris,·
574 230 667 265 facile
691 232 840 274 intelligo
865 257 873 270 .
904 232 942 267 ad
975 244 1057 275 pon-

51 274 109 309 dus
132 275 290 308 addendas
313 289 328 309 e
356 289 371 308 e
395 275 500 309 causas
523 275 598 308 alias
622 299 630 312 ‚
665 285 700 308 ut
727 286 803 317 puta
827 276 959 310 illorum
984 278 1055 309 vin-

51 320 200 353 culorum
226 318 380 361 majorem
403 319 573 352 laxitatem
595 317 857 352 infirmitatemve
882 341 891 355 ‚
925 328 980 353 aut
1002 332 1053 353 ca-

51 361 121 395 sum
146 364 188 395 ab
210 361 277 394 alto
301 385 310 400 ,
335 372 390 395 aut
415 364 476 404 alia
498 361 657 402 ejusmodi
681 386 688 399 ‚
713 374 784 405 quae
810 364 894 395 inter
918 363 1054 404 videto,

52 415 91 437 an
114 404 284 438 transferre
307 405 428 449 placeat
451 405 538 448 quod
571 404 609 438 de
641 415 715 438 rene
734 405 869 439 ·censuit
893 406 1055 439 Riolanus

50 447 107 489 (y
130 450 145 487 )
169 473 175 480 .
199 447 316 491 Causa,
343 450 471 491 inquit,
494 448 667 481 laxationis
690 459 769 482 renes
787 449 885 491 potest
906 447 960 491 effie
981 451 1052 481 vio-

51 490 136 524 lenta
151 513 160 527 ,
182 493 225 527 θ
247 492 395 525 diuturna
418 490 502 534 tuffis
526 516 535 530 ,
557 501 621 532 quae
639 492 815 532 perenniter
837 492 962 533 agitans
984 491 1053 524 dia-

49 532 201 576 phragma
221 558 233 576 ‚
265 546 377 568 renum
398 558 411 575 ‚
445 535 520 567 huic
544 535 804 569 incumbentium
824 555 836 572 ,
866 533 1055 568 alterutrum

52 577 158 619 potest
173 578 232 620 sua
251 578 320 619 sede
342 578 511 611 dimovere.

94 631 147 663 44.
173 622 301 658 Quibus
326 619 430 654 autem
454 618 550 661 fignis
574 619 628 653 hic
651 620 799 663 dignosci
823 621 953 655 morbus
977 642 986 658 ‚
1022 622 1053 652 δε

49 663 226 699 internosci
251 665 289 698 ab
312 664 382 697 aliis
414 672 509 704 queat
534 687 542 702 ‚
573 675 613 697 ex
643 663 709 705 ejus
734 663 878 697 historiis
909 674 1054 705 quaeren-

48 705 128 740 dum
152 708 193 741 est
218 720 229 741 .-
258 718 441 750 quanquam
474 716 539 738 non
562 718 674 741 omnes
704 709 762 750 qui
783 709 816 740 in
842 709 979 740 mortuis
1003 707 1055 738 in—

46 759 203 785 venerunt
228 776 236 790 ‚
270 762 304 784 ea
328 759 502 792 potuerunt
534 750 677 785 indicare
700 773 711 788 ‚
747 762 820 793 quae
851 750 1054 792 peculiariter

48 792 220 828 affecissent
244 794 390 828 viventes
415 816 422 825 .
450 792 548 827 Nam
572 804 657 828 certe
683 794 855 835 peculiaria
879 805 947 827 non
981 793 1053 825 sunt

48 837 188 880 prolapsi
215 838 308 870 lienis
329 848 400 878 quae
423 837 457 869 in
497 835 638 880 antiquo
661 849 723 879 prae
757 838 880 870 caeteris
902 836 1052 878 exemplo

48 879 202 914 habemus
226 880 307 922 apud
331 879 517 913 Ballonium
550 883 565 920 (
586 892 611 924 z
633 883 644 919 )
670 905 678 913 .
713 880 830 922 Neque
865 890 903 913 ex
926 880 1051 912 Cabro-

43 921 87 957 lii
110 922 348 957 observatione
370 926 385 963 (
405 934 423 956 a
445 927 459 964 )
483 946 494 962 ‚
527 935 599 966 quat
634 934 699 956 non
730 922 786 957 diu
817 921 946 956 sortasse
983 921 1053 963 post

45 965 137 999 illam
162 968 300 1007 priorem
324 967 437 1000 habita
468 966 512 1000 est
534 989 547 1006 ,
584 967 735 1009 colligere
757 967 844 1000 aliud
868 965 1052 1007 possumus,

44 1009 104 1043 nisi
137 1009 253 1044 lienem
275 1018 286 1050 3
309 1020 346 1045 ut
370 1011 406 1044 iu
429 1019 561 1043 mortuo
583 1019 708 1052 poterat
730 1031 740 1047 ‚
772 1010 815 1042 sic
839 1008 932 1042 facile
954 1010 1052 1042 etiam

43 1052 79 1085 in
101 1052 179 1085 vivo
202 1055 325 1094 percipi
350 1052 487 1095 potuiffe
518 1061 684 1087 natantem
709 1061 765 1095 per
795 1059 895 1085 totam
929 1052 1052 1085 ventris

43 1096 215 1130 cavitatem
238 1121 247 1128 .
283 1099 386 1138 Qod
419 1097 544 1139 {ignum
576 1103 641 1135 non
674 1096 790 1129 inutile
823 1094 918 1129 credo
940 1117 952 1134 ,
997 1094 1049 1129 sed

0 1137 4 1146 '
45 1139 162 1182 primis
196 1142 402 1183 temporibus
426 1162 437 1178 ‚
471 1149 507 1173 ut
540 1137 578 1172 de
612 1139 684 1172 aliis
716 1137 803 1173 haud
826 1138 920 1172 semel
944 1135 1013 1173 dixi
1037 1160 1048 1176 ,

43 1182 146 1223 magis
177 1183 412 1219 attendendum
435 1207 444 1216 .
477 1184 641 1224 Tempore
671 1183 757 1217 enim
792 1181 1013 1224 progrediente
1036 1205 1046 1220 ,

45 1225 148 1267 potest
170 1224 267 1262 facile
290 1226 388 1261 deesse
411 1252 421 1266 ‚
444 1228 563 1269 quippe
587 1226 669 1259 liene
691 1226 857 1259 immobili
881 1224 989 1264 faeto,
1013 1235 1049 1258 ut

43 1269 80 1302 in
102 1270 271 1312 propofita
294 1268 474 1305 Manfredii
498 1260 735 1304 Observatione
760 1268 864 1303 vidisti
878 1293 887 1308 ‚
911 1272 943 1302 &
965 1269 1049 1311 apud

44 1311 236 1348 Ballonium
267 1313 428 1354 videbis;
461 1324 534 1346 nam
571 1313 635 1346 lien
658 1336 672 1354 ‚
706 1311 814 1347 veficae
837 1313 1046 1349 incumbens,

38 1354 126 1399 facts
150 1359 380 1391 contumaciter
402 1355 574 1390 adherebat
596 1381 605 1390 .
637 1355 824 1391 Confirmat
847 1355 910 1390 hoc
934 1356 1049 1390 Riola..

42 1409 104 1432 nus
118 1424 127 1440 ,
150 1399 209 1434 ubi
231 1399 317 1434 hunc
340 1399 398 1434 fibi
423 1400 574 1433 morbum
596 1407 707 1442 quater
727 1399 828 1443 vasum
851 1403 884 1433 in
908 1397 1048 1434 Enchei-

42 1441 134 1476 ridio
159 1447 170 1483 (
193 1442 213 1476 b
235 1446 246 1482 )
268 1443 376 1479 dicit.-
399 1445 432 1477 &
453 1452 538 1478 certe
560 1444 594 1476 in
618 1442 931 1485 Anthropographia
965 1448 975 1483 (
999 1454 1015 1475 c
1039 1446 1050 1480 )

42 1484 113 1519 duo
146 1486 298 1530 producit
332 1487 477 1530 exempla
509 1487 546 1519 in
576 1497 716 1528 quorum
752 1495 892 1528 utroque
925 1485 954 1519 se
985 1486 1050 1518 lien

43 1537 144 1563 utero
165 1553 175 1570 ‚
207 1530 362 1565 vicinisve
383 1531 529 1574 partibus
552 1537 620 1564 tam
651 1528 792 1564 firmiter
824 1530 1012 1572 alligaverat
1036 1551 1047 1567 ‚

43 1581 83 1606 ut
105 1573 141 1606 in
165 1572 268 1608 altero
290 1596 301 1614 5
322 1575 452 1609 vivente
476 1573 612 1607 foemina
634 1594 645 1610 ‚
669 1573 781 1615 reponi
803 1593 814 1610 ‚
837 1573 1050 1615 quemadmo-

42 1615 122 1650 dum
147 1626 238 1651 antea
260 1641 271 1657 ,
303 1618 338 1650 in
361 1616 448 1650 suam
489 1615 594 1650 sedem
617 1619 755 1659 amplius
779 1627 843 1648 non
868 1618 1012 1657 potuerit
1037 1630 1047 1653 ;

41 1659 77 1692 in
102 1659 206 1693 altero
226 1658 284 1694 diu
308 1659 448 1694 Medicis
471 1670 531 1702 pro
553 1658 640 1693 mola
661 1658 874 1702 imposuerit.
901 1660 970 1701 lpse
995 1670 1050 1693 au-

41 1711 110 1736 tem
134 1701 191 1735 has
215 1701 338 1745 profert
363 1702 418 1744 (d
437 1706 452 1743 )
474 1711 566 1736 notas
588 1725 598 1742 ‚
629 1712 666 1737 nt
691 1715 707 1737 a
731 1701 880 1745 prolapso
903 1715 976 1736 rene
999 1704 1050 1734 in-

39 1745 285 1784 ternoscemus,
308 1753 462 1780 tumorem
483 1744 647 1788 oblongum
667 1769 680 1787 ,
713 1748 754 1780 Θ·
776 1746 970 1781 vacuitatem
993 1745 1051 1788 hy-

34 1787 221 1832 pochondre'i
236 1788 375 1832 finzstri3
398 1800 537 1832 quarum
558 1787 641 1823 hanc
664 1801 722 1823 nos
743 1790 778 1822 in
802 1787 916 1830 jejuno
947 1800 1050 1832 aegro-

36 1841 131 1868 tante
153 1843 334 1875 quaeremus
357 1854 370 1872 ‚
392 1834 423 1865 δι
446 1830 469 1865 fi
493 1833 711 1875 percipiamus
734 1832 895 1875 (quodiu
907 1844 945 1866 eo
969 1833 1050 1866 faci-

36 1875 70 1909 le
90 1876 125 1908 in
148 1886 214 1918 quo
240 1875 306 1909 lien
331 1883 404 1908 ante
427 1875 613 1919 prolapsum
636 1876 780 1910 tumidus
795 1885 961 1918 perceptus
985 1876 1050 1915 sit)

35 1919 148 1953 multo
171 1919 337 1961 potiorem
359 1925 474 1952 notam
503 1917 542 1953 ad
579 1919 858 1953 internoscendum
883 1930 898 1951 a
931 1921 1049 1961 quovis

37 1962 108 1997 alio
131 1960 216 1996 duro
250 1961 458 2004 hypogasttii
494 1972 624 1996 tumore
658 1962 819 2006 delapsum
852 1963 885 1995 in
909 1961 970 1996 hoc
993 1963 1051 1996 lie-

38 2016 116 2040 nem
141 2004 334 2039 habebimus
355 2027 369 2046 ‚
401 2015 499 2048 quam
522 2003 659 2047 figuram
683 2026 694 2043 ,
728 2017 801 2049 que
825 2006 857 2038 in
890 2005 1050 2040 morbidis

37 2048 214 2084 Partibus,
236 2051 268 2083 δε
301 2049 336 2081 in
359 2046 418 2083 hac
443 2048 620 2090 praesertim
648 2073 658 2089 ,
691 2059 728 2084 ut
762 2050 812 2082 vel
846 2048 911 2091 ipse
934 2050 1050 2083 Riola-

37 2103 100 2126 nus
122 2092 140 2134 (
157 2102 173 2126 e
195 2094 210 2131 >
233 2092 329 2126 docet
350 2114 364 2132 ‚
395 2101 559 2134 quantum
590 2094 710 2126 mutari
744 2091 962 2136 saepenumero
995 2092 1046 2126 so-

35 2136 103 2172 leat
126 2159 136 2175 ,
170 2144 236 2169 non
259 2135 449 2178 ignoramus
470 2157 481 2167 .
513 2136 565 2169 Ex
587 2135 682 2169 Blasii
702 2139 718 2176 c
733 2133 761 2179 f
773 2139 787 2176 )
810 2145 915 2169 autem
938 2147 1047 2169 exem-

38 2179 97 2222 plo
118 2178 275 2220 colligere
307 2178 374 2211 duo
405 2176 569 2220 possumus
592 2202 604 2219 ,
632 2181 766 2213 alterum
790 2200 804 2219 ‚
835 2187 870 2213 ut
906 2177 927 2210 fi
960 2177 1045 2212 forte

37 2223 126 2264 quod
149 2221 209 2264 ipsi
233 2219 352 2255 accidit
376 2230 545 2263 propterea
567 2242 578 2259 ‚
601 2221 680 2256 ficut
702 2224 821 2264 opinor
843 2245 853 2261 ‚
876 2221 953 2264 quia
976 2222 1046 2255 sen.

39 2265 102 2300 sim
126 2266 242 2299 laxatis
266 2264 450 2306 ligamentis
472 2288 481 2304 ‚
515 2275 580 2298 non
601 2266 670 2298 cito
692 2268 796 2307 ruptis
819 2288 832 2305 ‚
863 2266 1044 2307 procubue-

38 2319 92 2343 rat
116 2309 179 2342 lien
203 2330 212 2345 ‚
247 2309 419 2348 contingat
441 2307 535 2341 nobis
558 2315 688 2349 gravem
711 2317 871 2342 tumorem
897 2331 905 2346 ‚
937 2306 1042 2351 hypo-

38 2351 236 2387 chondrium
258 2350 421 2385 sinistrum
443 2362 516 2385 cum
542 2351 651 2393 aliqua
674 2360 765 2395 parte
787 2351 949 2394 epigastrii
984 2363 1039 2386 oc..

38 2405 216 2438 cupantem
240 2420 250 2435 ,
295 2396 442 2438 primum
474 2394 637 2436 percipere
661 2415 671 2432 ,
703 2395 898 2436 interposito
931 2405 1038 2429 autem

38 2439 149 2482 spatio
173 2438 329 2480 temporis
351 2436 594 2483 hypogaslrium
618 2438 738 2479 magis,
758 2449 854 2481 quam
878 2438 935 2471 illa
957 2460 966 2475 ‚
991 2448 1041 2472 te-

27 2491 167 2521 nentem
190 2503 200 2519 ‚
233 2483 267 2514 in
291 2481 474 2520 conJeQura
496 2480 727 2516 confirmemur
747 2493 758 2519 ς
795 2492 868 2514 nam
893 2482 1039 2523 alioquin

34 2526 146 2560 locum
170 2524 341 2559 dumtaxat
365 2524 399 2556 in
421 2534 490 2563 quo
508 2523 639 2558 demum
662 2524 833 2558 sentiemus
854 2547 865 2563 ‚
896 2525 1042 2560 attende-

33 2579 70 2602 re
92 2589 102 2606 ,
134 2568 191 2601 etsi
225 2566 376 2608 adjuvare
415 2565 590 2609 aliquando
614 2567 716 2610 potest
737 2590 748 2607 ‚
770 2567 858 2610 quod
880 2568 1040 2603 sinistrum

29 2611 207 2646 sentiamus
229 2621 240 2648 ς
265 2608 367 2652 potest
391 2617 499 2643 tamen
523 2621 654 2644 nonnun
682 2622 755 2645 uam
789 2611 933 2654 decipere
956 2636 965 2650 ‚
997 2612 1039 2645 si-

30 2657 103 2690 cuti
126 2653 264 2688 ostendit
291 2652 465 2686 Manfredii
488 2652 541 2698 (g
564 2657 576 2692 )
601 2622 821 2695 Observatso,
844 2656 903 2698 qui
928 2655 966 2689 ad
988 2656 1037 2689 in-

56 2709 116 2732 uen
140 2697 312 2731 dexterum
337 2697 463 2730 invenit
488 2719 497 2730 .
533 2697 683 2733 Alterum
706 2699 750 2733 est
772 2722 781 2739 ,
818 2707 854 2733 ut
878 2698 899 2732 si
923 2708 1038 2733 caetera

47 2752 119 2783 lgna
141 2741 261 2775 lienem
282 2738 425 2774 indicent
447 2762 458 2779 ,
481 2750 548 2774 non
569 2750 734 2785 propterea
757 2742 833 2784 quia
858 2750 968 2775 tumor
990 2742 1038 2775 ul-

32 2793 85 2819 tra
102 2782 246 2827 semtestre
260 2780 419 2825 spatium.
446 2783 534 2827 quod
555 2782 745 2820 definiverat
769 2785 931 2819 Riolanus
951 2784 1036 2825 (h),

33 2827 260 2863 mobilitatem
283 2826 457 2869 aliquando
490 2827 626 2862 retineat
648 2829 689 2863 fic
713 2848 723 2866 ,
757 2838 792 2863 ut
818 2838 943 2862 mutato
965 2840 1038 2862 cor-

32 2874 125 2916 poris
149 2870 210 2905 fitu
237 2892 248 2910 ,
281 2868 381 2904 sedem
404 2879 507 2904 mutet
531 2884 541 2909 ;
574 2882 638 2905 non
663 2895 673 2912 ,
704 2875 838 2913 inquam
861 2894 871 2910 ‚
907 2881 1038 2915 propte-

32 2926 86 2949 rea
110 2915 228 2948 lienem
253 2912 312 2946 esse
334 2936 343 2951 ,
374 2914 558 2949 inficiemur
577 2936 592 2951 ,ν
617 2915 665 2949 Ut
688 2918 774 2949 enim
797 2914 893 2950 facile
925 2916 1000 2948 alias
1025 2940 1035 2955 ‚

31 2954 312 3002 quemadmodum
332 2954 475 2991 diximus
495 2982 506 2998 ,
537 2957 695 2993 adhaerere
719 2958 818 2992 soleat
839 2982 850 2999 ‚
880 2960 915 2992 in
942 2958 1033 2992 Blasii

33 3011 143 3037 tamen
166 2999 240 3035 casu
275 2997 362 3033 ultra
385 3009 481 3034 annos
510 3010 573 3035 tres
595 3002 637 3036 &¹
670 3003 832 3037 dimidium
862 3003 1034 3036 etiamtum

30 3045 192 3090 pendulus
215 3065 225 3082 ,
257 3054 316 3086 pro
343 3043 429 3078 varia
451 3046 597 3087 corporis
619 3046 795 3088 agitatione
816 3069 828 3085 ,
852 3046 939 3079 varie
970 3044 1035 3086 ipse

33 3100 167 3132 quoque
190 3089 313 3121 moveri
337 3087 468 3131 potuit.
492 3089 543 3123 Ex
566 3089 678 3123 eodem
694 3114 703 3129 ‚
738 3098 773 3123 ut
798 3089 837 3123 ab
860 3088 1036 3131 Ruyschio

35 3131 121 3172 (i)
150 3140 299 3166 narratur
323 3152 332 3168 ‚
373 3128 447 3164 casu
480 3131 632 3167 discimus
655 3155 664 3170 ‚
698 3133 838 3167 accidere
872 3132 1036 3167 interdum

35 3175 124 3210 hunc
146 3174 299 3208 morbum
324 3173 393 3216 post
414 3173 580 3209 difficilem
606 3186 733 3219 partum
757 3198 767 3213 ‚
802 3187 857 3210 nec
889 3176 952 3209 sine
976 3177 1035 3209 do-

36 3221 105 3254 lore
129 3216 426 3253 vehementiffimo:
449 3228 591 3260 quorum
614 3219 695 3254 illud
719 3231 753 3253 ea
774 3219 945 3254 confirmat
969 3231 1041 3261 quae

34 3262 74 3297 de
98 3262 206 3296 morbi
227 3259 329 3295 caulis
349 3258 533 3296 addidimus
556 3263 574 3306 (
589 3261 607 3301 l<
629 3267 641 3302 )
663 3285 676 3302 ,
700 3262 762 3296 hoc
786 3273 861 3297 vero
884 3262 1035 3297 admone-

36 3316 108 3341 mur
133 3330 143 3344 ,
167 3316 206 3339 ne
238 3304 317 3346 quia
338 3303 485 3339 dolorem
509 3315 632 3340 caeterae
656 3306 799 3341 historiae
821 3318 885 3340 non
909 3317 1033 3340 memo-

123 3347 288 3392 Morgagm'
296 3349 331 3381 de
342 3348 409 3381 Sed.
419 3348 463 3381 εἴφ’
471 3350 495 3381 C
494 3348 559 3392 aufi
571 3349 676 3384 Morb.
691 3350 790 3383 Tom.
801 3351 848 3383 ΙΙ.

1945 169 2037 219 137

1107 244 1179 267 rant
1204 257 1212 271 ,
1245 233 1370 265 idcirco
1394 234 1427 265 in
1451 232 1603 266 omnibus
1628 258 1637 272 ‚
1668 232 1797 264 omnive
1820 233 1926 266 morbi
1959 241 2103 273 tempore

1107 276 1206 310 deeffe
1238 277 1402 309 credamus
1426 300 1434 309 .
1471 277 1611 309 Antonii
1643 274 1681 308 de
1707 276 1819 308 Pozzis
1850 275 1898 314 <¹l
1923 280 1932 314 )
1970 276 2101 308 historia

1105 322 1199 353 docet
1223 340 1232 355 ‚
1255 321 1400 359 quamvis
1425 329 1557 360 magnus
1581 319 1662 352 lien,
1691 318 1757 350 sede
1782 330 1844 359 prae
1870 320 2008 358 pondere
2033 329 2103 349 mu-

1104 373 1171 396 tata
1194 385 1206 402 ,
1239 360 1483 403 hypogastrium
1505 360 1682 401 occupasset
1707 372 1803 395 annos
1829 372 1966 403 quatuor
1997 364 2028 393 ὃς
2052 362 2102 391 vi-

1106 408 1188 448 ginti
1212 428 1222 443 ‚
1257 404 1367 447 vixisse
1393 415 1497 438 tamen
1523 406 1690 438 mulierem
1715 428 1723 443 ‚
1759 410 1884 447 terque
1904 415 2028 438 uterum
2053 405 2103 435 in-

1105 460 1190 484 terea
1211 448 1326 490 geffiffe
1351 471 1360 487 ,
1383 452 1415 481 ἅτ
1439 447 1569 481 vitalem
1595 448 1715 490 prolem
1739 447 1868 481 edidisse
1892 462 1900 483 3
1937 459 1970 482 ut
1997 446 2102 479 minus

1104 500 1251 535 oporteat
1277 493 1386 525 mirari
1407 491 1496 533 quod
1520 492 1615 524 altera
1640 491 1693 523 illa
1718 491 1800 531 apud
1824 492 2008 524 Ballonium
2033 491 2105 528 (m),

1106 535 1200 569 semel
1234 534 1272 567 ad
1305 534 1486 577 legitimum
1523 536 1618 576 usque
1651 534 1794 577 pariendi
1827 543 1950 572 ternpus
1983 532 2101 578 foetum

1106 579 1277 612 retinuerit
1300 601 1312 617 ‚
1345 579 1376 610 in
1400 588 1494 617 partu
1518 578 1645 611 demum
1671 577 1809 610 extinc‘ta
1834 601 1841 608 .
1879 577 1974 610 Nihil
2001 602 2010 617 ,
2045 576 2102 608 nili

1105 623 1235 655 facilem
1261 621 1463 654 Medicorum
1487 632 1627 653 errorem
1652 622 1685 653 in
1709 620 1771 653 hoc
1797 621 1912 652 morbo
1937 632 1995 661 pro
2018 619 2103 664 uteri

1105 666 1280 708 gest-atione
1313 664 1462 697 habendo
1484 685 1494 701 ,
1528 664 1700 705 confirmat
1733 663 1948 696 Drelincurtii
1981 663 2104 696 Obier-

1105 710 1198 742 vatio
1223 707 1305 749 apud
1328 706 1586 750 Schorkopffium
1612 711 1621 746 (
1646 706 1719 747 n).
1747 707 1940 748 Exemplum
1963 705 2102 747 denique

1105 752 1221 785 Boneti
1243 754 1257 790 (
1279 754 1329 789 o)
1360 748 1460 784 facere
1496 749 1596 792 posset
1631 750 1667 783 ad
1701 761 1734 782 ea
1759 748 1997 791 comprobanda
2031 759 2103 790 quae

1105 795 1142 827 de
1167 797 1286 828 ventris
1309 794 1478 828 doloribus
1501 794 1673 835 aliquando
1685 793 1913 838 torquentibus
1923 792 2018 834 paulo
2033 799 2104 823 ante

1103 838 1288 872 dicebamus
1312 859 1321 874 ‚
1345 835 1401 870 nis-‘i
1425 838 1505 871 alius
1529 847 1678 877 praeterea
1702 836 1738 868 in
1763 846 1829 877 ejus
1856 836 2003 877 Virginis
2029 844 2104 866 ven-

1104 892 1152 915 tre
1185 880 1293 915 fuiffet
1319 880 1468 914 morbus,
1495 880 1565 913 Nec
1586 881 1688 922 plures
1713 880 1803 925 lienis
1827 879 1984 921 prolapsi,
2007 888 2104 920 quam

1104 924 1160 958 has
1181 924 1290 958 decem
1316 924 1572 958 Observationes
1598 949 1607 963 ,
1631 923 1781 964 accepisse
1805 948 1814 963 ‚
1840 932 1892 956 aut
1918 920 2021 958 legisse
2036 943 2047 960 ,
2071 923 2105 954 in

1104 968 1268 1010 praeseutia
1293 969 1448 1005 memini,
1473 975 1508 1000 ut
1532 966 1601 1007 jure
1625 968 1806 1006 meritoque
1831 965 2015 1007 Ruyscbius
2037 967 2105 1006 (p)

1104 1012 1248 1052 potuerit
1270 1010 1356 1044 inter
1379 1022 1413 1043 ea
1436 1017 1508 1052 qnae
1532 1012 1652 1043 rariora
1677 1009 1884 1043 adnotaverat
1908 1030 1918 1046 ‚
1941 1009 2050 1042 lienem
2073 1008 2107 1040 in

1095 1054 1217 1096 pelvim
1235 1053 1416 1096 prolapsum
1440 1051 1592 1087 recensere
1617 1078 1624 1085 .
1658 1054 1718 1085 Sex
1741 1051 1869 1085 illarum
1895 1051 1931 1085 ad
1957 1052 2108 1086 foeminas

1101 1098 1238 1130 attinent
1264 1118 1272 1133 ‚
1307 1101 1378 1129 clu-„e
1417 1096 1455 1130 ad
1481 1099 1567 1129 viros
1593 1108 1599 1128 τ
1634 1096 1674 1129 ad
1698 1097 1869 1137 alterutros
1893 1105 2000 1129 autem
2027 1094 2104 1139 reli-

1100 1152 1171 1182 quae
1195 1140 1336 1182 spectare
1360 1148 1535 1180 potuerunt
1559 1161 1568 1176 ‚
1592 1150 1670 1181 quas
1693 1139 1852 1172 indicavit
1877 1164 1886 1179 ,
1909 1149 1973 1172 non
1999 1138 2118 1171 narra-'

1100 1186 1149 1217 vit
1171 1207 1184 1224 ‚
1217 1183 1376 1217 Riolanus
1398 1186 1412 1222 (
1435 1194 1454 1225 q
1475 1185 1489 1221 )
1512 1204 1522 1219 ‚
1544 1193 1618 1215 cum
1642 1180 1726 1224 ajat,
1751 1183 1920 1223 imperitos
1945 1180 2107 1215 incautos-

1099 1238 1161 1269 que
1184 1227 1226 1260 sic
1252 1225 1322 1259 falli
1339 1226 1441 1269 specie
1463 1225 1568 1264 molae,
1592 1225 1643 1258 vel
1660 1224 1804 1267 scirrhofi
1827 1226 1909 1258 uteri
1939 1225 1971 1256 in
1995 1224 2109 1257 mulie-

1100 1268 1208 1308 ribus,
1233 1270 1274 1303 &
1297 1268 1329 1302 in
1351 1271 1432 1302 *virts
1448 1269 1549 1312 specie
1573 1271 1706 1301 tumoris
1726 1267 1897 1310 glandulosi
1917 1268 2011 1307 instar
2026 1266 2109 1306 slea-

1100 1314 1230 1347 tomatz‘s
1252 1314 1284 1347 in
1319 1312 1498 1354 mesenterio
1521 1311 1651 1346 latentis
1667 1335 1675 1344 .
1701 1311 1789 1344 Mihi
1825 1311 1961 1345 necdum
1996 1312 2107 1345 conti-

1100 1357 1149 1399 git
1175 1382 1184 1396 ,
1217 1366 1253 1390 ut
1276 1367 1330 1400 per
1355 1366 1523 1389 anatomen
1546 1354 1834 1397 deprehenderem,
1858 1355 2003 1396 cupienti
2028 1354 2110 1387 alio-

1101 1400 1182 1442 quin
1206 1411 1281 1434 cum
1307 1400 1389 1440 alia,
1421 1409 1491 1433 tum
1517 1399 1677 1442 praecipue
1700 1399 1780 1441 quid
1804 1399 1934 1432 annexis
1957 1408 2110 1440 Pancrea-

1103 1444 1148 1479 ti,
1177 1444 1361 1477 ventriculo
1382 1465 1394 1483 ,
1427 1440 1571 1484 totisque
1593 1442 1818 1483 Splenicorum
1842 1441 1990 1475 vasorum
2015 1450 2109 1482 trun-

1101 1488 1147 1519 cis
1172 1495 1247 1520 tunc
1270 1486 1392 1520 accidat
1407 1508 1416 1523 ‚
1439 1486 1615 1527 diligenter
1639 1485 1801 1525 inquirere
1825 1510 1831 1517 .
1871 1486 1914 1518 Et
1938 1484 2010 1518 sunt
2033 1483 2107 1525 qu-i-

1099 1531 1175 1563 dem
1197 1531 1231 1563 in
1256 1530 1422 1572 prodiistis
1445 1528 1742 1563 Observationibus
1765 1550 1773 1564 ‚
1808 1528 1950 1561 Ballonii
1975 1527 2106 1569 praeser-

1102 1576 1163 1606 tim
1185 1596 1199 1614 ,
1220 1576 1251 1606 &
1273 1573 1445 1609 Cabmlii,
1471 1572 1578 1614 aliqua
1602 1570 1640 1604 ad
1664 1572 1884 1605 ventriculum
1909 1570 2083 1604 attinentia
2098 1592 2108 1600 .

1102 1617 1160 1650 Sed
1184 1618 1340 1659 quoniam
1364 1615 1494 1650 aliunde
1517 1615 1576 1648 effe
1600 1623 1748 1655 poterant
1773 1640 1781 1654 ‚
1817 1625 1873 1647 nec
1906 1613 2011 1647 Pozzi
2038 1634 2047 1649 ,
2078 1616 2110 1646 &

1102 1660 1217 1693 Boneti
1242 1659 1385 1693 historiae
1409 1658 1483 1692 satis
1514 1658 1577 1691 illis
1608 1657 1666 1691 hac
1698 1658 1731 1691 in
1758 1666 1846 1701 parte
1879 1656 2071 1700 respondent
2100 1678 2109 1693 ‚

1102 1703 1251 1737 consulto
1276 1703 1349 1737 sunt
1371 1713 1389 1736 a
1413 1713 1462 1736 me
1485 1700 1710 1744 praetermiffa.
2100 1734 2102 1736 ,

1158 1757 1211 1790 45.
1248 1745 1412 1781 Consulto
1444 1747 1562 1788 pariter
1594 1745 1712 1778 reticui
1756 1744 1845 1788 quod
1885 1744 1924 1779 ab
1962 1744 2109 1779 Hildano

1101 1794 1190 1830 (r)
1221 1790 1256 1822 in
1291 1791 1423 1823 muliere
1454 1787 1682 1830 deprehensum
1717 1787 1759 1822 est
1783 1813 1793 1828 ,
1824 1800 1899 1822 cum
1934 1789 2110 1822 immanem

1100 1835 1219 1867 lienem
1252 1834 1291 1868 ad
1330 1832 1573 1876 hypogastrium
1606 1829 1740 1873 quidem
1774 1832 1937 1866 extensum
1974 1833 2077 1876 legam
2101 1855 2110 1870 ‚

1100 1888 1167 1910 non
1200 1876 1279 1911 illuc
1312 1876 1496 1919 prolapsum
1519 1898 1531 1914 ‚
1552 1885 1591 1909 ut
1614 1875 1706 1909 Viris
1723 1875 1885 1917 alioquin
1911 1875 2112 1909 Doetiffimis

1103 1920 1207 1954 visum
1230 1921 1277 1954 est
1300 1942 1311 1958 ‚
1348 1921 1381 1952 in
1406 1919 1656 1952 Observationis
1689 1916 1829 1960 ejusdem
1853 1942 1866 1959 ,
1901 1919 1939 1952 ab
1963 1918 2111 1953 Hildano

1101 1964 1206 2003 faeta,
1226 1964 1537 1997 commemoratione
1559 1961 1641 2004 (s)
1666 1987 1676 2003 ‚
1699 1973 1797 2005 quam
1821 1961 1880 2006 ipsi
1908 1964 2041 1996 alteram
2064 1962 2111 1996 es-

1101 2008 1130 2041 se
1157 2007 1431 2043 Observationem
1454 2005 1682 2042 crediderunt.
1707 2007 1757 2039 Sic
1781 2017 1911 2049 quoque
1936 2017 1995 2048 pro
2018 2018 2112 2040 com-

1102 2053 1339 2086 memoratione
1362 2052 1463 2086 habui
1487 2049 1584 2084 editae
1611 2051 1693 2082 olim
1717 2049 1972 2084 Observationis
2005 2050 2022 2094 (
2050 2057 2064 2083 t
2097 2054 2107 2088 )

1100 2094 1190 2137 quod
1214 2095 1399 2138 Ruyschius
1425 2094 1533 2138 posuit
1555 2094 1591 2127 in
1613 2092 1813 2127 Adversariis
1844 2095 1858 2132 (
1880 2104 1900 2127 u
1925 2097 1935 2132 )
1958 2106 1967 2131 ε
2007 2104 2110 2136 neque

1097 2140 1183 2173 enim
1205 2141 1323 2173 mirum
1347 2164 1356 2178 ‚
1380 2138 1402 2173 fi
1427 2138 1578 2182 persenex
1599 2135 1746 2179 quaedam
1767 2139 1800 2169 in
1824 2136 1884 2171 hac
1906 2148 2109 2171 commemoa

1098 2176 1222 2226 ratione
1255 2182 1413 2226 scripserit
1434 2205 1446 2223 ,
1479 2193 1551 2226 quae
1587 2191 1660 2215 cum
1685 2180 1812 2222 scriptis
1845 2181 1984 2223 triginta
2017 2183 2107 2215 armis

1098 2228 1172 2258 ante
1194 2236 1258 2258 non
1292 2225 1420 2268 prorsus
1436 2236 1625 2269 >congruant
1647 2248 1658 2265 ,
1695 2223 1828 2266 quando
1860 2235 1917 2257 nec
1947 2225 2002 2258 illa
2035 2232 2106 2268 quae·

1097 2278 1169 2301 tum
1194 2268 1355 2311 scripserat
1379 2292 1388 2308 ‚
1417 2271 1536 2312 viginti
1559 2271 1715 2304 nimirum
1742 2268 1833 2300 annis
1855 2267 2022 2310 postquam
2046 2269 2106 2301 ob-

1093 2311 1275 2346 servaverat
1301 2334 1310 2348 ,
1341 2310 1417 2346 satis
1447 2324 1523 2347 cum
1556 2315 1596 2347 iis
1619 2312 1821 2347 conveniunt
1844 2321 1916 2353 quae
1952 2311 2070 2354 septem
2096 2337 2106 2354 ,

1092 2356 1178 2390 haud
1203 2357 1338 2398 amplius
1362 2378 1372 2393 ‚
1394 2359 1485 2390 annis
1509 2358 1577 2399 post
1599 2356 1746 2391 habitam
1771 2357 1859 2391 illam
1887 2355 2104 2390 Observatio-

1092 2409 1163 2432 nem
1185 2398 1319 2433 tradidit
1343 2399 1462 2439 Blasius
1483 2403 1498 2439 <
1518 2411 1540 2434 x
1561 2406 1572 2438 )
1597 2424 1610 2440 ,
1643 2402 1700 2444 qui
1724 2404 1755 2434 δι
1778 2412 1793 2433 a
1819 2398 1954 2433 muliere
1976 2400 2103 2434 consula

1092 2451 1142 2476 tus
1165 2438 1269 2476 fuerat
1294 2465 1303 2479 ‚
1329 2444 1361 2475 δέ
1385 2442 1479 2478 affuit
1503 2442 1685 2477 diffeerioni
1708 2467 1719 2483 ,
1743 2455 1838 2487 quam
1864 2442 1904 2478 ab
1928 2440 2100 2487 Rus'stlrio

1092 2486 1254 2528 peracffam
1277 2485 1359 2519 dicit
1391 2487 1433 2518 A.
1461 2489 1555 2529 1670.
1577 2488 1628 2520 die
1652 2487 1873 2531 24⁴Januarii
1897 2514 1906 2523 .
1943 2489 2009 2524 Hic
2040 2500 2107 2524 ’νει

1093 2540 1131 2561 ro
1154 2539 1229 2562 cum
1254 2539 1371 2562 annum
1396 2530 1529 2563 eundem
1554 2540 1652 2572 ponat
1680 2552 1688 2567 ‚
1724 2542 1849 2573 tempus
1881 2544 2010 2576 quoque
2045 2547 2099 2568 an-

1091 2573 1125 2605 ni
1149 2571 1224 2605 satis
1246 2572 1371 2605 indicat
1393 2595 1405 2613 ,
1428 2582 1501 2607 cum
1526 2574 1655 2608 eandem
1680 2574 1761 2608 hanc
1784 2575 1870 2609 suam
1895 2598 1904 2612 ‚
1938 2580 1982 2611 ait
2004 2602 2015 2618 ,
2050 2590 2098 2612 re-

1090 2615 1210 2650 censeri
1234 2615 1399 2649 historiam
1424 2617 1536 2649 Decad.
1564 2619 1629 2651 ΙΙΙ.
1664 2616 1732 2659 Obs.
1755 2630 1787 2661 4.
1818 2619 1899 2663 Justi
1938 2622 2098 2656 Schrade-

1090 2660 1144 2699 ri,
1166 2660 1222 2702 qui
1239 2659 1338 2692 ibiab
1361 2659 1530 2701 Ruyschio
1552 2665 1644 2693 Ann.
1674 2665 1766 2704 1670.
1781 2664 1829 2696 die
1852 2674 1903 2706 3¹-
1929 2669 2035 2698 Mart..
2054 2665 2094 2698 si..

1089 2703 1122 2735 bi
1155 2713 1318 2737 narratum
1350 2702 1460 2737 scribit
1482 2727 1495 2743 ‚
1526 2713 1622 2745 nuper
1655 2705 1694 2738 ab
1743 2706 1771 2738 se
1804 2718 1871 2739 cam
1905 2707 1965 2741 else
2003 2707 2095 2742 babi-

1089 2755 1155 2779 tam
1185 2744 1401 2779 diffefflonem
1425 2770 1433 2779 .
1480 2747 1580 2785 Quod
1623 2747 1643 2780 fi
1663 2748 1863 2790 'hujusmodi
1899 2750 2095 2786 Observatio

1089 2800 1127 2822 ex
1150 2790 1189 2822 iis
1213 2789 1287 2823 esset
1311 2801 1384 2831 quae
1409 2791 1457 2823 bis
1480 2792 1564 2823 intra
1588 2790 1667 2824 duos
1692 2791 1812 2825 menses
1836 2796 1892 2826 uni
1918 2796 2093 2829 Anatomi-

1088 2844 1128 2866 co
1151 2833 1245 2866 facile
1278 2833 1400 2875 possent
1437 2844 1637 2872 occurrere5
1669 2835 1836 2876 quomodo
1872 2838 1956 2870 inter
1990 2841 2093 2872 rario-

1089 2887 1138 2910 res
1160 2876 1200 2910 ab
1212 2875 1382 2918 Ruysch'io
1406 2880 1456 2917 (y
1482 2880 1491 2913 )
1517 2874 1625 2909 fuillet
1649 2877 1776 2920 posita?
1800 2880 1843 2912 At
1869 2881 1953 2913 enim
1977 2894 2090 2923 quater

1089 2921 1122 2953 id
1147 2920 1230 2954 vidit
1253 2921 1412 2953 Riolanus
1435 2922 1448 2957 (
1470 2930 1493 2962 z
1515 2922 1530 2958 >
1551 2933 1560 2956 3
1594 2919 1643 2953 his
1669 2931 1775 2955 autem
1798 2945 1810 2962 ‚
1834 2932 1869 2955 ut
1893 2923 1959 2958 haec
1983 2937 2090 2959 receu-

1089 2962 1155 2996 sens
1178 2964 1251 3005 lego
1276 2988 1284 3002 ‚
1310 2963 1361 2996 Ill.
1387 2963 1575 2996 Swietenius
1597 2966 1611 3002 (
1634 2976 1651 2998 a
1676 2968 1690 3004 )
1713 2968 1744 2998 in
1769 2966 1974 3002 cadaveribus
2011 2981 2089 3002 eon-

1088 3009 1190 3049 spexit
1211 3006 1320 3039 lienem
1336 3003 1524 3048 scirrhosum
1546 3007 1697 3049 ingentem
1719 3009 1758 3041 ad
1775 3010 1897 3050 pelvim
1920 3011 2092 3055 usqucpro-

1088 3049 1229 3092 lapsum,
1249 3051 1305 3091 qui
1330 3050 1452 3082 utinam
1477 3048 1515 3081 ad
1538 3059 1650 3085 caetera
1674 3052 1942 3088 addendaotium
1956 3056 2090 3090 habuis-

1089 3093 1133 3127 set
1158 3118 1166 3126 .
1197 3094 1252 3126 Tu
1276 3104 1350 3126 vero
1374 3094 1558 3127 memineris
1584 3117 1592 3131 ,
1628 3106 1692 3127 non
1720 3089 1836 3129 videri*
1853 3099 1947 3131 nobis
1982 3102 2089 3133 minus

1086 3138 1153 3170 veri
1178 3136 1279 3169 limile
1300 3158 1312 3175 ,
1342 3136 1434 3176 quod
1466 3136 1582 3177 aliquis
1606 3149 1669 3171 non
1706 3140 1798 3172 semel
1834 3141 2005 3175 offenderit
2027 3145 2087 3176 lie-

1086 3191 1159 3213 nem
1207 3177 1388 3220 prolapsum
1407 3189 1422 3218 ,·
1465 3177 1517 3212 sed
1560 3182 1648 3223 quod
1692 3184 1777 3215 intra
1823 3184 1972 3217 bimestre
2019 3186 2088 3226 spa-

1085 3225 1170 3257 tium
1204 3223 1254 3255 'ors
1284 3221 1456 3256 offenderit
1481 3242 1490 3257 ‚
1534 3223 1596 3258 hoe
1633 3225 1702 3258 sanc
1748 3226 1882 3259 videri.
1925 3230 2085 3262 Attamen

1084 3265 1108 3299 si
1139 3266 1272 3298 verbum
1316 3264 1398 3297 illud
1442 3274 1538 3307 nuper
1581 3281 1596 3302 a
1643 3280 1692 3301 me
1749 3267 1835 3301 forte
1886 3272 1983 3303 nimis
2037 3284 2088 3305 re-

1083 3309 1190 3343 striste
1213 3318 1380 3352 acceptum
1412 3318 1501 3350 putas
1524 3325 1534 3348 3
1566 3313 1623 3346 etsi
1658 3310 1740 3344 mihi
1764 3323 1828 3345 non
1853 3314 1897 3346 ob
1927 3314 1959 3347 id
1984 3327 2101 3349 unum*

1671 3355 1692 3387 S
1954 3356 2039 3392 haud

96 3559 164 3622 ἓν)
185 3563 201 3586 1.
220 3568 242 3595 3.
259 3560 322 3586 Sest.
339 3566 376 3588 16.
392 3562 451 3588 obs.
472 3571 496 3592 9.
512 3564 536 3588 &
554 3564 615 3596 seqq.
632 3563 723 3593 plurib.
739 3566 762 3590 ἃ
774 3566 839 3600 *Sem
857 3573 894 3592 21.
912 3567 972 3593 ΟΜ.
987 3575 1027 3599 34.
1046 3567 1072 3598 §.
1090 3576 1112 3595 1.
1129 3576 1151 3594 a.
1168 3577 1190 3599 3.
1251 3569 1265 3598 (
1279 3574 1296 3599 y
1312 3567 1321 3600 )
1338 3567 1502 3601 Anthropogr.
1521 3573 1540 3595 1.
1558 3577 1579 3594 2.
1597 3578 1617 3595 c.
1635 3575 1675 3596 26.

123 3600 141 3620 z
158 3594 167 3621 )
184 3591 294 3626 Epidem.
309 3592 328 3617 1.
349 3602 371 3618 ι.
389 3595 449 3618 vere
466 3597 494 3618 A.
513 3597 583 3625 1578-
646 3594 689 3626 (fa
703 3595 719 3629 ).
733 3598 758 3620 6.
773 3603 799 3621 ιιι
814 3595 918 3623 observ.
937 3601 993 3624 Var.
1053 3599 1062 3627 (
1079 3598 1094 3623 b
1116 3600 1125 3629 )
1140 3600 1157 3624 l.
1174 3608 1196 3624 2.
1213 3606 1233 3623 c.
1251 3603 1287 3623 26.
1352 3600 1366 3629 (
1381 3607 1392 3622 ι·
1411 3601 1422 3628 )
1439 3600 1457 3625 1.
1474 3609 1498 3625 ι.
1514 3606 1535 3625 ε’.
1553 3608 1590 3630 ²3·
1649 3604 1659 3631 (
1678 3600 1696 3625 d
1710 3601 1725 3630 )
1740 3603 1850 3627 Entheir.
1868 3610 1889 3628 c.
1908 3603 1948 3628 cit.

96 3623 111 3652 (
125 3631 138 3647 e
152 3623 168 3652 )
184 3622 248 3647 1b1d·
309 3623 353 3654 (f
366 3627 375 3654 )
389 3624 450 3661 OM:
468 3624 535 3654 supra
549 3626 580 3649 ad
596 3633 621 3650 n.
638 3633 678 3656 43·
694 3630 737 3650 nt·
799 3627 813 3655 (
827 3635 846 3657 e
862 3628 872 3658 )
887 3629 955 3658 supra
974 3645 984 3660 ,
1000 3629 1055 3654 eod.
1119 3630 1134 3659 (
1151 3631 1164 3654 b
1182 3636 1191 3657 ›
1207 3629 1318 3655 Encheir.
1334 3637 1355 3652 e„
1373 3630 1413 3653 cit.
1475 3633 1489 3661 ς
1506 3633 1516 3655 1·
1532 3632 1544 3659 )
1559 3630 1617 3656 obs.
1634 3635 1670 3656 ει
1690 3633 1729 3656 cit.
1747 3634 1776 3657 aa
1794 3642 1818 3656 n.
1836 3642 1874 3663 43.

96 3654 111 3682 (
125 3652 142 3677 k
160 3654 173 3681 )
188 3654 241 3677 eod.
261 3660 287 3676 n.
347 3652 357 3684 (
374 3653 385 3677 ἐ
402 3655 417 3684 )
431 3656 451 3678 1·,
469 3655 492 3680 h.
510 3651 541 3680 N'.
559 3658 587 3680 C.
607 3658 666 3681 Dec.
686 3664 708 3683 ι.
726 3659 757 3680 Δ.
772 3665 796 3685 4.
813 3658 874 3683 obs.
892 3668 930 3689 30·
951 3689 956 3693 ι
993 3661 1008 3690 (
1022 3668 1046 3693 m
1063 3659 1076 3688 )
1092 3662 1141 3685 loc.
1158 3660 1203 3685 cit.
1267 3660 1307 3688 (n
1323 3660 1446 3693 ).Difl“²·
1464 3661 1530 3691 supra
1547 3669 1570 3685 n.
1587 3671 1626 3691 40-
1643 3663 1685 3686 cit.
1703 3663 1762 3686 thes.
1781 3671 1816 3687 22.

98 3684 109 3742 ἓ
124 3692 138 3706 o
153 3683 168 3711 )
183 3683 305 3717 Sepulchr.
322 3686 339 3709 ι.
357 3691 380 3714 3-
402 3684 443 3721 Se}
457 3692 520 3720 2¹⁴·
536 3686 595 3710 Obs.
613 3694 651 3716 37.
712 3686 722 3716 (
736 3693 755 3717 ρ
770 3689 781 3718 )
798 3687 867 3718 Resp.
885 3691 914 3715 ad
929 3690 994 3714 Brdl.
1014 3690 1113 3715 vindic.
1174 3692 1188 3720 (
1205 3699 1219 3720 q
1236 3689 1244 3717 l
1261 3689 1372 3714 Encheir.
1388 3699 1409 3715 c.
1427 3691 1470 3716 cit.
1531 3695 1540 3717 ζ
1557 3700 1569 3716 r
1587 3694 1595 3724 )
1612 3694 1683 3716 Cenr.
1700 3698 1719 3716 2.
1739 3693 1796 3717 obs,
1812 3703 1852 3723 45·

120 3713 164 3742 s)
181 3713 252 3742 Epist.
272 3722 310 3745 55.
370 3715 385 3744 (
401 3721 413 3739 o
456 3721 499 3741 ert.
518 3716 584 3745 supra
600 3717 629 3740 ad
646 3725 669 3741 n.
682 3724 725 3750 μς.
791 3717 808 3745 ζ
821 3726 837 3742 u
854 3722 862 3749 )
881 3723 937 3744 Dee.
958 3728 980 3743 ι.
998 3727 1023 3744 n.
1043 3729 1063 3750 ⁹·
1126 3721 1140 3751 (
1155 3729 1169 3745 x
1186 3721 1199 3749 )
1215 3721 1258 3745 cit.
1275 3720 1345 3749 supra
1357 3723 1389 3747 ad
1405 3730 1427 3746 n.
1445 3731 1485 3752 43.
1546 3725 1587 3753 (Ι
1603 3723 1616 3751 )
1634 3723 1689 3747 Vid.
1707 3722 1788 3753 supra,
1807 3732 1831 3748 n.
1848 3731 1887 3756 43.

99 3743 114 3773 (
128 3752 146 3772 z
160 3744 177 3776 2
191 3744 258 3774 supra
270 3760 278 3774 ‚
295 3753 320 3771 u.
337 3752 377 3774 49.
407 3774 410 3778 Ι
439 3747 447 3774 s
464 3755 479 3772 a
494 3747 509 3776 )
524 3749 664 3772 comment.
681 3754 706 3772 ιι
722 3749 809 3774 north.
827 3751 918 3779 Aptior.
937 3750 961 3781 ς.
982 3752 1034 3780 958.
