2498 4075
445 171 597 238 Epist.
637 170 799 225 Anat.
833 172 1033 240 Medica
1066 174 1173 229 LV·
1211 173 1327 229 Art.
1363 181 1434 232 16·
1469 182 1539 243 17.
1574 182 1627 234 &
1667 181 1739 236 18.

74 257 138 280 nin
162 248 193 279 in
219 247 258 281 iis
280 257 448 292 captarum
473 249 526 283 ubi
550 246 717 281 credebant
735 249 964 291 ‚regionibus‚
990 252 1084 285 &lo-

74 291 119 322 cis
136 316 144 329 ‚
170 302 271 334 neque
292 303 331 324 eo
353 305 420 336 quo
442 293 611 334 oportebat
637 313 646 328 ‚
679 294 755 324 anni
786 301 934 334 ‘tempore
957 320 963 327 .
1001 295 1086 331 Aliis

74 333 164 375 quod
186 334 220 366 in
243 333 399 375 ejusmodi
423 336 592 378 aegros,in
604 346 735 377 eamque
747 337 851 370 morbi
866 338 1056 372 autcausam
1072 363 1086 379 ,

1989 201 2075 252 341

1137 255 1202 296 (la)
1225 266 1293 304 quse
1317 256 1403 290 libro
1426 257 1489 291 hoc
1515 261 1576 292 IV.
1604 259 1756 300 inscripta
1780 259 1822 294 est
1852 259 1891 294 de
1919 263 2150 308 Tumoribus,

1137 303 1168 332 δε
1195 298 1339 335 Sthione
1363 300 1420 334 hac
1445 303 1503 335 lV.
1527 302 1566 335 de
1590 302 1762 337 Ulceribus
1793 308 1875 345 (c).
1911 307 2073 340 Neutrubi
2098 320 2150 342 ta·-

1140 352 1211 376 men
1235 342 1475 385 pandolphinus
1498 347 1554 387 qui
1597 356 1629 378 ea
1666 346 1705 379 de
1738 347 2148 389 Ventositatefsraehtum

74 377 228 412 autvim,
252 388 305 413 aut
331 378 514 415 vetustatem
534 376 731 418 inciderint,
755 388 791 414 ut
814 379 919 420 nulli,
943 392 993 416 aut
1006 391 1089 418 certe
1140 384 1267 423 edidit,
1292 395 1344 418 aut
1368 388 1569 427 Mei-cliniis,
1594 391 1647 430 qui
1674 390 1759 423 hunc
1784 398 1834 422 tot
1867 392 1957 425 auxit
1992 393 2147 427 Adnota-

73 416 152 453 huic
177 423 299 455 auxilio
324 434 388 456 non
415 421 487 455 ess‘et
512 423 619 455 locus.
645 422 762 456 Aliaid
774 434 872 465 genus
888 444 897 459 ‚
921 435 1079 466 quantum

73 464 142 499 vis,
168 464 269 505 adde,
292 465 392 499 modo
416 477 453 498 ne
476 467 509 499 in
533 464 721 505 scientiam,
745 468 778 498 &
803 465 897 501 fidem
908 477 1078 503 eorumca-

72 505 176 548 dant,
198 509 314 551 quibus
338 519 443 544 tamen
469 509 526 544 hac
549 510 582 541 in
607 520 639 543 re
661 520 725 541 non
749 509 781 542 id
807 508 879 542 satis
912 508 976 556 fuit
992 511 1079 554 quod

74 559 180 591 nunc,
205 553 329 586 utinam
353 564 391 586 ne
414 553 511 585 nimis
535 551 614 593 saepe
630 573 639 588 ,
663 553 777 594 &plus
789 564 906 596 aequo,
930 555 1079 589 usitatum

71 593 137 631 est,
161 605 175 625 a
202 594 384 637 Majoribus
407 594 589 634 dissentire,
613 592 672 630 nisi
694 595 820 629 eosdem
858 595 985 638 insuper
1013 600 1078 635 cir-

69 635 284 672 cumforaneae
309 639 483 677 vanitatis,
506 637 527 670 fi
554 637 673 680 superis
697 639 822 679 placet,
845 649 1031 680 arguerent.

118 682 166 712 16.
191 682 347 715 Senatoris
371 683 458 718 illius
483 681 725 715 Praestantiffimi
751 681 939 715 modofaeta
950 685 1076 718 mentio

74 732 140 763 rem
166 724 198 756 in
224 726 411 759 memoriam
436 724 580 767 redigit,
605 724 641 757 ad
666 724 816 761 abscessus
842 728 1074 767 pertinentem.

68 765 193 803 Docuit
217 768 346 810 quidem
369 770 587 810 Hippocrates
614 768 700 810 (q),
722 769 795 802 dum
813 778 873 810 pus
895 767 1079 812 conficitur,

68 809 186 844 dolores
208 822 244 843 ac
263 811 371 855 febres
394 811 533 848 accidere
555 813 677 853 magis,
701 822 794 853 quam
817 811 883 852 jam
905 811 1043 856 conficto
1068 837 1077 844 .

67 851 107 885 Id
132 862 237 888 tamen
262 865 296 889 ut
321 866 392 896 quae
416 857 449 886 in
474 854 617 896 pluribus
650 865 778 896 quoque
814 854 885 890 aliis
919 855 1081 898 Aphorjs.

65 897 126 928 mis
141 921 153 936 ,
176 898 362 940 plerumque
386 896 443 930 ess'e
466 908 595 935 verum,
620 908 682 929 non
696 896 839 939 semper,
862 899 986 940 velipse
997 901 1080 942 Epi..

64 940 244 974 demiornm
267 941 353 974 libro
386 942 447 974 IV.
472 944 536 980 (t)
562 938 777 982 significavit,
800 940 822 974 fi
846 953 910 977 non
934 942 987 976 ubi
1014 955 1080 975 rna-

66 992 154 1017 turos
176 985 209 1017 in
233 984 354 1017 morbis
379 983 528 1017 abscessus
551 983 707 1026 quosdam
723 1006 734 1024 ‚
762 983 884 1026 scripfit
911 1008 922 1024 ‚
946 984 1008 1021 fine
1032 983 1079 1024 fe-

66 1026 138 1063 bre,
165 1029 196 1060 &
220 1026 314 1061 facile
339 1026 442 1065 ferri,
465 1025 527 1060 hoc
552 1029 638 1064 enim
663 1028 843 1061 Martianus
867 1028 931 1069 (s)
953 1028 991 1061 de
1006 1028 1078 1070 sup..

67 1072 187 1111 puratis
203 1093 211 1108 ,
235 1082 297 1105 non
314 1093 322 1107 ‚
347 1082 382 1104 ut
406 1070 560 1104 Valleiius
584 1074 646 1110 (t)
668 1070 757 1103 deiis
771 1070 1075 1114 quisuppurantur,

64 1113 284 1155 accipiendum
307 1112 364 1147 effe
380 1138 389 1152 ‚
413 1114 605 1152 contendit,
631 1125 661 1146 at
686 1125 763 1147 mox
785 1124 867 1147 certe
891 1138 902 1154 ,
935 1125 1074 1157 utroque

67 1168 177 1193 eorum
211 1157 430 1195 consentiente
452 1181 463 1197 ,
501 1157 555 1190 ubi
582 1157 736 1191 Leambio
761 1157 833 1198 post
858 1157 1075 1199 dysenteriam

64 1200 224 1237 humerum
249 1201 291 1233 &⁹
306 1199 412 1241 sedem
436 1200 613 1235 exulcerata
636 1198 711 1243 effe,
736 1202 780 1232 ait
804 1226 810 1238 ,
836 1201 916 1234 citra
933 1199 1053 1244 febrem
1068 1226 1075 1237 .

65 1242 139 1279 Nos
172 1255 300 1286 quoque
325 1246 358 1276 iu
382 1256 419 1277 eo
443 1245 594 1277 Senatore
617 1254 691 1277 cum
716 1243 829 1279 tibiam
866 1243 904 1275 ab
938 1255 1002 1279 non
1027 1255 1075 1276 re-

64 1288 151 1323 centi
175 1287 332 1321 oedemate
348 1311 358 1327 ,
383 1290 416 1324 &
440 1287 477 1319 ab
501 1287 563 1319 levi
587 1298 703 1327 nupera
727 1286 912 1320 contusione
933 1311 944 1326 ,
978 1298 1075 1330 quam

62 1332 214 1373 exiguum
238 1332 283 1363 ibi
308 1329 495 1372 eryfipelaS,
518 1333 551 1363 δέ
574 1329 699 1365 modica
711 1328 806 1363 febris
817 1330 982 1365 consecuta
1007 1329 1079 1363 fue·=⁴

64 1385 158 1413 rant,
181 1374 247 1416 jam
270 1383 471 1411 tumentem,
500 1384 576 1406 mox
608 1373 739 1415 quidem
774 1375 876 1416 magis
913 1374 1075 1416 magisque

62 1418 290 1457 intumescere,
313 1417 510 1455 videremus,
536 1416 659 1453 nullam
682 1426 790 1450 autem
814 1417 1004 1458 peculiarem
1027 1416 1075 1450 fe..

62 1461 148 1495 brem
168 1486 177 1501 ,
223 1461 326 1495 nullos
370 1462 513 1503 rigores,
557 1459 682 1495 nullum
726 1460 848 1498 doloris
867 1484 880 1500 ,
920 1461 1034 1493 caloris
1059 1484 1072 1500 ‚

60 1504 251 1546 pulsationis
297 1502 418 1537 sensum
463 1513 546 1544 aeger
580 1526 592 1542 ,
639 1512 693 1536 aut
739 1514 795 1537 nos
842 1504 1070 1536 animadverte-

60 1560 190 1586 remus5
211 1560 267 1589 pus
301 1558 406 1583 tame-n
440 1549 559 1580 interea
597 1545 713 1584 confici
737 1570 749 1586 ,
781 1545 931 1588 suspicari
965 1547 1067 1587 coepi-

58 1602 152 1631 mus,
177 1603 232 1624 nec
258 1590 358 1629 falso,
381 1601 416 1625 ut
441 1591 538 1631 paulo
562 1589 631 1630 poll:
656 1593 817 1627 materiae,
841 1589 897 1622 sub
920 1590 1066 1625 manibus

57 1634 268 1673 fluituantib
290 1645 354 1666 non
379 1632 508 1666 obscura
534 1633 698 1674 perceptio
720 1632 945 1667 confirmavit.
972 1633 1064 1669 Num

55 1679 157 1714 iamir
181 1680 213 1710 in
237 1677 382 1715 senibus,
406 1687 481 1709 num
505 1676 603 1711 etiam
635 1678 668 1708 in
705 1677 874 1713 membris,
908 1676 1064 1713 oedemate

54 1716 198 1759 affeetu,
225 1731 281 1762 pus
309 1719 345 1753 fit:
369 1720 431 1754 fine
456 1719 552 1758 ullis,
576 1727 628 1751 aut
652 1730 725 1752 cum
761 1719 966 1763 paucioribus
988 1742 997 1757 ‚
1021 1719 1064 1750 lc-

52 1764 258 1807 vioribusque
281 1775 350 1805 quae
376 1775 435 1806 pus
459 1762 525 1795 fieri
550 1761 745 1803 significent,
770 1764 857 1797 notis
878 1762 894 1794 ,ἓ
927 1764 1065 1796 Utrum-

52 1820 113 1849 que
137 1808 301 1840 interdum
328 1808 366 1838 ab
390 1805 625 1848 experientibus
650 1804 826 1847 Chirurgis
863 1806 971 1841 audivi
995 1829 1007 1846 ,
1031 1808 1064 1838 &

52 1853 110 1883 ubi
137 1852 295 1885 rationem
321 1849 478 1888 consulo,
502 1858 673 1890 utrumque
700 1849 839 1891 intelligi
864 1848 947 1891 posse
969 1873 977 1887 ,
1015 1851 1063 1882 vi-

49 1894 133 1934 deo;
155 1893 324 1927 secundum
349 1903 454 1925 tamen
480 1892 603 1933 magis.
632 1892 743 1934 Neque
759 1895 843 1929 enim
858 1893 941 1926 senes
954 1903 1065 1929 omnes

48 1938 122 1970 sunt
147 1937 309 1973 laxiffimis,
333 1936 445 1975 fibris,
469 1945 523 1969 aut
549 1935 663 1970 lentis,
688 1936 912 1978 inertibusque
947 1935 1064 1973 humo*

48 1981 138 2014 ribus
153 2005 160 2011 .
189 1984 301 2023 Itaque
324 1981 358 2012 in
380 1976 624 2012 Archidiacono
647 1979 685 2010 de
707 1990 772 2021 quo
796 1978 888 2021 supra
919 1981 987 2019 (u)
1013 1978 1064 2012 di..

48 2026 138 2058 &um
161 2023 202 2057 est
218 2047 225 2060 ‚
253 2034 311 2065 pus
335 2033 400 2055 non
428 2019 659 2058 conficiebatur
682 2021 744 2054 sine
768 2022 935 2055 doloribus
951 2048 959 2056 ,
986 2025 1064 2056 &in

46 2069 110 2101 illo
132 2066 203 2109 ipso
226 2066 263 2102 de
287 2078 353 2109 quo
377 2066 566 2108 loquimur,
601 2066 751 2100 Senatore
783 2077 859 2099 cum
892 2065 977 2101 forte
1010 2078 1065 2098 eo„

47 2110 120 2144 dem
146 2120 290 2153 tempore
313 2121 381 2154 quo
403 2109 492 2149 prior
515 2106 664 2143 abscessus
688 2118 814 2150 apertus
825 2107 952 2146 fuerat,
978 2110 1060 2142 mul-

46 2164 86 2187 to
109 2155 217 2188 minor
240 2154 322 2186 alter
345 2152 501 2192 inciperet
526 2151 562 2184 ad
587 2153 689 2186 imum
722 2151 851 2192 femur,
884 2152 938 2184 ubi
972 2152 1060 2184 oede-

47 2210 100 2232 nia
124 2207 191 2230 erat
215 2197 364 2235 nullum3
389 2206 466 2230 mox
488 2195 610 2229 indicia
632 2206 703 2235 quae
727 2195 850 2232 soient,
887 2195 966 2231 dum
1001 2207 1060 2236 pus

45 2240 279 2280 conficeretur,
304 2238 605 2273 animadvertimus.
635 2237 720 2271 Poss‘e
743 2249 850 2274 tamen
876 2240 908 2271 in
933 2239 998 2273 illis
1013 2248 1061 2270 et-

49 2285 114 2328 jam
138 2286 194 2331 qui
219 2284 378 2323 florente,
403 2291 458 2316 aut
481 2280 570 2320 firma
587 2281 791 2321 suntaetate,
815 2293 875 2324 pus
897 2282 1061 2319 interdum

44 2329 113 2365 fieri
139 2329 201 2361 line
225 2326 333 2362 febre,
356 2326 452 2369 idque
476 2326 510 2357 in
545 2326 687 2366 partibus
720 2326 877 2362 oedemate
910 2336 976 2358 non
1007 2334 1060 2358 tu..

43 2372 226 2407 mentibus,
251 2370 501 2405 Observationes
526 2370 662 2406 aliorum
686 2368 853 2402 ostendunt
874 2392 886 2408 ‚
921 2370 956 2403 in
992 2371 1058 2409 pri-

42 2417 169 2459 misque
192 2413 387 2452 Clariffimi,
413 2413 537 2453 meique
575 2411 751 2449 amicissimi
782 2413 925 2453 Collegce
952 2410 1057 2453 Pujati

42 2463 117 2500 (x)
133 2485 140 2495 ,
164 2460 243 2502 qui,
266 2467 301 2492 ut
328 2459 361 2489 in
386 2455 541 2491 Leambio
564 2456 788 2496 Hippocrates
804 2478 815 2495 ,
840 2455 991 2490 abscessus
1011 2458 1057 2487 ci-

42 2515 93 2536 tra
117 2502 233 2536 febrim
255 2500 422 2537 confeetos
445 2499 529 2533 vidit
555 2500 696 2540 primurn
719 2499 849 2542 quidem
885 2500 917 2531 in
942 2500 1018 2532 Anu
1041 2522 1054 2538 ‚

41 2546 94 2582 sed
120 2546 221 2589 postea
245 2546 342 2578 etiam
369 2547 400 2576 in
429 2541 701 2577 Adolescentula:
724 2554 820 2585 quam
844 2553 881 2575 ne
904 2540 991 2576 forte
1004 2540 1056 2574 di-

40 2601 93 2623 cas
118 2589 323 2624 inertioribus
347 2585 438 2621 fuisse
465 2585 679 2626 humoribus,
704 2597 738 2619 ut
762 2598 831 2626 quae
855 2585 925 2628 post
968 2596 1055 2618 men·

42 2633 87 2667 ses
111 2635 237 2676 aliquot
261 2631 440 2675 hydropica
463 2629 606 2667 obierits
631 2631 665 2662 in
686 2628 815 2665 robusto
841 2629 1059 2672 pariterViro

41 2677 229 2719 conspexit.

94 2730 142 2761 17.
167 2721 240 2761 Age
265 2729 349 2751 nunc
372 2719 478 2762 aliqua
500 2718 598 2750 etiam
620 2715 660 2748 de
685 2716 768 2749 carie
794 2738 806 2755 ,
838 2714 1017 2750 absceffibus
1043 2741 1053 2755 ‚

42 2762 262 2803 ulceribusque
288 2761 427 2802 subjtfta
444 2785 452 2799 ‚
476 2762 688 2801 attingamus.
717 2759 825 2805 Habes
851 2762 936 2792 inter
957 2760 1054 2795 initia

41 2806 194 2847 Epistolae
218 2804 311 2837 XIV.
335 2806 397 2845 (y)
420 2804 664 2838 Observationes
691 2802 729 2835 ad
753 2802 909 2845 ejusmodi
933 2804 1054 2836 cariem

43 2851 235 2882 attinentes.
263 2849 424 2889 Praecipue
461 2857 565 2881 autem
591 2844 659 2878 haec
683 2846 783 2880 subest
806 2848 840 2880 in
873 2857 912 2878 eo
947 2846 1053 2879 morbi

41 2904 153 2935 genere
177 2893 226 2924 cui
253 2901 365 2924 nomen
391 2890 533 2925 fecerunt
558 2889 678 2921 Arabes
704 2890 903 2933 Vcncoficatis
928 2890 1050 2929 spinae.-

41 2947 225 2977 quanquam
249 2945 311 2966 non
336 2934 459 2974 semper
483 2941 612 2975 apparet
636 2930 883 2969 manifestissima
918 2933 1019 2965 caries
1041 2956 1054 2973 ,

42 2980 93 3016 sed
118 2979 228 3012 ollium
254 2987 363 3011 tumor
386 2977 577 3015 dumtaxat,
602 2978 631 3008 δε
657 2975 835 3011 mollitudo
858 3000 870 3016 ,
905 2975 993 3008 velut
1019 2977 1054 3011 in

41 3023 166 3060 duobus
190 3033 258 3064 qnae
284 3019 352 3062 post
374 3031 512 3057 mortem
537 3019 729 3054 examinavit
756 3020 965 3053 Mauchartus
981 3020 1054 3061 (z).

41 3069 95 3103 ΕΟ
119 3067 222 3104 igitur
244 3064 282 3098 de
306 3064 421 3096 morbo
445 3075 519 3097 cum
543 3062 769 3105 pariterliceat
785 3065 816 3095 in
829 3062 1034 3098 Tumoribus
1050 3087 1059 3102 ,

40 3105 138 3152 atque*
157 3112 191 3141 in
203 3106 373 3142 Ulceribus
385 3107 473 3141 verba
487 3106 610 3146 facere;
621 3115 785 3147 propterea
801 3107 839 3138 de
852 3106 917 3138 illis
933 3116 1057 3147 agentes

38 3153 185 3195 Epistola
209 3154 245 3185 L.
271 3153 339 3190 (a)
361 3162 434 3184 cum
457 3150 494 3182 de
533 3148 741 3184 Exostoflbus
763 3148 955 3191 quibusdam
978 3148 1051 3183 esset

38 3196 155 3239 injesta
181 3196 325 3228 mentio,
364 3194 516 3227 nonnulla
540 3194 576 3227 de
613 3194 696 3224 carie
720 3215 729 3230 ‚
764 3191 891 3236 ejusque
924 3192 1049 3235 origine

38 3239 383 3275 commemoravimus.
408 3237 467 3270 Sed
491 3238 525 3269 in
538 3236 745 3278 Sepulchreto
767 3236 1048 3279 quoqueinvenies

39 3282 215 3322 utrobique
239 3281 276 3314 ad
301 3279 433 3313 eundem
459 3280 965 3324 morbaumspefiantia,quorum
979 3279 1046 3321 ple-

36 3336 134 3371 raque
156 3325 286 3359 fuerunt
310 3323 437 3361 Patavii
462 3323 649 3361 observata,
676 3324 821 3362 Sectione
844 3321 975 3366 quidem
1000 3323 1050 3360 II,

1141 426 1309 467 tionibus,
1335 432 1366 463 ἃ
1393 431 1706 470 Observationibus,
1731 435 1936 474 nominatur,
1969 444 2023 467 aut
2047 438 2146 479 quid..

1128 481 1223 512 quam
1247 482 1285 516 ex
1310 472 1568 508 schelhammcro
1591 476 1658 516 (cl)
1681 475 1829 515 additur,
1853 479 1907 519 qui
1934 478 2032 520 presse
2064 483 2140 522 qui-

1128 515 1223 552 dem,
1246 513 1294 546 {ed
1317 515 1412 551 docte
1437 521 1467 550 ὃ(
1493 517 1636 556 erudite,
1661 531 1724 552 rem
1748 520 1865 552 tra‘stat
1880 543 1910 560 ,,
1933 521 2149 556 Observatio-

1131 568 1183 589 nes
1205 568 1330 599 quoque
1357 559 1517 600 proferens
1544 562 1604 603 (e)
1629 573 1761 603 quarum
1786 564 2002 597 nonnullasin
2027 566 2137 606 Sepul-
2180 603 2183 605 ,

1129 599 1244 634 cbreto
1267 611 1330 633 non
1355 603 1470 641 video,
1495 608 1527 638 δε
1553 606 1585 637 in
1610 604 1660 638 his
1682 608 1778 638 etiam
1804 607 1913 647 suam,
1955 617 2023 641 tum
2058 620 2142 651 prae-

1128 643 1211 689 clare
1235 644 1400 678 Hornium
1424 645 1508 689 (f),
1532 658 1547 678 a
1572 648 1700 688 Tulpio
1722 649 2032 690 (g)discrepantem
2047 674 2059 691 ,
2086 652 2142 687 ad-

1127 688 1230 719 versus
1252 687 1401 720 Merclini
1428 689 1496 727 (h)
1519 689 1751 730 responsionem
1762 690 1930 725 defendens
1954 695 2017 735 (i)
2032 716 2041 731 ‚
2065 707 2146 728 con-

1129 729 1308 767 tendentis,
1332 732 1433 763 Corn.
1457 732 1587 766 Celsum
1611 735 1643 765 in
1668 734 1742 767 loco
1766 734 1829 774 (Ις)
1853 747 1947 777 quem
1972 737 2140 771 indicave-

1128 782 1177 805 rat
1200 773 1341 815 'sulpius
1356 798 1364 813 ‚
1386 777 1492 807 cancri
1517 776 1677 810 vocabulo
1700 777 1768 811 offis
1791 776 1958 819 designasse
1992 781 2144 816 morbum

1131 814 1205 848 satis
1228 827 1303 853 cum
1319 816 1418 858 spinae
1440 818 1625 860 ventositate
1648 820 1893 855 convenientem
1920 846 1927 856 ,
1961 824 2057 857 Certe
2089 836 2145 858 au.

1132 868 1198 895 tern
1221 859 1285 891 loci
1309 860 1375 903 ejus
1399 861 1498 906 1εᾷῐο
1521 873 1670 896 cancrum
1694 874 1759 896 non
1785 863 1823 897 de
1846 865 1910 898 offe
1942 866 2008 899 dici
2039 867 2143 901 osten..

1130 902 1205 941 elit,
1229 911 1263 935 ut
1291 905 1371 936 recte
1397 904 1499 939 asserit
1524 904 1822 941 Schelhammerus:
1846 907 1932 949 quod
1955 919 2020 944 non
2042 910 2143 944 vidis-

1131 944 1161 978 se
1185 946 1369 988 Tulpium‚
1393 949 1425 979 δε
1452 948 1645 981 Merelinnm
1672 973 1684 989 ,
1719 961 1778 992 ego
1809 950 1939 992 quidem
1974 963 2038 985 non
2072 963 2142 989 tam

1131 989 1254 1028 miror,
1276 1001 1373 1031 quam
1394 988 1477 1038 hunc
1502 992 1588 1034 quod
1611 1004 1648 1024 eo
1671 994 1704 1025 in
1728 993 1802 1026 loco
1826 1005 1890 1026 non
1915 994 1959 1028 est
1975 1018 1983 1032 ,
2008 996 2142 1038 vidisse,

1128 1031 1163 1065 id
1185 1031 1226 1077 est
1249 1043 1392 1066 cancrum
1416 1032 1503 1074 offis.
1530 1036 1589 1067 Ait
1614 1038 1723 1075 enim,
1747 1046 1840 1079 atque
1873 1037 1950 1070 adeo
1974 1040 2114 1073 inculcat
2130 1063 2145 1078 ‚

1130 1076 1261 1108 Celsum
1285 1075 1339 1107 hoc
1363 1075 1430 1118 offis
1452 1077 1571 1110 vitium
1593 1089 1651 1110 non
1675 1090 1820 1113 cancrum
1845 1080 2034 1122 fimplicz'ter
2054 1107 2066 1123 ,
2084 1083 2142 1124 sed

1129 1128 1273 1165 canfrum
1297 1116 1362 1160 offis
1386 1129 1518 1158 vocare5
1543 1129 1577 1155 ut
1603 1119 1688 1159 hune
1711 1122 1819 1160 locum
1842 1123 1925 1157 Celsi
1949 1135 2013 1158 non
2036 1127 2143 1169 inspe-

1129 1162 1205 1199 xisle
1229 1161 1374 1193 videatur
1389 1187 1396 1195 .

1177 1209 1224 1241 18.
1250 1204 1308 1252 sed
1332 1205 1382 1237 illi
1407 1205 1438 1236 in
1464 1207 1676 1247 nominibus;
1701 1208 1859 1254 Chirurgi
1876 1220 1980 1245 autem
1994 1212 2143 1256 aliquam·

1125 1246 1193 1287 do,
1218 1256 1313 1282 etiam
1340 1248 1495 1288 seniores,
1519 1252 1550 1283 &
1574 1251 1666 1284 valde
1690 1255 1884 1293 exercitati,
1911 1256 1944 1289 in
1970 1266 2000 1287 re
2034 1257 2101 1299 ipsa
2125 1281 2140 1298 ,

1126 1289 1160 1322 id
1185 1289 1226 1325 est
1249 1291 1283 1323 in
1306 1293 1388 1324 carie
1410 1303 1480 1333 quae
1505 1303 1603 1334 neque
1627 1295 1755 1336 oculis,
1779 1307 1878 1341 neque
1913 1296 2053 1341 specillis
2083 1312 2140 1343 pa..

1127 1342 1216 1373 teat,
1238 1332 1449 1375 dignoscenda
1475 1334 1651 1371 falluntur.
1677 1339 1799 1377 Verum
1823 1341 1954 1384 quidem
1990 1342 2034 1376 cst
2053 1367 2065 1383 ‚
2088 1355 2142 1377 ca-

1128 1378 1209 1410 riem
1233 1387 1308 1414 tunc
1333 1378 1496 1416 indicari,
1518 1379 1541 1415 fi
1564 1379 1673 1419 fusca,
1701 1383 1750 1415 vel
1774 1383 1899 1418 subatra
1922 1384 1962 1419 fit
1995 1397 2066 1428 quae
2101 1399 2141 1421 ex

1126 1422 1229 1455 ulcere
1253 1420 1362 1461 prodit
1386 1424 1535 1456 materia.
1562 1424 1644 1457 Non
1671 1434 1775 1459 tamen
1798 1426 1821 1463 fi
1853 1428 1913 1461 isto
1943 1429 2053 1464 colore
2087 1432 2141 1464 in-

1125 1465 1208 1502 {etsta
1232 1474 1296 1496 non
1322 1465 1476 1512 prodeam
1500 1468 1656 1501 continuo
1668 1471 1784 1503 cariem
1797 1471 1934 1513 subesse,
1958 1472 2140 1514 negandum

1124 1506 1191 1540 est.
1217 1507 1305 1540 Nam
1331 1510 1353 1540 11
1377 1506 1444 1540 haec
1468 1520 1596 1550 parvam
1618 1511 1686 1544 offis
1711 1524 1774 1545 non
1798 1515 1883 1550 craffi
1920 1525 2045 1558 partem
2080 1528 2137 1551 oc-

1120 1560 1214 1591 cupet
1232 1572 1243 1589 ,
1267 1551 1353 1583 carni
1379 1560 1483 1585 autem
1506 1552 1601 1587 subsit
1626 1556 1736 1588 multae
1758 1578 1767 1593 ,
1801 1561 1831 1591 δι
1867 1560 1982 1601 amplis
2020 1559 2136 1595 ulceris

1118 1593 1235 1639 linibus
1259 1602 1440 1631 excavatae3
1463 1594 1511 1626 vel
1537 1595 1605 1630 haec
1630 1608 1689 1630 una
1715 1598 1834 1633 efficere
1873 1602 1961 1636 causa
1999 1605 2103 1645 potest
2127 1629 2139 1645 ,

1117 1648 1155 1669 ne
1179 1636 1262 1670 sulca
1285 1645 1374 1668 exeat
1400 1647 1454 1678 per
1477 1639 1596 1674 ulceris
1618 1640 1783 1676 orificium
1809 1646 1943 1677 materia
1964 1669 1972 1683 ,
2010 1648 2135 1690 quippe

1116 1691 1189 1714 cum
1213 1680 1392 1729 pauxillum
1415 1680 1503 1723 quod
1527 1693 1565 1714 ex
1589 1682 1651 1718 offe
1675 1683 1739 1724 est,
1763 1685 1906 1727 plurimo
1942 1700 2023 1731 pure
2042 1691 2133 1731 quod

1117 1735 1155 1756 ex
1176 1734 1269 1758 carne
1292 1723 1398 1757 effluit
1414 1746 1422 1761 ‚
1447 1725 1598 1766 permisto
1621 1727 1786 1766 diluatur,
1811 1730 1896 1764 &fic
1909 1730 2014 1766 fuscus
2041 1734 2131 1768 illius

1115 1767 1205 1801 color
1228 1766 1408 1814 occultetur
1421 1792 1440 1812 ·-
1455 1767 1555 1808 Quod
1588 1771 1621 1802 in
1657 1771 1781 1805 Veneta
1810 1772 1939 1815 juniore
1979 1778 2134 1812 Matrona

1116 1811 1158 1843 A.
1189 1811 1276 1852 1736.
1303 1808 1472 1847 accidisse‚
1495 1820 1584 1845 certo
1607 1812 1693 1858 scio,
1716 1816 1770 1848 cui
1794 1828 1926 1859 magnus
1951 1821 1984 1852 in
1999 1821 2133 1855 alterius

1115 1854 1218 1886 clunis
1241 1853 1338 1885 latere
1361 1855 1489 1887 innatus
1513 1855 1686 1897 abscessus,
1709 1869 1766 1892 nec
1790 1860 1847 1893 nisi
1871 1861 1940 1897 sero
1970 1873 2098 1905 apertus
2122 1889 2137 1906 Ἀ

1116 1898 1272 1935 inni-nis,
1296 1896 1495 1940 externisque
1520 1899 1652 1932 auxiliis
1690 1899 1839 1936 incassum
1872 1903 1936 1947 jam
1960 1906 2017 1940 diu
2039 1919 2132 1942 cura-

1116 1940 1229 1973 batur.
1259 1940 1370 1981 Itaque
1395 1943 1483 1981 puris
1507 1942 1614 1975 colore
1639 1945 1772 1978 minime
1795 1946 1885 1980 fusco
1908 1950 2020 1984 tandiu
2045 1951 2135 1985 Chi.

1116 1983 1205 2025 rurgi
1231 1993 1267 2015 ne
1291 1984 1409 2019 cariem
1432 1983 1682 2026 suspicarentur,
1705 1987 1831 2032 decepti
1846 1990 1940 2030 sunt,
1965 1994 2064 2029 donec
2077 2007 2133 2038 per

1118 2038 1185 2059 eam
1210 2025 1428 2068 respondentis
1452 2028 1521 2062 offis
1555 2030 1650 2065 ilium
1684 2042 1806 2074 partem
1840 2047 1910 2076 quae
1946 2038 2029 2072 circa
2064 2040 2133 2082 ejus

1117 2070 1258 2103 medium
1272 2093 1292 2119 ,ι
1308 2071 1341 2102 in
1366 2069 1513 2106 foeminis.
1536 2073 1738 2115 praesertirn,
1761 2075 1875 2120 hisque
1907 2078 2096 2122 junioribus
2122 2105 2133 2120 ,

1116 2125 1179 2155 prae
1206 2122 1360 2146 tenuitate
1386 2114 1544 2163 pellucet,
1569 2115 1634 2159 jam
1656 2120 1736 2151 carie
1771 2120 1893 2160 exesam
1916 2147 1928 2164 ,
1963 2124 2130 2166 specillum

1113 2155 1204 2189 nullo
1226 2159 1361 2195 negotio
1384 2169 1417 2190 in
1442 2161 1558 2192 ventris
1583 2171 1696 2195 cavum
1722 2164 1871 2202 transire,
1897 2168 2133 2203 animadverte-

1112 2208 1206 2249 runt.
1232 2200 1303 2233 Nec
1327 2198 1467 2242 dubito,
1490 2204 1566 2246 quin
1591 2203 1680 2238 osseae
1704 2206 1792 2240 illius
1825 2212 1922 2250 partis
1960 2214 2095 2248 tenuitas
2119 2237 2129 2251 ‚

1112 2253 1147 2279 ut
1173 2253 1207 2276 m
1231 2254 1264 2276 ea
1289 2246 1415 2285 optima
1434 2272 1441 2283 ,
1466 2249 1495 2279 ὃς
1521 2246 1645 2280 meliori
1671 2247 1758 2283 sorte
1782 2250 1876 2295 digna
1902 2254 2052 2290 Matrona
2080 2257 2129 2291 fa-

1111 2287 1259 2334 ciliorem
1286 2289 1371 2328 puris
1394 2288 1561 2323 transitum
1585 2291 1618 2322 in
1652 2294 1772 2327 ventris
1805 2306 1918 2330 cavum
1948 2299 2090 2333 reddidit
2112 2324 2129 2341 ,

1111 2331 1151 2362 sic
1175 2331 1208 2362 in
1233 2330 1302 2380 aliis
1325 2331 1441 2372 quibus
1466 2332 1627 2375 profunda
1652 2336 1782 2370 vulnera
1808 2342 1954 2380 punctim
1980 2343 2018 2375 ad
2053 2355 2128 2379 eum

1112 2373 1221 2406 locum
1245 2374 1461 2415 infligantur,
1484 2388 1551 2409 non
1582 2377 1713 2416 difficile
1746 2381 1826 2420 enfis
1860 2396 2046 2420 mucronem
2086 2387 2127 2422 ad

1109 2417 1254 2466 intestina
1290 2417 1430 2455 laedenda
1470 2419 1640 2456 admittat.
1785 2427 1913 2463 Contra
1944 2429 2029 2464 haud
2056 2443 2128 2465 raro

1109 2459 1250 2499 accidit,
1284 2470 1320 2494 ut
1346 2461 1467 2503 specilli
1490 2475 1555 2506 quo
1578 2465 1611 2496 in
1633 2467 1789 2502 -ulcerum
1821 2472 2046 2513 exploratione
2079 2474 2127 2510 usi

1110 2502 1205 2553 sunt,
1228 2503 1337 2537 colore
1364 2506 1530 2553 inspefto,
1551 2507 1711 2553 Chirurgi
1751 2513 1855 2554 plures
1897 2516 2015 2550 malurn
2047 2529 2127 2560 prae-

1111 2557 1261 2595 nunciare
1286 2559 1351 2581 non
1372 2548 1551 2591 dubitent,
1574 2550 1661 2586 haud
1673 2555 1869 2591 attendentes
1882 2558 2054 2598 videlicet,
2083 2565 2122 2596 ab

1110 2590 1312 2638 Hippocrate
1337 2592 1401 2633 (l)
1426 2592 1579 2635 scriptum
1593 2594 1673 2638 esse,
1697 2598 1810 2640 quihus
1833 2612 1850 2633 a
1870 2612 1950 2643 pare
1965 2604 2124 2640 coloratur

1103 2632 1294 2683 speetllnml,
1320 2642 1470 2683 tanquam
1492 2636 1530 2672 ab
1554 2638 1646 2680 igne,
1679 2642 1850 2677 maximam
1887 2647 2016 2688 quidem
2052 2649 2126 2682 illos

1103 2685 1228 2717 partem
1265 2686 1418 2718 mremreg>
1440 2690 1503 2712 non
1529 2693 1661 2722 omnes,
1686 2684 1796 2727 ibique
1830 2686 1868 2720 de
1892 2692 2034 2731 empycis
2057 2691 2125 2725 ser-

1108 2730 1236 2754 monem
1261 2719 1394 2761 haberi,
1418 2733 1473 2772 nec
1497 2723 1535 2756 de
1557 2737 1751 2770 quocunque
1765 2728 1888 2770 specilli·
1911 2733 2044 2774 colore,
2068 2734 2123 2769 sed

1104 2762 1142 2811 cle
1166 2774 1203 2795 eo
1228 2772 1262 2796 ut
1283 2774 1341 2805 pro
1365 2767 1494 2800 candldo
1515 2768 1560 2801 (φ
1579 2778 1742 2811 argenteo,
1767 2771 1857 2806 velut
1874 2774 2057 2814 plumbeum
2080 2780 2124 2812 &⁴

1106 2816 1182 2854 igne
1193 2807 1350 2856 perustum
1372 2808 1580 2849 extrahatur,
1603 2812 1720 2845 indicio
1739 2815 1832 2855 puris
1856 2816 1995 2860 feritate
2028 2832 2118 2855 acer-

1107 2860 1180 2881 rzmz
1198 2873 1208 2889 ,
1231 2859 1266 2882 ut
1291 2852 1402 2883 eximii
1426 2853 1744 2895 InterpretisDureti
1768 2860 1853 2899 (m)
1887 2862 1992 2897 verbis
2017 2874 2089 2897 utar
2111 2874 2126 2897 .’

1104 2894 1254 2941 Denique
1277 2894 1362 2925 inter
1393 2904 1505 2928 caetera
1551 2898 1649 2930 cariei
1696 2910 1807 2941 genera
1826 2925 1835 2939 ,
1881 2903 1938 2936 illa
1970 2904 2042 2939 esset
2066 2919 2122 2949 pe-

1105 2935 1216 2970 culiari
1242 2946 1312 2985 non
1330 2936 1433 2970 modo
1456 2943 1787 2984 commemoratione,
1822 2944 1873 2979 sed
1907 2950 1940 2981 δε
1973 2953 2132 2984 examine

1106 2990 1257 3021 perquam
1281 2979 1377 3030 digna
1394 3003 1406 3020 ,
1430 2980 1486 3014 sub
1507 2995 1566 3024 qua
1584 3007 1589 3016 .
1615 2987 1757 3019 cranium
1770 2988 1923 3026 exedente
1939 2993 2121 3037 ,Slevogtii

1106 3031 1228 3071 amiato
1246 3022 1336 3071 ‘ocalo
1358 3034 1592 3060 innumerorum
1610 3029 1853 3066 vermiculorum
1870 3055 1878 3070 ‚
1903 3033 1987 3068 lento
2009 3036 2120 3072 humo-

1107 3076 1134 3098 rz
1159 3065 1391 3114 zmplzcatortqm
1406 3092 1415 3105 ‚
1440 3070 1594 3110 congeries
1617 3074 1787 3114 apparuit,
1822 3088 1953 3117 quorum
1985 3081 2083 3114 multi
2104 3105 2117 3120 ,

1106 3119 1190 3150 aque
1213 3109 1320 3152 tepidae
1343 3110 1450 3151 mseffti
1462 3135 1472 3150 ,
1496 3113 1695 3157 motitatione
1711 3115 1773 3157 sua
1795 3119 1975 3154 vitalitatis
1998 3123 2116 3158 indicia

1106 3150 1256 3199 edelqanc.
1283 3150 1343 3184 Sed
1365 3163 1439 3187 cum
1463 3155 1531 3196 ipse
1553 3158 1609 3198 qui
1636 3167 1672 3191 ut
1696 3158 1729 3192 in
1753 3171 1889 3197 mortuo
1911 3162 1980 3197 haec
2004 3165 2116 3207 vidit,

1100 3194 1141 3226 fic
1163 3204 1195 3226 1n
1220 3204 1306 3243 aegro
1330 3197 1484 3245 nonnulla
1508 3197 1573 3233 huc
1598 3199 1772 3242 speetantia
1797 3205 2045 3242 animadvertere
2055 3220 2117 3251 po-

1099 3246 1226 3284 tuerat,
1247 3236 1432 3285 aetiologiam
1454 3243 1550 3275 carici
1573 3242 1662 3277 istius
1684 3247 1861 3288 perminosae
1884 3249 1916 3280 in
1932 3251 2017 3286 alind
2031 3261 2116 3286 tem-

1101 3292 1159 3322 pus
1182 3290 1324 3356 rejelc'ent
1347 3283 1437 3328 (o);
1460 3285 1566 3321 minus
1597 3286 1661 3320 hic·
1686 3290 1853 3324 miraberis
1868 3312 1879 3329 ,
1902 3291 1926 3325 fi
1950 3304 2008 3329 nos
2029 3294 2118 3329 divi-2.

1100 3335 1173 3358 nare
1196 3335 1238 3358 no
1255 3334 1337 3361 lmus
1350 3347 1361 3360 ε,

1923 3389 1971 3421 19.
1988 3382 2066 3426 Jam

93 3532 106 3556 (
121 3537 135 3559 q
152 3528 166 3556 )
183 3529 207 3554 Sy.
225 3535 246 3551 2.
263 3528 328 3557 Aph.
343 3535 383 3556 ⁴7-
447 3528 461 3557 (
476 3534 487 3551 ν
503 3526 516 3553 )
533 3534 558 3551 n.
578 3535 614 3552 22.
632 3526 695 3555 apud
712 3527 838 3552 Marinell.
902 3528 914 3552 (
929 3526 971 3555 s)
988 3528 1082 3553 Annot.
1099 3527 1128 3552 ad
1146 3529 1209 3552 hunc
1225 3530 1322 3553 locum.
1386 3528 1396 3558 (
1411 3535 1422 3553 ι
1440 3530 1454 3559 )
1470 3518 1617 3558 Comitis&
1632 3535 1705 3561 ¹eund.
1724 3535 1806 3561 locum
1820 3538 1862 3567 qui
1873 3539 1916 3569 ipfi
1928 3539 1960 3565 est
1968 3547 2031 3575 mys

93 3562 138 3591 (u
154 3559 167 3587 )
183 3567 206 3582 n.
231 3566 262 3587 ¹4·
325 3558 365 3583 (x
386 3560 464 3592 sDec.
483 3558 541 3581 Obs.
559 3566 580 3587 7.
600 3566 623 3582 n.
641 3568 663 3588 3·
731 3559 772 3587 (y
789 3559 801 3587 )
818 3566 843 3582 n.
861 3564 884 3587 3.
902 3559 924 3582 &
940 3557 1002 3586 seqq.
1064 3560 1072 3586 (
1092 3566 1110 3586 z
1126 3559 1139 3587 )
1155 3559 1216 3587 Eph.
1235 3561 1268 3583 N.
1286 3561 1315 3584 C.
1333 3561 1407 3584 Ceut.
1427 3568 1450 3589 9„
1464 3562 1527 3595 *Obfi
1550 3572 1588 3594 33,
1606 3565 1630 3589 k
1648 3573 1688 3595 34⁹
1751 3569 1765 3597 (
1781 3575 1796 3590 a
1814 3568 1827 3595 )
1842 3577 1870 3593 n·
1890 3579 1927 3600 ⁵⁷-
1943 3579 1984 3602 59·
2030 3561 2046 3577 ι,

92 3594 107 3623 (
122 3589 137 3614 b
152 3590 164 3618 )
182 3589 238 3613 obs
261 3596 288 3611 ιο
314 3589 335 3613 8:
353 3590 376 3613 in
394 3589 467 3613 Addit
496 3588 554 3612 Obs.
576 3597 612 3614 ιο.
675 3591 688 3620 (
705 3598 717 3615 c
735 3590 744 3619 )
761 3588 821 3614 obs.
840 3596 861 3618 5.
880 3587 902 3618 §.
923 3595 940 3611 ι.
959 3591 1004 3611 διε.
1065 3589 1079 3618 (
1094 3589 1125 3618 d)
1142 3592 1176 3613 D:
1194 3590 1262 3623 lium.
1279 3597 1345 3619 corp·
1362 3592 1495 3617 Tumonb.
1513 3595 1537 3618 S.
1553 3601 1577 3619 2.
1593 3596 1623 3623 P.
1642 3604 1664 3622 1.
1680 3605 1705 3622 n.
1725 3604 1765 3627 94.
1782 3597 1806 3622 δι
1821 3597 1891 3632 seqq.

93 3625 103 3650 f
121 3630 133 3645 ε
149 3621 161 3648 )
178 3628 200 3645 n.
220 3622 256 3648 98·
278 3627 307 3646 9⁹
380 3621 394 3650 C
407 3619 424 3648 f
442 3622 447 3647 l
466 3620 632 3644 Microtechn.
650 3622 674 3645 S.
693 3628 715 3644 2.
735 3622 758 3644 P.
782 3628 801 3647 ¹.-
819 3619 842 3648 §.
861 3626 898 3648 33.
962 3619 976 3647 C
990 3627 1007 3648 g
1023 3619 1037 3647 )
1052 3619 1114 3647 obs.
1132 3620 1227 3644 Medic.
1244 3621 1261 3644 l.
1279 3628 1301 3650 4.
1321 3628 1342 3645 e.
1361 3628 1398 3651 13.

68 3663 78 3667 ν·
92 3653 107 3682 (
123 3652 137 3675 h
154 3651 168 3679 )
183 3651 212 3674 ad
231 3648 388 3678 Pandolphin.
405 3658 425 3674 c.
441 3659 466 3679 7.
485 3654 575 3675 Annot.
595 3657 615 3674 1.
677 3652 692 3680 (
708 3652 744 3681 i)
763 3651 788 3674 Ρ.
808 3658 829 3674 1.
848 3655 890 3673 cit.
907 3656 931 3672 n.
953 3656 1005 3673 loo.

90 3685 100 3712 (
117 3681 133 3706 k
152 3681 165 3710 )
181 3683 214 3705 De
232 3680 355 3707 Medicina.
371 3682 387 3704 l.
405 3683 426 3706 8.
445 3689 467 3707 c.
485 3690 521 3705 ιο,
540 3681 604 3715 Edit.
631 3681 785 3715 Alme-loven.
807 3689 830 3710 p.
850 3687 901 3714 53²:
920 3682 937 3704 1.
958 3687 990 3714 rs.
1007 3681 1029 3703 δε
1045 3679 1107 3710 seqq.
1170 3681 1185 3712 ζ
1200 3679 1232 3712 Ι)
1252 3682 1326 3710 Cone.
1343 3683 1449 3711 Pranot.
1469 3685 1533 3716 apud
1552 3687 1672 3717 Dufgg,1‚
1688 3696 1711 3715 2.
1727 3697 1750 3716 g,
1766 3691 1804 3717 ¹⁶,
1820 3698 1846 3718 n,
1863 3693 1903 3722 48,

91 3715 101 3742 (
120 3712 172 3771 m?
180 3712 216 3773 §ad
233 3718 290 3740 euin
304 3713 401 3737 locum.
460 3713 477 3743 ζ
494 3720 510 3737 n
526 3712 533 3743 )
550 3711 647 3737 Differt.
666 3711 695 3738 de
713 3715 785 3740 Cane
802 3714 876 3738 crau.
894 3718 919 3736 in
937 3709 1046 3736 Historiae
1063 3710 1129 3739 fine.

91 3746 106 3781 ς
120 3751 134 3769 o
197 3761 202 3766 .
218 3745 257 3767 26.
594 3749 595 3755 ¹
925 3746 932 3749 t
