2498 4075
462 109 554 157 152

378 173 513 217 aliisque
535 171 647 206 doceat
673 170 794 204 morbis
816 179 880 215 quo
903 171 940 205 ad
962 171 1037 204 licet
1061 171 1268 206 internoscere
1286 183 1294 203 :
1317 182 1384 214 quo

379 216 420 258 esd
443 217 541 255 licet,
566 217 695 258 inquam
719 226 732 253 5
767 222 866 258 neque
889 217 971 248 enim
993 212 1197 248 difficultates
1219 226 1328 249 omnes
1352 226 1384 247 a-

380 259 510 293 movisse
535 258 563 291 se
586 267 703 299 putat,
726 258 814 301 quod
836 257 858 291 s1
882 267 1049 300 putarem,
1071 257 1226 301 sapienter
1249 259 1381 301 inquit,

378 314 442 336 non
468 315 515 336 eas
537 301 611 336 satis
644 313 693 335 me
718 301 898 343 intelligere
921 323 933 341 ‚
963 301 1154 337 ostenderem
1173 327 1180 334 .
1218 300 1277 335 Sed
1299 300 1380 345 quid

376 345 496 387 plura?
518 356 593 380 cum
616 345 675 378 tibi
698 345 825 386 copiam
859 345 976 387 egregii
1001 346 1121 386 Operis
1144 343 1285 380 fidimus
1322 344 1379 378 fim

376 388 481 423 statim
504 400 539 421 ac
562 390 595 421 in
617 386 811 422 recensendis
833 387 1019 430 quibusdam
1040 388 1113 422 aliis
1136 389 1290 431 Epistolis
1313 387 1378 430 ejus

373 431 545 472 doen-ina,
566 435 598 465 δε
622 433 808 467 auetoritate
833 431 905 465 usus
927 430 1019 464 fuero
1038 442 1045 464 :
1076 431 1165 475 quod
1188 434 1312 467 utinam
1344 432 1378 465 in

980 91 1138 148 Liber
1170 90 1236 143 11.
1271 93 1355 145 De
1393 92 1600 146 Morbis
1634 92 1891 149 Thoracis
1945 124 1967 159 Ἰς»

1433 170 1493 218 hac
1524 170 1623 205 facere
1647 172 1815 214 potuissem
1835 197 1842 205 .
1878 161 1999 206 Veriim
2023 179 2060 207 tu
2091 183 2162 206 cum
2201 172 2280 216 leges
2301 196 2315 217 ‚
2346 176 2436 219 plura

1432 224 1500 255 eJuS
1524 216 1664 248 invenies
1686 216 1756 249 loca
1779 227 1832 259 per
1854 225 1923 259 quae
1946 214 2065 250 tradita
2089 215 2140 248 his
2161 214 2296 253 Litteris
2319 219 2437 252 confir-

1434 268 1500 291 mes
1523 281 1530 288 .
1566 257 1666 298 Qod
1690 258 1711 291 fi
1735 261 1769 292 in
1792 259 1938 302 quaedam
1960 258 2082 292 incides
2107 280 2118 296 ‚
2152 258 2207 292 ubi
2231 259 2319 295 forte
2350 264 2435 296 inter

1431 311 1489 333 nos
1511 299 1747 344 discrepem1133
1771 313 1824 344 per
1847 303 1930 336 mihi
1954 306 2083 344 gratum
2103 300 2172 334 fore
2195 324 2205 339 ,
2227 307 2356 339 credito
2371 329 2385 346 ‚
2407 304 2431 339 fi

1431 343 1536 419 ‹Ininus
1560 350 1704 422 meclurn‚
1724 356 1820 389 quam
1843 356 1916 381 cum
1937 354 2030 380 tanto
2040 347 2125 380 Viro
2147 343 2249 380 facere
2263 349 2434 384 malueris.

1451 396 1554 421 terum
1577 399 1613 421 va
1628 399 1645 421 e
1659 411 1668 420 ⁹

370 626 906 699 EPISTOLA
970 625 2140 708 ANATOMIsC-O-MEDICA
2209 628 2423 693 XVII.

564 762 747 814 Sermo
780 762 850 825 est
884 762 948 814 de
985 761 1344 826 Respiratione
1377 762 1520 816 Laesa
1556 780 1586 814 a
1622 760 1816 825 Cordis
1838 792 1853 812 ,
1887 773 1979 814 aut
2013 763 2229 832 Magnae
2258 798 2260 801 «

770 826 995 881 Arteriae
1033 829 1173 881 intra
1203 827 1482 881 thoracem
1519 826 2027 892 Aneurysmatibus.

510 957 585 990 Une
617 955 760 990 thoracis
783 957 904 990 interna
928 956 1155 1000 Aneurysmata
1191 955 1261 991 sunt
1294 968 1368 1000 pro-

519 999 664 1039 ferenda,
686 1011 756 1042 quae
777 1004 810 1033 ὃ(
833 1001 919 1034 mole
944 1002 1108 1043 pulmones
1128 1002 1368 1043 comprimunt,

521 1047 552 1077 δέ
577 1043 736 1086 sanguinis
781 1055 814 1077 er
837 1043 922 1086 ipsos
944 1054 1071 1078 motum
1095 1052 1279 1087 pervertunt
1301 1067 1313 1083 ,
1336 1046 1368 1076 &

361 1086 443 1129 saepe
468 1088 564 1120 etiam
589 1085 725 1127 pondere
749 1055 958 1129 diaphragma
983 1096 1203 1130 praegravant‚·
1225 1096 1261 1120 ut
1284 1087 1369 1120 mul-

363 1131 507 1165 tifariam
531 1130 646 1164 laedant
673 1129 935 1175 respirationem.
961 1133 1145 1173 Praecipua,
1167 1133 1199 1163 &
1223 1130 1369 1173 frequen-

360 1175 467 1211 tiora,
493 1174 553 1207 alia
576 1173 694 1206 Cordis
718 1177 787 1206 lunt
808 1197 819 1214 ,
853 1174 913 1207 alia
939 1177 1060 1207 arteria:
1084 1175 1210 1217 Magnae
1236 1199 1244 1207 .
1277 1175 1371 1215 Qo-

361 1228 432 1251 rum
457 1227 628 1260 antequam
653 1216 901 1250 Observationes
924 1217 1133 1260 producimus
1157 1241 1167 1256 ,
1201 1227 1371 1251 occurren-

362 1260 441 1294 dum
464 1260 506 1294 est
528 1262 635 1293 tacitae
667 1259 796 1292 cuidam
820 1261 1070 1303 interrogatiOni
1093 1270 1156 1294 tuae
1173 1282 1186 1300 ‚
1216 1260 1298 1294 unde
1319 1260 1369 1291 vi-

363 1303 480 1337 del-icet
508 1303 629 1337 fastum
655 1302 692 1335 sit
713 1325 726 1342 ,
760 1313 795 1336 ut
819 1315 892 1337 cum
916 1305 1017 1337 morbi
1043 1304 1077 1338 hi
1101 1303 1161 1337 sint
1182 1326 1195 1343 ,
1228 1313 1264 1337 ut
1287 1302 1370 1337 dici-

363 1359 433 1382 mus
449 1373 457 1387 ,
482 1347 559 1380 adeo
583 1346 786 1389 frequentes,
810 1348 894 1380 nulla
919 1357 1025 1381 tamen
1040 1357 1123 1381 certa
1146 1356 1232 1381 extet
1257 1358 1368 1380 eorum

360 1393 485 1424 mentio
519 1389 600 1433 apud
636 1388 783 1423 Medicos
818 1390 1002 1425 vetustiores
1025 1417 1032 1423 .
1065 1393 1155 1425 Nam
1186 1391 1274 1434 quod
1306 1390 1367 1424 huc

361 1435 476 1477 aliquis
501 1437 634 1467 attinere
659 1432 785 1466 fortasse
809 1434 886 1467 velit
909 1446 979 1478 quae
1011 1436 1146 1478 legimus
1171 1436 1197 1467 Ι.
1225 1433 1310 1466 libro
1333 1435 1367 1467 de

358 1478 482 1512 Morbis
506 1483 519 1518 (
542 1490 560 1511 a
582 1482 597 1519 )
620 1477 675 1511 ubi
699 1476 869 1519 aliquando
891 1479 924 1510 in
949 1479 1101 1520 pulmone
1125 1477 1192 1511 fieri
1217 1489 1292 1510 vena
1318 1476 1368 1509 di-

359 1523 446 1555 citur
471 1522 562 1556 velut
583 1522 701 1560 varix,
723 1523 853 1554 nomine
877 1531 984 1555 autem
1007 1533 1092 1555 vcnae
1115 1522 1265 1554 arteriam
1287 1532 1368 1563 quo-

358 1577 444 1608 que,
468 1575 503 1598 ut
529 1563 638 1607 priscis
663 1563 804 1597 solebant
829 1565 1048 1607 temporibus,
1074 1564 1134 1598 esse
1158 1563 1220 1607 ajat
1243 1563 1365 1604 intelli-
1387 1577 1390 1581 ·

360 1608 515 1651 gendann
540 1610 587 1644 is,
612 1606 635 1640 st
658 1608 766 1639 omnia
791 1608 931 1650 perlegat
948 1634 955 1647 ‚
981 1609 1027 1641 ibi
1053 1607 1200 1650 agnoscet
1223 1620 1292 1650 quae
1316 1606 1365 1639 in-

359 1651 510 1686 dicantur
532 1651 760 1687 dilatationes,
784 1654 816 1683 &
840 1653 873 1683 in
899 1653 985 1685 venis
1007 1650 1185 1693 designari,
1208 1653 1236 1685 δι
1252 1650 1368 1693 ejusce.

359 1696 474 1733 modi,
500 1705 535 1729 ut
559 1693 630 1728 deni
660 1705 695 1727 ue
716 1693 894 1735 disruptae,
920 1705 981 1728 non
1007 1695 1217 1738 jamnimiam
1239 1695 1368 1736 copiam

359 1740 521 1783 sanguinis
545 1736 629 1772 effun
654 1735 736 1770 endo
751 1759 760 1773 ‚
784 1738 883 1770 citam
908 1747 1064 1777 mortem,
1089 1737 1139 1770 sed
1161 1739 1249 1771 ulcus
1272 1738 1369 1770 relin-

360 1784 512 1825 quet-ido,
536 1785 569 1815 &
594 1780 800 1824 purulentum
826 1781 1010 1823 pulmonem
1034 1780 1181 1814 faciendo
1203 1804 1216 1822 ‚
1250 1782 1369 1813 lentam

352 1825 510 1861 afferant.
536 1826 654 1868 Neque
679 1825 770 1858 aliter
793 1825 971 1858 Martianus
993 1828 1006 1864 (
1029 1824 1048 1857 b
1071 1827 1108 1863 ),
1132 1828 1164 1858 δε
1188 1833 1260 1858 ante
1282 1822 1369 1858 bunc

352 1871 464 1905 Salius
498 1873 512 1909 (
534 1881 549 1903 c
573 1873 586 1908 )
622 1868 848 1903 intellexerunt
870 1893 876 1899 .
911 1869 1002 1905 Quin
1026 1868 1123 1901 etiam
1150 1890 1160 1906 ‚
1195 1879 1266 1901 cum
1291 1879 1369 1901 mox

352 1914 486 1949 ibidem
509 1913 644 1955 legimus
659 1935 667 1948 ,
690 1912 848 1954 varicosas
869 1922 997 1954 quoque
1015 1910 1090 1955 fieri
1105 1937 1114 1950 ,
1139 1911 1181 1943 (φ
1198 1911 1285 1944 intus
1308 1910 1369 1943 ele-

361 1958 436 1993 vari
459 1969 550 1992 venas
574 1956 703 1992 lateriss
728 1955 829 1988 Salius
853 1955 1001 1988 admonet
1024 1957 1037 1994 (
1060 1955 1080 1986 d
1101 1958 1114 1994 )
1134 1977 1146 1994 ‚
1168 1952 1291 1986 idcirco
1314 1952 1368 1986 has

363 2001 536 2045 significari
562 2000 600 2033 ab
623 2000 826 2041 Hippocrate
861 1998 898 2032 ad
921 1997 1005 2031 hunc
1030 1998 1162 2030 modum
1196 2007 1259 2039 queo
1282 1998 1369 2030 intus

364 2046 397 2080 in
414 2044 580 2088 szvtperfi'rie
598 2043 665 2086 fitae
683 2042 758 2085 sunt
778 2065 790 2081 ‚
814 2053 850 2074 ne
875 2042 946 2085 quis
971 2039 1056 2075 forte
1080 2041 1151 2075 illas
1173 2040 1335 2081 intelligat
1360 2062 1368 2076 ,

366 2101 430 2132 qino
450 2100 506 2131 per
538 2087 722 2122 intermedia
747 2085 895 2123 costarum
921 2111 928 2124 ,
961 2087 1002 2119 Θ·
1025 2085 1091 2118 alia
1118 2084 1226 2127 spatia
1249 2085 1371 2117 interna

362 2139 572 2176 perrepcant,
596 2130 650 2163 ubi
674 2128 822 2162 videlicet
845 2130 1028 2162 arteriarum
1044 2126 1297 2161 Intercostalium
1320 2126 1373 2159 di-

368 2177 542 2209 latationes
567 2183 795 2214 nonnunquam
819 2169 912 2211 fieri,
935 2184 950 2204 a
975 2171 1105 2213 posteris
1117 2168 1370 2203 animadversum

369 2219 429 2253 est:
455 2222 487 2252 &
512 2218 580 2251 sane
605 2230 619 2249 a
643 2214 857 2249 varicosarum
879 2225 985 2248 earum
1009 2225 1159 2248 venarum
1195 2213 1373 2256 disruptio-

369 2275 407 2296 ne
429 2286 441 2303 ,
467 2261 636 2304 suppurati
660 2259 727 2293 fieri
760 2261 837 2300 aegri
861 2257 1013 2292 dicuntur
1047 2269 1062 2290 a
1086 2256 1289 2292 vetustiffimo
1314 2256 1373 2289 illo

371 2305 507 2341 Medico
529 2329 536 2335 .
575 2303 634 2337 Sed
657 2307 688 2336 &
723 2303 756 2334 in
788 2301 874 2334 libro
907 2303 942 2335 de
971 2301 1108 2334 Internis
1138 2299 1373 2344 Affebiionibus

373 2354 387 2389 (
410 2361 424 2383 e
447 2353 484 2390 ),
506 2347 561 2382 ubi
586 2347 617 2380 in
635 2345 779 2388 pulmone
801 2345 916 2381 varix,
942 2342 1099 2386 hujusque
1122 2343 1207 2385 signa
1231 2367 1242 2382 ‚
1266 2345 1297 2375 ὃ(
1321 2354 1377 2375 cu-

373 2393 460 2427 ratio
491 2398 750 2434 p1·ononuntur;
781 2398 845 2420 non
881 2388 1064 2419 remittente
1099 2386 1128 2418 se
1161 2386 1277 2418 morbo
1311 2384 1379 2427 post

370 2427 611 2480 quatuordecim
636 2433 758 2475 primos
779 2429 846 2463 dies
869 2453 876 2466 ‚
912 2430 1014 2463 eadem
1037 2427 1211 2461 exhibenda
1235 2427 1377 2460 indican-

373 2490 425 2515 tur
448 2501 457 2516 ‚
490 2490 559 2522 quae
583 2477 611 2510 ei
634 2475 688 2517 qui
706 2472 850 2516 pulmone
876 2471 1086 2515 suppuratum
1109 2470 1200 2505 habet
1220 2494 1230 2504 .
1264 2471 1377 2512 Qan-

373 2535 469 2567 quam
493 2521 547 2554 etsi
572 2520 639 2554 haec
663 2517 772 2552 omnia
797 2517 870 2559 quis
893 2516 969 2548 velit
995 2513 1033 2548 ad
1069 2514 1285 2556 aneurysmata
1308 2523 1374 2547 tra-

373 2567 448 2602 here
472 2564 707 2599 nihilominus
731 2561 791 2592 erit
816 2558 876 2593 hoc
899 2568 1023 2597 tamen,
1049 2557 1345 2592 aliisdiffidentibus
1362 2584 1371 2598 ‚

373 2622 438 2646 non
461 2609 533 2643 satis
554 2616 702 2644 certum,
727 2614 800 2639 aut,
825 2602 845 2635 fi
873 2611 996 2640 certum
1020 2601 1186 2638 credatur,
1212 2603 1372 2635 incertum

373 2665 470 2698 porro
486 2676 499 2694 ‚
521 2663 559 2685 ex
581 2648 763 2691 conjeetura
787 2647 917 2689 potius,
941 2657 977 2678 an
1001 2657 1038 2678 ex
1060 2645 1297 2680 diffeetionibus
1321 2657 1373 2688 pe-

372 2701 492 2733 titum,
519 2693 693 2738 praesertim
715 2702 789 2724 cum
812 2689 935 2726 bestiae,
957 2700 1028 2732 quat
1052 2698 1128 2723 tunc
1140 2699 1200 2731 pro
1226 2687 1374 2723 humanis

374 2740 565 2783 corporibus
600 2736 741 2770 solebant
763 2733 863 2766 incidi
890 2757 897 2770 ,
934 2744 1004 2765 raro
1029 2733 1148 2765 morbis
1183 2732 1374 2774 ejuscemodi

373 2784 591 2826 corripiantur
617 2792 624 2814 ;
662 2783 693 2813 &
717 2777 845 2810 tandem
874 2787 956 2819 quos
980 2776 1111 2809 morbos
1145 2773 1375 2817 frequentiores

375 2829 545 2866 diximus,
569 2827 599 2858 &
624 2822 661 2857 de
684 2821 802 2864 quibus
826 2830 861 2853 tu
883 2820 1001 2862 quaeris
1024 2842 1033 2857 ‚
1058 2819 1107 2852 illi
1132 2818 1170 2851 ad
1193 2817 1318 2854 cordis,
1342 2822 1375 2852 ὃς

375 2873 504 2908 Magnae
530 2868 650 2901 arteriae
666 2890 677 2905 ,
702 2875 765 2896 non
789 2862 827 2896 ad
851 2863 952 2903 alias,
975 2864 1112 2896 attinent
1134 2862 1339 2896 dilatationes
1365 2889 1374 2902 ‚

374 2908 449 2948 Hae*
462 2921 567 2946 autem
592 2922 606 2942 a
631 2907 743 2952 priscis
766 2907 832 2939 illis
857 2905 993 2939 Medicis
1016 2918 1071 2939 cur
1095 2918 1156 2939 non
1168 2905 1286 2940 fuerint
1310 2918 1376 2938 me-

375 2966 508 2990 moratae
525 2978 536 2996 ,
562 2954 754 2997 praecipuam
777 2947 924 2989 causam,
949 2949 1038 2983 illam
1062 2949 1163 2993 ipsam
1185 2960 1282 2993 quam
1306 2961 1376 2983 mo-

374 2999 419 3034 do
445 3000 538 3041 attigi
554 3023 561 3037 ,
586 2995 699 3034 fuiss'e,
723 2993 852 3027 censeo.

420 3054 449 3075 2.
478 3037 644 3084 Postquam
677 3039 761 3071 enim
785 3036 824 3070 ad
846 3037 1027 3071 Anatomen
1057 3037 1285 3071 instaurandam
1319 3037 1374 3069 ali-

376 3095 500 3130 quanto
524 3084 636 3126 saepius
660 3081 796 3116 bumana
820 3072 968 3113 caflavera
992 3080 1086 3113 secari
1111 3080 1247 3123 denique
1269 3089 1375 3121 coepta

376 3132 469 3168 sunt3
495 3128 618 3162 mentio
639 3137 765 3169 quoque
791 3123 855 3157 fieri
878 3134 984 3166 coepta
1022 3124 1063 3158 est
1087 3125 1219 3158 illorum
1244 3124 1374 3157 morbo-

377 3184 473 3206 rum.
499 3174 595 3206 Certe
619 3169 739 3210 video,
763 3168 802 3202 ab
824 3167 970 3200 Nicolao
994 3166 1091 3200 Massa
1116 3166 1198 3211 (f)
1221 3165 1377 3210 quendam

375 3217 512 3250 indicari
536 3214 701 3249 dissectum
724 3214 762 3246 A.
792 3222 880 3254 ¹534·
908 3211 961 3252 qui
982 3210 1113 3245 habebat
1136 3222 1186 3244 cor
1208 3221 1351 3254 magnum
1365 3234 1377 3250 ,

380 3260 423 3293 (ἢν
446 3267 540 3293 tantae
562 3257 788 3300 magnitudinis
802 3278 813 3294 ‚
836 3262 984 3296 quantam
1009 3265 1164 3296 nunquam
1187 3255 1219 3287 in
1232 3256 1295 3286 alio
1319 3253 1372 3286 ho-

380 3303 461 3337 mine
485 3302 609 3335 viderat
630 3312 643 3341 ;
675 3312 690 3332 a
715 3298 844 3336 Vasaelio
877 3308 982 3330 autem
1004 3300 1018 3336 (
1041 3308 1062 3339 g
1082 3301 1097 3337 )
1129 3296 1288 3340 dobiiffimi
1310 3297 1376 3330 νὶνὶ

377 3357 450 3384 cor,
474 3347 505 3378 in
529 3344 617 3385 cujas
635 3343 755 3386 sinistro
785 3340 959 3375 >ventriculo
976 3340 1160 3383 glandulosae
1183 3363 1193 3377 ‚
1219 3340 1275 3382 sed
1301 3338 1376 3381 sub-

381 3388 566 3430 nigricantis
590 3387 717 3420 interim
743 3409 755 3425 ,
787 3384 890 3418 carnis
926 3383 1022 3416 libras
1047 3384 1267 3429 propemodum
1301 3383 1378 3415 duas

381 3432 494 3472 reperit
509 3454 522 3471 ‚
546 3430 633 3464 corde
656 3429 747 3468 instar
771 3428 852 3462 uteri
874 3450 887 3467 ,
990 3427 1028 3459 ad
1051 3436 1118 3469 ejus
1140 3427 1243 3460 carnis
1267 3425 1376 3459 molem

524 3585 548 3600 n.
568 3585 596 3601 10
623 3577 683 3605 apud
701 3574 823 3600 Marinell.
886 3575 900 3604 (
915 3574 929 3598 b
944 3574 958 3602 )
976 3577 1067 3598 Annot.
1084 3574 1112 3598 ad
1128 3575 1169 3599 cit.
1187 3577 1205 3599 1.
1223 3572 1281 3598 vers.
1299 3580 1355 3601 ²¹9-

533 3606 595 3630 ibid.
611 3608 638 3630 ad
656 3613 674 3630 t.
693 3614 731 3631 υ-
793 3607 806 3634 (
822 3613 833 3628 e
848 3605 862 3634 )
879 3612 903 3628 n.
924 3613 944 3634 5.

530 3640 563 3660 De
581 3637 665 3661 disse&
685 3642 744 3665 part.
762 3644 828 3664 corp.
848 3637 911 3659 hum,
933 3637 947 3658 l.
966 3641 988 3657 2.
1006 3641 1024 3657 e.
1044 3642 1079 3664 33.

525 3668 584 3690 Hvst.
603 3670 676 3690 Anat.
694 3669 762 3690 hum.
780 3673 844 3693 corp.
864 3668 879 3690 l.
897 3674 916 3695 9.
933 3672 973 3694 qu.
994 3666 1029 3688 18.

531 3697 603 3726 Epist.
618 3705 657 3726 ²4·
676 3705 698 3721 n.
721 3704 750 3726 34
774 3698 795 3720 δι
813 3697 875 3726 seqq.
938 3698 944 3724 (
965 3704 980 3725 q
996 3695 1010 3723 )
1029 3703 1078 3725 ¹07·
1097 3698 1115 3720 lv
1133 3704 1153 3721 i.

466 3577 515 3634 2²1³)

446 3637 510 3695 Η

467 3698 512 3727 Ρ)

437 3640 452 3727 arv*
439 3577 453 3631 «⁸³

1215 3696 1303 3726 (r)5
1333 3695 1391 3720 διό.

1007 3606 1012 3631 l
1028 3604 1069 3633 f)
1087 3606 1129 3629 lib.
1148 3605 1241 3630 Introd.
1261 3607 1333 3627 Anat.
1352 3611 1375 3627 c.
1392 3606 1430 3628 28.

1143 3638 1156 3666 (
1172 3638 1181 3660 ι’
1199 3639 1208 3666 )
1223 3635 1293 3663 Epid.
1310 3635 1326 3657 l.
1343 3642 1363 3656 2.
1381 3635 1405 3658 in
1423 3634 1525 3659 constit.
1544 3636 1660 3658 Autumn.
1678 3636 1706 3657 A.
1724 3643 1790 3664 ¹575·

1092 3665 1100 3692 s
1118 3675 1141 3689 m
1161 3667 1203 3697 )1.
1220 3675 1241 3693 4·
1260 3668 1282 3689 S.
1301 3673 1322 3688 2.
1339 3665 1398 3689 ΟΜ.
1416 3673 1453 3690 21.
1473 3664 1496 3695 §.
1513 3673 1534 3693 7.

1420 959 1563 1003 extenso;
1585 968 1654 993 tum
1678 958 1777 991 etiam
1811 969 1825 990 a
1849 958 1969 991 Carolo
1993 956 2154 1000 Stephano
2176 963 2190 999 ζ
2213 960 2233 993 h
2256 965 2269 1000 )
2291 960 2426 1003 conspe-

1420 1004 1504 1037 &cam
1528 1003 1559 1036 in
1583 1002 1751 1041 cadavere,
1772 1002 1862 1041 cnjus
1882 1008 2012 1043 propter
2035 1000 2164 1044 aliquod
2185 1004 2325 1042 vitium,
2351 1006 2426 1038 dex-

1418 1054 1469 1079 tra
1488 1045 1644 1087 pulmonis
1665 1054 1738 1086 pars
1760 1045 1881 1091 omnino
1905 1044 2083 1086 consumpta
2121 1055 2157 1078 ac
2181 1046 2299 1089 corrosa
2322 1047 2393 1091 esset
2417 1072 2427 1088 ,

1419 1089 1523 1122 cordis
1544 1088 1719 1122 auriculam
1741 1086 1875 1129 ejusdem
1898 1087 2030 1128 lateris,
2052 1099 2125 1131 quae
2150 1087 2182 1120 in
2205 1089 2344 1131 amplam
2356 1101 2422 1124 ma-

1416 1133 1614 1174 gnitudinem
1636 1130 1727 1173 usque
1750 1131 1822 1163 adeo
1847 1138 2050 1170 excreverat,
2072 1137 2110 1163 ut
2133 1132 2229 1174 triplo
2252 1133 2353 1175 major
2379 1133 2427 1166 al-

1420 1182 1488 1208 tera
1511 1176 1671 1209 videretur
1693 1196 1701 1206 .
1737 1173 1809 1207 Post
1843 1173 1901 1207 hos
1926 1199 1934 1213 ‚
1966 1173 2105 1217 aliosque
2127 1199 2137 1214 ,
2170 1178 2203 1208 δε
2226 1178 2428 1210 nominatim

1421 1218 1627 1257 Ballonium,
1650 1216 1707 1259 qui
1731 1227 1787 1249 cor
1809 1219 2000 1250 memoravit
2022 1219 2035 1255 (
2057 1218 2070 1250 i
2091 1220 2106 1257 )
2129 1218 2295 1262 majusculi
2307 1221 2426 1262 capitis

1420 1261 1664 1304 magnitudinem
1686 1259 1847 1301 adaequans
1862 1284 1875 1301 ‚
1897 1263 1929 1292 &
1953 1259 2061 1299 aliud,
2084 1269 2119 1294 ut
2131 1259 2226 1294 habes
2250 1263 2285 1295 in
2309 1263 2426 1306 Sepul-

1419 1302 1533 1337 elireto
1555 1307 1568 1343 (
1590 1303 1609 1344 Ι(
1631 1307 1667 1343 ),
1693 1301 1770 1335 adeo
1791 1314 1865 1337 cum
1889 1303 1951 1337 suis
1973 1302 2108 1336 valvulis
2133 1326 2143 1341 ,
2177 1306 2209 1337 δε
2231 1309 2348 1348 Magna
2372 1318 2424 1340 ar-

1418 1348 1499 1382 teria
1522 1347 1683 1387 distentum
1698 1370 1707 1384 ‚
1733 1355 1768 1379 ut
1793 1346 1889 1389 triplo
1903 1369 1911 1384 ,
1936 1354 1992 1380 aut
2009 1345 2128 1389 saltem
2151 1346 2242 1389 duplo
2265 1360 2362 1391 quam
2374 1348 2427 1382 so-

1418 1392 1480 1424 leat
1501 1414 1515 1431 ,
1546 1389 1681 1431 amplius
1703 1389 1861 1424 videretur
1882 1403 1893 1429 5
1928 1389 2073 1423 Andreas
2108 1391 2299 1425 Laurentius
2341 1396 2354 1432 (
2376 1392 2388 1425 l
2409 1397 2425 1432 )

1419 1434 1552 1478 Equitis
1574 1432 1800 1467 Guicciardini
1824 1445 1874 1467 cor
1898 1434 2019 1465 invenit
2038 1434 2280 1476 prodigiiinflar
2309 1436 2341 1468 in
2354 1446 2423 1469 eam

1418 1476 1528 1511 molem
1551 1474 1736 1518 excrevisse,
1759 1484 1796 1509 ut
1816 1475 1971 1510 thoracem
1990 1475 2061 1519 fere
2084 1485 2188 1511 totum
2224 1478 2420 1519 contineret,

1419 1520 1568 1562 sanguine
1590 1521 1630 1553 ad
1650 1518 1747 1552 libras
1769 1529 1843 1561 pene
1875 1528 1940 1553 tres
1962 1528 2133 1561 quatuorve
2156 1520 2266 1554 cordis
2299 1529 2423 1556 utrum-

1418 1575 1475 1606 qne
1491 1563 1593 1606 sinum
1615 1562 1826 1596 distendente.
1855 1563 1914 1596 Sed
1936 1560 2022 1596 hunc
2046 1562 2153 1596 casum
2167 1585 2176 1600 ‚
2202 1563 2345 1607 aliosque
2367 1564 2424 1599 de-

1419 1610 1526 1649 inceps
1551 1618 1588 1640 eo
1611 1605 1860 1648 frequentiores,
1884 1617 1949 1649 quo
1972 1605 2113 1639 crebrius
2149 1604 2299 1640 cadavera
2323 1609 2426 1643 incisa

1419 1650 1490 1684 sunt
1510 1672 1519 1688 ‚
1552 1652 1585 1682 δε
1609 1649 1662 1682 alii
1702 1648 1807 1690 paffim
1830 1657 2045 1682 memorarunt
2066 1671 2076 1686 ,
2112 1660 2212 1692 eoque
2234 1651 2427 1694 diligentius

1418 1706 1489 1737 quae
1513 1696 1546 1725 in
1569 1692 1752 1725 viventibus
1777 1691 1991 1733 praecesserant
2007 1714 2018 1731 ,
2041 1691 2250 1735 adjecerunt,
2273 1706 2339 1737 quo
2363 1694 2427 1728 bo-

1420 1748 1489 1770 rum
1512 1735 1554 1769 est
1575 1736 1692 1769 utilior
1713 1734 1883 1778 conjuncta
1907 1737 2049 1774 notitia,
2072 1738 2105 1769 δε
2132 1738 2233 1779 magis
2250 1747 2354 1772 tamen
2371 1761 2379 1776 ,
2403 1737 2426 1772 fi

1420 1779 1584 1814 Vesalium
1607 1802 1616 1818 ,
1643 1781 1675 1813 &
1699 1778 1882 1812 Ballonium
1906 1780 2046 1823 excipias
2066 1801 2078 1818 ,
2116 1790 2131 1812 a
2155 1781 2321 1823 prioribus
2356 1782 2425 1815 illis

1425 1824 1590 1865 neglesta.
2414 1838 2418 1841 ’

1463 1878 1493 1910 3.
1517 1867 1632 1909 Neque
1656 1866 1748 1899 aliter
1770 1865 2000 1901 dilatationum
2037 1867 2162 1900 arteriae
2178 1868 2317 1910 „Magnae
2341 1879 2424 1904 certa

1421 1909 1458 1943 ad
1483 1910 1630 1943 Medicos
1654 1911 1799 1952 pervenit
1823 1912 1972 1953 cognitio
1989 1936 1996 1942 .
2022 1912 2072 1944 Sic
2096 1909 2242 1944 Vesalius
2266 1912 2398 1954 quidem
2413 1937 2424 1952 ‚

1420 1953 1555 1995 exempli
1578 1953 1688 1990 causa,
1713 1964 1786 1987 cum
1810 1955 1843 1987 in
1867 1954 1963 1987 dorso
1985 1955 2069 1987 circa
2091 1954 2250 1988 vertebras
2263 1963 2427 1991 tumorem

1421 1997 1578 2040 quendam
1603 1996 1779 2039 pulsantem
1804 1995 2073 2031 animadvertisset
2093 2019 2106 2037 ‚
2141 2008 2175 2030 ea
2198 1998 2321 2033 secutus
2354 2012 2427 2044 quae

1421 2042 1455 2072 in
1478 2040 1692 2072 exterioribus
1722 2040 1997 2082 anenrysmatibus
2018 2050 2107 2073 antea
2140 2040 2387 2082 deprehenderat
2414 2067 2428 2084 ‚

1422 2081 1468 2115 ibi
1492 2081 1551 2116 effe
1563 2106 1575 2123 ,
1597 2082 1708 2122 dixit,
1732 2083 1915 2125 aneurysma
1941 2094 1979 2117 ex
2001 2083 2149 2117 dilatione
2162 2093 2256 2119 aortae
2280 2089 2423 2121 arzeriae.

1425 2124 1486 2159 Sed
1511 2134 1616 2159 tamen
1639 2133 1704 2158 non
1728 2136 1800 2160 ante
1823 2126 1944 2160 Medici
1968 2137 2075 2160 verum
2098 2126 2211 2160 dixisse
2236 2128 2399 2164 Vesalium
2415 2153 2427 2170 ,

1424 2181 1485 2212 pro
1507 2179 1596 2202 certo
1620 2169 1777 2203 sciverunt
1799 2192 1808 2208 ‚
1832 2181 1927 2213 quarn
1947 2181 2020 2203 cum
2051 2181 2137 2211 aegro
2160 2181 2289 2205 mortuo
2314 2195 2323 2210 ‚
2358 2186 2427 2209 eam

1424 2214 1572 2246 arteriam
1596 2212 1765 2246 dilatatam
1787 2213 1865 2247 adeo
1887 2214 2071 2246 invenerunt
2094 2236 2103 2251 ‚
2141 2223 2177 2247 ut
2200 2217 2253 2249 ovi
2275 2214 2429 2255 struthio-

1426 2257 1538 2289 cameli
1561 2256 1808 2301 magnitudinem
1823 2255 1893 2299 fere
1916 2266 2050 2299 aequarec
2065 2281 2074 2298 ‚
2099 2259 2375 2300 quemadmodum
2391 2273 2430 2295 ex

1427 2297 1637 2341 Sepulchreto
1659 2299 1731 2339 ipso
1753 2302 1767 2338 (
1789 2310 1819 2331 m
1842 2304 1856 2338 )
1878 2300 2047 2341 cognosces
2061 2326 2070 2340 ,
2094 2300 2177 2334 unde
2200 2312 2352 2344 praeterea
2377 2305 2428 2338 in-

1427 2342 1572 2384 telliges‚
1595 2340 1676 2384 quid
1700 2342 1883 2384 aneurysma
1906 2343 1987 2376 illud
2010 2345 2189 2378 contineret
2210 2369 2223 2385 ‚
2260 2356 2296 2380 ac
2319 2358 2431 2389 quate-

1428 2396 1486 2418 nus
1508 2385 1672 2427 proximas
1697 2385 1875 2427 vertebras,
1896 2385 2056 2429 costasque
2079 2387 2217 2421 vitiasset
2242 2413 2250 2422 .
2283 2391 2429 2434 Conspe-

1429 2429 1518 2461 &um
1549 2428 1581 2462 id
1606 2439 1688 2461 anno
1718 2428 1761 2462 est
1794 2439 1887 2473 1557.
1914 2427 2016 2471 sicque
2049 2427 2196 2464 additum
2227 2432 2353 2474 pondus
2387 2435 2428 2468 iis

1428 2482 1499 2514 quae
1523 2473 1682 2505 Fernelius
1705 2471 1869 2515 scripserat
1892 2482 1961 2505 tum
1984 2472 2038 2506 ubi
2052 2471 2165 2506 docuit
2187 2476 2201 2512 (
2223 2484 2242 2507 n
2264 2478 2299 2516 )‚
2321 2477 2428 2511 cordis

1426 2515 1675 2558 palpitationem
1693 2514 1772 2557 sape
1795 2517 1943 2550 arteriam
1958 2512 2050 2558 foras
2074 2514 2214 2560 dilatasse
2225 2518 2257 2551 in
2281 2520 2430 2563 aneurys-

1424 2569 1474 2592 ma
1496 2558 1648 2592 contrab'ii
1665 2558 1763 2600 pugni
1784 2559 1994 2634 mafnitudine
2018 2583 2026 2598 ‚
2049 2559 2081 2592 in
2105 2570 2164 2601 quo
2186 2560 2227 2593 Θ
2250 2562 2360 2602 talin,
2385 2564 2430 2597 «ἕν’

1422 2602 1493 2644 visu
1517 2602 1677 2644 conspicua
1700 2608 1769 2634 erat
1788 2602 1926 2645 pusatio
1951 2626 1962 2643 ‚
1998 2610 2069 2636 tum
2092 2603 2145 2635 ubi
2170 2606 2307 2638 externis
2331 2617 2429 2641 aneu-

1425 2645 1618 2685 rysmatibus
1642 2644 1816 2687 propositis
1838 2670 1847 2684 ,
1881 2644 1947 2679 haec
1971 2644 2104 2687 subjecit
2140 2649 2154 2685 (
2177 2658 2192 2678 o
2217 2650 2229 2686 >
2254 2660 2261 2679 .·
2298 2652 2354 2683 Fit
2386 2651 2429 2684 (9-

1426 2699 1643 2731 nonnunquam
1667 2689 1848 2730 aneurysma
1873 2690 1906 2722 in
1929 2688 2129 2723 interioribus
2153 2691 2303 2728 arteriis,
2326 2694 2429 2727 maxj.

1427 2742 1474 2765 me
1490 2730 1553 2773 sub
1575 2731 1695 2773 periore
1720 2753 1729 2769 ,
1755 2732 1836 2765 circa
1860 2730 1970 2766 lienem
1992 2754 2000 2769 ‚
2032 2734 2072 2765 &
2096 2731 2313 2774 mesenterium
2333 2758 2343 2773 ,
2377 2736 2431 2770 ubi

1425 2774 1588 2808 vehemens
1606 2773 1684 2817 saepe
1702 2774 1841 2817 pulsatio
1862 2775 2128 2808 animadvertitur
2152 2801 2159 2808 .
2185 2777 2316 2812 Poterat
2341 2782 2428 2812 enim

1431 2816 1499 2850 haec
1522 2817 1686 2851 tradidisse
1710 2829 1748 2850 cx
1770 2816 1950 2860 conjeetura
1975 2832 1982 2851 .-
2010 2830 2065 2851 nec
2089 2828 2172 2852 certe
2195 2823 2299 2858 omnis
2324 2823 2431 2865 pulsa-

1427 2863 1499 2900 tio,
1523 2863 1730 2904 quantumvis
1754 2861 1942 2901 vehemens,
1966 2861 2004 2894 ab
2014 2862 2229 2904 aneurysmate
2254 2864 2319 2904 est3
2344 2876 2381 2900 ut
2391 2878 2430 2900 ex

1427 2904 1541 2938 nostris
1564 2916 1692 2949 quoque
1715 2905 2003 2938 Observationibus
2015 2906 2090 2938 alibi
2114 2908 2126 2944 (
2145 2917 2168 2949 p
2190 2910 2203 2946 )
2227 2908 2428 2943 ostendetur.

1429 2948 1590 2992 Alioquin
1612 2949 1748 2981 eximius
1772 2948 1918 2982 Medicus
1942 2949 2106 2982 Ballonius
2119 2951 2173 2991 qui
2198 2962 2353 2994 nunquam
2368 2963 2431 2986 me-

1429 2993 1526 3025 moria
1544 2992 1603 3034 sua
1628 3000 1694 3025 tam
1717 2992 1780 3025 alte
1788 2991 1950 3035 palpitans
1968 2991 2154 3035 pulsansque
2169 2992 2430 3036 hypochondrium

1428 3036 1621 3078 contigerat,
1644 3046 1737 3077 qnam
1761 3037 1794 3068 in
1812 3035 1937 3079 Joanne
1963 3037 2137 3077 formageo
2161 3047 2223 3069 non
2249 3037 2277 3070 se
2307 3039 2351 3071 ita
2375 3039 2432 3072 de-

1428 3079 1493 3120 cipi
1517 3077 1616 3121 passus
1640 3076 1736 3119 esset,
1759 3087 1795 3111 ut
1819 3077 1935 3111 subesse
1958 3079 2217 3122 aneuryiinanon
2242 3080 2298 3114 nisi
2320 3094 2357 3115 <x
2382 3094 2431 3114 re-

1427 3125 1555 3164 pentina
1570 3130 1670 3155 morte
1684 3144 1695 3161 ,
1722 3121 1923 3156 &cadaveris
1935 3121 2085 3163 stelione,
2099 3123 2295 3164 agnosceret,
2320 3137 2429 3168 quem.

1429 3165 1603 3200 admodum
1625 3164 1758 3199 candide
1782 3164 1900 3199 fatetur
1937 3166 1970 3198 in
2002 3165 2148 3200 Confilio
2170 3169 2182 3205 (
2208 3179 2226 3209 q
2248 3172 2262 3209 )
2309 3169 2429 3212 scripto

1428 3210 1469 3243 A.
1500 3220 1591 3251 1575.
1618 3211 1715 3249 Tot,
1739 3217 1819 3251 puto
1840 3232 1852 3248 ‚
1884 3208 1957 3242 illos
1981 3211 2027 3243 Hi
2054 3212 2194 3251 pocratis
2217 3212 2306 3245 locos
2330 3216 2431 3254 magis

1430 3253 1629 3290 attenderat,
1651 3254 1706 3295 qni
1734 3261 1803 3297 turn
1826 3253 1859 3284 in
1883 3263 1920 3284 eo
1943 3253 2017 3286 Con
2034 3254 2114 3292 ilio,
2138 3262 2208 3287 tum
2231 3256 2265 3288 in
2278 3251 2428 3290 Annoffa-

1427 3297 1571 3330 tionibus
1595 3295 1897 3338 (r)proieruntur‚
1921 3306 1973 3329 aut
1988 3296 2173 3330 indicantur
2188 3323 2196 3336 ‚
2220 3299 2254 3330 in
2267 3300 2382 3341 quibus
2393 3301 2432 3334 de

1428 3338 1668 3382 hypochondrii
1693 3362 1704 3378 ,
1740 3349 1793 3372 ant
1827 3340 1947 3372 ventris
1986 3341 2099 3382 reliqui
2136 3341 2318 3382 pulsatione
2340 3345 2432 3377 verba

1429 3383 1535 3424 fiunt,
1557 3392 1646 3416 tanta
1670 3393 1898 3425 nonnunquam
1921 3393 2039 3426 quanta
2064 3393 2161 3425 neque
2183 3396 2201 3418 a
2225 3385 2314 3427 cursu
2335 3408 2345 3423 ‚
2380 3398 2433 3422 ne..

1430 3438 1487 3468 que
1510 3438 1528 3459 a
1552 3427 1663 3460 timore
1676 3425 1757 3459 circa
1780 3437 1831 3459 cor
1838 3429 1983 3469 generari
2002 3425 2091 3470 poffic
2112 3427 2195 3469 (s).
2221 3429 2432 3470 Qosomnes

2295 3472 2315 3505 si
2341 3482 2390 3505 at-

1418 3575 1433 3603 (
1446 3581 1457 3597 c
1473 3573 1487 3602 )
1503 3575 1647 3598 comment.
1663 3573 1688 3597 in
1705 3572 1777 3601 ejusd.
1797 3574 1813 3598 l.
1832 3576 1856 3598 S.
1875 3582 1897 3604 3.
1915 3579 1935 3598 t.
1956 3580 1991 3603 ιφ.
2009 3575 2031 3598 8ι
2047 3573 2111 3604 seqq.

1492 3605 1506 3632 (
1521 3611 1540 3634 g
1556 3604 1570 3631 )
1587 3606 1621 3627 De
1636 3612 1703 3632 corp.
1722 3605 1788 3628 hum*
1810 3602 1871 3629 fabr.
1889 3605 1905 3628 1.
1925 3613 1946 3629 ι.
1966 3613 1986 3628 c.
2004 3614 2025 3633 5.

1852 3635 1894 3663 (k
1910 3636 1996 3663 )1.2.
2016 3637 2030 3660 S
2057 3636 2078 3659 8.
2097 3634 2159 3668 ΟΜ.
2178 3639 2217 3658 25.
2238 3635 2260 3665 §.
2277 3643 2302 3659 ι.

1598 3665 1642 3693 (η
1661 3671 1668 3695 )
1685 3666 1810 3695 Patholog.
1829 3667 1845 3690 l.
1865 3675 1885 3695 5.
1903 3673 1925 3690 c.
1945 3672 1979 3689 ιι.
2042 3663 2078 3694 (α
2095 3673 2105 3692 )
2124 3664 2187 3689 lbid.
2207 3667 2223 3690 l.
2240 3675 2263 3696 7.
2280 3674 2299 3690 e.
2319 3675 2341 3696 3.

1454 3695 1517 3726 ss)
1535 3695 1649 3724 Epidau:
1665 3696 1815 3726 Hippocei.
1830 3706 1858 3727 7.
1872 3704 1896 3720 in
1914 3696 2021 3720 Eratolai
2041 3696 2093 3720 fluo
2106 3712 2113 3720 .
