2498 4075
435 162 528 216 132

371 243 460 276 nime
472 243 714 284 ignoraremus.
736 240 790 274 Ut
806 239 892 274 enim
917 237 1073 278 ingenue,
1095 231 1371 276 quemadmodum

371 286 484 323 soleo,
508 295 558 317 me
581 285 644 316 tibi
667 285 831 326 aperiam;
853 281 1034 315 Fabricium
1069 276 1214 309 nostrum
1248 278 1299 318 (a
1321 278 1336 314 )
1361 296 1370 312 ‚

371 339 467 371 atque
501 328 579 360 adeo
614 338 710 369 quem
735 328 877 369 sequitur
901 323 968 366 ipse
984 344 993 359 ,
1019 319 1162 365 Paulum*
1184 322 1368 361 AEginetam

371 375 386 410 (
407 371 425 405 b
449 375 459 409 )
484 370 703 412 quadantenus
714 371 828 413 sequor
843 394 851 402 .
875 367 1003 401 Scilicet
1026 365 1059 396 in
1083 375 1121 395 eo
1145 364 1259 405 sequor
1282 360 1369 403 quod

367 416 520 448 ramicem
544 413 583 445 de
606 423 673 455 quo
695 414 861 455 loquimur
882 433 892 449 ,
930 410 980 442 vel
1014 406 1153 440 dilatato
1177 428 1189 443 ,
1221 406 1369 438 laxatove

368 460 548 501 peritonaeo
569 478 581 494 ,
614 455 664 488 vel
687 466 785 497 rupto
809 455 900 491 fieri,
923 453 1124 487 docuerunt,
1146 453 1177 483 Sc
1200 450 1233 480 in
1258 460 1295 480 eo
1319 459 1374 489 pa-

369 504 448 533 riter
480 497 569 540 quod
593 510 667 532 cum
691 498 728 532 fit
752 498 810 531 illo
833 506 956 539 rupto,
980 503 1040 527 unce
1062 492 1131 524 vice
1153 503 1189 524 ac
1205 490 1312 539 sehim
1335 489 1372 522 ab

367 543 461 577 initio
484 540 659 581 intestinum
690 541 896 579 devolvatur,
918 540 1007 580 idque
1029 534 1064 568 ob
1087 534 1195 576 causas
1216 533 1372 567 violentas

368 586 532 618 dumtaxat
557 607 566 621 ‚
602 589 634 619 ὅ(
669 593 773 618 tumor
795 584 895 625 ingens
926 605 933 619 ‚
970 583 1059 618 sive,
1083 587 1118 611 ut
1154 576 1244 609 Pauli
1276 577 1371 609 verba

370 629 427 663 alii
451 637 583 661 vertunt
599 653 608 668 ,
631 626 780 668 immensa}
803 623 1028 668 magnitudinis
1046 620 1089 663 fit
1110 621 1180 667 21⁰
1204 632 1241 653 eo
1266 629 1371 652 tamen

369 672 457 714 sequi
482 682 547 703 non
571 671 718 713 possum,
742 670 829 713 quod
862 669 909 701 vel
935 668 991 701 ubi
1015 663 1084 698 haec
1109 665 1194 705 ligna
1217 674 1372 696 convene-

371 716 439 749 rint
463 714 633 754 universa,
658 715 768 755 ruptio
793 716 913 754 semper
937 711 974 743 sit
1000 705 1195 749 agnoscenda
1217 731 1227 753 ζ
1262 706 1372 739 Meam

369 758 457 791 enirn
481 756 682 791 assensionem
712 756 866 790 cohibent
893 765 962 788 tum
987 761 1078 786 antea
1102 750 1273 792 propositae
1296 750 1373 782 Ob..

370 802 564 835 servationes
600 803 756 834 ramicum
788 799 971 841 ingentium
994 820 1004 834 ,
1041 796 1073 826 &
1095 804 1176 835 quos
1208 792 1373 826 interdum

370 845 514 878 violenta
548 844 641 876 causa
666 844 793 885 aliqua,
818 852 854 876 ut
877 840 967 875 casus
991 840 1032 873 ab
1065 837 1131 869 alto
1164 846 1218 868 aut
1252 836 1374 878 produ-

369 896 485 925 xerat,
509 896 563 920 aut
588 886 782 926 adauxerat,
805 897 869 918 non
893 896 989 926 rupto
1013 881 1217 928 peritonaeo3
1242 888 1311 912 tum
1324 892 1374 913 ra-

369 933 440 968 tio,
455 941 548 971 quae,
573 939 609 964 ut
622 930 836 963 Manchartus
859 929 875 970 (
894 941 909 961 c
932 931 944 965 )
968 924 1128 961 ostendit,
1153 924 1286 955 minime
1299 934 1375 964 pro-

370 973 461 1008 hibet
495 973 643 1014 cogitare
678 985 748 1015 quae
784 972 901 1005 subesse
936 968 1034 1003 causae
1073 967 1239 1009 potuerint
1270 976 1324 999 aut
1358 978 1374 999 a

370 1016 583 1060 primordiis,
607 1024 662 1049 aut
688 1016 793 1057 postea
817 1025 915 1048 tantae
939 1014 1026 1046 illius
1050 1011 1242 1044 membranae
1265 1008 1302 1042 ad
1326 1008 1375 1042 di-

372 1062 560 1094 latationem
586 1060 807 1101 proclivitatis
830 1083 838 1097 ‚
876 1068 910 1091 ut
934 1057 1042 1101 subito
1065 1054 1188 1087 faRum
1211 1052 1243 1085 id
1268 1052 1376 1086 videa-

369 1114 422 1137 tur
446 1103 535 1145 quod
560 1103 666 1136 multo
689 1114 779 1136 antea
801 1101 990 1141 dispositum
1023 1099 1124 1132 suerat
1146 1120 1153 1126 .
1186 1096 1270 1132 Quae
1301 1107 1374 1129 cum

369 1150 418 1180 ita
441 1147 527 1185 sint3
550 1157 642 1179 tanto
667 1149 769 1189 magis
793 1145 978 1179 Fabricium
1008 1141 1131 1178 iaudo,
1154 1139 1243 1182 quod
1276 1151 1376 1173 mem-

373 1191 507 1226 branam
532 1189 693 1231 scripserit
718 1195 730 1230 (
753 1190 806 1229 d)
829 1189 881 1222 hic
905 1195 960 1220 aut
983 1185 1135 1223 dilatari,
1159 1189 1214 1214 aut
1238 1183 1342 1228 rumpi
1366 1195 1375 1214 .-

368 1241 405 1266 ut
424 1233 596 1275 plurimum
619 1242 723 1267 autem
755 1232 908 1270 dilatari,
930 1238 1053 1272 quanto
1078 1227 1179 1267 magis
1204 1224 1279 1259 huic
1311 1236 1379 1265 ejus

368 1278 584 1319 pronunciato
606 1275 665 1309 effe
698 1275 782 1318 posse
817 1277 926 1309 locum
952 1297 963 1314 ‚
998 1271 1147 1311 intelligo
1180 1278 1245 1300 non
1281 1269 1378 1302 modo

370 1331 445 1353 cum
471 1320 591 1352 herniae
610 1319 742 1361 scnfim,
765 1327 801 1352 ut
825 1319 879 1352 ille
905 1316 1072 1352 censebat,
1102 1317 1133 1346 δε
1161 1311 1372 1354 pedetentim,

371 1374 485 1397 verum
510 1364 608 1395 etiam
621 1374 693 1395 cum
707 1362 810 1395 subito
823 1362 925 1395 fiunt.
952 1358 1052 1395 Quod
1066 1356 1086 1390 fi
1101 1367 1184 1390 nunc
1197 1355 1376 1388 Saltzman-

367 1409 403 1440 ni
447 1410 461 1447 <
483 1405 532 1448 e)
579 1404 720 1448 proferas
767 1405 1036 1439 Observationem
1083 1404 1116 1434 in
1159 1399 1344 1432 stabulario
1367 1421 1375 1436 ,

367 1450 569 1483 bubonocele
593 1460 683 1482 antea
709 1449 895 1486 laborante,
920 1449 972 1481 cui
998 1446 1037 1479 ab
1068 1445 1136 1477 istu
1170 1443 1245 1484 equi
1282 1443 1377 1475 calci-

368 1495 482 1528 trantis
508 1494 672 1527 abdomini
698 1491 830 1526 inflic'io
851 1502 924 1525 mox
947 1497 1014 1523 tota
1038 1487 1248 1526 intestinorum
1279 1487 1377 1519 moles

367 1547 429 1571 uno
450 1536 554 1569 veluti
577 1543 729 1569 momento
750 1536 782 1568 in
800 1535 939 1578 scrotum
958 1530 1100 1575 prolapsa
1137 1530 1181 1563 est
1202 1555 1210 1568 ‚
1244 1538 1278 1562 ut
1313 1529 1374 1563 hoc

368 1580 470 1614 alium
495 1579 560 1613 fere
578 1589 729 1612 vventrem
755 1578 979 1620 magnitudine
1002 1576 1133 1608 referret
1157 1595 1167 1610 ‚
1203 1572 1374 1606 abdomine

365 1625 487 1657 interea
513 1623 604 1656 valde
617 1621 758 1664 collapso
773 1646 780 1659 ‚
806 1619 1046 1663 eamquealtera
1063 1642 1071 1656 ‚
1096 1628 1193 1659 quam
1217 1616 1273 1649 ille
1288 1627 1378 1649 com-

368 1674 526 1701 memorat
542 1689 550 1703 ,
576 1667 675 1699 Petiti
711 1665 944 1698 Observatione
977 1660 1168 1697 confirmes,
1192 1662 1247 1702 qui
1281 1660 1313 1691 in
1338 1660 1378 1693 fi-

369 1711 441 1744 mili
469 1711 512 1743 ob
535 1708 664 1743 eandem
688 1708 815 1741 causam
849 1709 1057 1748 contingente
1089 1706 1182 1739 casu,
1207 1704 1377 1744 peritonaei

370 1754 495 1787 saccum
520 1752 666 1786 solutum
680 1752 823 1788 invenit3
849 1763 908 1793 ego
931 1753 963 1783 in
989 1759 1129 1789 utroque
1153 1747 1301 1788 exemplo
1313 1757 1377 1780 non

371 1808 455 1838 aegre
479 1796 648 1839 agnoscam
664 1820 671 1833 ,
695 1794 878 1837 disruptum
903 1792 994 1826 fuisse
1009 1794 1246 1838 peritonaeum3
1271 1800 1375 1831 neque

369 1844 454 1874 enini
479 1850 619 1882 unquam
642 1840 673 1871 in
699 1839 841 1872 animum
865 1837 1003 1876 induxi,
1026 1843 1148 1868 tantam
1171 1833 1247 1866 huic
1270 1844 1375 1865 meni-

370 1885 478 1918 branae
512 1883 771 1922 firmitudinem,
794 1884 825 1914 &
849 1881 947 1916 robur
971 1878 1066 1912 inesse
1088 1899 1097 1914 ,
1131 1888 1166 1910 ut
1200 1888 1255 1917 pei·
1290 1876 1373 1909 istus

367 1926 529 1970 ejusmodi
554 1928 661 1969 rumpi
689 1936 846 1968 nequeat,
871 1934 924 1959 aut
950 1934 1003 1966 per
1028 1921 1105 1954 alias
1128 1920 1285 1953 violentas
1299 1931 1375 1952 cau-

369 1972 435 2008 sas,
459 1982 536 2014 quas
561 1978 730 2013 propterea
754 1969 864 2001 allatas
896 1966 955 2000 esse
986 1962 1151 1998 voluissem
1186 1966 1218 1996 in
1251 1961 1375 1997 duabus

367 2016 434 2049 illis
449 2038 457 2052 ,
482 2026 558 2055 quas
581 2014 615 2046 in
640 2011 851 2055 Sepulchreto
875 2021 982 2044 extare
1006 2009 1173 2046 dicebam,
1196 2006 1378 2040 Saltzman-

369 2060 401 2094 ni
420 2084 428 2098 ,
453 2060 482 2090 ἃ
500 2055 696 2091 Hoffmanni
730 2054 1049 2094 Observatioriibus.
1077 2051 1195 2093 Neque
1218 2052 1302 2083 enirn
1325 2060 1379 2091 per

369 2113 481 2136 omnes
501 2095 611 2134 Causas
634 2111 704 2142 quse
730 2099 882 2132 violentae
905 2097 1060 2131 dicuntur
1087 2119 1096 2135 ,
1129 2105 1186 2127 nec
1223 2093 1344 2134 semper
1368 2114 1377 2129 ‚

368 2149 438 2180 imo
462 2145 562 2177 rarius
585 2145 773 2184 contingere
797 2141 831 2174 id
855 2141 970 2175 credo.
996 2141 1086 2172 Inter
1121 2149 1171 2171 eas
1192 2160 1205 2177 ,
1238 2137 1377 2178 exempli

371 2190 494 2232 gratia,
519 2198 630 2220 nunca
655 2186 767 2219 multis
791 2182 969 2221 recenseri,
995 2180 1089 2215 video
1113 2181 1377 2223 equitationem:

370 2244 471 2276 neque
496 2230 645 2269 inficior,
668 2230 692 2262 fi
717 2227 833 2262 assidua
855 2227 952 2261 nimis
976 2226 1037 2264 sit,
1058 2226 1191 2258 ramices
1215 2236 1231 2256 a
1255 2224 1379 2264 perito-

371 2279 432 2310 naei
457 2273 641 2309 extensione
667 2275 697 2305 c&
723 2270 827 2305 facere
843 2297 851 2311 ‚
874 2273 905 2303 &
930 2280 1043 2311 augere
1068 2267 1153 2309 posse
1173 2290 1185 2307 ,
1215 2267 1264 2300 M.
1290 2266 1377 2300 illius

374 2320 498 2354 Servilii
525 2328 648 2350 memor
665 2341 672 2354 ,
698 2315 736 2348 de
759 2326 826 2357 quo
851 2315 966 2347 Livius
989 2309 1071 2353 (f)
1094 2310 1215 2351 refert,
1236 2310 1378 2346 dumin-

370 2374 417 2399 ter
440 2360 722 2399 concionandum,
746 2359 910 2391 cicatrices
936 2354 1066 2389 adverso
1085 2366 1222 2397 corpore
1247 2365 1305 2395 pro
1317 2353 1377 2387 Pa-

371 2410 434 2441 tria
460 2413 606 2446 exceptas
627 2406 826 2440 ostentaret,
850 2399 1005 2441 adapertis
1031 2395 1120 2439 forte
1154 2408 1218 2439 quae
1248 2397 1381 2430 velanda

374 2457 461 2485 crant
485 2473 492 2487 ‚
536 2457 686 2480 iuniorem
723 2445 884 2486 inguinum
906 2442 1059 2483 proximis
1094 2439 1189 2481 risum
1223 2438 1379 2483 movisse:

376 2505 448 2527 tum
475 2503 548 2524 vero
573 2490 691 2526 illum,
714 2486 767 2519 hoc
791 2496 908 2528 quoque
949 2484 1027 2526 quod
1060 2483 1169 2516 ridetis
1190 2504 1199 2518 ,
1233 2484 1345 2516 dixisle
1368 2505 1378 2519 ‚

373 2538 405 2571 in
425 2546 501 2577 equo
534 2534 597 2566 diss
630 2528 786 2571 norflesque
817 2527 998 2570 persedendo
1031 2525 1125 2558 liabeo
1146 2549 1158 2565 ,
1191 2536 1243 2559 nec
1278 2526 1380 2568 magis

375 2590 422 2613 nze
448 2579 514 2620 ejus
539 2602 548 2617 ,
580 2585 672 2618 quam
693 2572 875 2605 cicatricum
899 2570 1008 2603 hurum
1034 2590 1043 2604 ,
1072 2568 1169 2610 pudet
1192 2591 1201 2607 ,
1231 2570 1381 2610 poenitet.

374 2633 453 2666 que,
476 2619 593 2663 quando
617 2627 771 2658 nunqnam
795 2614 873 2647 nzilii
896 2613 1115 2654 impedimento
1138 2612 1178 2643 ad
1200 2611 1379 2653 Rempubli-

374 2676 442 2699 cam
463 2665 535 2698 hene
554 2662 717 2705 gerendam
742 2658 847 2694 domi,
872 2655 1052 2701 milesi‘aeqtie
1065 2652 1159 2697 fuit.
1184 2655 1307 2688 Consul
1324 2666 1380 2687 au-

375 2719 470 2748 tern,
493 2710 522 2739 &a
550 2705 703 2746 Magister
728 2702 888 2743 Equitum
914 2701 1040 2734 suerat,
1066 2710 1100 2731 ac
1132 2707 1179 2730 ter
1211 2701 1243 2731 ἃ
1281 2700 1378 2731 vicies

376 2764 451 2788 curn
476 2749 563 2784 hoste
587 2759 638 2790 per
665 2744 932 2788 provocationem
965 2752 1177 2784 pugnaverat.
1201 2742 1281 2774 Non
1315 2751 1381 2775 erat

376 2797 480 2838 igitur
506 2793 572 2834 ejus
593 2801 722 2829 ramex,
746 2788 807 2820 sive
831 2788 857 2819 is
881 2785 1081 2820 bubonocele
1105 2782 1192 2825 fuit,
1218 2783 1280 2818 sive
1303 2797 1315 2825 ,-
1346 2793 1381 2818 ut

375 2839 491 2874 ‚Latini
523 2836 697 2875 inguinum
733 2843 808 2864 voce
844 2831 1050 2866 utebantur5
1085 2827 1289 2865 oscheocele,
1316 2839 1382 2860 non

381 2892 469 2919 erat,
494 2874 648 2922 inquam,
671 2888 709 2909 ex
731 2876 796 2908 illis
820 2874 1006 2915 ingentibus
1030 2882 1111 2914 quos
1136 2873 1175 2904 ab
1200 2882 1297 2913 rupto
1330 2883 1384 2912 pe-

376 2928 513 2959 ritonaeo
539 2929 707 2964 i·epetunt·,
735 2928 852 2959 magno
876 2918 961 2949 enim
986 2914 1090 2949 fuisset
1116 2914 1153 2947 ad
1178 2927 1212 2947 ea
1246 2917 1382 2956 gerenda

376 2968 636 3009 impediriientO,
659 2974 733 2995 cum
757 2971 871 3003 praeter
896 2962 992 2993 illum
1028 2969 1126 2992 unum
1160 2969 1256 3000 quem
1292 2957 1382 2999 supra

378 3013 397 3053 ('
410 3011 464 3054 g)
491 3021 528 3042 ex
545 3007 732 3041 Meekrenio
745 3005 919 3036 memoravi
934 3026 942 3040 ,
967 3005 1126 3035 neminem
1147 3002 1302 3043 legerim,
1326 3013 1382 3035 cu-

379 3054 429 3097 jus
455 3051 616 3095 expeditas
640 3048 805 3092 plerasque
830 3049 970 3080 actiones
991 3045 1211 3084 obstaculum,
1236 3043 1383 3086 onusque

377 3097 534 3139 ejusmodi
548 3106 611 3127 non
635 3091 826 3133 impediret·
849 3091 1064 3124 Celerrimum
1088 3090 1187 3130 igitur
1202 3098 1297 3129 atque
1310 3089 1383 3120 lon-

379 3139 539 3179 gii'iimum
564 3137 741 3171 calcaribus
765 3133 903 3165 incitato
937 3146 1020 3175 equo
1053 3131 1179 3165 cursum
1202 3154 1215 3171 ,
1246 3142 1382 3172 eumque

378 3179 610 3218 creberrimum
644 3178 825 3218 rumpendo
857 3176 1029 3217 aliquando
1063 3177 1241 3217 peritonaeo
1273 3185 1383 3215 aptum

381 3227 501 3265 credo‚·
524 3227 666 3266 itemque
690 3232 753 3254 non
777 3231 906 3252 omnem
931 3220 1066 3256 saltum,
1093 3230 1157 3251 non
1180 3229 1309 3251 omnem
1345 3219 1383 3250 ab

380 3274 446 3304 alto
471 3270 598 3305 casum,
625 3277 689 3299 non
723 3274 852 3296 omnem
886 3264 1019 3301 ictum,
1056 3274 1118 3294 non
1158 3272 1288 3295 omnem
1323 3261 1384 3292 cla-

381 3325 503 3347 morem
530 3334 538 3349 ‚
575 3320 639 3343 non
662 3319 791 3342 ornnem
816 3306 953 3347 denique
988 3315 1137 3340 conatum
1155 3327 1163 3340 2
1187 3304 1384 3338 cohibitam-

381 3368 443 3399 que
469 3356 733 3397 respiratiinem‚
759 3361 828 3392 qua:
854 3350 957 3382 laxare
991 3349 1107 3391 possint
1141 3351 1352 3390 peritonaeurn
1378 3372 1385 3386 ,

382 3401 485 3433 eidem
509 3408 638 3441 quoque
661 3393 892 3434 disrumpendo
928 3394 1000 3425 latis
1039 3391 1097 3425 effe
1120 3417 1127 3431 ,
1161 3391 1349 3423 existimabo
1375 3415 1382 3422 .

383 3445 427 3476 Et
441 3442 548 3475 dehac
574 3438 793 3474 controversia
818 3436 986 3470 haetenus.
1014 3435 1112 3470 Nunc
1136 3435 1172 3468 ad
1197 3434 1299 3477 ipsum
1312 3433 1384 3466 lier-

382 3488 441 3520 niae
467 3485 623 3519 sacculum
649 3481 863 3516 transcamus.

995 154 1151 208 Liber
1185 159 1268 206 ΙΙΙ.
1303 154 1386 205 De
1421 149 1629 204 Morbis
1662 148 1872 202 Ventris

1464 231 1495 263 8.
1518 229 1685 263 Saeculum
1708 230 1869 263 exlaxato
1881 227 2058 271 peritonaeo
2079 236 2143 259 non
2167 223 2222 258 esse
2233 223 2328 266 hujus
2349 228 2426 267 proi

1421 272 1561 309 cessum,
1584 280 1620 306 ut
1632 275 1714 305 olim
1729 273 1922 309 credebant,
1947 270 2119 303 dilatatum
2133 293 2142 308 ‚
2164 268 2258 302 illum
2270 268 2424 303 videlicet

1422 326 1517 360 quem
1541 326 1579 348 ex
1601 316 1668 358 ipso
1680 316 1802 349 ventris
1812 327 1892 349 cavo
1914 313 1983 347 vasa
1995 311 2190 353 Spermatica
2208 313 2376 352 excipere,
2392 315 2426 344 δε

1420 361 1488 394 haec
1499 361 1694 392 comitatum
1708 380 1717 396 ‚
1741 360 1773 391 in
1788 358 1980 400 Vaginalem
1993 355 2122 389 demum
2136 356 2276 388 tunicam
2288 353 2317 385 se
2331 357 2357 386 ie
2369 365 2426 387 ex-

1426 402 1576 446 pandere,
1590 403 1827 435 arbitrabantur
1837 402 1886 434 vel
1901 400 2104 443 posteaquam
2113 399 2168 442 Jo.
2182 398 2346 431 Fernelius
2358 401 2370 436 (
2382 396 2400 429 Ι)
2411 401 2425 437 )

1426 446 1567 479 dilucide
1591 445 1690 482 adeo,
1717 456 1776 486 pro
1798 456 1908 478 eorum
1932 443 2080 475 vasorum
2112 439 2233 484 egressu
2264 439 2424 483 perforari

1428 491 1641 532 peritonaeum
1666 510 1678 528 ‚
1709 488 1899 522 dedocuerat
1923 511 1930 520 .
1966 485 2025 518 Sed
2049 496 2159 519 verum
2183 485 2265 518 vicit
2287 483 2426 526 denique

1421 544 1517 575 opera
1540 535 1559 568 ‚'
1584 533 1616 564 δε
1646 530 1852 565 consensione
1886 530 2133 571 diligentiorum
2167 527 2391 560 ProseROrum
2415 551 2426 566 ‚

1422 574 1616 619 quibuscum
1638 585 1674 608 ut
1688 574 1843 608 Valsalvae
1863 597 1870 611 ,
1892 578 1921 607 &
1947 584 2023 606 ineae
2037 574 2069 605 in
2084 569 2426 605 hernii'sObservatio-

1422 630 1478 653 nes
1509 619 1705 652 conveniant
1732 642 1739 656 ,
1776 618 1902 650 releffis
1924 628 1997 658 quae
2022 616 2118 657 paulo
2141 614 2238 647 fufius
2259 612 2425 654 descriptae

1423 663 1519 703 sunt,
1543 661 1634 703 plane
1658 660 1842 702 intelliges.
1871 661 1958 692 Vide
1981 661 2067 692 enim
2093 658 2236 701 Epistola
2266 656 2424 689 XXXIV.

1423 711 1433 746 (
1459 705 1502 747 i)
1527 715 1562 738 ut
1586 705 1701 738 diserte
1735 714 1828 745 neget
1844 725 1856 741 ⁷.
1878 702 2039 736 sacculum
2074 713 2112 736 ex
2135 699 2277 744 processu
2302 699 2425 733 saetam

1422 748 1515 783 fuisse
1540 749 1729 790 peritonaei3
1755 758 1790 780 ut
1814 748 1895 780 olim
1920 746 2089 780 credebant
2114 759 2123 782 3
2156 745 2215 787 qui
2239 742 2308 776 vasa
2331 744 2425 784 Sper-

1423 793 1540 827 matica
1563 793 1763 829 comitatur,
1787 791 1855 823 imo
1881 789 1956 823 huic
1980 787 2158 831 processui,
2182 786 2272 829 ajat,
2295 797 2311 819 a
2334 785 2426 827 supe-

1425 838 1510 870 riore
1535 846 1622 877 parte
1646 832 1849 868 incubuisse.
1876 834 1989 875 Itaque
2008 834 2042 866 in
2066 834 2168 876 prima
2191 833 2205 870 (
2228 830 2246 869 k
2267 833 2281 868 )
2303 829 2341 862 de
2364 830 2425 861 tri-

1425 880 1484 913 bus
1508 890 1587 921 quas
1623 877 1713 919 supra
1747 877 1809 910 tibi
1840 876 2062 918 descripsimus
2087 900 2097 915 ‚
2130 873 2425 912 Observationibus

1424 934 1507 965 cum,
1521 931 1689 955 omentum
1702 922 1786 953 intra
1797 920 1958 962 proprium
1982 920 2140 953 sacculum
2154 942 2162 956 ,
2186 917 2427 960 ex‘peritonaeo

1426 967 1565 1003 fassum,
1589 964 1680 998 fuisse
1705 963 1850 1005 scripsit,
1874 963 2029 996 nimirum
2066 963 2232 1005 proprium
2256 960 2365 999 dixit,
2389 968 2425 992 ut

1427 1022 1442 1043 a
1467 1006 1609 1052 processu
1632 1009 1689 1050 qui
1711 1009 1891 1040 communis
1916 1008 2013 1039 etiam
2040 1005 2119 1038 vafis
2151 1005 2255 1039 fuisset
2278 1025 2287 1040 ,
2318 1003 2427 1035 coriti-

1427 1061 1493 1086 nuo
1516 1051 1804 1092 distingueremus.
1831 1051 1903 1092 Ego
1927 1061 2003 1083 vero
2027 1049 2139 1091 saepius
2177 1059 2242 1081 rem
2275 1049 2320 1078 ita
2353 1057 2428 1087 pro-

1428 1095 1541 1138 posui,
1564 1105 1600 1129 ut
1623 1094 1891 1136 interpretatione
1915 1104 1979 1126 non
2003 1093 2042 1127 sit
2066 1103 2146 1134 opus
2167 1117 2174 1123 .
2211 1092 2261 1123 Sic
2285 1089 2427 1132 Epistola

1428 1140 1472 1171 V.
1496 1141 1510 1178 (
1534 1138 1545 1171 l
1566 1142 1580 1178 )
1603 1137 1761 1172 sacculum
1787 1136 1901 1176 fuiffe,
1928 1137 2033 1179 scripsi
2057 1158 2066 1173 ,
2098 1135 2232 1178 propius
2262 1133 2392 1175 quidem
2418 1157 2428 1173 ‚

1430 1181 1483 1216 sed
1516 1192 1622 1215 tamen
1657 1192 1747 1215 extra
1781 1180 1929 1222 vaginam
1956 1204 1966 1219 ,
1996 1180 2099 1222 qualis
2133 1191 2168 1211 ea
2201 1187 2328 1218 cunque
2353 1175 2395 1208 est
2419 1196 2429 1211 ‚

1430 1227 1706 1266 Spermaticorum
1733 1224 1899 1256 vasorum.
1926 1225 1977 1259 Sic
2002 1224 2092 1256 XXI.
2132 1227 2146 1262 (
2169 1232 2200 1254 m
2224 1224 2235 1259 )
2269 1220 2429 1252 sacculum

1430 1271 1460 1301 &
1484 1270 1603 1308 initio,
1626 1271 1657 1300 δι
1680 1267 1843 1310 progressu
1866 1265 1902 1299 ad
1926 1269 2090 1299 internum
2115 1265 2204 1299 fuisse
2228 1273 2339 1298 eorum
2374 1273 2429 1295 va-

1430 1312 1537 1345 sorum
1562 1311 1642 1344 latus
1658 1334 1667 1349 ‚
1693 1313 1776 1345 inter
1800 1310 2019 1343 membranam
2043 1309 2110 1343 haec
2131 1310 2367 1343 obducentem,
2399 1309 2431 1340 δε

1426 1356 1517 1389 illam
1541 1356 1683 1387 tunicam
1707 1366 1778 1397 quae
1801 1364 1874 1386 cum
1888 1353 2032 1387 musculo
2044 1351 2243 1386 Cremastere
2255 1350 2430 1384 adimitur.

1429 1400 1482 1432 Sic
1507 1399 1664 1432 XXXIV.
1691 1398 1755 1440 (n)
1780 1397 1836 1430 sub
1861 1397 1919 1430 bac
1942 1397 2008 1439 ipsa
2034 1398 2165 1433 tunica,
2192 1396 2231 1428 ab
2253 1392 2431 1436 eodemque

1427 1444 1559 1476 interno
1585 1442 1732 1474 vasorum
1756 1442 1875 1478 latere,
1901 1440 2060 1474 sacculum
2083 1437 2292 1478 descendisse;
2313 1439 2433 1479 &pro-

1428 1497 1466 1527 pe
1491 1485 1586 1527 hujus
1609 1485 1772 1518 orificium
1797 1484 1851 1517 illa
1876 1483 2005 1520 adiisse,
2028 1495 2092 1517 non
2127 1485 2250 1516 ventris
2281 1491 2400 1517 cavum
2419 1501 2433 1519 ‚

1428 1528 1478 1562 sed
1502 1530 1715 1571 peritonaeum
1741 1541 1749 1561 .·
1785 1529 1818 1560 in
1843 1528 1908 1560 alio
1942 1537 2048 1562 autem
2086 1527 2171 1568 (o)
2202 1523 2296 1560 fuisse
2330 1535 2433 1568 prope

1426 1583 1595 1606 externum
1620 1573 1701 1605 latus
1724 1582 1835 1605 eorum
1871 1570 2041 1605 vasorum.
2065 1572 2145 1604 Sunt
2178 1568 2311 1613 quidem
2347 1569 2435 1601 inter

1430 1628 1500 1649 mea
1515 1639 1527 1655 ‚
1549 1617 1579 1647 &
1602 1615 1762 1653 aliorum,
1788 1623 1883 1657 atque
1907 1616 1985 1648 adeo
2008 1613 2106 1657 ipsius
2128 1614 2288 1648 Valsalvae
2321 1610 2433 1646 obser«

1430 1669 1504 1692 vata
1529 1658 1684 1691 nonnulla
1718 1657 1925 1691 discrimina.
1952 1656 2024 1700 lpse
2050 1658 2139 1690 enirn
2164 1656 2324 1690 sacculum
2351 1678 2361 1694 ‚
2396 1662 2434 1688 ut

1428 1704 1552 1736 dit‘ftum
1577 1701 1637 1739 est,
1665 1700 1742 1735 vasis
1765 1702 2007 1735 incumbentem
2040 1700 2146 1741 vidit,
2167 1701 2201 1733 in
2233 1699 2384 1733 cadavere
2417 1709 2435 1731 a

1429 1754 1519 1787 parte
1545 1745 1731 1785 superiore,
1754 1745 1787 1777 id
1810 1745 1854 1776 est
1879 1747 1911 1777 in
1937 1744 2069 1777 homine
2105 1743 2204 1777 stante
2237 1744 2397 1777 anteriore
2419 1763 2433 1781 ,

1428 1788 1517 1834 quod
1541 1789 1620 1820 Viri
1669 1787 1777 1820 uidam
1801 1787 2016 1820 Eruditiffimi
2049 1794 2200 1828 perpetuo
2233 1786 2398 1820 observati
2423 1808 2434 1824 ‚

1427 1833 1571 1864 scribunt
1586 1855 1592 1863 .
1607 1831 1657 1864 Mi
1685 1831 1783 1864 ivero
1794 1842 1809 1863 a
1824 1831 1922 1864 latere
1936 1830 2033 1863 modo
2045 1830 2187 1868 interno,
2202 1839 2434 1871 nonnunquam

1425 1886 1556 1909 externo
1578 1875 1720 1907 occurrit
1737 1885 1848 1907 eorum
1874 1873 2040 1907 vasorum.
2068 1872 2122 1907 Est
2145 1874 2243 1908 etiarn
2265 1874 2322 1915 <lui
2346 1872 2434 1906 vide-

1429 1920 1497 1957 rit,
1532 1917 1553 1950 fi
1577 1918 1660 1951 reete
1683 1918 1852 1959 intelligo,
1878 1919 1961 1956 inter
1986 1917 2170 1955 sacculum,
2192 1919 2225 1950 &
2249 1916 2318 1950 vasa
2349 1915 2432 1950 Cre-

1430 1962 1593 1994 masterem
1619 1959 1796 1994 musculum
1821 1958 2051 2002 interjectum:
2076 1959 2166 2001 quod
2190 1962 2296 1994 multo
2332 1960 2436 1992 rarius

1430 2014 1532 2046 put03
1555 2014 1641 2038 certe
1665 2004 1778 2041 aliter,
1803 2014 1838 2036 ut
1862 2004 1953 2041 dixi,
1980 2003 2109 2036 inveni.
2135 2002 2260 2036 Verum
2294 2002 2361 2036 haec
2384 2003 2437 2036 di-

1430 2047 1577 2080 scrimina
1605 2057 1639 2080 ut
1664 2046 1838 2088 Chirurgis
1861 2045 1944 2079 scitu
1980 2057 2044 2079 non
2082 2044 2155 2078 sunt
2187 2047 2351 2087 inutilia;
2389 2047 2436 2078 ita

1429 2102 1494 2124 non
1519 2089 1666 2129 faciunt,
1691 2101 1729 2122 ne
1753 2101 1811 2131 ego
1833 2102 1906 2122 cum
1931 2088 2082 2122 Valsalva
2107 2113 2117 2130 ‚
2156 2098 2290 2132 uterque
2327 2099 2435 2124 autem

1428 2145 1502 2168 cum
1526 2132 1790 2174 diligentioribus
1813 2133 2089 2166 Observatoribus
2113 2134 2145 2165 in
2172 2144 2209 2166 eo
2233 2132 2321 2175 quod
2356 2144 2436 2176 prae-

1429 2179 1564 2219 cipuum
1588 2176 1653 2216 est,
1678 2177 1929 2212 conveniamus,
1954 2176 2107 2210 videlicet
2133 2175 2220 2210 aliud
2243 2175 2303 2211 effe
2314 2175 2435 2210 herniae

1434 2221 1614 2259 sacculum,
1637 2218 1724 2253 aliud
1747 2218 1925 2261 processum
1949 2219 2116 2261 peritonaei
2140 2231 2150 2251 .-
2185 2231 2371 2263 quanquam
2402 2220 2436 2251 in

1432 2264 1494 2297 hoc
1517 2265 1588 2306 ipio
1612 2262 1754 2305 processu
1779 2262 1981 2305 agnoscendo
2005 2273 2068 2298 non
2093 2263 2172 2295 levis
2205 2264 2265 2297 hoc
2293 2273 2437 2305 tempore

1432 2310 1516 2340 inter
1539 2307 1752 2339 Anatomicos
1777 2308 1822 2339 est
1846 2306 2081 2340 controversia.
2107 2305 2196 2340 Nam
2210 2307 2297 2349 quod
2323 2309 2440 2339 Ferne-

1433 2351 1494 2384 lius
1518 2361 1591 2383 cum
1616 2349 1687 2382 fieri
1712 2350 1805 2382 illum
1829 2361 1868 2381 ex
1890 2352 2044 2383 interiore
2067 2350 2238 2392 peritonaei
2260 2352 2371 2385 tunica
2384 2361 2439 2383 ne-

1433 2394 1544 2436 gavit,
1570 2404 1608 2426 ex
1629 2392 1727 2439 altera
1760 2391 1872 2426 saltem
1897 2418 1905 2433 ,
1939 2394 2096 2426 exteriore
2119 2414 2128 2429 ‚
2161 2395 2328 2437 compingi
2344 2417 2353 2432 ‚
2378 2394 2438 2426 do-

1433 2438 1524 2474 cuit,
1548 2436 1606 2477 qui
1628 2436 1744 2477 posiint
1767 2437 1818 2469 illi
1853 2437 1998 2478 accipere
2034 2437 2090 2479 qui
2128 2439 2320 2473 exteriorem
2355 2435 2438 2470 hanc

1433 2492 1500 2513 non
1527 2479 1702 2520 agnoscunt
1728 2477 1743 2511 ξ
1773 2480 1851 2515 Quo
1874 2489 1981 2513 tamen
2005 2482 2038 2512 in
2074 2490 2210 2515 numero
2242 2480 2326 2515 haud
2364 2480 2437 2513 satis

1432 2522 1524 2562 scio,
1548 2533 1605 2555 cur
1628 2518 1751 2555 Doetus
1774 2522 1839 2555 Vir
1861 2521 2184 2558 Swamr-nerdamium
2208 2523 2336 2565 ex‘ejus
2361 2524 2438 2556 Νο-

1433 2569 1475 2599 tis
1498 2567 1531 2598 in
1555 2565 1678 2598 Hornii
1705 2564 1941 2603 Prodromum,
1968 2566 2173 2607 Ruyschium
2196 2579 2234 2601 ex
2266 2566 2435 2601 Observa-

1433 2612 1522 2642 tione
1545 2608 1597 2649 98.
1621 2610 1651 2641 &
1671 2608 1803 2652 Justum
1827 2609 2036 2642 Schraderum
2075 2621 2112 2642 ex
2137 2612 2181 2645 ΙΙ.
2207 2612 2283 2644 Dec.
2311 2610 2438 2643 Obser—

1433 2654 1569 2685 vatione
1595 2661 1626 2694 ς.
1648 2662 1799 2694 reponere
1834 2654 2008 2686 videatur.
2041 2652 2099 2686 Sed
2134 2655 2191 2697 qui
2234 2664 2342 2687 revera
2377 2664 2438 2695 pro

1433 2709 1466 2730 ea
1491 2696 1601 2728 tunica
1622 2694 1807 2741 cellulosam
1831 2696 1928 2729 telam
1957 2706 2168 2738 proponunt,
2192 2697 2322 2739 quando
2354 2696 2438 2730 hanc

1433 2740 1545 2773 saltem
1570 2749 1643 2771 cum
1668 2739 1746 2771 vasis
1771 2739 1976 2781 Spermaticis
1999 2741 2033 2772 in
2059 2741 2203 2774 scrotum
2228 2740 2438 2778 descendere,

1433 2794 1497 2816 non
1521 2780 1727 2829 inficiantur,
1753 2781 1829 2816 satis
1852 2784 1972 2817 interea
1996 2783 2073 2816 dant
2107 2785 2199 2818 nobis
2225 2811 2235 2826 ,
2266 2794 2302 2819 ut
2326 2807 2336 2822 ,
2378 2785 2439 2817 hac

1434 2828 1492 2860 lite
1515 2837 1598 2858 nunc
1613 2825 1768 2867 seposita,
1792 2825 1873 2860 istud
1889 2852 1896 2865 ,
1920 2826 2080 2869 quidquid
2103 2827 2169 2865 est,
2194 2840 2261 2870 quo
2285 2827 2356 2861 vasa
2381 2827 2439 2862 illa

1434 2869 1773 2911 comprehenduntur,
1798 2871 1964 2903 involvens
1988 2879 2073 2903 certe
2094 2894 2107 2911 ,
2140 2875 2171 2905 δι
2203 2884 2219 2905 a
2255 2875 2437 2916 peritonaeo

1436 2913 1633 2957 procedens,
1658 2913 1781 2954 vaginae
1805 2913 1937 2946 illorum
1959 2936 1972 2953 ,
2005 2913 2102 2956 hujus
2137 2925 2243 2949 autem
2279 2917 2438 2958 processus

1436 2956 1595 2990 vocabulo
1619 2955 1777 2997 designare
1803 2956 1971 2998 possimus.
1999 2958 2070 2990 Nec
2095 2958 2248 2992 Valsalva
2272 2960 2339 3000 ipse
2362 2971 2438 2994 cum

1435 2998 1615 3042 processum
1639 3001 1724 3031 dixit
1747 3002 1915 3041 periton-aei
1937 3002 1951 3038 (
1970 3011 1993 3042 p
2016 3004 2025 3038 )
2045 3024 2054 3039 ,
2078 3001 2118 3034 ab
2140 3004 2247 3044 aliqua
2272 3003 2434 3047 ejusmodi

1435 3044 1650 3084 explicatione
1675 3043 1769 3083 longe
1792 3043 1930 3080 alienus,
1956 3052 1991 3075 ut
2013 3044 2154 3087 opinor,
2177 3045 2285 3083 fuisset
2300 3074 2307 3081 .
2345 3048 2434 3081 Nam

1435 3087 1490 3119 etii
1516 3087 1575 3120 hac
1601 3088 1632 3118 in
1657 3098 1686 3118 re
1712 3097 1774 3119 non
1800 3088 1885 3119 idern
1912 3086 2030 3128 semper
2055 3089 2286 3124 adolescentem
2309 3103 2358 3125 me
2380 3091 2436 3124 do·
2472 3106 2481 3110 ,

1434 3131 1525 3167 cuit,
1550 3131 1683 3163 memini
1708 3139 1812 3162 tamen
1836 3141 1911 3162 cum
1935 3130 2073 3173 denique
2099 3132 2140 3165 sic
2174 3135 2312 3169 traderet
2336 3159 2344 3173 ‚
2379 3147 2436 3169 nec

1435 3172 1598 3206 tendinern
1620 3171 1754 3205 musculi
1778 3173 1919 3215 Obliqui
1953 3174 2110 3212 Exrerni,
2134 3188 2191 3211 nec
2224 3181 2437 3220 peritonaeum

1435 3228 1498 3258 qua
1523 3216 1592 3248 vasa
1618 3217 1806 3258 spermatica
1832 3228 1869 3248 ex
1894 3216 2064 3251 abdomine
2085 3223 2215 3262 proprie
2239 3221 2328 3255 duffio
2352 3222 2439 3256 scm-

1435 3269 1507 3292 tum
1530 3259 1633 3293 versus
1655 3259 1849 3292 descendunt
1864 3281 1873 3296 ,
1897 3271 1955 3293 nec
1988 3261 2080 3296 illum
2100 3288 2107 3302 ,
2145 3267 2278 3307 inquam
2332 3266 2438 3299 tendi.

1436 3314 1506 3351 nem
1534 3305 1566 3352 in
1591 3303 1779 3336 veriannuli
1792 3300 1930 3336 formam
1943 3302 2121 3346 perforari,
2145 3318 2201 3341 nec
2226 3292 2437 3351 periionaeurn

1435 3357 1468 3378 in
1495 3357 1644 3388 vaginam
1667 3348 1830 3384 excavari,
1858 3358 1999 3388 quorum
2023 3357 2196 3393 utrumque
2218 3353 2439 3395 pleriquecre-

1436 3390 1572 3428 derenc,
1596 3392 1644 3421 led
1670 3390 1831 3423 blamenta
1844 3398 1976 3424 tantum
1989 3393 2141 3426 nonnulla
2166 3394 2263 3432 hinc,
2289 3398 2320 3428 &
2347 3396 2437 3428 illinc

1440 3433 1611 3482 demittere
1634 3444 1705 3482 qua:
1730 3432 1819 3475 super
1845 3446 1878 3466 ea
1902 3434 1974 3467 vasa
1998 3437 2231 3478 traducantur,
2256 3450 2310 3472 nec
2341 3440 2433 3471 aliam

1441 3477 1496 3510 elle
1520 3485 1604 3508 inter
1628 3485 1859 3518 peritonaeum,
1884 3479 1915 3510 &
1938 3479 2131 3520 Vaginalem
2155 3484 2297 3515 tunicam
2323 3492 2440 3518 conne-

2326 3535 2396 3556 XEO-

442 3673 457 3701 (
473 3680 487 3695 a
501 3672 515 3699 )
532 3669 686 3695 Pentateuch.
705 3669 718 3692 l.
731 3676 750 3693 ι.
769 3676 790 3693 c.
807 3675 845 3695 ²4-
867 3666 889 3690 ἃ
906 3665 936 3690 de
953 3666 1066 3695 Chii-urg.
1086 3667 1188 3694 operat.
1205 3664 1245 3689 ubi
1263 3664 1291 3687 de
1310 3663 1391 3687 intest.
1410 3664 1500 3687 Hernia
1513 3682 1520 3687 .

1041 3698 1053 3725 (
1071 3695 1086 3718 d
1104 3700 1113 3724 )
1129 3697 1164 3719 De
1180 3696 1283 3724 Operat-
1302 3695 1355 3718 loco
1372 3695 1481 3718 indicato
1497 3712 1503 3718 .
1566 3694 1572 3723 (

444 3706 457 3730 (
474 3710 484 3725 c
505 3702 618 3728 lDissert.
639 3701 705 3728 supra
722 3699 751 3722 ad
768 3707 792 3722 n.
813 3706 834 3727 3.
854 3699 897 3720 cit.
915 3704 936 3720 c.
956 3705 976 3720 2.

444 3737 447 3752 i
467 3731 508 3760 f)
527 3732 577 3754 H.st
605 3732 620 3754 i.
637 3740 675 3759 43.
739 3731 782 3759 (g
798 3729 811 3756 3
830 3736 854 3751 n.
872 3732 894 3752 ὁ.
957 3725 1152 3756 (h)t’hys101.
1185 3729 1201 3749 l.
1220 3733 1240 3749 i.
1257 3733 1277 3748 c..
1297 3733 1320 3753 7.

445 3761 598 3794 (n)n.9.
661 3759 829 3788 (o)n.18.
892 3756 1194 3787 (P)EP¹st·3÷·n·5·

1383 3726 1526 3754 (i)n.5.
1588 3703 1744 3754 gk)n.2.

1582 3663 1589 3693 (
1608 3662 1622 3686 h
1643 3666 1649 3691 )
1667 3667 1700 3687 ne
1720 3667 1753 3688 Re
1771 3667 1869 3691 Meviica
1883 3669 1901 3690 l.
1919 3670 1942 3690 6.
1958 3674 1980 3690 c.
1997 3670 2035 3697 ⁶5-

1625 3704 1628 3718 i
1647 3696 1740 3718 Ducit.
1759 3705 1786 3720 m.-
1804 3700 1876 3721 iiern.
1893 3697 1966 3721 Vesic.
1984 3698 2041 3722 thes.
2057 3705 2095 3722 21.

1787 3729 1965 3757 ‘sl)¹‘¹·19-
2027 3728 2203 3758 (m)n.i5·.
