2498 4075
498 87 562 142 74
1082 72 1239 127 Liber
1272 79 1305 133 1.
1345 73 1429 127 De

433 151 523 188 ‘illud
545 161 672 191 tamen;
693 150 717 184 fi
738 148 867 192 quidem
889 149 1044 192 epilepfiae
1067 147 1157 181 causa
1179 159 1263 188 erat;
1298 151 1426 186 morbus

431 197 490 237 rqui
514 205 611 227 tanto
634 204 723 226 antea
745 191 961 229 infestaverat,
985 193 1076 234 plane
1098 194 1256 234 requirit.-
1279 204 1334 226 nec
1367 194 1425 225 alia

429 238 515 275 mihi
539 238 650 271 desunt
674 236 816 278 exempla
840 235 1068 277 ejusdemmodi
1091 234 1188 271 ferme
1210 238 1426 279 corruptionis

429 281 546 314 cerebri
570 280 659 313 nullo
682 281 749 314 initu
761 281 900 322 praevio,
923 290 1058 320 quorum
1072 289 1193 319 unum,
1215 278 1425 322 fiEpistolam

427 324 544 364 relegas
571 325 609 356 V.
635 326 696 363 (c)
718 325 750 355 in
775 323 870 355 altera
893 323 1022 355 muliere
1033 321 1126 356 facile
1140 323 1306 365 agnoscas3
1329 334 1426 365 quan-

425 378 522 408 quam
546 366 727 400 medullaris
752 365 804 398 illa
827 363 913 408 quali
938 365 1137 407 colliquata,
1162 368 1195 398 ὃ(
1218 365 1351 399 inodora
1374 378 1426 398 ce-

427 410 507 442 rebri
534 409 701 442 substantia
725 407 858 447 habebat
882 407 1002 449 aliquid
1026 410 1147 442 cruenti
1172 407 1338 444 admistum
1361 432 1368 446 ‚
1392 412 1424 442 Sc

422 453 627 494 apoplexiam
651 452 765 486 fecerat
788 463 861 485 cum
887 450 1079 485 resolutione
1095 453 1128 484 in
1144 451 1293 494 oppofito
1308 463 1425 494 corpo..

425 497 469 528 ris
496 496 614 535 latere,
639 508 701 529 non
727 492 907 538 epilcpfiam
924 518 931 531 ,
955 495 1079 527 tametsi
1102 495 1208 530 multo
1229 497 1335 528 minus
1356 495 1424 537 spa-

425 539 464 571 tii
489 549 683 580 occuparet:
708 538 798 580 quod
819 537 988 569 discrimen
1011 538 1074 570 sedi
1099 538 1147 570 illi
1171 549 1263 578 quam
1275 537 1425 578 tenebat,

420 584 559 614 maxime
581 581 776 614 attendendae
792 605 800 619 ,
824 579 863 612 ad
886 579 1041 613 Thalami
1064 582 1150 615 nervi
1177 581 1293 622 Optici
1317 582 1398 614 latus
1417 606 1428 621 ‚
1450 610 1452 615 .

421 624 463 657 cst
485 623 612 657 fortasse
636 622 865 662 tribuendum,
890 633 1044 664 quantum
1077 632 1180 656 tamen
1214 623 1289 657 finit
1321 635 1426 661 exem-

418 667 508 709 plum
536 668 692 706 alterum,
717 666 804 709 quod
827 667 873 698 ita
899 665 926 698 se
950 665 1064 700 habet.

466 711 513 742 18.
542 711 624 743 VIR
649 711 735 744 brevi
761 709 898 747 statura,
921 709 1036 750 gracili
1061 708 1177 741 habitu
1192 732 1204 748 ,
1226 711 1387 745 comitiali
1408 733 1420 752 ,

416 764 484 795 quo
508 751 659 796 prehendi
684 752 795 785 solitus
820 761 908 788 erat,
932 752 1046 784 morbo
1069 753 1195 793 gravius
1218 763 1418 793 recurrente,

418 797 502 829 intra
526 796 721 837 pauciffimos
745 796 810 828 dies
835 793 974 831 sublatus
999 794 1133 834 fuerat,
1273 798 1421 831 CADA-

415 839 557 873 *VERIS
582 838 866 880 plerasque-partes
889 849 963 874 cum
986 837 1156 880 diligenter
1190 838 1342 874 scrutarer
1371 841 1420 873 A-

414 881 494 923 prili
518 880 621 913 mense
643 882 682 913 A.
721 891 838 920 1⁸22&
863 882 896 914 in
923 882 1042 917 Ventre
1071 879 1281 915 animadverti
1313 894 1419 917 renem

416 923 588 956 dexterum
612 922 765 965 majorem
789 922 932 957 finistro.
1068 926 1105 961 In
1132 923 1283 960 Thorace
1306 928 1419 968 exigua

414 965 472 999 hic
496 967 568 1000 illic
592 966 660 999 offis
684 967 909 1000 inchoamenta
933 968 967 1001 in
992 978 1065 1002 arcu
1101 968 1227 1010 Magnae
1262 971 1382 1002 arteriae
1408 994 1414 1001 .

545 1012 582 1042 In
607 1013 725 1052 Capite
750 1020 863 1052 praeter
887 1010 1015 1043 alterius
1038 1011 1236 1047 Vertebralis
1261 1014 1382 1045 arteriae
1405 1036 1417 1052 ,

412 1051 538 1095 ejusque
561 1054 594 1085 in
621 1065 716 1095 quam
742 1054 852 1089 influit
874 1065 884 1091 5
910 1055 1058 1087 arteriam
1095 1053 1262 1089 Baiilarem
1292 1057 1415 1089 vocitat

411 1097 483 1129 Cel.
513 1095 726 1131 Winslowius
749 1100 763 1136 (
785 1098 804 1130 d
822 1101 858 1136 >5
881 1097 1050 1139 inaequales
1075 1099 1238 1131 nonnullis
1262 1100 1296 1131 in
1334 1100 1414 1132 l'ocis

411 1139 640 1175 dilatationes,
664 1140 749 1174 nihil
774 1140 906 1183 quidem
931 1141 963 1172 in
999 1138 1075 1172 vafis
1110 1143 1231 1173 caeteris
1265 1141 1418 1176 adnotan-

413 1182 491 1216 dum
515 1182 606 1223 fuit,
629 1194 698 1224 quae
722 1194 821 1224 neque
842 1184 948 1218 inania
980 1192 1068 1218 erant
1093 1204 1103 1220 ‚
1140 1194 1240 1227 neque
1272 1185 1420 1227 sanguine

412 1234 525 1266 praeter
550 1236 673 1259 naturae
699 1226 830 1261 modum
854 1227 987 1260 distenta
1009 1250 1016 1258 .
1052 1227 1124 1259 Nec
1160 1238 1238 1270 aqua
1270 1227 1338 1262 fuit
1371 1228 1421 1261 us·

411 1279 508 1311 quam
531 1266 646 1302 effusa.
674 1270 795 1304 Verum
822 1270 858 1303 ad
893 1278 1083 1304 extremam'
1104 1279 1227 1312 partem
1258 1271 1420 1314 utriusque

414 1310 571 1348 Thalami
595 1323 766 1345 nervorum
790 1314 991 1355 Opticorum
1013 1313 1102 1345 color
1125 1325 1163 1346 ex
1196 1312 1287 1348 fulvo
1318 1317 1420 1357 nigri-

412 1365 486 1389 cans
509 1355 669 1401 indicium
694 1354 772 1388 fecit
796 1358 872 1389 vitii
897 1356 1043 1399 subjectae
1076 1356 1222 1392 medulJae
1245 1369 1252 1388 ε
1285 1361 1313 1391 δι
1351 1358 1418 1391 sane

407 1408 566 1445 quantum
591 1397 685 1440 hujus
711 1398 887 1433 substantiae
912 1400 972 1432 alte
996 1411 1034 1433 eo
1068 1399 1271 1436 descendente
1308 1402 1416 1438 colore

407 1441 612 1487 inficiebatur
627 1463 636 1480 ‚
665 1451 790 1475 tantum
814 1446 845 1476 δε
869 1456 962 1486 aequo
985 1442 1117 1479 mollius
1141 1443 1228 1484 fuit,
1252 1447 1284 1481 δε
1314 1446 1413 1482 veluti

413 1487 687 1528 lemicorruptum
710 1486 938 1528 aspicientibus
964 1488 1129 1528 apparuit,

466 1540 514 1569 19.
542 1530 594 1562 An
619 1527 684 1577 huq
706 1531 822 1562 attinet
846 1541 880 1563 ea
903 1530 1048 1569 macula,
1071 1529 1108 1563 de
1144 1542 1204 1573 qua
1237 1531 1270 1563 in
1305 1533 1414 1574 Sepul-

414 1572 529 1607 chreto
552 1575 611 1611 (e)
637 1574 766 1606 affertur
790 1573 881 1607 locus
905 1574 1041 1609 Henrici
1067 1573 1203 1607 Petraei?
1228 1578 1264 1607 In
1283 1574 1416 1616 sefrione

420 1615 577 1657 Epilepfia
610 1614 822 1658 defimc'sorum
854 1617 976 1651 nullum
1010 1615 1223 1657 obstructione
1254 1618 1416 1661 restzgium

414 1667 565 1700 apparet,
584 1659 640 1702 sed
661 1661 747 1692 modo
771 1660 892 1696 macula
909 1685 917 1700 ,
940 1661 1025 1697 modo
1049 1659 1157 1693 humor
1180 1669 1271 1700 ater,
1294 1662 1417 1704 &Ji-u-

412 1702 517 1745 mostis
534 1725 545 1741 ,
569 1704 655 1736 modo
678 1701 762 1736 nihil
779 1702 928 1745 prorsus.
955 1703 1084 1736 Macula
1108 1711 1190 1737 certe
1214 1705 1247 1736 in
1277 1714 1415 1747 utroque

410 1745 577 1789 prodireto
600 1745 745 1787 exemplo
770 1744 825 1789 (f)
849 1747 929 1780 mihi
955 1748 1076 1783 indicio
1093 1746 1164 1791 ‘fuit
1188 1747 1316 1781 latentis
1339 1760 1415 1790 pro-

409 1791 495 1822 xime
519 1789 595 1821 vitii
612 1813 623 1829 ,
647 1788 760 1832 quod,
784 1790 877 1823 altius
902 1790 1057 1829 secando,
1081 1791 1109 1822 ie
1133 1790 1280 1832 prodidit
1305 1815 1311 1822 .
1339 1794 1412 1824 Cae—

408 1843 514 1868 terum
538 1832 576 1865 ad
602 1832 663 1866 hec
690 1833 842 1874 peculiare
866 1835 1083 1876 corruptionis
1106 1834 1224 1866 cerebri
1246 1845 1342 1879 genus
1363 1847 1412 1867 re-

407 1875 580 1913 ferendum
604 1876 731 1912 videtur
756 1876 885 1919 quodin
900 1879 1020 1910 eximio
1031 1878 1116 1910 Viro
1129 1878 1411 1912 AlexandroMar-

412 1919 538 1957 clatri,
564 1919 633 1962 post
656 1920 737 1952 duos
761 1920 947 1962 epilepticos
972 1920 1107 1953 insultus
1130 1931 1194 1953 non
1218 1918 1329 1954 multis
1361 1923 1412 1954 in-

408 1964 551 2007 terjecstis
573 1962 683 1997 diebus
708 1962 794 1996 sorti.
810 1963 977 2007 apoplexia
992 1964 1134 2004 sublato,
1160 1958 1412 1998 animadversum

407 2007 452 2042 est
476 2011 541 2048 (g)
557 2030 566 2035 -
593 2005 769 2046 Substantia
793 2009 878 2041 enim
911 2007 1071 2041 corticellis
1103 2007 1219 2041 cerebri
1249 2008 1411 2043 admodum

404 2059 512 2088 vrenea-uz
538 2057 630 2085 erat,
656 2058 692 2085 zat
716 2050 811 2084 etiam
834 2050 898 2085 leni
921 2052 1044 2089 αῑῑαὲἵιι
1068 2051 1099 2084 in
1115 2047 1251 2125 flii-islam
1269 2050 1408 2093 subsim-

409 2096 488 2127 tjam
512 2101 745 2127 converteretur
758 2117 770 2133 ,
793 2094 876 2135 quasi
899 2104 1055 2137 nimquam
1080 2105 1112 2127 co
1122 2094 1412 2138 Jaefiffet.'Eoderu÷

407 2150 468 2180 que
493 2135 654 2169 referenda
678 2135 739 2172 est,
762 2135 819 2170 nifi
842 2137 930 2177 quod
966 2140 1060 2179 longe
1093 2136 1284 2178 profundior
1319 2136 1382 2170 fuit
1398 2160 1410 2178 ,

408 2193 441 2213 ea
465 2181 635 2221 corruptio
658 2191 753 2221 quam
777 2179 923 2213 Ernestus
949 2181 1058 2214 Gottl.
1086 2179 1285 2215 Schmidtius
1322 2180 1411 2221 (h),

408 2227 439 2257 δέ
463 2224 602 2257 Carolus
624 2224 760 2256 Curtius
782 2226 796 2262 (
821 2226 832 2256 i
855 2224 888 2263 ),
911 2223 964 2257 hic
987 2226 1019 2257 in
1044 2224 1154 2265 juvene
1179 2225 1308 2259 muliere
1341 2223 1411 2265 post

413 2268 616 2309 apoplexiam
632 2291 640 2305 ,
663 2267 716 2298 illc
741 2268 773 2299 in
799 2268 904 2299 milite
929 2268 997 2309 post
1024 2267 1217 2309 graviiiimos
1248 2267 1376 2301 dolores
1400 2290 1412 2306 ,

413 2313 445 2344 Sc
469 2311 550 2344 mala
575 2310 634 2341 alia
659 2311 803 2351 capitis,
826 2309 920 2352 hujus
952 2312 1054 2346 iesum
1088 2311 1253 2344 consecuta
1282 2336 1291 2352 ,
1326 2310 1412 2343 vide-

414 2364 509 2386 runt.
545 2354 669 2386 Primus
705 2354 789 2385 enim
826 2364 890 2385 non
924 2353 1022 2386 modo
1058 2354 1160 2386 totius
1193 2352 1413 2395 hemisphaerii

411 2398 533 2430 dexteri
558 2396 859 2431 transmutationem
882 2396 1090 2438 deprehendit
1114 2398 1160 2429 ita
1193 2408 1229 2429 ut
1253 2395 1318 2439 ejus
1344 2397 1414 2429 rub*

413 2440 528 2474 stantia
554 2439 693 2472 uelat-ina
718 2440 841 2476 cuidam
864 2438 1048 2481 liquidiorc',
1075 2438 1142 2481 five
1174 2439 1411 2482 colliquamento

406 2485 517 2526 potius
551 2482 650 2516 imilis
673 2481 764 2526 effer,
788 2481 992 2525 leviffimoque
1015 2482 1157 2516 contaffz'u
1171 2480 1412 2526 difflueret,1‘ed

406 2530 437 2561 ec
464 2528 593 2560 eandem
618 2526 917 2560 transmutationem
943 2526 981 2563 ad
1005 2524 1262 2566 hemisphaerium
1280 2536 1413 2569 ‘quoque

405 2570 564 2606 finistrum
587 2570 688 2603 variis
711 2569 788 2604 locis
825 2569 934 2603 itidem
967 2567 1154 2612 progreffizm
1177 2593 1184 2599 .
1217 2571 1310 2603 Alter
1339 2580 1413 2601 vero

418 2614 585 2648 dexterum
609 2620 724 2645 totum.
753 2612 1018 2654 hemisphzerium
1040 2636 1051 2652 ,
1086 2614 1117 2645 δέ
1150 2611 1216 2655 ejus
1248 2614 1412 2655 meninges

415 2669 545 2699 quoque
567 2654 703 2689 offendit
727 2657 760 2690 in
784 2655 945 2690 mucosam
962 2655 1167 2691 substantiam
1192 2666 1353 2695 mutatas,
1375 2665 1411 2689 ut

411 2702 512 2737 cultri
525 2703 722 2739 ,mucronem
747 2700 947 2733 attollentem
972 2699 1119 2741 sequens,
1144 2700 1176 2733 in
1201 2698 1249 2735 fili
1282 2698 1412 2734 modurn

411 2744 597 2778 duceretur.
625 2742 686 2778 Sed
712 2744 746 2776 in
772 2742 927 2785 apostema
951 2743 1149 2783 evidentius,
1173 2752 1225 2775 aut
1258 2753 1321 2777 non
1353 2741 1411 2775 hu-

410 2787 459 2833 jus
483 2788 603 2830 generis
625 2786 788 2820 transierat
822 2788 961 2820 anterius
997 2785 1212 2829 hemisphaerii
1248 2785 1411 2827 utriusque

412 2840 592 2865 extremum
615 2840 649 2862 in
673 2839 792 2872 ignoto
824 2841 896 2863 viro
923 2852 932 2867 ,
965 2841 1058 2872 quem
1093 2838 1260 2865 mortuum
1291 2840 1323 2861 in
1358 2840 1410 2874 yia

410 2874 538 2916 publica
561 2875 729 2909 inventum
756 2895 766 2910 ‚
801 2872 898 2908 secuit
920 2874 973 2908 CI.
1011 2875 1151 2910 Kaavius
1184 2877 1194 2912 (
1216 2872 1264 2913 k)
1286 2898 1295 2906 .
1331 2873 1409 2907 Erat

412 2919 499 2951 enim
522 2918 555 2950 in
578 2925 702 2952 mucum
718 2914 840 2959 flavum
867 2914 1017 2958 foetidum
1036 2917 1160 2958 >versus
1191 2916 1310 2950 cerebri
1344 2926 1410 2948 cor-

409 2969 487 3000 tex,
509 2968 546 2994 ut
567 2958 696 3000 vascula
716 2960 776 3000 piae
800 2960 914 2992 matris
939 2959 1037 2993 libera
1061 2961 1092 2993 in
1116 2959 1172 2993 illo
1193 2958 1379 3002 fi'uffzuarcnt
1398 2984 1407 2992 .

409 3005 522 3037 Foetor
546 3011 652 3037 autem
676 3003 709 3034 in
733 3002 822 3038 nulla
845 3003 906 3035 alia
929 3002 971 3035 est
994 3014 1032 3036 ex
1054 3001 1227 3045 propositis
1263 3001 1410 3035 observa-

412 3047 555 3080 tionibus
578 3055 794 3083 memoratus,
821 3046 890 3078 imo
913 3047 946 3079 in
971 3047 1075 3089 aliqua
1100 3045 1213 3079 diserte
1246 3055 1374 3087 negatus
1398 3068 1410 3085 ,

409 3094 441 3124 ὅ(
465 3091 571 3125 defuit
595 3092 894 3132 certeinquatuor
916 3089 1027 3125 nostris
1046 3113 1058 3129 ‚
1096 3100 1230 3131 quarum
1263 3090 1410 3125 ultimam

411 3136 444 3166 in
466 3133 603 3176 quadam
638 3143 697 3167 anu
719 3156 732 3173 ‚
758 3131 837 3179 post
867 3133 1065 3175 apoplexiam
1098 3143 1224 3167 mortua
1247 3156 1259 3173 ‚
1293 3132 1409 3165 habui-

411 3188 505 3214 mus,
531 3180 561 3209 δε
587 3176 663 3210 alias
687 3180 700 3216 ζ
721 3176 734 3209 l
754 3178 768 3218 )
792 3179 831 3209 ad
855 3184 886 3209 te
909 3178 1074 3209 mittemus
1099 3201 1106 3208 .
1144 3178 1286 3215 Verum3
1311 3186 1346 3209 ut
1371 3175 1406 3208 ad

411 3220 580 3253 foeminam
602 3220 787 3259 redeamus,
808 3230 879 3262 quae
902 3230 998 3261 caput
1031 3220 1169 3253 alliserat
1202 3223 1215 3259 (
1237 3219 1301 3261 m)
1325 3231 1336 3258 3
1367 3230 1406 3251 an

409 3265 494 3306 quod
519 3262 584 3304 ejus
606 3263 638 3296 in
662 3263 791 3296 cerebro
815 3263 931 3295 vitium
947 3264 1145 3304 invenimus,
1160 3265 1212 3296 'ita
1225 3272 1332 3297 ortum
1345 3261 1404 3299 fit,

411 3318 446 3340 ut
470 3309 503 3341 in
528 3305 632 3340 tribue
656 3307 726 3342 aliis
750 3317 805 3348 per
829 3318 885 3339 nos
908 3305 1067 3347 disiectis,
1096 3309 1233 3349 itemque
1256 3308 1289 3338 in
1313 3307 1402 3339 Mar-

412 3349 547 3390 chetto,
571 3351 602 3381 &
626 3350 737 3382 Curtii
759 3349 909 3388 muliere,
935 3351 1073 3383 anillam
1085 3353 1193 3393 potius
1205 3348 1402 3388 allifionem,

410 3403 445 3430 ut
468 3394 502 3429 in
524 3393 629 3429 milite
652 3393 704 3426 Cl.
730 3393 928 3434 Schmidtii,
950 3393 988 3429 iit
1013 3397 1179 3436 consecuta
1203 3416 1213 3432 ,
1245 3392 1401 3435 judicium

1454 71 1667 126 'Morbis
1699 71 1905 143 Capitis

1477 158 1569 183 tuum
1593 150 1727 183 facimus
1741 173 1755 191 ,
1774 153 1810 187 ,δε
1831 150 1878 182 vel
1902 149 2005 183 multo
2026 148 2127 191 magis
2146 148 2181 181 in
2205 158 2271 183 uno
2282 171 2298 190 ,
2318 157 2411 192 atque
2423 149 2469 181 ai-

1476 202 1569 233 tero,
1591 191 1766 235 dequibus
1788 192 1852 236 jam
1875 192 2060 226 scribemus.

1519 247 1569 272 20·
1594 236 1755 269 VIRUM
1775 233 1876 269 v>crasso
1896 236 1988 277 ligno
2017 236 2053 269 in
2081 242 2179 275 caput
2211 235 2371 270 incidente
2402 244 2472 277 per-

1477 277 1595 316 cussum
1606 302 1617 318 ,
1639 278 1813 321 epilepticae
1836 276 2015 313 affecstiones
2030 302 2042 319 ,
2061 277 2179 320 quibus
2198 280 2299 314 etiam
2313 287 2402 311 antea
2413 277 2471 310 ob-

1477 323 1592 355 noxius
1615 320 1705 354 fuisse
1727 321 1912 361 dicebatur,
1934 321 2173 362 mu1t0,saepius
2195 332 2250 363 per
2269 333 2324 355 „eos
2356 321 2471 363 quibus

1476 365 1576 407 postea
1601 366 1703 400 vixit,
1731 364 1875 404 menses,
1897 370 1930 397 δε
1950 365 2170 398 certeultimis
2180 362 2389 398 hebdomadis
2399 374 2472 396 cor-

1475 408 1655 450 ripiebant.
1680 409 1831 442 Praeterea
1853 417 1987 442 tremore
2010 408 2129 443 affiduo
2139 409 2341 451 quatiebatur
2354 415 2471 449 tanto,

1474 461 1510 485 ut
1534 462 1587 492 per
1610 451 1734 487 vincula
1756 461 1862 484 cavere
1883 449 2069 491 debuerint,
2091 461 2129 483 ne
2159 463 2177 484 e
2199 451 2315 487 leftulo
2347 449 2472 484 excide-

1475 503 1521 528 ret
1537 518 1544 525 .
1570 493 1756 530 Amaurofis
1776 505 1901 536 quoque
1925 493 2139 536 supervenerat
2148 505 2162 535 ;
2184 492 2267 526 nihil
2291 496 2374 527 enim
2408 492 2473 535 jam

1476 537 1641 575 cernebat,
1663 539 1811 581 quamvis
1831 537 1953 571 nullum
1977 538 2011 571 in
2034 537 2135 572 oculis
2158 547 2320 580 appareret
2331 538 2474 576 vitium,

1478 591 1589 622 praeter
1610 579 1839 615 dilatationem
1863 579 2072 622 pupillarem.
2095 581 2256 615 Caeterurn
2279 603 2290 620 ‚
2312 580 2399 622 quod
2430 579 2471 614 ad

1478 624 1612 665 reliquas
1635 623 1790 657 attinebat
1812 624 1974 663 aetiones,
2003 635 2075 667 quae
2103 623 2255 657 dicuntur
2289 623 2435 656 animales
2457 646 2471 664 ‚

1476 677 1575 713 neque
1597 665 1665 707 ipse
1687 666 1898 708 querebatur,
1920 677 2021 710 neque
2044 667 2116 699 aliis
2145 666 2234 700 laesus
2267 665 2435 700 videbatur
2454 689 2467 705 ‚

1474 709 1532 743 niii
1556 708 1644 751 quod
1667 711 1775 744 minus
1801 719 1968 751 promptus
1990 719 2056 743 erat
2078 709 2116 742 ad
2131 708 2402 753 respondendum.
2417 710 2469 742 Sic

1472 750 1620 790 affectus,
1646 751 1756 786 senfim
1779 751 1913 794 denique
1935 763 2081 787 mortuus
2102 752 2146 786 est
2168 777 2177 785 .
2308 754 2469 786 CAPUT

1470 795 1563 831 nobis
1586 794 1800 829 dissecandum
1823 795 1906 829 ceffit
1928 807 2001 831 cum
2023 797 2057 829 in
2078 794 2257 837 Gymnafio
2286 797 2470 829 Anatomen

1469 839 1650 872 doceremus
1674 837 1970 873 mense‘Februario
1992 839 2035 871 A.
2063 839 2152 880 1728.
2178 840 2291 872 Cranii
2327 838 2436 873 fornix
2457 860 2468 876 ‚

1470 882 1491 915 fi
1512 882 1586 915 'loca
1608 883 1754 924 quaedam
1776 882 1958 923 exciperes,
1980 882 2014 913 in
2035 882 2150 923 quibus
2173 881 2340 920 secundum
2376 891 2469 915 natu-

1470 937 1536 960 ram
1560 925 1670 959 craffus
1680 949 1693 965 ,
1717 924 1891 958 introrsum
1914 924 2165 967 protuberabat,
2188 926 2306 966 ubique
2329 935 2395 957 erat
2418 924 2469 958 us.

1466 981 1529 1013 que
1553 968 1630 1002 adeo
1653 969 1782 1008 tenuis,
1804 978 1840 1002 ut
1864 968 1948 1001 credi
1973 969 2026 1001 vix
2051 966 2148 1008 posset
2164 991 2171 999 .
2197 969 2288 1010 (Qin
2313 978 2401 1001 certo
2434 970 2469 1002 in

1468 1013 1542 1046 loco
1564 1013 1620 1053 qui
1646 1011 1682 1045 ad
1709 1022 1744 1045 os
1769 1011 1928 1046 attinebat
1941 1009 2299 1052 fincipitisdexterum,
2323 1010 2469 1045 foramen

1469 1054 1581 1091 habuit
1604 1054 1721 1098 ellipsis
1745 1053 1979 1097 propemodum
2000 1053 2126 1094 forma,
2151 1054 2245 1097 paulo
2257 1056 2360 1087 minus
2372 1066 2469 1097 quam

1466 1109 1503 1134 ut
1527 1099 1648 1141 apicem
1673 1097 1857 1134 admitteret
1881 1096 2142 1142 digitiminimi‚
2167 1098 2347 1130 membrana
2358 1098 2469 1131 occlu-

1471 1142 1538 1175 sum
1554 1165 1566 1180 ,
1590 1141 1679 1174 nullo
1701 1140 1831 1184 prorsus
1854 1151 1906 1174 aut
1930 1140 1967 1173 ad
1988 1139 2053 1184 ejus
2076 1152 2167 1178 oras,
2192 1151 2246 1174 aut
2268 1139 2399 1183 usquam
2434 1141 2469 1173 in

1469 1186 1581 1217 cranio
1604 1193 1678 1217 toto
1700 1185 1749 1217 vel
1773 1184 1911 1217 minimo
1932 1185 2028 1217 cariei
2051 1185 2196 1218 indicio.
2223 1185 2266 1217 Ei
2293 1193 2399 1217 tamen
2423 1184 2470 1216 ita

1470 1238 1506 1261 ut
1529 1228 1619 1265 dixi,
1642 1226 1771 1261 occluso
1795 1226 1967 1265 foramini,
1990 1229 2023 1260 in
2048 1227 2188 1270 subject-a
2211 1229 2300 1261 Dura
2325 1228 2470 1268 meninge

1471 1271 1702 1307 foraminulum
1724 1270 1956 1313 respondebat,
1978 1283 2016 1303 ex
2036 1282 2103 1313 quo
2127 1270 2229 1304 serum
2250 1270 2357 1303 colore
2380 1268 2470 1304 fusco

1472 1313 1642 1358 prodibat.
1670 1314 1912 1349 Foraminulum
1946 1313 2202 1348 communicabat
2236 1324 2309 1346 cum
2345 1324 2466 1351 cavea,

1469 1360 1576 1400 magni
1599 1359 1652 1390 ovi
1677 1368 1810 1399 capace,
1835 1357 1988 1400 plenaque
2012 1356 2078 1390 sero
2099 1356 2255 1401 ejusmodi
2281 1355 2370 1389 fusco
2389 1379 2403 1396 ,
2435 1357 2470 1390 in

1466 1413 1531 1444 quo
1553 1401 1676 1444 sanguis
1699 1410 1889 1440 concretus,
1913 1412 1976 1434 non
2002 1401 2142 1440 multus,
2167 1397 2363 1433 subfidebat.
2389 1401 2471 1434 Erat

1462 1456 1497 1477 ea
1519 1455 1609 1478 cavea
1634 1445 1779 1477 abnormi
1804 1443 1932 1483 forma,
1954 1446 1986 1476 δε
2009 1444 2159 1487 inaequali
2184 1445 2270 1477 intus
2282 1441 2472 1486 superficie,

1462 1490 1514 1521 cui
1539 1499 1607 1530 quae
1630 1498 1735 1531 partes
1757 1487 1875 1521 cerebri
1899 1489 2017 1520 circum
2032 1489 2189 1529 proximae
2204 1496 2316 1526 erant,
2339 1498 2380 1519 eae
2402 1497 2473 1529 pra.

1468 1542 1508 1563 vo
1530 1531 1662 1571 colore,
1685 1532 1741 1573 qui
1766 1529 2027 1572 semicorruptum
2052 1529 2255 1565 substantiam
2278 1528 2443 1562 ‘indicaret
2457 1552 2469 1568 ,

1469 1573 1559 1607 fusco
1581 1574 1724 1607 obsoleto
1747 1573 1993 1615 inficiebantur,
2017 1572 2194 1615 praesertim
2216 1584 2291 1606 vero
2312 1571 2391 1606 basis
2420 1584 2471 1606 ce-

1471 1618 1554 1651 rebri
1581 1628 1615 1649 ea
1639 1629 1708 1658 pars
1730 1628 1799 1659 quae
1824 1618 1950 1658 regioni
1973 1614 2141 1661 posteriori
2165 1615 2316 1659 impofita
2342 1616 2384 1650 est
2418 1627 2471 1648 or-

1468 1660 1544 1694 bitae
1567 1659 1704 1693 dexterae
1727 1682 1739 1699 ,
1763 1663 1794 1692 δέ
1818 1660 1963 1701 corporis
1987 1660 2098 1692 Striati
2134 1662 2211 1693 item
2247 1660 2367 1692 dexteri
2402 1670 2471 1701 pars

1469 1705 1633 1742 anterior,
1655 1715 1725 1745 quae
1749 1702 1875 1744 insuper
1898 1701 2094 1737 subsidebat.
2121 1702 2179 1737 Sed
2203 1707 2235 1736 ὃς
2258 1704 2345 1737 nervi
2367 1704 2472 1744 Opti-

1467 1749 1495 1780 ci
1520 1746 1658 1788 ejusdem
1682 1744 1790 1779 lateris
1814 1745 2013 1788 Thalamus,
2037 1747 2182 1788 quamvis
2203 1758 2218 1778 a
2241 1757 2333 1778 cavea
2365 1755 2472 1778 remo-

1464 1792 1552 1831 tior,
1575 1789 1725 1832 strigosus
1751 1789 1934 1824 videbatur.
1961 1790 2087 1834 Nervus
2100 1799 2204 1824 tamen
2220 1794 2351 1831 uterque
2365 1791 2472 1831 Opti-

1462 1846 1533 1873 cus,
1559 1835 1642 1867 intra
1653 1834 1796 1866 cranium
1808 1842 1981 1876 ,extraque
1993 1833 2174 1874 inspeetus,
2185 1835 2234 1865 uti
2247 1833 2472 1875 etiamutriusu

1463 1889 1523 1920 que
1548 1878 1634 1910 oculi
1659 1877 1846 1920 particulae,
1870 1876 2044 1917 diligenter
2069 1888 2085 1908 a
2107 1887 2157 1909 me
2180 1874 2319 1909 diss‘eeiae
2342 1899 2352 1913 ,
2384 1876 2469 1910 nihil

1463 1921 1594 1964 usquam
1618 1920 1693 1952 vitii
1716 1918 1805 1962 quod
1828 1920 1956 1962 quidem
1981 1918 2037 1952 sub
2061 1918 2163 1953 sensus
2188 1918 2338 1960 caderet,
2362 1920 2466 1952 osten-

1463 1964 1577 1997 derunt
1593 1987 1604 2003 ,
1627 1962 1687 1995 sive
1711 1964 1873 2003 colorem,
1896 1962 1957 1997 five
1980 1963 2237 2004 magnitudinem
2258 1988 2268 2001 ‚
2293 1961 2467 1996 firmitudi-

1464 2018 1533 2041 nem
1559 2019 1618 2046 ue,
1638 2007 1702 2039 five
1725 2004 2123 2048 struerem-am-speetarem.
2148 2008 2311 2039 Caeterum
2335 2005 2389 2037 erfi
2414 2006 2472 2039 he-

1465 2050 1546 2091 misp
1574 2051 1685 2084 aerium
1706 2047 1863 2082 sinistrum
1886 2049 2007 2083 cerebri
2030 2049 2113 2082 nihil
2137 2049 2250 2084 habuit
2274 2059 2471 2093 eorumquae

1463 2095 1497 2126 in
1521 2093 1654 2126 dextero
1678 2090 1829 2124 adnotata
1854 2091 1947 2131 sunt5
1973 2094 2006 2126 in
2030 2093 2170 2125 Laterali
2205 2102 2310 2126 tamen
2346 2091 2472 2126 finisti-o

1463 2135 1641 2169 ventriculo
1666 2134 1768 2171 multa
1791 2143 1856 2169 erat
1880 2147 1959 2178 aqua
1983 2135 2144 2177 pellucida
2159 2159 2171 2176 ,
2194 2135 2381 2169 Choroides
2408 2148 2465 2169 au-

1462 2191 1526 2213 tem
1550 2180 1661 2224 plexus
1685 2176 1836 2218 decolor,
1860 2189 1931 2214 cum
1957 2178 2088 2220 paucis,
2111 2178 2276 2221 parvisque
2300 2179 2464 2213 veficulis:

1463 2235 1532 2259 tum
1554 2222 1713 2266 cerebrum
1736 2221 1918 2256 universum
1941 2221 2083 2256 subflavo
2105 2221 2250 2257 obsoleto
2271 2222 2381 2256 colore
2405 2245 2414 2260 ,
2438 2226 2471 2259 δε

1462 2266 1540 2299 valis
1564 2265 1829 2308 nigro‘ianguine
1852 2264 1941 2298 valde
1966 2266 2189 2306 turgentibus.
2216 2266 2387 2301 Pituitaria
2412 2267 2467 2300 de-

1464 2311 1559 2353 nique
1583 2305 1729 2351 glandula
1752 2307 1927 2353 plurimum
1951 2306 2111 2353 depressa,
2137 2312 2169 2343 δε
2193 2319 2398 2354 p·arva;-non
2422 2320 2470 2343 ta-

1465 2364 1535 2390 men
1558 2352 1633 2387 dura
1647 2377 1654 2385 .

1509 2406 1560 2427 21.
1584 2397 1634 2429 De
1659 2391 1811 2426 amaurofi
1835 2393 1868 2425 in
1892 2403 2028 2437 utroque
2050 2394 2148 2429 oculo
2170 2394 2307 2435 oborta,
2323 2398 2469 2437 quamvis

1462 2438 1534 2473 esset
1556 2438 1715 2472 cerebrum
1738 2436 1776 2469 ab
1799 2436 1893 2471 altera
1916 2438 2083 2472 dumtaxat
2107 2445 2194 2479 parte
2206 2438 2380 2478 vitiatum,
2405 2450 2469 2472 non

1463 2482 1506 2516 est
1532 2481 1585 2514 hic
1608 2478 1763 2515 scribendi
1787 2480 1875 2515 locus
1900 2485 1989 2521 (n),
2012 2489 2048 2514 ut
2075 2491 2174 2526 neque
2196 2480 2234 2516 de
2259 2483 2468 2515 tremoreillo

1466 2525 1605 2565 affiduo,
1629 2524 1679 2557 seu
1703 2525 1802 2557 mavis
1824 2524 1966 2559 motibus
1989 2524 2180 2557 convulhvis
2203 2547 2210 2556 .
2247 2526 2298 2559 De
2331 2524 2467 2559 abscessu

1465 2578 1570 2603 autem
1593 2566 1773 2611 epilepsiam
1795 2567 1829 2599 in
1851 2567 1962 2600 eodem
1987 2568 2057 2600 viro
2081 2566 2190 2600 saltem
2215 2567 2320 2601 multo
2355 2567 2467 2611 saepius

1465 2614 1589 2648 ciente,
1612 2609 1755 2643 conferas
1777 2610 1872 2644 velim
1896 2609 2069 2644 indicatam
2093 2609 2184 2653 snpra
2207 2614 2221 2649 <
2247 2622 2265 2643 o
2285 2614 2295 2649 )
2319 2611 2464 2644 Alexan-

1463 2656 1513 2689 dri
1538 2653 1715 2690 Marchetti
1741 2651 1978 2692 diffefftionem3
2003 2655 2035 2686 in
2060 2651 2125 2694 ejus
2150 2655 2234 2686 enim
2245 2653 2373 2688 cerebro
2384 2664 2468 2697 prae-

1464 2709 1511 2732 ter
1534 2698 1567 2731 id
1590 2696 1676 2740 quod
1700 2697 1744 2729 ibi
1769 2695 1892 2730 dietum
1915 2696 1978 2733 est,
2003 2696 2152 2731 abscessus
2175 2709 2307 2740 quoque
2331 2708 2394 2729 non
2417 2700 2464 2731 ita

1463 2739 1623 2776 cliffimil'is
1646 2739 1709 2774 fuit
1722 2764 1729 2773 .
1745 2739 1852 2773 Habes
1875 2750 2023 2783 praeterea
2047 2742 2079 2772 in
2095 2741 2306 2783 Sepulchreto
2329 2741 2465 2782 (p)ob·-

1463 2785 1649 2818 servationes
1674 2783 1827 2821 ranerii,
1854 2786 1886 2818 δε
1899 2784 2009 2818 Smetii
2025 2794 2178 2826 :quarum
2191 2785 2286 2827 illas,
2299 2782 2353 2817 etfi
2368 2786 2477 2820 etiam'

1462 2829 1528 2862 alio
1550 2828 1803 2870 locorepetitas
1825 2826 1970 2865 videbi55
1994 2827 2081 2859 malo
2104 2836 2208 2861 tamen
2231 2829 2264 2861 in
2288 2828 2395 2870 primo
2418 2828 2466 2860 le-

1461 2883 1536 2914 gas,
1562 2872 1618 2906 ubi
1642 2870 1670 2904 se
1686 2893 1695 2907 ,
1722 2871 1788 2906 ait,
1811 2871 2011 2911 comitialis,
2057 2871 2089 2903 ui
2113 2872 2146 2905 in
2169 2871 2301 2904 cerebro
2324 2869 2361 2903 fit
2376 2881 2464 2904 mor-

1462 2915 1495 2948 bi
1519 2915 1641 2958 causam
1665 2914 1819 2949 interdum
1841 2881 2062 2958 deprehendiffie
2085 2912 2201 2948 cerebri
2223 2912 2392 2958 absceffum
2415 2912 2461 2955 es-

1454 2958 1509 3004 se:
1534 2958 1688 2993 interdum
1711 2963 1887 2997 corruptam
1911 2958 2064 3000 meningis
2082 2957 2258 2998 portionem
2280 2956 2374 2990 calme
2407 2958 2464 2989 ad..

1461 3002 1641 3036 haerentem.
1670 3001 1706 3032 In
1730 2998 1894 3041 proposita
1917 3001 2001 3032 enim
2028 3012 2044 3033 a
2068 3011 2117 3034 me
2140 2999 2272 3033 historia
2295 3010 2462 3042 utramque

1461 3045 1557 3078 habes
1579 3043 1701 3077 causam
1724 3045 1755 3074 &
1779 3042 1898 3075 cerebri
1923 3043 2114 3086 abre-essim,
2138 3044 2363 3085 &meningis,
2388 3054 2462 3086 par-

1462 3100 1533 3121 vam
1557 3086 1779 3130 quantumvis,
1803 3086 1966 3129 utriusque
1998 3097 2104 3120 tamen
2126 3110 2138 3127 ‚
2173 3088 2412 3129 corruptionem
2444 3098 2461 3120 a

1461 3131 1640 3173 perforante
1663 3128 1790 3171 peffimo
1813 3128 2152 3175 humore-indueram.
2177 3130 2224 3165 At
2247 3131 2331 3163 enim
2345 3130 2461 3162 Willi-

1458 3174 1542 3215 fius,
1575 3175 1729 3217 inquies,
1763 3171 1844 3205 hanc
1884 3174 2006 3208 caulam
2042 3175 2171 3209 alteram
2207 3184 2271 3205 non
2305 3174 2424 3215 accipit
2445 3196 2460 3213 ‚

1458 3221 1577 3261 quippe
1599 3218 1679 3260 qui,
1703 3224 1738 3248 ut
1761 3216 1795 3248 in
1822 3216 2031 3258 Sepulchreto
2054 3228 2183 3260 quoque
2206 3220 2220 3256 (
2246 3228 2263 3259 q
2287 3221 2297 3256 )
2323 3218 2459 3260 legeris,

1457 3273 1554 3304 neque
1577 3272 1615 3293 ex
1637 3256 1771 3292 abscessu
1797 3260 1829 3291 in
1851 3258 1959 3294 Crassa
1982 3262 2127 3302 meninge
2149 3262 2291 3293 excitato
2312 3285 2321 3301 ‚
2357 3270 2458 3302 neque

1454 3317 1491 3338 ex
1538 3315 1612 3347 pure
1656 3299 1729 3334 inde
1775 3299 1974 3337 foetidiffimo
2018 3306 2148 3338 alteram
2180 3314 2306 3346 quoque
2330 3304 2458 3338 menin-

1453 3360 1524 3391 gem
1568 3345 1717 3380 exedente
1741 3366 1749 3381 ,
1786 3356 1884 3390 neque
1907 3357 1945 3380 ex
1968 3358 2080 3389 magna
2103 3347 2192 3379 illius
2206 3372 2215 3387 ‚
2237 3358 2291 3389 per
2323 3346 2459 3380 terebel-

1454 3393 1519 3427 lum
1564 3390 1706 3436 imperiti
1751 3387 1908 3433 Chirurgi
1941 3414 1954 3431 ,
1999 3390 2229 3425 dilaceratione
2273 3390 2453 3466 quigquam

2297 3443 2331 3465 v1'
2352 3442 2413 3465 erit

1418 3573 1431 3601 (
1448 3581 1459 3596 e
1474 3572 1488 3600 )
1504 3571 1563 3597 Sest.
1583 3571 1626 3597 hac
1647 3579 1681 3595 τι.
1699 3569 1756 3594 Obs.
1775 3579 1810 3600 14.

468 3573 482 3601 (
498 3579 509 3597 c
526 3571 534 3600 )
552 3580 577 3597 m
594 3577 618 3598 6.
681 3576 694 3603 (
710 3576 725 3599 d
743 3576 750 3603 )
765 3575 850 3604 Expos.
866 3577 939 3599 Anat.
957 3580 987 3598 tr.
1003 3575 1044 3601 des
1060 3576 1139 3600 Arter.
1157 3583 1180 3600 n.
1200 3583 1239 3604 99.
1255 3576 1277 3598 ὅτ
1293 3574 1355 3603 seqq.

466 3603 472 3630 (
494 3611 511 3631 g
527 3602 541 3629 )
557 3603 618 3630 EPh-
637 3605 670 3629 N.
687 3607 715 3629 C.
733 3606 805 3629 Ceut.
823 3615 845 3634 7.
863 3605 886 3628 in
905 3607 1016 3634 Append.
1083 3610 1092 3637 r
1112 3607 1125 3630 h
1142 3607 1152 3636 J
1169 3606 1226 3631 Obs.
1245 3604 1311 3629 Chir.
1329 3606 1397 3628 Tetr.
1416 3603 1476 3627 Obs.
1494 3610 1515 3633 3.

471 3630 479 3660 (
496 3632 512 3656 k
528 3633 541 3661 )
561 3634 622 3656 Nov.
641 3636 730 3668 Comm
759 3636 830 3660 Acad.
849 3637 886 3659 Sc.
908 3637 1029 3664 Petropor.
1045 3639 1075 3661 T.
1097 3646 1117 3663 1.
1137 3637 1194 3661 Obs.
1213 3638 1285 3659 Anat.
1306 3643 1326 3663 3.

469 3666 476 3696 ς
496 3671 510 3688 n
527 3663 539 3690 )
558 3664 610 3689 Vrd.
628 3665 701 3692 Epist.
722 3673 756 3697 13,
777 3674 799 3690 n.
815 3670 838 3691 ⁶.
899 3665 906 3696 (
926 3675 938 3689 ο
954 3666 967 3694 >
984 3674 1007 3694 n.
1027 3675 1064 3696 19.

1390 3637 1395 3661 ί
1415 3635 1424 3657 l
1441 3635 1454 3662 )
1471 3633 1542 3662 Epist.
1561 3641 1598 3663 57.
1616 3641 1639 3655 n.
1657 3640 1692 3660 ις.
1711 3632 1764 3656 Vid.
1782 3632 1805 3656 8<
1822 3632 1895 3660 Epist,
1913 3636 1952 3656 σο.
1970 3640 1993 3657 n.
2010 3640 2034 3660 4.

1126 3665 1167 3700 (p
1186 3671 1193 3697 )
1211 3665 1270 3691 Set't.
1288 3667 1332 3691 hae
1350 3672 1384 3690 υ..
1402 3664 1460 3689 obs.
1479 3673 1500 3688 2.
1518 3665 1540 3689 δε
1556 3671 1593 3688 21.
1609 3671 1633 3688 n.
1652 3671 1670 3688 ι.
1689 3663 1710 3689 3<
1728 3671 1750 3686 2.

1579 3603 1592 3631 (
1608 3603 1618 3627 i
1635 3601 1648 3631 )
1665 3600 1804 3626 Discurfioni
1819 3601 1844 3624 di
1862 3570 2164 3627 u(nfr;?ron⁷ni¹o⁷fbgccxustim.
2180 3601 2224 3626 Bet,
2244 3600 2267 3623 in
2284 3609 2329 3626 uua
2347 3603 2415 3625 Nota
2429 3617 2437 3624 .

2095 3632 2108 3659 (
2124 3639 2147 3653 m
2164 3630 2260 3659 >supra
2275 3650 2281 3661 ,
2297 3640 2322 3656 n.
2344 3635 2380 3657 16.

1815 3664 1828 3691 ζ
1844 3671 1859 3691 q
1874 3663 1887 3691 )
1903 3662 1966 3687 lbid..
1987 3663 2012 3686 in
2029 3660 2110 3686 schol.
2126 3660 2155 3686 ια
2171 3661 2229 3687 Obs,
2247 3667 2269 3685 ι.
