2498 4075
312 194 424 235 (gt-3113
462 194 570 223 autem
609 181 708 220 Refii
750 191 936 219 ¹extremum
989 180 1055 224 jam
1105 183 1289 225 occupasset
1312 194 1326 223 ,-

317 226 448 270 mortua
472 230 539 268 est,
564 226 632 269 ipso
652 227 794 261 mirante
810 250 818 264 ,
842 224 1008 269 quomodo
1031 233 1121 258 tanta
1152 228 1324 261 intestino-

316 289 391 314 rum
416 277 525 319 portio
547 269 691 305 excidere
712 281 729 303 e
753 271 944 306 mesenterio
968 267 1120 313 potuisset
1140 293 1149 301 .
1174 269 1273 310 Qod
1300 268 1321 302 si

315 322 431 366 plura,
453 321 484 352 ὃ(
508 317 595 348 varia
620 314 771 347 cadavera
796 314 969 356 diligenter
1003 313 1158 353 persecari
1191 313 1322 347 tandem

314 357 480 408 potuerint
506 358 569 392 five
588 367 705 391 eorum
726 358 784 400 qui
812 369 849 390 ex
873 355 1023 399 prolapsu
1047 364 1124 389 tunc
1148 358 1290 398 primum
1311 378 1324 394 ,

312 418 368 442 aut
396 416 461 440 non
482 400 578 441 semel
605 410 695 434 antea
718 401 840 443 perlato
865 401 1050 433 interierint
1081 422 1091 436 ‚
1124 398 1185 432 sive
1209 411 1323 433 eorum

310 454 368 495 qui
392 443 466 484 cum
490 445 615 484 eidem,
637 446 669 478 δε
691 445 729 478 ad
754 454 904 485 magnam
924 443 1057 485 quidem
1080 443 1324 485 longitudinem

315 493 383 536 (b)
405 489 519 528 senfim
543 488 678 523 adaucto
701 488 837 523 obnoxii
862 487 982 526 essent,
1007 486 1128 528 aliique
1150 488 1217 521 alio
1248 485 1324 519 inde

312 534 534 573 incommodi,
559 535 591 566 &
615 532 766 566 molestiae
790 530 889 564 modo
914 530 1042 570 affecti,
1067 541 1104 562 ex
1117 540 1324 572 quocumque

313 574 429 616 morbo
452 574 663 616 decesserint3
697 586 760 608 non
784 575 921 608 dubium
945 573 986 607 est
1011 596 1019 611 ‚
1043 573 1123 616 quin
1147 574 1327 615 proclivius

314 624 464 663 futurum
488 620 527 657 fit
551 620 590 654 de
613 620 703 653 illius
725 620 826 655 causis
849 645 860 661 ‚
884 621 914 652 δι
935 617 1105 654 >curatione
1128 615 1325 650 consulenti-

310 670 372 709 bus
394 663 599 710 respondere.
1242 702 1251 708 η

356 714 406 746 16.
432 710 490 744 Sed
515 718 568 742 me
589 705 677 741 casus
700 714 779 740 tunc
805 703 964 749 propositi
999 703 1205 737 conditiones
1229 703 1324 737 sicuti

312 759 349 791 in
374 752 553 790 theoretica
579 759 672 792 parte
698 749 735 783 ad
758 749 906 792 quaedam
932 748 1037 781 minus
1061 746 1192 782 fortasse
1216 745 1323 780 verifi-

312 800 406 835 milia
430 796 652 833 adduxerunt,
675 795 721 827 ita
744 794 776 826 in
801 803 891 835 parte
910 793 1012 825 ,etiam
1036 792 1160 834 reliqua
1185 791 1324 832 impule-

310 836 390 878 ¹runt
415 840 510 874 facile
534 837 570 871 ad
602 836 760 870 nonnulla
783 847 856 878 quae
893 836 1002 878 optari
1025 846 1145 878 queant
1180 836 1288 877 potius
1311 858 1321 872 ‚

312 898 410 929 quam
431 884 521 923 fieri·
546 881 645 919 QUOd
671 880 692 913 si
717 890 838 923 aegrum
864 891 928 913 non
951 890 986 913 ea
1012 880 1182 922 peculiaris
1197 877 1326 911 neceffi.

316 940 365 963 tas
389 925 559 963 tenuisset,
585 933 620 962 ut
643 923 782 958 artificia
809 933 972 961 amoveret
998 924 1129 960 omnia,
1162 924 1193 955 &
1218 923 1326 964 proci·

313 975 389 1008 dere
411 970 596 1006 intestinum
621 969 735 1002 sineret
758 990 770 1008 ‚
804 967 824 1002 si
851 969 984 1010 quidem
1008 975 1203 1001 recrementa
1229 965 1325 999 vellet

311 1017 447 1060 ejicere3
472 1025 536 1049 non
562 1010 735 1046 defuissent
761 1014 881 1046 auxilia
909 1022 981 1052 quae
1005 1021 1220 1054 proponerem
1244 1032 1252 1047 ‚
1287 1019 1323 1042 ut

309 1073 388 1097 ,cum
413 1071 447 1093 ea
467 1058 687 1100 ejicerentur,
711 1058 743 1089 in
769 1056 820 1090 sua
845 1056 926 1089 illud
953 1056 1020 1088 sede
1045 1055 1217 1097 perstaret.
1244 1054 1323 1085 Erat

312 1107 454 1149 primum
479 1101 586 1142 Sarpii
611 1100 746 1134 annulus
772 1113 781 1132 ι
803 1112 880 1142 ,quo
913 1098 951 1131 de
986 1100 1106 1132 annulo
1139 1106 1270 1146 praeter·
1289 1107 1325 1129 ea

309 1160 385 1191 quae
409 1147 506 1181 retuli
532 1145 624 1187 supra
648 1145 712 1183 (c)
736 1156 773 1177 ex
793 1144 920 1188 Joanne
945 1142 1080 1177 Rhodio
1097 1165 1107 1180 ,
1136 1142 1204 1174 haec
1229 1148 1327 1173 etiam

309 1195 346 1226 in
371 1192 474 1230 Sarpii
502 1190 582 1222 Vita
610 1187 717 1229 legisse
743 1189 901 1223 memini3
926 1197 1000 1219 cum
1024 1186 1091 1228 ipse
1113 1184 1175 1219 hoc
1210 1184 1328 1216 morbo

306 1235 367 1270 adiu
391 1231 565 1272 ,laborasset
588 1253 601 1272 ,
633 1232 725 1274 plura
749 1240 855 1264 autem
884 1230 1018 1263 subinde
1042 1254 1051 1269 ,
1074 1229 1126 1263 sed
1152 1226 1265 1262 frustra
1290 1240 1327 1260 0·-

309 1281 397 1314 mnia
419 1275 569 1313 ,tentasset
594 1298 603 1313 ,
638 1285 783 1316 quaerere
815 1275 950 1310 demum
986 1273 1235 1307 instrumentum
1269 1271 1330 1303 ali-

305 1321 398 1365 *quod
423 1319 555 1364 coepiss‘e
571 1343 578 1356 ‚
602 1329 669 1359 quo
694 1316 882 1351 intestinum
907 1318 1114 1357 contineret,
1137 1318 1248 1358 itaque
1261 1314 1329 1357 post

310 1367 413 1400 multa
441 1376 540 1402 unum
562 1362 702 1404 denique
725 1360 879 1395 invenisse
905 1362 944 1394 ad
969 1362 1001 1394 id
1026 1370 1137 1403 aptum
1163 1360 1265 1396 adeo,
1293 1368 1329 1392 ut

309 1410 438 1446 tametsi
469 1408 509 1446 rad
542 1403 642 1443 finem
677 1408 778 1449 >usque
810 1406 890 1440 vitae
927 1404 1080 1439 morbum
1119 1403 1329 1447 pertulerit5

309 1454 432 1492 nullius
455 1461 564 1486 tamen
592 1449 728 1483 aetionis
753 1459 922 1491 propterea
948 1449 1223 1489 impedimentum
1260 1445 1330 1479 sen-

308 1497 410 1537 serit.
434 1496 519 1536 ,haud
546 1492 634 1527 secus
658 1507 691 1527 ac
716 1493 737 1526 si
764 1493 823 1525 illo
846 1504 967 1527 careret
992 1493 1110 1526 morbo
1136 1514 1144 1529 ,
1178 1492 1329 1531 idemque

310 1544 357 1576 ita
382 1540 500 1581 facile,
524 1540 556 1571 δε
580 1540 724 1581 prompti
748 1534 843 1574 usus,
867 1547 903 1571 ut
929 1537 1000 1570 aliis
1025 1539 1168 1580 pariter,
1194 1533 1331 1577 quibus-

304 1598 388 1625 ,ωσι
408 1585 518 1628 ipsum
528 1585 851 1621 communicaverat,
876 1581 986 1615 eadem
1001 1580 1204 1624 praestiterit.
1229 1577 1331 1614 Quod

318 1689 407 1702 u...-

992 101 1153 161 Liber
1181 108 1268 158 1111.
1303 102 1387 156 De
1419 100 1637 158 Morbis·
1662 101 1878 158 'Ventris

1376 180 1401 214 fiv
1421 181 1504 213 Vita
1528 180 1584 213 illa
1599 180 1649 212 ob
1674 182 1829 217 Au-&oris
1853 180 2066 224 (quicunque
2089 181 2118 215 i's
2136 192 2228 217 nunc
2247 182 2293 216 ,ab
2314 183 2386 217 iano

1369 224 1481 260 „dando
1501 224 1581 257 alibi
1605 224 1739 257 Summo
1752 225 1838 257 Viro
1849 223 1943 259 fuisse
1964 225 2134 264 credatur)
2159 227 2180 259 si
2202 226 2247 260 ob
2258 227 2385 260 Auito-

1373 269 1440 304 ris,
1465 269 1620 308 inquam,
1645 278 1699 300 aut
1724 279 1832 301 veram
1853 267 2056 310 quarundam
2080 280 2208 311 rerum,
2231 281 2284 304 aut
2309 280 2384 301 -ver-

1375 310 1444 344 sute
1468 308 1649 344 simulatam
1670 310 1851 350 inscitiam,
1879 321 1914 344 ut
1938 313 1972 345 in
1997 312 2097 354 Epist.
2121 314 2277 346 Anatom.
2299 316 2315 352 (
2338 311 2384 355 d)

1376 353 1462 388 haud
1487 355 1580 387 aliter
1603 353 1658 387 illa
1684 355 1732 387 uti
1757 356 1918 390 voluerim
1944 379 1952 392 ,
1995 354 2054 388 nisi
2088 355 2253 389 refellendi
2278 357 2386 399 gratia

1378 409 1435 445 per
1458 396 1560 439 ipsam
1575 420 1583 433 ‚
1604 407 1639 430 nt
1664 397 1864 440 loquuntur,
1885 399 1926 433 ad
1946 398 2100 432 hominem
2125 401 2183 441 qui
2209 400 2299 433 illam
2323 400 2386 431 ob·

1375 451 1536 483 jecerant3
1560 440 1583 474 si
1605 439 1690 474 forte
1712 442 1816 483 igitur
1839 440 1899 477 hac
1922 453 2054 484 quoque
2076 445 2111 475 in
2133 454 2166 475 re
2189 442 2327 486 suspefia
2339 442 2388 475 es-

1380 484 1456 523 set;
1489 484 1624 517 alterum
1650 495 1714 517 non
1751 484 1900 519 defuisset
1935 485 2186 519 instrumentum
2213 511 2222 525 ,
2255 487 2342 529 quod
2367 498 2386 519 a.

1380 527 1535 562 Valsalva
1561 528 1668 560 nostro
1691 527 1831 562 videram
1855 531 1890 562 in
1913 528 2056 572 quodam
2081 528 2230 562 Consilio
2264 541 2390 563 memo-

1378 572 1462 605 rari.
1488 571 1617 605 Scilicet
1639 583 1716 605 cum
1740 583 1823 615 aeger
1847 572 1884 605 ad
1906 573 2143 606 exonerandum
2158 582 2301 606 ventrem
2328 574 2389 606 sel-

1378 615 1441 649 lam
1466 624 1587 658 peteret
1612 636 1621 652 ,
1652 616 1766 657 praesto
1790 616 1864 650 esset
1888 613 1986 660 hujus
2008 617 2197 659 operculum
2221 618 2255 648 in
2279 616 2390 650 medio

1378 658 1580 700 perforatum
1605 683 1614 698 ,
1646 658 1758 699 ibique
1781 658 1920 693 firmiter
1941 660 2022 694 tubo
2055 661 2246 694 instructum
2281 661 2390 701 plum-

1375 702 1436 736 beo
1460 725 1469 740 ‚
1503 713 1574 735 cera
1599 705 1742 736 exterius
1766 727 1775 741 ,
1810 705 1841 736 ὃ(
1865 705 1898 736 in
1922 703 2045 737 summa
2069 716 2124 737 ora
2159 704 2350 737 circumlito
2374 727 2385 742 ,

1375 756 1442 779 non
1465 746 1579 779 latiore
1601 745 1723 780 duabus
1746 747 1852 780 tertiis
1875 748 1977 780 unciae
2002 747 2211 782 Bononiensis
2233 749 2391 790 partibus,

1376 793 1408 823 δι
1432 789 1532 832 longo
1555 788 1688 832 quidem
1712 791 1821 823 uncias
1845 791 1978 824 circiter
2002 796 2099 832 duas,
2124 791 2174 825 sed
2206 803 2271 824 non
2304 791 2390 825 ultra

1377 832 1571 867 semunciam
1599 835 1684 866 intra
1711 833 1859 874 podicem
1883 834 2104 873 admittendo,
2130 846 2186 868 nec
2212 833 2276 867 line
2300 837 2391 868 cauti

1379 875 1541 918 Chirurgi
1563 888 1649 917 ope,
1672 887 1746 910 cum
1771 879 1874 919 prima
1898 877 1965 920 ejus
1989 878 2102 912 fierent
2138 879 2355 919 experimenta
2382 901 2393 917 ‚

1380 931 1416 954 nt
1442 923 1463 954 si
1490 919 1629 954 feliciter
1652 920 1823 958 cederent,
1849 932 1952 963 neque
1974 922 2009 954 in
2033 923 2104 956 tubi
2137 921 2393 956 dimenfionibus

1377 965 1500 1005 aliquid
1525 963 1598 997 esset
1623 963 1836 1002 variandum,
1861 963 1919 998 hac
1942 966 2069 998 ratione
2091 963 2166 1007 ejici
2189 977 2395 1000 excrementa.

1380 1008 1502 1051 possent
1518 1033 1525 1046 ,
1548 1020 1604 1040 nec
1628 1018 1732 1041 tamen
1756 1009 1945 1042 intestinum
1970 1010 2103 1042 emitti.
2129 1010 2180 1042 At
2204 1008 2225 1041 si
2239 1020 2394 1042 neutrum

1379 1051 1631 1086 instrumentum
1655 1050 1720 1093 spei
1746 1050 1977 1094 respondissem
2000 1052 2159 1093 intelligis
2183 1054 2267 1085 enim
2292 1054 2394 1086 velex

1381 1097 1422 1130 iis
1444 1107 1516 1137 quae
1541 1097 1574 1127 in
1598 1095 1747 1128 Consilio
1771 1096 1942 1138 attigimus
1965 1119 1974 1134 ‚
2010 1107 2084 1139 quae
2107 1106 2199 1129 noxae
2232 1094 2357 1138 possent
2381 1119 2393 1135 ,

1382 1139 1500 1173 nedum
1523 1150 1595 1182 quae
1620 1139 1771 1172 molestiae
1793 1140 1957 1173 interdum
1981 1151 2019 1173 ex
2043 1139 2204 1182 ejusmodi
2238 1141 2394 1182 praesidiis

1378 1182 1537 1220 existere3
1562 1182 1623 1215 alia
1645 1191 1733 1214 erant
1759 1193 1910 1223 praeterea
1934 1195 2006 1226 quae
2031 1183 2156 1225 possent
2180 1184 2358 1225 excogitari
2385 1210 2397 1217 .

1379 1226 1484 1261 Vides
1507 1227 1617 1264 enirn,
1643 1227 1783 1268 exempli
1808 1228 1899 1260 causa
1915 1252 1923 1263 ,
1947 1227 2076 1268 qualem
2100 1226 2154 1258 Cl.
2181 1226 2298 1259 Baffius
2317 1226 2358 1266 (e
2375 1229 2396 1270 )

1379 1271 1540 1305 invenerit
1566 1269 1719 1302 annulum
1744 1295 1753 1309 ,
1786 1271 1843 1312 qui
1867 1269 1988 1304 nullum
2004 1266 2138 1311 faecibus
2161 1271 2316 1311 egerenais
2334 1280 2395 1312 po-

1380 1325 1456 1349 nens
1479 1312 1667 1352 obstaculum
1683 1338 1690 1351 ‚
1714 1311 1830 1353 facile,
1855 1316 1902 1346 uti
1929 1313 2042 1346 scribit
2065 1336 2074 1351 ‚
2100 1315 2129 1346 ὅ(
2155 1312 2294 1354 gestetur
2318 1337 2329 1353 ‚
2362 1318 2396 1350 &

1383 1357 1551 1402 postquam
1579 1359 1733 1390 morbum
1759 1357 1909 1397 sustulit,
1934 1357 2122 1391 extrahatur
2147 1367 2160 1398 ;
2184 1356 2337 1391 sustuliffe
2361 1371 2397 1392 e-

1380 1406 1449 1437 nim
1466 1426 1473 1440 ‚
1502 1402 1571 1440 ait,
1596 1401 1646 1434 vel
1671 1400 1864 1435 diuturnum
1887 1424 1899 1441 ,
1933 1402 2023 1433 brevi
2046 1423 2058 1440 ‚
2082 1409 2179 1442 atque
2203 1400 2284 1434 adeo
2308 1403 2397 1438 intras

1381 1446 1501 1482 menses
1526 1445 1606 1477 duos
1626 1469 1631 1475 .
1659 1444 1715 1476 Sed
1740 1445 1778 1477 de
1795 1445 1948 1487 prolapsu
1975 1444 2072 1477 Reeti
2096 1443 2242 1477 intestini
2264 1443 2333 1479 haec
2346 1458 2398 1480 at-

1381 1488 1486 1535 tigisse
1510 1487 1585 1521 satis
1609 1487 1647 1520 sit
1672 1513 1679 1521 .

1383 1543 1572 1581 pergemuS.
1599 1531 1704 1566 Vale.

1714 1489 1876 1524 Proximis
1899 1489 2039 1522 Litteris
2072 1487 2110 1522 ad
2146 1487 2225 1521 alios
2259 1490 2394 1526 morbos

302 1752 829 1831 EPISTOLA
882 1752 2033 1817 ANATOMICO-MEDICA
2091 1753 2395 1818 XXXIV.

814 1885 1007 1938 ,Sermo
1043 1881 1112 1933 est
1151 1880 1217 1932 de
1252 1881 1629 1933 Intestinorum
1664 1875 1895 1932 Dolore.

437 2057 544 2088 Secti«)
584 2056 709 2086 conflat
745 2052 845 2085 XIV.
881 2052 972 2084 tertii
1009 2049 1088 2083 l'bri
1127 2044 1329 2096 Sepulchreti

440 2099 652 2136 Anatomici,
676 2097 713 2129 ad
738 2095 880 2132 Dolores
907 2094 1029 2136 speetat
1055 2091 1329 2138 Intesftinorumt·²

317 2159 427 2182 tamen
454 2144 563 2176 multae
589 2141 687 2174 etiam
712 2140 747 2174 in
782 2151 816 2172 ea
839 2138 915 2172 sunt
939 2149 1010 2180 quae
1035 2135 1073 2169 ad
1108 2133 1170 2166 alia
1195 2131 1331 2181 Ventris

312 2193 459 2228 attinent
485 2185 625 2224 viscera,
648 2194 686 2217 ex
709 2183 855 2225 utrisque
880 2192 985 2215 autem
1010 2176 1174 2213 nonnullae
1198 2185 1232 2207 in
1257 2185 1332 2217 qui-

318 2238 380 2271 bus
400 2243 468 2268 non
489 2231 626 2264 internae
651 2250 661 2266 ,
698 2226 750 2260 sed
775 2224 971 2259 extrinsecus
996 2223 1175 2257 accidentes
1198 2219 1299 2267 causze
1322 2242 1332 2268 2

320 2290 358 2315 ut
382 2279 464 2312 ictus
490 2295 498 2311 ‚
533 2275 564 2306 δι
587 2271 719 2306 vulnera
743 2269 890 2303 dolorem
917 2267 1065 2303 fecerunt
1092 2290 1099 2298 .
1125 2262 1224 2300 Quod
1250 2261 1332 2311 ¹¹¹¹h.¹

320 2321 505 2363 exemplum
529 2315 617 2358 sequi
643 2318 706 2347 non
731 2315 834 2356 placet
861 2336 870 2350 ‚
908 2321 943 2345 ut
967 2313 1026 2354 >qui
1052 2310 1189 2357 aliarum
1214 2315 1338 2339 ventris

320 2367 464 2411 partium
488 2361 616 2395 dolores
640 2358 717 2391 alibi
743 2357 801 2391 suo
819 2366 983 2398 quemque
1006 2353 1081 2386 loco
1104 2351 1166 2385 tibi
1192 2359 1245 2383 aut
1262 2360 1340 2391 pro-

320 2410 436 2455 posui,
461 2414 514 2438 aut
538 2403 607 2435 sum
632 2399 879 2443 propositurus,
906 2401 935 2429 &
960 2397 998 2429 de
1024 2396 1145 2429 ictibus
1170 2405 1204 2425 ac
1230 2392 1340 2425 vulne-

320 2457 414 2491 ribus
438 2447 578 2485 seorsum
606 2446 723 2484 pariter
749 2442 947 2483 scripturus.
975 2437 1130 2473 Molestus
1146 2446 1262 2486 *autern
1288 2447 1339 2485 re-

322 2492 543 2543 petitionibus
567 2487 626 2525 esse
651 2487 763 2520 nolo:
796 2496 868 2527 quae
906 2483 983 2516 adeo
1021 2493 1086 2515 non
1121 2489 1267 2513 vitantur
1304 2489 1337 2524 in

324 2528 564 2583 Sepulchreto,
588 2542 622 2565 ut
648 2532 679 2564 in
707 2530 764 2563 hac
791 2528 854 2570 ipsa
884 2528 1034 2559 sectione
1058 2525 1107 2575 bis
1134 2522 1251 2573 positas
1286 2523 1339 2555 os-

321 2584 491 2622 findamus
513 2574 769 2610 Observationes
795 2573 899 2614 plures
926 2574 936 2610 (
960 2582 977 2602 a
1002 2572 1037 2609 )‚
1063 2580 1097 2602 in
1121 2565 1339 2616 Additamen-

321 2633 366 2663 tis
391 2634 497 2661 autem
522 2622 560 2654 ad
585 2619 716 2653 eandem
741 2640 749 2654 ‚
781 2626 847 2650 non
882 2616 995 2656 agnito
1022 2611 1191 2645 Blancardi
1227 2608 1304 2642 fuco
1328 2633 1338 2648 ,

324 2682 390 2708 tres
416 2668 471 2702 sub
495 2662 590 2705 litiis
614 2663 747 2695 nomine
769 2659 920 2698 repetitas
945 2658 1021 2691 XV.
1049 2651 1335 2700 XVI..&XX111.

326 2723 464 2759 quarum
489 2710 558 2742 duae
586 2719 610 2750 p·
629 2705 748 2739 stremae
773 2704 805 2737 in
828 2703 977 2735 Sefflone
1002 2700 1070 2742 ipsa
1095 2696 1158 2738 (b)
1181 2708 1245 2738 Jam
1269 2695 1338 2730 fue-

324 2768 418 2795 rant,
442 2766 476 2788 υτ
503 2753 606 2794 prima
632 2750 665 2782 in
692 2746 890 2790 praecedente
915 2744 1064 2777 senione
1087 2742 1191 2776 VIII.
1216 2741 1268 2782 (c
1290 2743 1305 2780 )
1327 2762 1339 2779 ‚

326 2803 411 2836 veris
437 2793 638 2831 Auctoribus
664 2791 833 2833 adscriptis
858 2812 867 2828 ,
902 2786 1076 2837 propositae
1100 2812 1107 2819 .
1143 2783 1203 2817 Sed
1235 2795 1338 2834 neque

324 2848 360 2882 in
385 2858 421 2879 eo
448 2840 527 2875 mibi
555 2839 630 2871 satis
655 2837 763 2878 placet
788 2831 993 2874 Sepulchreti
1019 2830 1200 2865 Auctorem
1233 2837 1344 2877 imita-

322 2892 352 2926 ri
401 2897 437 2921 ut
461 2884 717 2917 Observationes
741 2879 774 2911 in
799 2888 848 2910 eas
872 2875 1018 2910 dividam
1041 2885 1113 2917 quae
1138 2871 1176 2906 ad
1188 2871 1344 2905 Colicurn

326 2914 474 2967 dolorem
501 2926 659 2958 attineant
685 2926 715 2955 &
737 2933 808 2964 quae
834 2918 871 2953 ad
897 2919 1035 2953 Iliacum
1059 2942 1069 2958 ‚
1103 2928 1169 2950 non
1194 2914 1343 2963 quod-o-

328 2978 444 3013 mnino
468 2968 650 3010 improbem
674 2965 756 3000 hanc
782 2962 975 2998 divisionem
1001 2975 1010 3000 3
1046 2968 1233 3004 quanquam
1253 2960 1343 3008 Dio-

327 3021 393 3055 cles
416 3012 611 3056 Carystius,
637 3020 671 3044 ur
695 3007 806 3041 Celsus
829 3010 842 3046 (
864 3007 883 3038 d
905 3011 918 3047 )
940 3006 1057 3042 docet,
1080 3015 1145 3054 non
1169 3013 1339 3039 tenuioris,

326 3063 380 3100 {ecl
406 3057 558 3103 plenioris
583 3053 724 3088 intestini
747 3052 900 3086 morbum
922 3053 1008 3085 εἱλεὸι
1031 3047 1242 3083 nominabat,
1265 3045 1343 3078 Ale-

328 3109 450 3143 xander
475 3111 582 3135 autem
608 3098 820 3134 Trallianus,
843 3104 880 3127 ut
904 3096 986 3136 apuu
1010 3093 1130 3125 Salium
1157 3097 1166 3131 (
1192 3102 1206 3124 ε
1232 3093 1242 3128 )
1267 3088 1308 3137 est
1334 3111 1343 3126 ,

329 3161 389 3185 non
414 3146 500 3181 aliud
522 3141 576 3187 effi?
602 3141 681 3175 ileon
706 3138 831 3184 censuit
855 3159 865 3175 ‚
901 3148 993 3179 quam
1026 3135 1119 3169 colici
1141 3132 1270 3184 qffeelus
1292 3143 1341 3165 m-

328 3193 512 3236 ῑεννβοηῑννι,
536 3198 571 3219 ac
598 3185 820 3218 incrementum
844 3204 856 3221 ,
879 3183 910 3213 &
934 3181 1036 3214 Salius
1061 3181 1121 3219 (*)
1139 3190 1178 3229 'in
1205 3187 1342 3218 utroque

327 3239 464 3272 illorum
489 3232 716 3265 intestinorum
736 3225 799 3261 „esse
823 3222 910 3268 posse
932 3225 985 3257 ilei
1011 3225 1200 3265 primariam
1226 3220 1342 3260 sedem,

330 3285 361 3315 ὃ(
385 3277 533 3312 (ausim,
557 3273 697 3306 ostendit
724 3283 733 3310 3
771 3269 820 3303 sed
845 3269 920 3311 quia
946 3278 1010 3299 non
1035 3270 1113 3300 adeo
1139 3265 1232 3299 facile
1258 3264 1300 3314 est
1327 3286 1338 3302 ,

329 3334 366 3359 ut
391 3321 485 3357 multi
510 3327 647 3363 putant,
666 3315 799 3350 dolores
823 3310 1040 3347 internoscere
1065 3309 1339 3358 utriusque-inte-

327 3369 426 3406 nini,
453 3375 529 3406 nec,
551 3361 641 3405 quod
664 3358 894 3402 consequitur,
918 3366 973 3398 per
996 3354 1214 3389 animadversa
1238 3362 1273 3385 in
1293 3361 1340 3385 ,θε-

310 2008 498 2127 ETSI
523 2021 595 2052 pars
619 2008 759 2042 maxima
786 2002 1071 2040 Observationum
1092 2024 1107 2042 ,
1139 2012 1178 2035 ex
1210 1999 1330 2043 quibus

1381 2000 1450 2075 -grciis
1474 1999 1563 2043 signa
1588 1997 1666 2034 satis
1691 1999 1856 2034 luculente
1880 1997 2069 2043 hujusmodi
2093 1997 2337 2036 observationes
2350 2000 2404 2036 di-

1385 2054 1416 2076 vi
1444 2053 1494 2075 ere
1511 2069 1519 2078 .

1428 2097 1458 2119 2.
1485 2088 1574 2121 Nam
1598 2086 1689 2130 quod
1712 2085 1841 2120 dolores
1863 2085 2020 2120 dicuntur
2044 2086 2105 2120 esse
2129 2087 2308 2123 acerbiores
2323 2088 2402 2123 Ilia-

1384 2132 1440 2169 ci,
1464 2143 1563 2174 quarn
1590 2131 1726 2170 Colici,
1750 2133 1780 2163 ὃ(
1808 2129 1902 2163 facile
1925 2131 2025 2163 etiam
2050 2131 2146 2171 sunt,
2170 2131 2222 2165 seu
2247 2132 2403 2166 vasorum

1384 2175 1480 2217 copia
1503 2176 1537 2210 id
1562 2174 1630 2208 fieri
1655 2173 1797 2212 censeas,
1822 2173 1866 2207 ob
1888 2185 1987 2216 quam
2012 2173 2118 2206 multo
2141 2186 2271 2218 quoque
2293 2175 2407 2217 saepius

1385 2219 1516 2252 Tenuia
1539 2217 1688 2252 intestina
1703 2239 1712 2254 ‚
1735 2228 1834 2260 quam
1857 2217 1991 2257 Crassa,
2016 2217 2216 2252 inflammata
2240 2222 2405 2263 reperian-

1387 2271 1464 2301 tur,
1488 2261 1554 2295 sive
1577 2264 1688 2304 potius
1712 2273 1888 2295 nervorum
1911 2271 2067 2299 nurnero,
2092 2261 2307 2304 praesertimfi
2333 2263 2407 2297 villi

1390 2306 1510 2347 quibus
1534 2307 1637 2348 prima
1662 2303 1763 2349 usque
1787 2304 1867 2338 adeo
1902 2306 2070 2338 abundant
2095 2327 2103 2341 ‚
2135 2306 2173 2338 ad
2206 2306 2404 2349 papillarum

1392 2361 1491 2391 genus
1516 2351 1589 2382 sunt
1611 2347 1793 2388 referendi‚·
1815 2357 1902 2381 certe
1926 2350 2060 2391 quidem
2085 2348 2167 2383 alius
2191 2350 2258 2383 alio
2283 2349 2408 2384 doloris

1392 2395 1619 2435 impatientior
1642 2395 1709 2432 est,
1733 2394 1764 2424 ἃ
1787 2393 1848 2425 alia
1872 2393 1905 2425 in
1930 2393 2018 2430 alio,
2044 2403 2080 2425 ac
2105 2394 2207 2435 magis
2231 2418 2240 2433 ,
2279 2393 2408 2428 minus-

1390 2449 1453 2479 que
1477 2437 1585 2478 gravis
1606 2436 1731 2469 doloris
1754 2436 1848 2469 causa
1873 2447 1883 2474 3
1917 2447 1952 2469 ut
1978 2438 2114 2470 minime
2149 2437 2295 2480 proclive
2331 2436 2371 2471 sit
2393 2460 2407 2478 ‚

1391 2490 1462 2513 uter
1486 2491 1595 2514 revera
1617 2478 1735 2519 majori
1760 2482 2138 2523 torqueaturcrtuiatu,
2160 2479 2318 2514 statuere:
2343 2493 2408 2514 un-

1388 2522 1430 2556 cle
1453 2525 1552 2556 etiam
1578 2521 1708 2556 fortasse
1732 2520 1824 2563 fuit,
1847 2534 1904 2556 cur
1925 2524 2075 2556 Galenus
2098 2545 2107 2560 ,
2133 2523 2225 2567 cujus
2250 2524 2408 2558 adversos

1388 2568 1477 2600 iuter
1500 2566 1530 2601 se
1554 2567 1644 2600 locos
1677 2568 1852 2600 conciliare
1888 2565 1991 2599 studet
2019 2567 2185 2600 Ballonius
2212 2594 2221 2609 ‚
2256 2566 2337 2601 ficut
2370 2570 2406 2601 in

1390 2610 1589 2652 Sepulchreti
1615 2611 1762 2644 sectione
1785 2610 1845 2644 hac
1871 2609 1953 2653 (f)
1990 2612 2078 2644 vides
2105 2635 2113 2647 .
2147 2613 2224 2647 alibi
2252 2613 2370 2645 Iliacos
2392 2634 2407 2652 ‚

1389 2655 1470 2688 alibi
1495 2654 1631 2689 Colicos
1656 2652 1948 2688 vehementissimos
1971 2652 2030 2687 esse
2055 2679 2062 2691 ,
2089 2653 2250 2697 scripserit
2267 2681 2275 2689 .

1389 2700 1439 2733 De
1463 2700 1593 2732 vomitu
1617 2708 1724 2731 autem
1747 2720 1756 2735 ,
1792 2709 1888 2740 quem
1914 2699 1947 2731 in
1971 2697 2036 2731 illis
2062 2701 2162 2741 magis
2188 2700 2369 2733 violentum
2394 2722 2407 2739 ‚

1391 2753 1490 2784 atque
1516 2741 1670 2777 assiduum
1696 2740 1755 2775 esse
1782 2765 1795 2782 ,
1825 2742 1942 2775 docuit
1967 2764 1976 2778 ‚
2011 2742 2096 2775 reete
2131 2744 2162 2775 in
2188 2740 2404 2787 Sepulchreto

1393 2785 1483 2827 (g)
1507 2797 1560 2819 eos
1583 2785 1721 2819 Colicos
1745 2785 1873 2819 dolores
1897 2785 2023 2827 excipi,
2049 2786 2195 2820 invenies
2222 2810 2229 2822 ,
2262 2797 2406 2829 quorum

1395 2829 1481 2864 sedes
1504 2832 1544 2864 fit
1567 2830 1601 2862 in
1625 2830 1749 2864 eoColi
1775 2829 1878 2862 trach
1891 2829 2136 2870 quiventriculi
2162 2829 2301 2864 fundum
2325 2842 2406 2864 con-

1394 2875 1515 2915 tingit.
1648 2873 1692 2905 Et
1716 2884 1755 2906 ne
1779 2873 1907 2914 longius
1930 2873 1969 2906 ab
1996 2873 2210 2915 Sepulchieto
2247 2883 2279 2906 te
2302 2874 2409 2908 abdu-

1394 2928 1487 2955 (επις
1514 2929 1551 2951 ex
1575 2915 1689 2950 eodem
1715 2915 1784 2957 (h)
1806 2917 1924 2958 pariter
1948 2915 2113 2950 admoneri
2140 2919 2283 2961 poteriS,
2306 2929 2406 2960 quam

1396 2961 1474 3003 saepe
1498 2961 1745 3004 exceptionibus
1768 2960 1973 3000 obnoxium,
1996 2963 2027 2993 &
2050 2972 2219 3004 propterea
2245 2959 2342 2995 fallax
2366 2961 2407 2995 il-

1395 3005 1452 3039 lud
1474 3016 1606 3047 quoque
1628 3003 1755 3045 fignum
1779 3002 1837 3039 sit,
1858 3003 1949 3045 quod
1973 3005 2104 3038 videtur
2128 3006 2275 3048 alioquin
2290 3007 2406 3046 praeci-

1396 3059 1517 3090 puum,
1541 3059 1661 3090 quippe
1685 3059 1701 3080 a
1724 3046 1849 3081 sedibus
1873 3047 1947 3088 ipsis
1971 3049 2111 3090 petitum
2136 3050 2315 3085 tenuioris,
2339 3050 2407 3090 ple-

1398 3091 1564 3134 niorisque
1588 3090 1752 3125 intestini.
1781 3090 1939 3124 Francisci
1971 3095 2057 3125 enim
2083 3092 2188 3133 Sylvii
2225 3093 2320 3125 verba
2356 3104 2405 3126 re-

1392 3137 1495 3177 peries
1518 3136 1683 3173 docentis,
1700 3134 1778 3177 saepe
1801 3135 1840 3166 ad
1862 3133 2045 3169 umbilicum
2067 3134 2160 3177 usque
2183 3157 2195 3174 ,
2230 3136 2272 3168 Θ
2304 3146 2404 3178 quan-

1393 3180 1488 3220 doque
1512 3178 1604 3220 usque
1615 3179 1656 3211 ad
1664 3177 1795 3220 veficam
1807 3177 1916 3221 infigni
1926 3177 2071 3222 ,anfrafi‘u
2078 3189 2136 3221 per
2160 3180 2295 3212 medium
2308 3179 2402 3212 abdo-

1393 3232 1461 3254 men
1484 3223 1572 3255 volvi
1594 3222 1685 3255 Colon
1712 3248 1719 3254 .
1753 3222 1854 3262 Qod
1889 3223 1909 3254 {i
1935 3234 2049 3256 verum
2085 3221 2127 3254 est
2151 3245 2163 3262 ,
2208 3234 2281 3255 cum
2308 3222 2398 3256 suum

1391 3264 1453 3299 hoc
1477 3266 1584 3298 locum
1609 3266 1753 3300 deserat,
1779 3266 1948 3299 Tenuiuni
1973 3276 2078 3299 autem
2104 3265 2332 3299 intestinorum
2343 3277 2400 3299 oc-

1387 3319 1508 3350 .cupet;
1534 3308 1804 3351 intelligis-plane
1821 3334 1829 3348 ,
1854 3321 1954 3351 quam
1975 3310 2044 3342 falli
2069 3308 2164 3352 poffit
2187 3310 2213 3342 is
2240 3335 2249 3349 ‚
2271 3311 2325 3352 qui
2351 3309 2399 3342 se-

1387 3352 1487 3386 dibus
1510 3352 1569 3387 hac
1601 3355 1634 3386 in
1659 3365 1693 3387 re
1717 3353 1896 3396 plurimum
1929 3354 2058 3388 tribuat
2082 3378 2091 3387 .
2126 3353 2398 3430 Nimirum-13⁰⁰

2302 3408 2313 3429 i
2343 3407 2354 3428 i

330 3497 1738 3523 W

441 3600 449 3629 )
467 3599 523 3623 vid.
542 3598 673 3628 Epist..65.
689 3604 717 3621 ῃ.
734 3597 756 3620 6.
819 3594 859 3623 (c
875 3590 884 3623 )
898 3598 927 3615 -n-
945 3599 968 3620 7.
1030 3590 1072 3620 (d
1091 3591 1097 3618 l
1116 3598 1153 3621 ις.
1171 3598 1197 3614 ii.
1211 3589 1253 3614 68.

458 3660 535 3686 Schol.
553 3660 580 3683 ad
599 3662 620 3687 (J.
640 3661 662 3682 8.
682 3657 739 3683 Obs.
760 3664 793 3685 19·
811 3654 868 3679 Obl'.
887 3656 907 3678 8.
931 3653 945 3684 §

811 3685 855 3714 (d
873 3685 886 3713 )
902 3686 938 3709 De
954 3683 1047 3708 Medic.
1065 3685 1081 3707 1.
1100 3692 1116 3712 4
1140 3690 1160 3706 c.
1184 3691 1225 3717 ις-

988 3715 1004 3746 g
1016 3714 1035 3740 vb
1049 3713 1063 3744 )
1079 3713 1160 3740 schol.
1174 3714 1208 3739 ad
1222 3710 1282 3738 Obs.
1297 3719 1338 3742 ιιι.

467 3698 491 3713 in
508 3687 629 3714 Addixain.
648 3689 707 3713 Obs.
727 3696 746 3717 5-

379 3601 395 3631 (
411 3600 424 3624 b

333 3662 358 3696 5,
376 3633 398 3685 2(.
415 3639 438 3684 Ξ(

376 3699 425 3755 ἑὲ
440 3691 453 3749 i
469 3721 553 3749 schol.
571 3722 600 3744 aa
615 3720 644 3753 ᾗ.
663 3727 686 3744 a.
703 3717 764 3744 ΟΜ.
782 3725 822 3747 ²5»
840 3716 867 3741 in
880 3714 925 3742 sin.

448 3630 460 3658 )
477 3627 565 3653 Confer
582 3628 634 3654 obs
662 3637 681 3652 ι.
703 3627 724 3657 §.
743 3634 765 3650 2.
779 3624 804 3649 .&
821 3623 878 3648 ΟΜ,
897 3630 935 3647 20.
950 3619 1431 3681 ,51ὲιηιιὲεοοὶιξῌὶὲὄιςὲιὲιοῗὲίίἐιφὲι
1449 3650 1506 3674 ons.
1526 3659 1561 3680 30·
1581 3650 1603 3680 §¹
1622 3660 1644 3680 4-

1282 3683 1288 3707 (
1310 3689 1321 3705 a
1337 3682 1350 3710 )
1367 3684 1402 3707 De
1417 3681 1505 3708 Affest.
1522 3682 1639 3708 emicui.
1651 3688 1673 3707 c.
1688 3688 1725 3707 ii.

1316 3588 1330 3618 ζ
1346 3597 1357 3613 e
1374 3589 1384 3617 „l
1401 3591 1458 3614 Dec.
1481 3596 1501 3613 ι.
1516 3589 1577 3613 Obs.
1597 3598 1620 3619 ς.

1436 3620 1460 3651 §.
1476 3627 1498 3643 2.
1518 3620 1576 3644 Obs.
1596 3628 1617 3644 i.
1636 3618 1659 3650 §.
1679 3627 1713 3649 Μ.
1730 3620 1753 3644 8:
1771 3618 1830 3644 ΟΜ.
1850 3627 1886 3649 ¹9.
1905 3619 1927 3651 §.
1944 3627 1969 3650 4.
1986 3618 2041 3644 Obs
2065 3627 2086 3643 2.
2104 3619 2127 3649 ξ.
2147 3625 2167 3644 i.
2185 3619 2206 3642 ἃ
2224 3617 2247 3649 §.
2266 3625 2290 3643 π..
2306 3615 2395 3651 Obs.5.

1706 3651 1715 3679 (
1734 3650 1748 3675 ⁶
1763 3657 1774 3685 ²
1787 3647 1944 3711 ἓῗὶἧῗωῗ
1967 3650 2159 3710 η’(ῗίᾗΐέἒίιοι.
2176 3679 2205 3705 ad
2221 3679 2245 3711 5.
2264 3678 2389 3711 5.0bs.5.
