2498 4075
432 95 494 145 52

361 158 484 197 debat,
509 156 751 201 Duodeviginti
785 155 856 201 post
876 154 989 189 diebus
1012 153 1125 202 dolore
1156 156 1277 189 ventris
1300 165 1373 188 cor-

362 213 472 245 reptus
495 203 537 237 est
559 213 641 245 vago
656 225 666 241 ,
689 201 841 243 nullaque
863 211 938 233 cum
948 198 1040 232 febre
1051 199 1227 241 conjuneto
1241 222 1251 236 ‚
1273 209 1371 241 quern

360 246 450 288 ipse,
476 247 604 280 nemine
626 245 798 284 consulto,
820 241 961 278 theriaca
985 243 1111 285 sumpta
1134 243 1259 284 expulit
1282 267 1290 274 .
1314 242 1372 276 Sed

358 290 532 325 duodecim
557 287 734 328 interjectis
756 287 867 322 diebus
891 296 984 321 ortus
1014 286 1099 321 circa
1122 286 1291 321 meridiem
1315 285 1371 318 do.

360 335 412 369 lor
435 333 478 367 est
502 332 540 366 ad
555 333 720 367 vsummam
740 331 905 372 regionem
929 330 1059 363 iliacam
1090 329 1254 364 dexteram
1281 327 1372 362 simul

361 387 523 419 gravans,
548 374 643 408 simul
666 376 695 410 ei
719 373 853 410 similis,
879 381 915 405 ut
937 372 1045 421 ajebat
1066 396 1076 410 ,
1100 383 1197 416 quem
1222 372 1374 405 morden-

359 430 406 453 tes
432 418 583 452 afferrent
607 429 718 453 canes.
744 415 911 451 Tumebat
933 426 961 450 is
984 416 1074 453 locus
1093 427 1105 454 ;
1127 416 1178 451 sed
1202 427 1258 450 nec
1282 416 1374 449 c010-

360 473 429 497 rem
455 471 658 499 mutaverat,
682 464 734 501 δι,
758 459 782 492 si
807 469 953 501 tangeres
969 486 978 500 ,
1005 459 1113 494 mollis
1135 468 1204 493 erat
1232 473 1240 491 :
1276 470 1372 492 manu

364 515 469 540 autern
494 503 688 548 profundius
712 501 851 545 appreffa
866 528 873 542 ‚
897 502 1015 539 durum
1040 502 1237 546 percipiebas
1255 526 1264 535 .
1296 502 1374 536 Pul-

360 549 434 585 sus,
458 551 657 591 caeteroquin
681 546 876 586 laudabilis,
898 547 983 581 celer
1004 570 1014 586 ‚
1046 550 1077 580 &
1101 545 1250 593 frequens
1275 555 1339 579 erat
1365 570 1373 578 .

361 592 464 628 Oculi
486 594 572 627 intra
595 592 717 627 orbitas
743 589 946 625 subsidebant
971 616 978 623 .
1014 591 1142 635 Lingua
1167 591 1267 623 sicca.
1293 589 1374 621 Nox

367 636 472 671 mala.
608 636 673 670 Die
697 634 803 668 morbi
829 634 928 667 altera
941 633 1048 676 pulsus
1074 643 1199 675 major,
1222 633 1374 666 &vibra-

360 688 414 713 tus
429 702 438 711 .
462 678 590 716 Dolor,
614 681 646 713 Bc
668 687 779 711 tumor
804 676 834 710 se
861 676 898 710 ad
923 679 1042 711 ventris
1066 677 1209 711 medium
1222 676 1373 710 extende-

358 723 458 759 bant,
482 722 540 765 qui
563 722 697 757 demum
729 719 943 757 sinistrorsum
965 732 1097 763 quoque
1130 729 1339 762 perrexerunt
1363 744 1372 753 .

361 766 496 807 Sanguis
519 776 534 797 e
558 765 692 798 dextero
715 762 851 797 brachio
874 764 983 799 missus
1017 764 1055 798 ad
1078 764 1190 798 uncias
1214 763 1336 806 septem
1359 786 1373 803 ,

363 808 448 844 nihil
473 806 555 845 seri3
578 808 708 841 crassam
732 816 843 841 autem
867 809 899 841 δε
923 807 1041 842 flavam
1063 806 1181 843 habuit
1202 809 1342 841 crustam
1364 832 1373 842 .

360 850 492 889 Nausea
515 861 582 884 erat
608 850 761 893 quidem,
784 861 849 884 non
875 862 909 883 ea
924 860 1055 892 tamen,
1078 860 1115 885 ut
1139 851 1234 887 cibus
1248 850 1374 893 respue-

361 905 468 930 retur.
495 895 597 931 Alvus
624 893 688 930 fine
712 892 855 929 molestia
878 895 1116 929 exonerabatur
1138 918 1146 927 .
1178 895 1261 928 Nox
1285 894 1374 935 peffi-

358 950 410 974 ma
428 964 437 972 .
570 939 634 974 Die
666 938 763 972 tertia
788 936 896 981 pulsus
929 937 1062 974 humilis
1084 951 1091 973 :
1116 939 1223 972 ruc'sus
1244 938 1373 978 crebri,

359 982 484 1021 amari,
508 979 593 1014 acidi
616 995 623 1013 ε
658 981 786 1024 loquela
810 979 900 1025 quasi
934 993 951 1014 a
982 982 1191 1018 convulsione
1223 982 1339 1015 vitiata
1363 993 1372 1016 :

360 1036 450 1063 mens
471 1024 606 1059 subinde
629 1036 696 1060 non
719 1024 886 1063 constans,
909 1033 946 1061 ut
959 1026 1091 1062 inania,
1114 1028 1272 1066 &nugae‚
1295 1035 1374 1067 quas

362 1080 446 1112 aeger
468 1068 616 1104 narrabat
640 1094 649 1109 ‚
683 1068 911 1104 ostendebant.
1044 1070 1112 1107 Die
1144 1077 1262 1111 quarta
1285 1076 1373 1100 artus

357 1112 539 1150 identidem
564 1112 831 1147 convellebantur
856 1136 865 1152 ,
890 1120 1064 1156 totumque
1087 1123 1204 1153 corpus
1228 1110 1371 1153 rigidum

357 1157 396 1190 ad
419 1155 631 1199 quadrantem
653 1155 743 1193 horae
766 1156 995 1197 permanebat:
1019 1168 1094 1199 quae
1115 1155 1195 1190 dum
1217 1154 1333 1190 fierent
1355 1177 1370 1194 ,

356 1200 438 1233 nulli
463 1208 553 1233 erant
578 1198 686 1241 pulsus
708 1213 715 1231 :
751 1200 783 1232 δι
806 1198 943 1233 vicissim
963 1223 973 1239 ‚
999 1199 1102 1233 soluta
1125 1196 1334 1233 convulsione
1359 1220 1369 1235 ‚

355 1243 390 1279 hi
415 1253 545 1285 quoque
570 1243 716 1276 redibant
739 1263 749 1278 ‚
780 1243 812 1275 &
837 1242 987 1278 sanorum
1019 1243 1151 1287 quidem
1176 1243 1210 1275 in
1244 1242 1368 1276 caeteris

355 1285 496 1325 fimil-essi
519 1284 569 1321 sed
594 1285 751 1321 humile&
778 1287 809 1317 &
834 1287 1057 1326 prementibus
1091 1287 1207 1328 digitis
1230 1297 1295 1318 non
1321 1296 1368 1319 re-

356 1328 516 1367 sistentes.
543 1330 652 1363 Postea
677 1328 802 1362 difficili
825 1328 910 1364 faeta
925 1330 1161 1374 respiratione;
1182 1329 1365 1371 etfilingua

355 1373 488 1411 demum
512 1382 579 1405 erat
603 1371 667 1415 jam
689 1371 822 1408 humida
838 1393 848 1411 ‚
870 1384 975 1418 neque
998 1374 1100 1408 homo
1124 1372 1261 1415 amplius
1282 1371 1365 1406 deli-

355 1418 473 1458 rabat5
497 1416 585 1452 faeces
607 1418 757 1454 vomuit,
781 1418 813 1450 δί
837 1418 936 1459 paulo
961 1417 1030 1460 post
1052 1417 1091 1451 ad
1114 1416 1275 1457 vesperam
1299 1416 1364 1448 diei

355 1461 497 1503 ejusdem
519 1458 713 1497 convulsus,
737 1468 887 1494 mortuus
910 1461 976 1495 est.
1104 1459 1366 1495 ABDOMINE

355 1504 494 1539 didusto
508 1526 517 1542 ,
539 1502 661 1539 sinister
683 1502 800 1547 jecoris
822 1503 917 1539 lobus
939 1506 1091 1540 inventus
1114 1504 1155 1538 est
1180 1504 1268 1537 laxus
1290 1525 1300 1541 ‚
1333 1506 1369 1538 ὃς

356 1548 506 1590 sphacelo
530 1546 656 1589 prorsus
681 1548 817 1580 vitiatus
836 1572 843 1582 .
871 1547 1105 1588 Ventriculus,
1128 1550 1160 1580 δέ
1182 1546 1335 1582 intestina
1357 1569 1368 1584 ‚

357 1592 490 1625 'Tenuia
515 1589 693 1633 praesertim
711 1614 720 1629 ,
743 1590 797 1623 hic
822 1590 917 1626 rubra
941 1613 955 1631 ,
985 1591 1056 1625 istic
1079 1590 1201 1628 livida,
1226 1590 1295 1624 illic
1319 1591 1372 1624 ni,

355 1646 432 1681 gra.
458 1635 537 1669 Coli
562 1643 668 1667 autem
691 1633 824 1666 initium
847 1645 911 1675 qua
935 1634 1099 1669 musculos
1122 1633 1334 1677 contingebat
1356 1656 1366 1672 ‚

355 1688 468 1715 cavam
491 1676 562 1710 offis
587 1677 638 1711 ilii
663 1675 778 1713 faciem
802 1677 1003 1718 operientes,
1028 1676 1122 1710 fimul
1144 1688 1219 1711 cum
1241 1677 1316 1719 ipsis
1337 1679 1368 1709 δι’

356 1731 530 1765 gangraena
554 1720 689 1756 omnino
702 1728 899 1760 occupatum
924 1729 993 1755 erat
1009 1742 1018 1757 ‚
1042 1723 1073 1755 δι
1097 1718 1140 1755 fic
1162 1730 1369 1761 connexum,

359 1775 399 1801 ut
423 1765 487 1798 sine
510 1765 704 1798 laceratione
728 1763 867 1805 separari
901 1774 965 1796 non
990 1764 1137 1806 potuerit
1163 1786 1172 1795 .
1196 1762 1296 1797 Illinc
1320 1764 1373 1795 vi-

354 1809 492 1846 debatur
514 1806 649 1842 effusum
673 1805 732 1840 esse
756 1805 846 1849 quod
869 1806 903 1839 in
928 1808 1050 1841 ventris
1072 1818 1153 1841 cavo
1164 1806 1372 1848 consocerum

356 1852 466 1888 fuerat
488 1851 592 1886 serum
620 1850 779 1888 lividum,
806 1852 837 1883 &
861 1850 935 1892 puri
959 1849 1155 1891 admistum,
1178 1851 1233 1884 cui
1257 1861 1372 1892 nempe

356 1897 460 1934 simile
482 1895 634 1929 intestina
656 1893 893 1929 continebant.

403 1945 455 1974 26.
477 1938 580 1981 Qod
605 1937 643 1972 ad
668 1938 804 1971 initium
828 1937 946 1970 attinet
969 1935 1111 1970 historiae
1135 1934 1255 1977 huju55
1279 1947 1293 1968 a
1319 1946 1374 1968 ve-

358 1985 387 2022 ri
411 1982 624 2018 similitudine
649 1992 713 2014 non
739 1979 830 2014 valde
842 1980 1018 2018 abhorret,
1042 1979 1280 2014 natumsenfim
1292 1976 1373 2011 fais-

358 2029 388 2062 se
412 2030 444 2061 in
469 2029 510 2062 iis
533 2028 591 2069 qui
615 2024 714 2060 modo
738 2025 910 2060 memorati
936 2023 1008 2058 sunt
1031 2046 1043 2063 ,
1074 2023 1227 2058 musculis
1250 2022 1372 2055 vitium

359 2072 493 2111 aliquod
518 2069 601 2108 unde
626 2069 770 2110 proximi
792 2067 944 2102 Crurales
968 2068 1060 2101 nervi
1086 2066 1210 2100 dexteri
1228 2067 1371 2107 compri-

359 2111 528 2152 merentur
544 2136 552 2150 ‚
578 2112 653 2147 inde
676 2122 785 2147 autem
808 2110 901 2145 fuisse
916 2136 924 2150 ,
948 2122 1003 2144 cur
1027 2109 1128 2143 homo
1152 2108 1278 2143 slnistro
1304 2120 1372 2142 ma-

361 2161 410 2198 gis
435 2159 521 2192 cruri
545 2158 631 2192 inter
656 2154 885 2191 ambulandum
898 2152 1121 2187 incumberet„
1147 2151 1247 2191 Qod
1260 2152 1296 2185 ad
1320 2153 1370 2184 vi-

360 2196 445 2237 {ium
467 2200 728 2237 inflammatione
750 2221 759 2236 ‚
789 2200 821 2231 Sc
843 2198 1026 2239 corruptela
1060 2197 1165 2239 postea
1188 2196 1371 2230 accedenti-

361 2247 443 2285 bus,
465 2245 584 2288 pessimi
611 2242 695 2277 succi
719 2243 766 2277 ita
800 2252 917 2275 nervos
941 2241 1016 2275 illos
1049 2240 1272 2276 vellicaverint
1293 2264 1302 2279 ,
1334 2249 1371 2274 ut

360 2300 477 2332 corpus
501 2286 687 2324 universum
710 2285 970 2321 convelleretur.
995 2284 1069 2319 Nec
1082 2282 1213 2318 fortasse
1236 2285 1272 2316 iu
1296 2294 1373 2325 pue·-

363 2346 402 2368 ro
423 2343 521 2377 quern
545 2332 644 2366 Iliaca
668 2330 764 2375 paffio
784 2351 797 2368 ,
829 2328 943 2362 arrosis
967 2328 1101 2369 putrido
1124 2327 1270 2363 intestini
1296 2326 1373 2360 tabo

361 2375 477 2411 iisdem
501 2375 676 2414 musculis,
699 2370 864 2406 interfecit
883 2394 893 2409 ‚
919 2370 1046 2405 aliunde
1069 2371 1171 2411 magis
1197 2370 1376 2412 repetendae

362 2427 453 2455 erant
476 2418 699 2453 convulsiones
724 2417 827 2448 totius
849 2414 1016 2456 corporis,
1041 2416 1073 2445 &
1095 2424 1226 2446 crurum
1247 2411 1380 2455 praeser-

363 2465 448 2500 tim,
473 2472 552 2504 quas
576 2463 610 2494 in
633 2459 692 2496 hac
715 2456 915 2500 Sepulchreti
940 2457 1037 2490 XIV.
1050 2456 1198 2491 Seffione
1221 2459 1234 2497 <
1257 2466 1275 2498 q
1297 2458 1306 2493 )
1330 2457 1375 2489 le-

364 2518 417 2553 ges
441 2504 483 2539 sic
506 2514 542 2538 ut
564 2503 630 2547 ipse
653 2513 783 2546 quoque
805 2498 976 2534 convulsus
1000 2499 1132 2533 tandem
1158 2508 1342 2534 moreretur
1366 2521 1375 2531 .

498 2549 607 2587 Quem
631 2557 738 2581 autem
748 2545 785 2578 ad
811 2543 944 2578 modum
954 2543 1044 2576 Senis
1066 2542 1289 2577 inflammatio
1301 2554 1376 2586 pro-

366 2592 501 2636 repserit
523 2593 557 2624 in
581 2591 776 2631 contiguum
799 2586 1010 2624 intestinum,
1036 2588 1067 2620 &
1090 2597 1205 2621 caetera
1227 2597 1298 2628 quae
1322 2585 1376 2620 de-

367 2635 575 2678 scripfirnus‚
601 2634 760 2676 explicare
784 2642 849 2664 non
884 2630 927 2664 est
950 2642 1051 2672 opus.
1115 2673 1121 2679 .
1184 2631 1300 2675 Itaque
1337 2629 1376 2663 ad

367 2679 648 2716 observationem
670 2676 818 2714 transeo,
839 2685 938 2717 quam
961 2673 1022 2707 ista
1045 2673 1124 2707 Coli
1147 2684 1218 2715 pars
1241 2674 1378 2706 iollam·

367 2734 454 2758 mata
479 2722 518 2758 ad
541 2721 733 2762 memoriam
755 2726 886 2752 revocat
906 2740 917 2755 ‚
951 2717 1085 2750 biennio
1108 2726 1181 2750 ante
1203 2728 1303 2759 quam
1327 2717 1378 2750 su-

366 2767 528 2812 periorem
547 2764 699 2800 haberem
719 2787 728 2803 ‚
761 2773 888 2796 mecum
912 2773 929 2794 a
955 2761 1040 2795 Viro
1060 2759 1255 2794 Doffiffimo
1277 2782 1286 2798 ‚
1319 2759 1378 2793 hu-

369 2809 613 2854 maniffimoque
633 2806 846 2843 lvi-Antonio
870 2805 1049 2839 Laurentio
1063 2803 1239 2839 Archiatro
1259 2826 1271 2844 ,
1303 2815 1377 2838 curn

368 2853 436 2891 hoec
459 2852 651 2889 scriberem,
675 2849 853 2884 Pontificio
877 2849 1173 2884 communicatam.

413 2907 467 2939 27.
493 2894 686 2931 MULIER
710 2905 782 2936 quae
816 2903 902 2927 anno
926 2902 998 2925 ante
1033 2893 1068 2924 in
1091 2891 1223 2926 dorsum
1254 2891 1380 2925 cecide-

371 2950 422 2975 rat
437 2964 446 2980 ‚
467 2940 595 2982 ingenti
620 2948 740 2979 nuper,
763 2935 904 2970 clamoso
923 2960 935 2977 ,
959 2934 1189 2979 profundoque
1212 2936 1245 2968 in
1271 2944 1382 2967 ventre

370 2983 485 3020 dolore
508 3007 518 3022 ,
550 2992 626 3018 cum
651 2981 890 3014 vomitionibus
923 2978 1101 3021 conjunsto
1122 3001 1133 3016 ,
1166 2977 1231 3012 dies
1256 2978 1382 3021 aliquot

371 3026 589 3064 confliRatam
614 3022 810 3059 decesserat.
940 3022 1297 3058 VENTRICULUS
1333 3032 1381 3054 re-

373 3080 484 3114 pertus
505 3069 551 3105 est
571 3069 655 3102 mire
679 3066 869 3100 contra&us
891 3090 901 3106 ,
932 3068 1066 3101 Caecum
1090 3075 1196 3100 autem
1220 3066 1380 3099 Veterum

372 3114 561 3149 intestinum
585 3124 601 3146 a
625 3107 820 3146 semifluidis
843 3109 943 3143 flavis
966 3108 1160 3145 stercoribus
1192 3110 1239 3142 ita
1262 3107 1382 3140 dilata·

372 3169 466 3198 turn,
489 3166 524 3191 ut
547 3156 767 3192 ventriculum
792 3154 985 3187 mentiretur
1006 3177 1013 3185 .
1039 3153 1076 3185 Id
1097 3152 1284 3187 intestinum
1309 3163 1380 3192 pre-

375 3201 528 3238 henderat
551 3199 799 3238 inflammatio,
822 3207 894 3239 quae
916 3208 970 3239 per
994 3197 1100 3231 vicina
1122 3208 1253 3240 quoque
1278 3195 1380 3229 visce„

377 3258 411 3280 ra
437 3244 468 3279 se
489 3243 520 3276 se
543 3241 726 3278 diffundere
749 3239 949 3283 incipiebat.

419 3288 470 3324 28.
493 3287 527 3320 Si
548 3286 637 3323 casus
660 3287 714 3319 ille
746 3285 783 3318 ad
806 3283 913 3318 causas
946 3284 1080 3318 attinuit
1101 3294 1174 3326 quae
1203 3282 1289 3317 hunc
1312 3293 1384 3327 mu-

377 3333 466 3365 lieris
489 3331 642 3366 morbum
665 3329 830 3365 fecerunt·,
853 3326 1009 3362 credibile
1031 3326 1097 3366 est,
1124 3328 1170 3359 ita
1195 3328 1228 3360 in
1253 3326 1383 3359 dorsum

378 3373 548 3415 cecidisse,
571 3383 606 3410 ut
629 3373 798 3407 dexterum
822 3381 930 3406 tamen
955 3373 1078 3405 ventris
1102 3370 1187 3408 latus
1211 3395 1219 3410 ,
1253 3373 1285 3403 δι
1307 3370 1386 3403 Coli

897 3506 935 3536 (r
953 3504 962 3535 )
980 3507 1028 3531 111.
1046 3488 1162 3531 animad.
1183 3513 1208 3534 9.

1268 3506 1283 3534 (
1298 3507 1340 3536 s)
1357 3505 1416 3532 ΟΜ.
1431 3512 1468 3532 20·
1488 3504 1509 3534 ὗ·
1529 3512 1550 3533 3·

472 3519 487 3540 q
503 3511 517 3543 )
532 3507 592 3534 obs.
610 3516 648 3533 21.
666 3509 690 3534 in
705 3508 831 3533 Additam.
1154 3537 1158 3540 ¹

438 3512 480 3572 fu
498 3545 510 3568 )
526 3543 544 3564 1.
561 3548 582 3563 2-
600 3542 673 3566 Anat.
691 3538 799 3570 Praelest.
817 3544 853 3562 11.
916 3538 930 3568 ζ
945 3545 960 3561 x
977 3538 989 3566 )
1004 3537 1121 3562 Animad.
1137 3542 1182 3562 cit.
1242 3537 1283 3566 (y
1299 3542 1310 3565 >
1328 3539 1363 3561 De
1381 3541 1429 3560 nat.
1447 3535 1531 3559 iacult.

440 3572 456 3601 (
471 3580 489 3601 z
504 3572 517 3602 >
533 3578 554 3595 e.
573 3578 596 3594 a..
657 3572 672 3601 (
686 3579 703 3596 a
722 3568 805 3600 >apud
822 3571 912 3592 Donat.
928 3567 959 3591 de
975 3568 1035 3593 Hist.
1055 3568 1117 3593 Mir.
1136 3568 1154 3593 l.
1169 3576 1191 3596 4.
1208 3574 1230 3592 c.
1250 3574 1274 3596 3.

468 3610 480 3626 c
496 3602 508 3630 )
525 3601 589 3626 ibid,
651 3602 659 3636 ζ
676 3601 692 3628 d
708 3600 722 3630 )
738 3599 798 3632 apud
816 3599 916 3625 Hildan.
933 3600 1007 3625 Cent.
1024 3602 1050 3623 6.
1069 3597 1129 3623 Obs.
1144 3607 1184 3627 70·

468 3632 482 3660 f
500 3634 506 3660 )
523 3631 580 3656 thes.
597 3633 621 3657 6.
638 3637 680 3657 eit.
698 3631 765 3660 supra
781 3630 811 3654 ad
828 3638 851 3654 n.
873 3632 909 3653 16.
977 3630 1012 3659 (g
1028 3634 1039 3656 ›
1056 3630 1117 3658 Eph.
1140 3631 1176 3653 N.
1194 3629 1223 3657 C.
1240 3630 1298 3652 Dee.
1318 3635 1337 3651 2.
1355 3631 1385 3653 A.
1403 3638 1414 3657 ς

465 3663 575 3689 ι’)Τοπι.
590 3668 607 3684 ι.
617 3665 645 3687 1².
661 3671 681 3687 1.
693 3662 718 3686 in
728 3662 811 3685 adnot.
825 3661 853 3684 ad
865 3660 951 3688 Peyer.
967 3659 1072 3685 Exercit.
1084 3659 1237 3684 1.deGland.
1250 3658 1333 3683 intest.

446 3695 461 3724 ς
476 3699 499 3719 m
514 3697 524 3722 ,l
540 3693 646 3720 Earund.
668 3695 724 3718 Dee.
744 3701 764 3718 ι.
781 3694 813 3717 Α.
830 3699 853 3721 9·
870 3689 934 3715 obs.
951 3698 990 3719 94.

928 75 1086 132 Liber
1119 74 1207 129 ΙΙΙ.
1240 74 1325 128 De
1360 72 1569 128 Morbis
1600 68 1814 126 Ventris

1424 161 1550 196 partem
1572 153 1608 186 in
1630 163 1670 186 eo
1692 152 1850 200 latentem
1874 151 2030 188 afflixerit
2051 157 2061 189 ζ
2094 154 2180 195 Qae
2202 159 2375 200 propterea
2398 150 2437 185 vi

1424 196 1478 230 sua
1499 207 1562 239 qua
1585 195 1724 229 stercora
1749 197 1873 231 sursum
1898 198 2076 240 propellit,
2101 199 2202 239 magis
2225 200 2260 233 in
2283 200 2350 233 dies
2362 200 2436 229 ‘mas-

1423 239 1535 282 gisque
1558 240 1736 273 imminuta
1756 261 1772 279 ,
1802 241 1842 275 ab
1865 241 1906 273 iis
1936 242 2077 284 denique
2100 243 2237 275 omnino
2261 239 2438 276 restitanti-

1423 284 1482 317 bus
1508 283 1540 315 in
1565 293 1638 315 eum
1661 284 1797 317 modum
1821 295 1897 318 cum
1910 283 2055 328 subjesto
2072 284 2256 325 praesertim
2266 287 2366 320 Caeco
2378 292 2435 315 ex·-

1424 325 1520 369 pansa
1544 325 1665 362 fuerit,
1689 328 1719 358 &
1742 327 1786 359 ob
1810 329 1997 362 tunicarum
2021 326 2262 363 distratfftionem
2293 324 2436 362 acerbis-

1427 369 1508 402 simo
1531 368 1643 402 dolore
1667 366 1777 403 affec'ta
1802 393 1812 408 ‚
1846 372 1891 405 ob
1913 371 2064 405 vasorum
2099 381 2206 404 autem
2228 369 2437 414 compreffio-

1426 423 1500 446 nem
1523 411 1728 446 inflammata
1747 436 1755 444 .
1792 414 1894 454 Qod
1918 414 1940 448 si
1979 415 2095 448 mulier
2119 415 2286 457 aliquanto
2308 415 2436 449 diutius

1425 457 1528 489 vitam
1550 455 1696 489 traxisset
1717 466 1727 493 3
1760 455 1887 492 fortasse
1911 457 1977 501 ipsa
2000 467 2131 501 quoque
2151 479 2164 498 ,
2187 467 2224 492 ut
2247 459 2374 502 aliquot
2397 465 2438 489 ex

1424 502 1465 534 iis
1486 499 1525 533 de
1546 499 1664 542 quibus
1687 497 1781 575 suffita
1803 500 1929 535 dietum
1954 500 1999 534 est
2023 523 2032 537 ,
2054 499 2182 535 foedum
2206 503 2239 534 in
2264 501 2398 535 modum
2424 522 2438 540 ‚

1424 548 1456 578 δέ
1482 542 1699 577 miserandum
1750 554 1859 577 ercora
1884 543 2053 580 vomuisset
2075 570 2084 583 ‚
2110 545 2158 578 vel
2184 545 2293 587 potius
2316 545 2437 577 sterco-

1424 597 1497 622 rum
1519 597 1619 629 quam
1644 585 1830 621 fimillima.
1854 587 1926 621 Hac
1948 589 2035 622 enim
2059 587 2271 622 similitudine
2286 588 2437 629 decepti,

1425 632 1569 674 plerique
1593 632 1626 664 in
1651 630 1799 663 Volvulo
1823 641 1856 663 ca
1880 630 1969 672 rejici
1989 654 1998 670 ‚
2035 632 2243 666 crediderunt
2266 643 2339 674 quae
2371 630 2437 672 jam

1422 676 1457 707 in
1481 671 1591 707 Craffa
1612 672 1763 708 intestina
1786 674 1979 709 transiissent
2001 697 2011 712 ‚
2035 675 2070 709 id
2093 674 2185 719 quod
2208 676 2313 709 rarius
2334 685 2436 717 quam

1423 717 1481 761 ipsi
1506 726 1622 760 putant
1637 742 1646 757 ‚
1668 717 1836 753 accidere,
1859 719 2025 760 interje<9m
2048 718 2189 753 ostendit
2204 718 2343 752 ssauhini
2369 717 2438 752 val-

1423 761 1519 798 vula,
1544 760 1781 803 ostenduntque
1806 760 1868 793 alia
1890 773 1963 805 quae
1991 761 2065 796 sunt
2088 775 2105 795 a
2130 762 2224 797 nobis
2247 763 2281 795 in
2310 761 2436 794 Adver-

1423 805 1514 839 sariis
1537 808 1548 843 (
1572 814 1588 835 r
1608 807 1622 845 )
1644 813 1919 839 commemorata.
1942 806 2163 840 Similitudine
2187 816 2296 840 autem
2306 805 2437 847 decipi,

1424 860 1490 882 non
1513 846 1645 895 difficile
1668 847 1710 881 cst
1732 846 1948 881 demonstrare
1972 849 2120 891 pluribus
2143 851 2176 882 in
2190 850 2333 883 medium
2359 859 2438 892 pro-

1425 894 1499 927 latis
1523 890 1679 934 ejusmodi
1703 891 1848 924 vomitus
1871 891 2165 927 Observationibus
2187 894 2235 926 vel
2261 904 2294 926 m
2315 894 2352 925 iis
2363 892 2439 934 qui-

1425 938 1486 971 bus
1511 947 1526 969 a
1550 934 1666 969 Crasiis
1691 935 1850 968 intestinis
1873 934 1911 968 ad
1930 940 1970 968 os
1995 937 2048 969 via
2081 947 2146 969 erat
2171 938 2309 970 omnino
2335 938 2438 969 inter-

1424 979 1532 1015 clusa.
1559 979 1647 1013 Vide
1671 979 1779 1018 enim;
1803 987 1838 1011 ut
1861 988 1993 1012 caeteras
2015 980 2171 1012 omittam
2194 981 2250 1013 ubi
2279 978 2362 1012 hanc
2385 988 2438 1011 ar-

1424 1022 1561 1057 &issima
1585 1021 1696 1057 hernia
1720 1024 1807 1055 viam
1822 1047 1831 1061 ‚
1857 1031 1912 1056 aut
1925 1021 2127 1063 obstructio,
2151 1033 2205 1056 aut
2223 1023 2361 1057 coalitus
2384 1022 2438 1056 in-

1423 1065 1665 1107 tercipiebant5
1689 1065 1781 1103 vide,
1805 1066 1939 1108 inquam
1967 1092 1976 1104 ,
2010 1067 2149 1109 exempli
2178 1066 2268 1100 <ausa
2290 1089 2303 1106 ,
2327 1064 2379 1098 hic
2403 1065 2439 1097 in

1424 1108 1637 1152 Sepulcbreto
1661 1110 1740 1153 (s)
1765 1110 1901 1144 Henrici
1926 1111 1967 1143 ab
1999 1110 2103 1144 Heers
2125 1108 2402 1143 observationem
2428 1131 2437 1140 .

1423 1155 1527 1187 Puero
1552 1151 1705 1186 hernioso
1728 1154 1824 1187 simul
1848 1165 1923 1188 cum
1946 1163 2083 1187 omento
2108 1153 2211 1187 Ileuen
2246 1152 2437 1186 intestinum

1421 1205 1537 1239 agyrta
1560 1196 1665 1230 ferreo
1690 1197 1902 1231 constrixerat
1925 1195 2011 1237 filo,
2037 1205 2074 1230 ut
2099 1195 2231 1230 transire
2257 1195 2339 1230 nilrl
2365 1193 2439 1237 pos-

1419 1241 1486 1275 set.
1510 1240 1597 1274 Puer
1619 1250 1726 1274 autem
1749 1249 1805 1282 per
1828 1251 1861 1272 os
1873 1239 1979 1282 ejeft'is
1999 1239 2181 1277 stercoribus
2200 1249 2349 1274 mortuus
2372 1238 2440 1272 est·-

1419 1286 1498 1321 Huc
1521 1283 1601 1317 adde
1624 1283 1681 1316 Cl.
1706 1283 1913 1325 Haguenotii
1939 1288 1949 1324 (
1973 1291 1988 1316 t
2009 1286 2025 1323 )
2047 1283 2216 1325 complura
2237 1285 2270 1316 in
2294 1281 2439 1319 felibus,

1420 1330 1454 1362 ἃ
1476 1328 1609 1361 canibus
1632 1327 1870 1370 experimenta:
1894 1329 1953 1370 qui
1977 1325 2246 1369 vinculoinjeeto
2271 1325 2439 1360 eidemin-

1418 1371 1557 1408 oestino,
1581 1370 1721 1404 stercora
1742 1371 1921 1405 vomebant
1944 1395 1951 1402 .
1988 1370 2074 1411 Qis
2099 1382 2115 1403 a
2139 1373 2249 1413 primo
2281 1382 2297 1402 e
2320 1367 2441 1403 Craffis

1415 1413 1486 1448 haec
1511 1414 1656 1454 redime,
1680 1425 1744 1449 non
1768 1413 1977 1449 existimasset
2008 1414 2066 1457 qui
2090 1415 2221 1448 Tenuia
2254 1411 2348 1447 fuisse
2382 1423 2440 1445 oc-

1415 1457 1501 1492 clusa
1526 1457 1661 1492 nesciret
1681 1463 1693 1492 ?
1726 1457 1856 1501 Nempe
1879 1469 1953 1501 quae
1974 1469 2015 1491 ex
2039 1458 2225 1491 ventriculo
2258 1455 2441 1491 detrudun-

1418 1510 1473 1535 tur
1496 1502 1534 1536 ad
1548 1502 1698 1536 intestina
1715 1524 1724 1539 ,
1748 1502 1838 1535 illius
1852 1525 1861 1538 ‚
1884 1504 1916 1535 δι
1938 1513 2016 1535 mox
2028 1501 2149 1536 horum
2165 1501 2289 1542 succis,
2313 1503 2440 1541 &pan-

1419 1547 1562 1580 creatico
1577 1570 1587 1587 ‚
1610 1548 1641 1578 δε
1664 1546 1727 1578 bile
1753 1544 1899 1580 admistis
1919 1567 1931 1584 ,
1963 1544 2111 1587 pluribus
2134 1554 2243 1579 autem
2275 1546 2311 1576 in
2342 1541 2437 1585 chyli

1420 1589 1535 1623 duetus
1559 1589 1730 1632 particulis
1753 1589 1952 1626 amandatis,
1978 1587 2002 1621 si
2024 1599 2125 1631 quam
2149 1590 2183 1621 in
2193 1586 2313 1622 Crasiis
2335 1587 2437 1620 debe-

1422 1644 1492 1665 rent
1507 1655 1515 1669 ‚
1539 1644 1610 1666 eam
1632 1633 1667 1664 in
1690 1633 1883 1671 Tenuibus‚
1906 1631 2117 1666 inflammatis
2141 1630 2320 1674 praesertim
2346 1654 2359 1671 ,
2382 1629 2443 1664 ha-

1421 1676 1497 1710 bere
1520 1685 1648 1710 moram
1670 1684 1856 1717 cogantur3
1879 1674 2013 1708 eandem
2036 1676 2071 1707 in
2096 1675 2148 1709 his
2159 1672 2317 1712 referent,
2342 1684 2442 1718 quam

1422 1721 1457 1752 in
1482 1719 1568 1758 illis,
1593 1718 1704 1752 odoris
1727 1717 1943 1757 foeditatern,
1964 1721 1996 1750 ὅ(
2019 1716 2157 1752 stercora
2180 1721 2281 1752 etiam
2297 1743 2306 1758 ,
2329 1715 2439 1759 siquis

1424 1762 1530 1803 velit,
1555 1772 1620 1795 non
1644 1760 1769 1803 injuria
1794 1771 1952 1805 poterunt
1975 1761 2154 1804 appellari,
2177 1771 2213 1794 ut
2236 1761 2350 1795 docuit
2366 1763 2442 1794 Pic-

1424 1804 1630 1841 colhominus
1652 1808 1666 1844 ζ
1687 1816 1708 1838 u
1729 1808 1767 1844 ).,
1791 1816 1909 1847 negans
1934 1815 2104 1848 propterea
2125 1827 2134 1842 ,
2158 1804 2369 1839 necessarium
2393 1804 2442 1837 es-

1424 1849 1455 1884 se
1473 1872 1482 1887 ,
1519 1849 1671 1891 reliquias
1695 1848 1761 1880 cibi
1793 1850 1827 1881 in
1851 1847 1962 1882 Craffa
1995 1849 2165 1891 pervenire
2189 1872 2199 1887 ‚
2234 1858 2271 1881 ut
2295 1848 2442 1882 stercoris

1426 1893 1595 1934 acquirant
1619 1900 1786 1926 naturam.
1811 1892 1938 1925 Verum
1962 1901 1999 1924 ut
2023 1894 2159 1926 minime
2182 1893 2215 1925 in
2240 1890 2304 1926 hoc
2331 1891 2444 1925 homi-

1425 1946 1479 1970 nes
1503 1934 1676 1972 sallantur3
1700 1946 1738 1968 ex
1763 1934 1823 1969 hoc
1849 1940 1958 1967 tamen
1980 1935 2054 1977 ipso
2078 1938 2111 1967 in
2136 1947 2279 1969 errorem
2309 1936 2443 1976 rapiun-

1423 1988 1498 2015 tur,
1523 1990 1597 2013 cum
1620 1991 1635 2012 e
1658 1976 1775 2012 Craffis
1798 1990 1834 2012 ea
1858 1977 1962 2013 redire
1986 2000 1997 2016 ‚
2031 1978 2219 2013 existimant
2241 2001 2254 2017 ,
2286 1990 2357 2021 quae
2391 1989 2441 2012 re-

1422 2021 1523 2056 deunt
1547 2034 1563 2055 e
1587 2022 1780 2057 Tenuibus.

1465 2076 1517 2104 29.
1543 2067 1591 2098 At
1621 2066 1711 2098 enim
1745 2075 1761 2098 e
1795 2063 1913 2099 Crassis
1936 2063 2037 2107 usque
2074 2065 2235 2097 intestinis
2268 2065 2440 2108 provenire

1423 2107 1534 2152 posse,
1557 2107 1778 2143 demonstrant
1803 2106 2018 2150 suppositoria
2033 2128 2043 2146 ‚
2063 2111 2095 2141 &
2118 2107 2276 2150 clysmata
2302 2109 2342 2141 ab
2357 2110 2443 2142 ileo-

1423 2153 1461 2187 iis
1486 2164 1540 2194 per
1562 2164 1598 2186 os
1621 2151 1720 2196 ejee‘ta
1744 2175 1751 2184 .
1786 2151 1860 2193 Ego
1884 2162 1962 2184 vero
1985 2152 2025 2184 de
2056 2150 2284 2194 suppositoriis
2307 2155 2379 2186 satia
2405 2154 2442 2185 in

1424 2196 1626 2231 Adversariis
1647 2199 1661 2236 (
1684 2205 1705 2228 x
1728 2198 1738 2233 )
1763 2193 1878 2229 dixisse
1900 2194 2015 2228 videor
2039 2196 2120 2237 quid
2145 2194 2322 2233 sentirem5
2346 2206 2383 2229 ut
2403 2196 2442 2229 ie

1423 2238 1615 2281 clysteribus
1639 2249 1770 2282 quoque
1793 2264 1801 2272 .
1835 2237 1896 2272 Sed
1920 2240 2081 2279 quoniam
2105 2239 2223 2272 horum
2249 2249 2305 2284 per
2329 2240 2443 2272 vomi-

1425 2293 1496 2316 tum
1522 2281 1732 2325 rejectionem
1755 2282 1818 2323 legi
1843 2279 1949 2323 postea
1973 2281 2058 2323 apud
2081 2293 2150 2315 non
2171 2284 2354 2325 ignobilem
2370 2285 2443 2317 Au-

1426 2326 1568 2365 ctorem,
1586 2323 1770 2368 frequenter
1793 2324 1959 2363 accidere,
1986 2326 2068 2366 apud
2094 2326 2195 2359 alium
2221 2335 2329 2361 autem
2355 2326 2442 2361 banc

1429 2381 1540 2410 corum
1565 2367 1776 2411 rejectionem
1790 2367 1855 2401 fine
1879 2368 2250 2403 inversointestinorurn
2274 2380 2367 2405 motu
2381 2380 2444 2403 no-

1429 2425 1467 2447 va
1488 2412 1623 2455 quidam
1657 2414 1783 2446 ratione
1805 2412 2000 2454 explicatam
2025 2424 2035 2452 3
2069 2412 2227 2446 nonnulla
2251 2415 2314 2446 tibi
2351 2414 2444 2456 super

1426 2465 1564 2498 utraque
1588 2466 1622 2489 re
1649 2455 1701 2491 hic
1725 2455 1837 2491 addere
1862 2455 2034 2488 constitui.
2061 2456 2104 2489 Et
2127 2457 2215 2498 quod
2241 2457 2278 2489 ad
2303 2459 2444 2498 primam

1429 2501 1571 2540 attinet,·
1593 2499 1739 2532 Galenus
1761 2499 1898 2542 quidem
1932 2510 2008 2532 cum
2033 2500 2153 2532 inverti
2187 2501 2221 2532 in
2246 2500 2346 2534 Iliaca
2371 2501 2443 2542 pas·-

1428 2542 1570 2581 sionem,
1595 2544 1664 2576 imo
1688 2545 1720 2576 ὃ(
1743 2552 1831 2576 extra
1857 2541 1959 2584 ipsam
1983 2566 1994 2582 ‚
2024 2542 2254 2577 intestinorum
2278 2552 2406 2577 motum
2433 2565 2443 2581 ,

1427 2598 1493 2620 non
1520 2597 1585 2621 uno
1607 2587 1640 2619 in
1665 2585 1752 2619 libro
1776 2593 1829 2629 (y
1854 2588 1863 2624 >
1888 2585 2005 2619 docuit
2028 2608 2041 2625 ,
2065 2596 2135 2619 tum
2160 2586 2288 2629 insuper
2315 2588 2381 2622 III.
2404 2587 2444 2622 de

1429 2631 1612 2673 Symptom.
1637 2630 1751 2663 Caufls
1775 2635 1785 2669 (
1810 2629 1868 2672 z)
1893 2629 2009 2668 semel,
2032 2630 2219 2671 iterumque
2243 2629 2442 2671 affirmavit,

1427 2672 1566 2715 elysio-is
1591 2672 1711 2714 aliquid
1734 2672 1889 2707 nonnullis
1912 2673 1944 2704 in
1965 2679 2106 2705 ’ventrem
2131 2674 2188 2712 (id
2209 2673 2253 2706 est
2278 2676 2442 2708 ventricu-

1428 2717 1521 2754 lum)
1541 2715 1688 2760 subiisse:
1712 2716 1759 2749 ita
1783 2724 1820 2750 ur
1840 2723 2018 2750 ⁸renuerent:
2037 2716 2318 2757 praeterea-stercus
2341 2718 2373 2751 in
2397 2718 2444 2752 le-

1428 2759 1570 2793 thalibus
1592 2761 1693 2795 aleis.
1720 2759 1781 2793 Sed
1816 2760 1855 2792 ab
1879 2758 1944 2800 ejus
1968 2768 2114 2800 ternpore
2138 2759 2236 2802 usque
2259 2761 2296 2794 ad
2311 2770 2445 2796 aetatern

1426 2804 1482 2848 Jo.
1507 2803 1662 2837 Matthaei
1684 2802 1722 2837 de
1745 2803 1858 2837 Grado
1882 2805 1969 2841 (a),
1992 2802 2025 2835 id
2049 2803 2095 2835 est
2120 2816 2135 2836 a
2161 2801 2304 2837 secundo
2326 2803 2366 2838 ad
2387 2804 2444 2839 de-

1433 2848 1555 2880 cimum
1568 2849 1738 2891 quinctum
1764 2845 2049 2891 AEraeChristianae
2073 2847 2291 2889 saeculumqui
2316 2849 2350 2882 id
2363 2860 2446 2882 con-

1432 2890 1623 2930 firmarent,
1648 2902 1712 2924 non
1740 2890 1874 2924 memini
1897 2890 2023 2930 legisse.
2051 2890 2177 2924 Extitit
2199 2890 2314 2925 deinde
2327 2892 2445 2927 sacculo

1433 2935 1559 2968 decimo
1587 2933 1678 2968 sexto
1704 2935 1760 2977 qui
1784 2934 1816 2967 id
1841 2931 1954 2966 vidisse
1978 2933 2030 2972 sc,
2055 2931 2208 2967 scriberet
2233 2934 2340 2977 Julius
2365 2936 2444 2970 Ale-

1431 2978 1609 3013 xandrinus
1634 2977 1699 3019 (b)
1714 2999 1724 3015 ‚
1748 2976 1800 3010 sed
1824 2986 1881 3009 non
1904 2983 1969 3009 tam
1985 2976 2089 3019 saepe,
2114 2977 2280 3019 aliquando
2305 2986 2408 3012 tamen
2432 3003 2445 3020 ,

1433 3032 1470 3055 ιιι
1494 3022 1544 3056 bis
1562 3022 1782 3067 Jo.rFrancus
1803 3018 1969 3055 Hildesius
1996 3025 2074 3063 (c).
2100 3021 2223 3054 Saeculo
2246 3030 2353 3056 autem
2369 3034 2447 3063 pro-

1431 3067 1525 3099 ximo
1545 3088 1555 3103 ‚
1589 3067 1621 3098 &
1642 3063 1704 3098 hoc
1728 3062 1798 3105 ipso
1822 3074 1887 3095 non
1912 3065 2005 3106 pauci
2032 3066 2145 3107 utique
2167 3090 2174 3098 .
2210 3066 2331 3107 Lege-re
2354 3067 2442 3099 enlm

1432 3119 1522 3151 potes
1545 3108 1657 3142 Abelis
1681 3107 1792 3142 Roscii
1817 3110 1827 3146 (
1851 3106 1902 3149 d)
1928 3106 2182 3143 Observationes
2210 3119 2294 3144 tres,
2320 3110 2445 3144 Danie-

1432 3154 1471 3185 lis
1495 3153 1640 3186 Sennerti
1665 3154 1675 3190 (
1699 3161 1713 3184 e
1737 3154 1770 3191 ),
1793 3152 1991 3187 utvidetur,
2015 3153 2046 3183 &
2066 3151 2203 3194 Joannis
2228 3152 2443 3186 Hem-iciLa-

1434 3198 1536 3230 vateri
1564 3192 1618 3238 (f
1633 3197 1666 3234 ),
1689 3197 1718 3228 &
1743 3195 1838 3227 Lucae
1863 3193 2032 3227 Schrockii
2046 3196 2148 3237 patris
2171 3198 2238 3238 (g)
2254 3221 2262 3234 ‚
2288 3199 2319 3228 δε
2338 3196 2443 3239 Joan-

1434 3240 1482 3273 nis
1497 3239 1607 3280 Meryi
1636 3237 1677 3278 (h
1691 3240 1700 3276 )
1714 3236 2059 3280 singulorumsingulas
2075 3260 2084 3275 ‚
2109 3238 2217 3280 plures
2242 3247 2347 3272 autem
2362 3239 2444 3272 Col-

1434 3283 1595 3317 lchorum
1608 3280 1821 3316 Bibliothecae
1834 3285 2040 3317 Anatomicae
2066 3281 2146 3325 (i):
2172 3286 2201 3314 ὅ(
2213 3293 2365 3326 pzeterea
2378 3281 2443 3316 sine

1436 3326 1536 3359 Iliaca
1552 3348 1561 3363 ,
1587 3335 1640 3358 aut
1656 3325 1772 3359 Colica
1785 3324 1918 3365 paliione
1932 3350 1940 3365 ‚
1963 3336 2059 3359 unam
2074 3327 2160 3358 Petri
2178 3326 2294 3358 borelli
2307 3324 2350 3367 (le)
2363 3348 2371 3361 ,
2398 3326 2445 3359 al-

1437 3378 1538 3404 teram
1550 3368 1702 3403 Friderici
1716 3368 1814 3401 Loffii
1828 3373 1837 3407 (
1851 3368 1881 3409 l)
1895 3391 1905 3406 ‚
1929 3369 2061 3402 tertiam
2073 3370 2212 3411 Georgii
2227 3370 2334 3410 Segeri
2347 3370 2400 3412 (m
2412 3373 2423 3409 )
2436 3394 2445 3410 ‚

2305 3423 2401 3454 quar-

1616 3501 1625 3534 (
1643 3509 1653 3527 t
1668 3502 1681 3532 )
1700 3505 1780 3527 Mem.
1796 3504 1825 3527 de
1842 3503 1940 3527 l'Acad.
1957 3505 1989 3529 P..
2007 3504 2047 3528 des
2063 3505 2101 3528 Sc.
2119 3504 2149 3529 A.
2168 3511 2235 3533 1713.

1548 3535 1566 3558 l.
1588 3542 1608 3563 3.
1626 3541 1648 3557 c.
1667 3541 1702 3562 ¹3·
1721 3538 1741 3558 ἅς
1760 3535 1784 3558 in
1802 3534 1874 3563 Hipp.
1893 3537 1921 3557 de
1942 3534 2002 3558 Vici.
2023 3535 2047 3557 in
2065 3537 2136 3559 Acut.
2154 3536 2253 3569 Coi-nm.
2270 3542 2292 3565 3.
2308 3542 2386 3565 n.33.

1336 3568 1344 3597 (
1363 3567 1376 3590 b
1395 3567 1409 3596 )
1426 3566 1488 3595 apud
1504 3565 1624 3589 Schenck.
1644 3565 1700 3588 Obs.
1720 3567 1786 3589 Mea
1802 3566 1816 3589 1.
1838 3573 1859 3594 3.
1877 3564 1918 3588 sub
1935 3565 1973 3588 tit.
1992 3565 2084 3590 Variar.
2103 3573 2149 3590 rer.
2169 3567 2262 3590 vomit.

1247 3602 1255 3627 ἰ
1272 3606 1283 3620 ²
1300 3597 1313 3625 )
1331 3597 1356 3623 in
1372 3598 1416 3623 hac
1436 3605 1472 3625 ιφ.
1491 3596 1613 3625 Sepulchr.
1633 3596 1654 3620 S.
1674 3596 1756 3620 Schol.
1773 3598 1800 3619 ad
1818 3595 1876 3619 Obs.
1895 3604 1933 3619 20.
1953 3595 1975 3626 §.
1994 3603 2019 3624 ¹3

1418 3645 1423 3651 .
1441 3628 1522 3652 Schol.
1536 3626 1564 3650 ad
1582 3626 1641 3650 obs,
1662 3634 1713 3656 '¹931

1395 3658 1431 3688 (k
1442 3663 1449 3687 )
1461 3660 1549 3683 Genti
1563 3656 1619 3681 Obs.
1632 3664 1668 3685 ¹7-

1776 3628 1790 3657 (
1806 3627 1819 3649 h
1837 3627 1849 3654 )
1867 3627 1925 3650 ΟΜ.
1948 3635 1966 3649 ι.
1984 3613 2032 3650 cit..
2046 3626 2112 3655 supra
2128 3625 2157 3649 ad
2173 3633 2197 3649 n.
2218 3629 2253 3649 16.

1734 3658 1764 3684 (l
1776 3662 1783 3687 1'
1800 3656 1855 3681 vid.
1867 3656 1945 3680 schol.
1959 3657 2033 3681 modo
2043 3657 2086 3681 cit.
2096 3657 2122 3681 in
2129 3657 2194 3685 Epa.
2209 3655 2284 3682 N-G.
