2498 4075
379 158 479 209 ²34

309 225 434 256 moram
456 219 584 256 detrahi
607 219 721 263 p'offit,
748 227 784 254 ut
807 219 869 252 alia
891 216 949 251 effe
969 227 1067 260 quam
1089 214 1195 251 statim
1218 228 1273 260 per
1296 217 1325 251 se

313 264 466 304 fuissent,
492 267 526 298 in
549 264 769 306 experimento
790 261 977 296 videantur.

358 320 409 351 29.
437 308 498 342 Sed
520 308 643 341 Caelius
654 307 846 340 Aurelianus
869 308 883 344 (
904 306 923 337 d
944 307 958 343 )
981 302 1036 336 ubi
1060 302 1220 347 plurimos
1232 315 1325 337 com-

312 362 473 387 memorat
497 350 651 385 Medicosf
669 352 727 393 qui
750 360 816 383 non
840 348 879 382 ad
903 355 1043 380 mortem
1066 347 1324 390 praedicendam,

312 395 363 429 sed
387 394 426 428 ad
456 394 685 437 discernendum
704 392 908 435 purulentum
944 390 1096 432 liquorem
1116 413 1128 431 ,
1159 401 1323 435 aegro-rum

312 439 404 481 sputa
442 439 477 471 in
504 449 619 480 aquam
651 441 665 477 (
688 437 843 469 marinam
866 445 932 467 non
956 433 1039 468 dicit
1062 438 1075 473 )
1111 434 1284 467 mittebant
1311 455 1321 474 ,-

310 491 364 516 aut
386 481 581 518 carbonibus
604 480 812 523 imponebant
831 501 841 516 ,
874 479 1016 521 itemque
1038 476 1210 512 Cornelius
1246 478 1323 510 Cel..

309 525 359 560 sus
381 529 396 564 (
417 537 433 559 e
453 529 467 565 )
490 525 546 559 ubi
570 536 680 559 eorum
706 524 902 556 mentionem
927 520 1031 561 facit,
1078 520 1111 554 ui
1133 518 1203 554 hoc>
1222 521 1324 554 altero

311 569 485 602 utebantur
508 567 622 611 signo,
645 578 720 601 cum
742 567 778 599 de
802 564 924 608 phthisi
947 562 1057 598 dubita
1081 571 1161 602 anr3
1186 575 1250 598 non
1263 564 1323 597 ob-

309 613 396 648 scure
418 613 571 646 videntur
594 610 730 654 probare
754 607 934 643 istiusmodi
959 605 1230 653 consuetudines.-
1254 609 1322 650 pri-

309 667 380 691 rnus
403 665 508 689 autem
531 657 565 688 in
590 653 759 697 phthisicis
790 664 829 686 ex
853 652 1013 694 sanguinis
1036 651 1208 693 rejeetione
1229 649 1323 694 'sputa

308 711 347 733 ex
369 699 480 733 lividis
502 700 551 732 vel
576 697 706 741 prasinis
731 696 797 729 sieri
821 695 893 730 alba
916 703 1009 737 atq-ue
1033 694 1202 736 purulenta
1230 720 1239 734 ,
1272 694 1322 728 di-

309 743 391 776 serte
413 742 526 776 scribit
551 765 560 782 ‚
590 740 678 784 quod
713 741 820 783 primo
854 739 904 771 illi
938 746 1096 780 repugnat
1130 737 1169 771 ab
1186 739 1327 785 Jacotio'

308 784 396 829 (f)
426 785 532 829 posito
564 786 648 818 inter
682 795 741 828 pus
773 806 787 823 ,
829 793 867 817 ac
900 782 1055 824 pituitam
1098 781 1277 815 discrimini

309 832 462 863 Praeterea
485 829 580 862 ambo
616 828 667 862 illi
699 835 818 860 veteres
851 824 1008 864 Medici,
1039 835 1122 867 quos
1155 826 1322 869 plerique,

309 876 343 906 ἂν
378 884 436 906 nos
468 872 534 911 fere
566 871 626 905 hac
661 872 695 904 in
720 868 865 912 Epistola
895 869 943 902 ita
974 868 1137 911 sequimur
1160 892 1172 909 ,
1200 878 1244 907 3ut
1268 881 1321 904 eos

309 926 418 950 tamen
442 917 500 958 qui
535 916 629 949 aliter
661 914 803 948 sentiunt
828 937 837 952 ,
870 923 935 945 non
967 912 1187 955 improbemus
1210 935 1220 951 ,
1256 925 1326 948 eam

307 960 416 993 tabem
448 961 483 992 in
506 970 569 1002 qua
602 958 724 993 saniosa
747 968 782 990 ac
818 957 988 1000 purulenta
1021 956 1111 999 sputa
1135 968 1198 990 non
1230 956 1290 991 sint
1315 974 1327 997 ,

307 1002 467 1047 phthisim
500 1014 566 1037 non
589 1011 746 1036 vocarunt
779 1012 817 1034 ne
840 1010 912 1034 tum
945 999 1076 1043 quidem
1099 1012 1174 1034 cum
1207 1012 1265 1044 pus
1290 1003 1324 1035 in

307 1048 440 1081 thorace
454 1070 464 1085 ‚
488 1056 586 1091 atque
608 1046 689 1081 adeo
710 1046 745 1078 in
769 1044 922 1086 pulmone
945 1044 1120 1077 colleftum
1132 1043 1204 1078 esset
1221 1069 1228 1077 ,
1251 1046 1322 1078 Ita«

306 1103 370 1134 que
393 1092 518 1133 primus
537 1090 701 1134 phthisicae
720 1086 867 1131 passionis
890 1111 904 1129 ,
943 1090 974 1121 &
1009 1089 1154 1130 empyicae
1177 1088 1224 1135 vel
1250 1097 1323 1122 tum

306 1134 482 1169 discrimen
518 1134 577 1168 esse
602 1158 613 1174 ,
647 1133 760 1167 docuit
782 1155 796 1173 ,
826 1143 901 1165 cum
934 1132 967 1163 in
1001 1130 1059 1164 hac
1084 1142 1141 1174 pus
1175 1131 1322 1178 rei-icitur

307 1189 374 1211 non
408 1179 567 1221 paulatim
591 1188 643 1219 per
677 1177 769 1219 sputa
795 1200 805 1216 ,
829 1175 880 1210 sed
898 1176 1074 1208 acervatim
1100 1199 1106 1206 .
1140 1175 1252 1209 Celsus
1267 1187 1322 1210 au..

307 1230 374 1255 tem
399 1232 464 1255 non
490 1220 670 1254 tradidisset
695 1220 749 1263 (g
771 1223 806 1259 )‚
833 1231 849 1252 a
873 1217 1043 1261 phthificis
1062 1220 1287 1260 pus-excrearz·
1311 1245 1321 1260 ‚

307 1264 331 1299 si
356 1266 525 1307 empyicos
560 1276 619 1307 pro
643 1262 816 1307 phthisicis
851 1263 955 1306 accipi
981 1288 990 1302 ,
1026 1259 1174 1296 voluisset
1195 1288 1203 1296 .
1238 1264 1320 1297 Em-

303 1309 422 1352 pyicos
454 1309 540 1342 enim
562 1319 636 1342 cum
669 1305 858 1342 describeret
882 1309 897 1346 (
918 1307 939 1339 h
961 1310 974 1346 )
992 1329 1004 1345 ,
1038 1304 1076 1339 ad
1099 1316 1199 1347 eaque·
1233 1304 1321 1349 signa

303 1364 375 1396 quse
398 1352 618 1395 Hippocrates
643 1349 826 1394 prodiderat
853 1373 865 1390 ,
900 1348 1025 1393 aliquid
1046 1372 1058 1390 ‚
1091 1357 1128 1385 ut
1164 1347 1319 1385 Ronsseus

304 1402 314 1437 (
338 1397 350 1429 ι’
372 1399 386 1435 )
408 1394 660 1435 animadvertit,
682 1393 721 1428 de
744 1394 801 1428 suo
824 1392 980 1433 adderet,
1004 1391 1043 1426 ad
1066 1403 1159 1428 venas
1182 1395 1328 1428 attinens>

302 1451 376 1484 quae
401 1440 458 1473 sub
482 1440 593 1481 lingua
616 1438 713 1479 sunt,
735 1437 819 1471 nihil
843 1438 995 1471 tamenin
1018 1437 1059 1470 iis
1081 1447 1153 1478 quae
1169 1448 1318 1470 excrean-

302 1493 381 1525 tur,
404 1484 543 1517 mutavit
565 1507 571 1515 .
606 1483 845 1524 Hippocratem
868 1483 953 1515 enim
979 1478 1109 1527 videbat
1134 1490 1198 1514 non
1222 1482 1256 1514 in
1280 1493 1319 1515 eo

302 1537 431 1562 tantum
453 1551 465 1568 ,
498 1539 593 1570 quem
630 1525 830 1569 potissimum
863 1535 941 1558 tunc
973 1524 1085 1557 Celsus
1121 1523 1281 1566 spestabat
1305 1549 1317 1566 ‚

304 1571 551 1605 Praenotionum
577 1572 594 1613 (
613 1570 632 1610 le
653 1573 668 1609 >
690 1569 787 1606 loco,
810 1568 860 1602 sed
883 1571 916 1602 &
939 1568 974 1600 in
997 1568 1113 1600 Coacis
1135 1570 1149 1606 (
1173 1568 1185 1601 l
1207 1573 1244 1610 ),
1269 1570 1318 1602 in-

303 1623 354 1648 ter
379 1615 628 1657 supputatorum
651 1611 737 1655 signa
761 1612 941 1645 constanter
964 1610 1027 1643 hoc
1051 1621 1168 1653 ponere
1194 1634 1207 1652 ,
1229 1612 1319 1655 quod

301 1658 384 1693 nihil
406 1665 580 1692 memoratu
603 1656 732 1698 dignum
747 1655 887 1697 spirant.
912 1652 1049 1696 Qodfi
1073 1655 1183 1688 alioin
1209 1656 1318 1695 libro3

301 1703 331 1736 is
355 1713 430 1735 vero
452 1700 494 1735 est
517 1702 575 1745 qui
599 1698 788 1732 inscribitur
813 1697 851 1731 de
875 1699 973 1731 Locis
1004 1698 1038 1729 in
1063 1696 1319 1740 hominesne),

302 1754 472 1789 antequam
495 1744 708 1787 suppuratum
731 1752 770 1778 ex
793 1753 831 1775 eo
852 1740 1033 1784 conjeftare
1055 1741 1187 1775 doceret
1198 1757 1212 1780 ‚⁴
1232 1743 1319 1785 quod

298 1789 454 1835 spiritum
477 1788 614 1823 multum
635 1785 750 1824 hahet,
770 1783 1045 1830 subraucofiusque
1068 1784 1290 1827 loquitnrem.
1306 1809 1316 1823 ,

302 1832 439 1867 eundem
457 1842 522 1875 pus
545 1840 686 1865 excreare
700 1853 712 1870 ,
734 1829 821 1867 dixit
834 1841 844 1867 3
870 1828 931 1862 hoc
949 1829 1067 1866 aliter,
1095 1837 1149 1861 aut
1162 1829 1231 1871 post
1255 1830 1316 1863 alia

300 1887 398 1920 quarn
421 1874 621 1918 phthisicos,
648 1872 785 1916 ejicere,
808 1872 1014 1915 intelligebat
1035 1894 1047 1911 ,
1069 1870 1164 1905 sicuti
1186 1883 1224 1905 ex
1248 1874 1317 1907 lau-

301 1921 372 1954 dati
395 1919 493 1952 Caelii
518 1918 656 1951 lectione
679 1917 811 1958 colliges
830 1929 838 1948 :
864 1918 896 1949 δε
919 1924 1004 1948 certe
1028 1926 1067 1947 eo
1088 1914 1161 1958 ipso
1184 1916 1218 1948 in
1241 1917 1318 1949 loco

302 1965 383 1997 alios
407 1961 464 1996 esse
485 1961 685 2004 Hippocrati
710 1958 911 2004 phthisicos,
935 1959 1016 1993 alios
1038 1957 1252 2002 suppuratos‚
1276 1960 1317 1993 il-

302 2007 358 2042 lud
381 2004 550 2042 manifesto
574 2004 753 2044 monstrat,
775 2003 862 2048 quod
888 2003 985 2045 paulo
997 2011 1068 2036 ante
1091 2005 1104 2042 (
1127 2013 1151 2035 n·
1170 2006 1183 2042 )
1206 2002 1316 2043 dixit,

296 2053 491 2096 fizppnratos
515 2059 551 2083 ex
574 2049 624 2083 his
648 2047 766 2082 tabidis
782 2047 851 2090 five
871 2046 1037 2089 phthzficz's
1059 2056 1154 2089 graece
1178 2046 1316 2088 appella-

304 2096 349 2129 ris
375 2117 384 2132 ‚
414 2093 490 2137 fieri
514 2117 526 2133 ,
548 2091 604 2126 uhi
626 2102 738 2134 corpus
760 2090 936 2125 humeridus
951 2089 1080 2134 fabium
1096 2087 1204 2132 fuerit
1227 2101 1235 2121 .-
1262 2091 1315 2124 ,29‘

302 2147 411 2173 contra
433 2137 487 2170 ubi
499 2136 613 2179 βαίη]
629 2132 889 2178 fueritfafium‚
912 2144 951 2167 ex
958 2133 1146 2177 suppuratis
1171 2130 1295 2166 tabidos
1312 2159 1320 2166 .

347 2193 399 2224 30.
425 2183 548 2214 Verum
570 2187 606 2213 ut
630 2177 672 2212 ad
696 2189 769 2211 eum
793 2188 810 2217 a
831 2188 897 2219 quo
920 2177 983 2210 tibi
1006 2174 1136 2211 fortasse
1166 2175 1319 2219 digressus

303 2226 439 2263 videor,
464 2223 641 2258 sermonem
665 2221 789 2256 redeam
801 2233 814 2260 3
838 2220 997 2264 intelligis
1022 2218 1193 2264 proferto,
1218 2232 1316 2263 quam

305 2268 402 2303 facile
426 2267 541 2311 poffint
565 2265 713 2300 homines
744 2264 852 2307 decipi
875 2266 910 2297 in
945 2274 1034 2299 tanta
1058 2261 1234 2306 aliquando
1257 2275 1318 2311 pu7

304 2314 348 2347 ris
374 2310 565 2355 agnoscendi
588 2333 599 2350 ,
622 2308 852 2352 judicandique
875 2307 1066 2343 difficultate
1087 2331 1101 2348 ,
1133 2317 1170 2341 ut
1194 2308 1318 2341 etiamsi

305 2355 446 2400 phthisis
470 2366 536 2388 non
559 2354 593 2386 in
617 2353 683 2386 sola
708 2353 899 2395 pulmonum
923 2352 1032 2385 abdita
1057 2351 1319 2391 exulceratione,

306 2400 359 2434 sed
383 2402 415 2433 &
438 2400 472 2432 in
496 2398 585 2440 puris
609 2396 750 2429 evidenti
785 2406 840 2437 per
864 2394 954 2437 sputa
977 2395 1236 2442 expthoratione
1259 2393 1321 2427 sta-

305 2453 440 2481 tuatur,
464 2451 571 2475 tamen
593 2439 653 2473 sibi
677 2438 840 2472 interdum
863 2438 1034 2471 videantur
1067 2448 1133 2479 Jure
1159 2438 1286 2470 credere
1309 2461 1321 2477 ,

307 2499 378 2521 eam
401 2484 559 2529 phthisim
584 2482 700 2522 fuisse,
724 2493 796 2525 quae
819 2492 883 2513 non
908 2481 1006 2515 fuerit
1031 2505 1039 2513 .
1076 2480 1178 2521 Qod
1202 2483 1248 2513 ita
1270 2479 1322 2514 di-

307 2544 371 2571 co,
394 2539 430 2563 ut
454 2540 518 2562 non
544 2536 650 2561 tamen
673 2537 762 2559 veros
786 2523 966 2567 phthisicos
979 2535 1213 2567 nonnunquam
1235 2523 1323 2558 sana-

307 2585 361 2609 tos
383 2572 475 2608 fuisse
499 2582 636 2612 negem,
657 2571 744 2604 inter
766 2570 861 2602 initia
886 2568 1082 2611 praesertim,
1106 2571 1139 2601 δε
1163 2579 1238 2610 pure
1259 2578 1324 2601 non

307 2616 413 2654 multo
435 2617 482 2650 ibi
492 2615 656 2654 colleeco,
678 2612 761 2648 unde
773 2621 942 2655 apertum,
967 2611 1206 2654 facilemquein
1225 2611 1324 2645 bron—

308 2662 381 2696 chia
406 2661 531 2695 aditum
554 2658 683 2692 haberet
706 2683 713 2690 .
752 2655 813 2690 Sed
836 2658 937 2690 rarius
967 2655 1001 2690 id
1024 2654 1148 2689 fadum
1179 2655 1288 2688 censeo
1314 2677 1323 2692 ,

308 2716 407 2751 quam
430 2704 481 2738 illi
504 2701 687 2736 existimant
711 2701 767 2743 qui
791 2700 925 2733 minime
948 2701 1073 2742 experti
1096 2698 1157 2731 sint
1173 2723 1181 2737 ‚
1203 2708 1323 2742 quanta

308 2749 435 2785 Medici
457 2746 628 2789 diligentia
643 2770 653 2786 ‚
677 2747 709 2779 &
733 2752 852 2787 quanta
875 2742 1056 2786 simulaegri
1080 2742 1262 2776 obedientia
1277 2754 1323 2775 re-

308 2795 458 2837 quiratur
492 2791 541 2823 vel
563 2788 604 2824 ad
636 2799 685 2822 eas
706 2787 865 2821 tollendas
896 2786 1077 2820 affectiones
1101 2798 1172 2829 quae
1196 2785 1325 2819 fortasse

309 2849 383 2870 vera
407 2832 545 2878 phthisis
569 2844 632 2866 non
656 2832 730 2866 sunt
748 2855 760 2872 ‚
792 2830 846 2865 etsi
872 2829 938 2874 ejus
958 2854 970 2871 ,
1003 2829 1091 2871 quod
1115 2829 1153 2864 ad
1178 2830 1323 2872 pleraque

311 2881 449 2916 attinet,
473 2874 711 2912 consimillimae
724 2873 896 2908 videantur
913 2900 921 2907 .
946 2873 1322 2916 Qandamejuscemodi

312 2924 376 2957 tibi
399 2921 572 2956 describere
595 2919 649 2952 hic
672 2919 778 2961 placet
797 2943 809 2959 ,
841 2927 877 2951 ut
901 2917 923 2951 si
949 2920 1055 2951 minus
1079 2918 1192 2960 poffim
1214 2918 1246 2952 in
1270 2916 1321 2950 his

312 2966 475 3006 Litteris,
496 2971 724 2999 mortuorum,
747 2971 783 2996 ut
807 2962 914 3000 soleo,
939 2960 1181 2996 ‹infastionibus
1194 2960 1323 2994 satissa-

312 3022 405 3051 cere,
426 3017 460 3043 at
470 3018 631 3051 aegrorum
641 3005 919 3039 observationibus
932 3029 944 3045 ‚
968 3003 1092 3045 fufius,
1112 3005 1324 3048 quemadmo-

312 3057 392 3089 dum
415 3053 522 3097 optari
548 3063 564 3084 a
586 3060 619 3083 te
643 3049 734 3088 scio,
756 3051 789 3082 δε
813 3051 968 3083 minutius
978 3048 1148 3091 descriptis
1163 3072 1172 3087 ‚
1198 3048 1321 3082 satisfa-

312 3101 416 3134 ciam.
442 3098 500 3132 Tu
521 3106 596 3129 curn
609 3093 725 3134 illam,
749 3092 943 3136 felicemque
957 3091 1023 3135 ejus
1038 3095 1242 3127 curationem
1253 3103 1323 3134 per-

315 3143 451 3186 legeris3
475 3150 553 3174 tunc
577 3150 644 3181 quo
654 3135 693 3170 fit
715 3138 848 3170 nomine
871 3136 1083 3179 appellanda,
1106 3135 1321 3169 existimabis.

357 3197 409 3228 31.
434 3185 555 3218 Comes
578 3179 759 3217 Feltriensis
778 3203 787 3219 ,
812 3191 876 3214 non
899 3181 1103 3222 gingivarum
1126 3179 1225 3213 modo
1247 3203 1259 3220 ,
1281 3183 1324 3226 ¹&

314 3230 463 3265 dentium
485 3226 638 3262 molestiis
662 3224 748 3258 haud
772 3224 858 3257 secus
890 3235 924 3257 ac
948 3224 1088 3257 Nobiles
1112 3225 1190 3258 Viri
1214 3246 1224 3261 ‚
1258 3234 1325 3265 ejus

314 3277 442 3309 Fratres
462 3295 472 3310 ,
508 3271 560 3305 sed
593 3277 742 3313 praeterea
774 3269 899 3303 narium
932 3267 1222 3314 exulcerationibus
1245 3289 1257 3306 ,
1292 3270 1325 3300 &

315 3314 526 3361 pruriginofis
549 3325 602 3358 per
623 3322 731 3347 cutem
763 3310 920 3354 herpetici
945 3311 1066 3352 generis
1100 3310 1326 3346 assertionibus

316 3359 489 3403 quotannis
512 3359 672 3392 obnoxius
686 3381 695 3396 ‚
717 3367 792 3389 cum
815 3356 1015 3397 voluptatem
1037 3366 1135 3399 quam
1171 3366 1208 3387 ex
1231 3365 1325 3387 vena-

317 3409 405 3438 tione
427 3403 595 3445 capiebat,
618 3400 764 3439 secutus,
785 3399 913 3433 summo
938 3410 1026 3432 mane
1060 3410 1113 3441 per
1136 3407 1326 3431 autumnum

318 3449 397 3492 saepe
420 3448 448 3481 se
471 3445 590 3488 frigori
614 3443 803 3485 objecisset,
826 3444 859 3475 in
885 3442 1013 3476 rheuma
1031 3442 1188 3476 inciderat
1212 3452 1326 3483 grave,

320 3496 372 3527 cui
405 3492 433 3524 se
455 3490 541 3525 tuffis
562 3513 575 3528 ,
608 3491 639 3521 ὃ(
665 3487 767 3521 mense
797 3485 926 3522 demum
949 3486 1131 3520 Novembri
1165 3485 1325 3527 sanguinis

322 3542 450 3580 sputum
471 3532 638 3575 adjunxit.
665 3531 874 3573 Qapropter
897 3529 978 3564 reeta
1002 3541 1077 3563 vena
1101 3528 1169 3570 est,
1201 3531 1233 3564 δε,
1256 3540 1329 3562 cum

877 138 1069 192 :Liber
1102 136 1166 190 11.
1199 138 1285 194 De
1320 136 1530 191 Morbis
1563 115 1822 191 thomeis.

1374 214 1504 258 sputum
1528 215 1689 257 sanguinis
1713 214 1852 251 rediisset
1869 239 1882 256 ,
1913 216 2032 250 iterum
2047 216 2173 253 :sest-a:
2206 216 2383 260 datumque

1373 259 1544 301 caprinum
1559 259 1636 299 lac,
1658 260 1738 292 item
1758 259 1899 302 gelatina
1914 260 2045 299 eboris,
2069 262 2100 293 δε
2116 260 2248 294 vitulini
2271 259 2390 303 pedis,

1374 313 1445 345 quae
1469 303 1503 334 in
1528 313 1608 345 aqua
1626 301 1861 341 conficiebatur
1885 303 1919 336 in
1941 313 2003 345 qua
2027 301 2151 336 fervens
2174 303 2310 346 chalybs
2333 303 2391 338 sae-

1375 356 1413 387 pe
1434 347 1620 385 extinctus,
1644 348 1677 380 &
1701 357 1771 389 quae
1795 355 1946 388 praeterea
1977 347 2046 379 vim
2066 345 2283 390 adstringendi
2308 371 2318 386 ,
2346 349 2386 381 s&

1372 388 1558 431 glutina-ndi
1582 387 1701 422 habent
1715 415 1723 428 ‚
1748 388 1875 424 fuerant
1898 389 2026 422 intorta
2047 415 2055 422 .
2084 391 2155 423 ‘His
2177 392 2211 425 D
2228 392 2390 425 cembrem

1373 432 1437 475 jam
1462 441 1571 467 toturn
1595 431 1774 469 adhibitis,
1799 432 1898 467 sedari
1920 433 2053 466 morbus
2077 433 2161 467 visus
2183 445 2211 466 e·
2246 446 2258 474 3
2280 435 2390 469 subin.-

1374 475 1413 510 de
1436 484 1542 509 tamen
1568 476 1692 510 redibat
1716 476 1800 509 tussis
1821 500 1827 508 .
1865 477 1991 510 Martio
2014 486 2124 511 autern
2148 478 2253 511 mense
2274 478 2389 514 omnia

1373 518 1625 553 recruduerant.
1652 519 1876 556 Quamobrem
1899 519 2102 554 decoetiones
2125 532 2217 556 mane
2233 521 2389 557 exhibitae

1372 563 1445 597 sunt
1469 564 1653 605 lignorum,
1678 566 1709 596 &
1734 562 1903 603 radicum,
1927 575 1998 606 quae
2021 563 2170 599 adversus
2189 565 2390 600 defluxiones

1373 606 1475 640 solent
1500 618 1515 639 a
1538 607 1652 640 multis
1676 606 1815 641 Medicis
1840 607 1961 640 laudari
1982 631 1995 647 ,
2030 607 2136 642 herbis
2161 608 2280 643 additis
2303 610 2391 643 anti-

1373 650 1566 685 scorbuticis
1578 674 1589 690 ,
1612 653 1644 683 δε
1668 651 1883 687 vulnerariis;
1908 650 1975 683 sero
1998 660 2106 686 autem
2131 651 2365 687 antihefficum
2376 678 2390 694 ‚

1372 693 1460 735 quod
1483 699 1625 733 vocant,
1650 695 1770 727 Poterii
1792 719 1800 733 ‚
1832 694 1974 735 primum
1996 706 2070 729 curn
2093 695 2266 730 emulsione
2290 695 2390 739 frigi.

1372 737 1492 770 dorum·
1513 736 1669 771 seminum
1688 759 1697 774 ‚
1730 736 1846 771 deinde
1869 745 1975 771 autem
2004 750 2078 773 cum
2098 751 2181 783 aqua
2205 740 2352 774 bardanae
2377 753 2387 775 ·.

1373 781 1504 824 Quibus
1526 804 1539 820 ,
1569 780 1701 824 aliisque
1723 780 1956 825 ejusdemmodi
1977 793 2050 817 cum
2088 795 2105 816 a
2126 784 2237 818 medio
2264 785 2389 817 Martio

1374 824 1411 858 ad
1435 825 1586 867 Aprilem
1609 833 1720 858 totum
1743 824 1814 859 usus
1839 823 1968 865 fuiffet;
2000 826 2046 859 lac
2072 828 2243 870 caprinum
2268 829 2388 861 iterum

1372 867 1506 911 sumpsit
1520 894 1528 908 ‚
1552 867 1709 911 simulque
1728 868 1864 902 balsami
1891 869 2061 902 Peruviani*
2082 880 2190 913 guttas
2215 870 2253 905 ad
2264 870 2389 905 duode-

1375 914 1465 949 cim,
1489 912 1558 946 haec
1581 923 1687 946 autem
1709 911 1821 946 diebus
1843 912 1975 945 circiter
1996 913 2206 956 quadraginta
2228 940 2235 947 .
2261 917 2388 949 Interea

1375 956 1458 990 alter
1481 955 1683 999 superiorum
1697 960 1825 990 artuum
1848 956 2000 989 candente
2012 954 2096 990 ferro
2118 959 2313 992 exulceratus
2323 958 2389 995 est',

1376 999 1528 1041 ulcusque
1553 998 1711 1035 servatum
1733 1026 1740 1033 .
1777 1001 1831 1034 Ex
1853 998 1904 1033 his
1926 1000 2149 1034 curationibus
2174 1001 2229 1034 etsi
2254 1001 2389 1044 aliquod

1375 1043 1541 1076 interdum
1564 1044 1707 1078 levamen
1720 1051 1919 1087 perceperam
1945 1042 2030 1077 tuffis
2046 1053 2154 1077 tamen
2168 1070 2176 1084 ,
2199 1048 2232 1077 &
2254 1045 2389 1079 raucedo

1374 1086 1619 1130 pertinaciffime
1643 1087 1855 1130 a-ffligebante
1877 1087 1957 1130 quin
1979 1087 2037 1120 illa
2060 1087 2171 1121 saevior
2186 1088 2270 1122 fasta
2295 1098 2362 1122 erat
2375 1112 2389 1129 ,

1375 1133 1407 1164 &
1432 1141 1471 1163 ex
1493 1131 1563 1163 imo
1585 1131 1682 1175 usque
1695 1131 1828 1165 thorace
1851 1131 1932 1164 oriri
1944 1130 2147 1168 videbatur-2·
2165 1132 2254 1173 sputa
2280 1141 2390 1166 autern

1373 1173 1553 1207 exalbidis
1574 1198 1584 1214 ‚
1617 1179 1654 1208 δι·
1673 1174 1904 1208 ca'tarrhalibus
1925 1173 2123 1216 colorejam
2155 1176 2216 1208 alia
2240 1176 2310 1208 alio
2331 1175 2388 1209 esse

1371 1227 1558 1259 coeperant,
1583 1220 1615 1252 &
1638 1219 1704 1251 alio
1728 1217 1888 1260 pondere,
1914 1218 2037 1260 aliaque
2049 1220 2239 1259 tenacitate:
2266 1220 2305 1253 ad
2317 1219 2387 1253 haec

1370 1261 1504 1304 quidam
1529 1259 1677 1304 angustiae
1702 1263 1864 1305 peeoris,
1887 1264 1919 1294 δε
1942 1261 2182 1301 constrifflonis
2207 1261 2311 1296 sensus
2336 1275 2386 1296 ac-

1370 1303 1497 1338 cesserat
1518 1328 1530 1345 ,
1563 1306 1745 1348 internique
1769 1305 1808 1339 ad
1844 1305 1983 1339 sternum
2005 1306 2121 1339 caloris
2141 1327 2163 1346 ,-
2185 1318 2327 1349 quorum
2350 1306 2389 1340 de

1372 1347 1434 1382 hoc
1460 1348 1540 1391 saepe
1554 1375 1563 1390 ‚
1585 1347 1697 1383 deillo
1722 1348 1953 1390 autemaflidue
1974 1361 2056 1391 aeger
2067 1350 2279 1393 querebatur.
2304 1351 2389 1393 Qua

1372 1393 1484 1426 omnia
1508 1403 1548 1425 eo
1571 1393 1729 1436 majorem
1751 1393 1951 1427 incutiebant
1976 1402 2118 1429 metum,
2142 1393 2360 1436 quodfauces
2374 1417 2386 1433 ,

1371 1446 1462 1470 antea
1486 1435 1652 1471 rheumate
1677 1446 1818 1477 vexatae,
1841 1437 1956 1470 melius
1980 1435 2008 1468 se
2032 1436 2191 1477 habebant
2203 1449 2242 1470 ex
2264 1450 2331 1480 quo
2347 1438 2390 1470 il-

1369 1479 1400 1513 la
1424 1479 1610 1514 accesserant
1632 1506 1645 1522 ,
1682 1479 1838 1523 fimulque
1863 1490 2002 1513 cutaneae
2028 1481 2278 1521 maculae-saetae
2301 1490 2389 1515 erant

1371 1522 1500 1566 pallidae
1514 1547 1526 1563 ‚
1549 1534 1605 1557 nec
1630 1523 1734 1558 ullum
1758 1524 1919 1566 pruritum
1944 1521 2140 1564 afferebant;
2161 1534 2199 1558 ut
2222 1525 2269 1557 vis
2280 1527 2389 1559 omnis

1370 1567 1477 1600 morbi
1503 1566 1541 1601 ad
1565 1566 1733 1602 thoracem
1757 1567 1786 1601 se
1809 1566 1995 1600 convertisse
2022 1568 2184 1606 videretur
2209 1593 2216 1600 .
2249 1569 2390 1613 'Jamque

1370 1610 1474 1653 ipsam
1498 1611 1597 1644 etiarn
1621 1623 1753 1650 vocem,
1778 1622 1842 1644 non
1864 1609 1964 1647 modo
1990 1611 2106 1654 reliqui
2129 1612 2387 1654 roburcorpotis

1371 1656 1406 1687 in
1427 1653 1563 1687 homine
1586 1666 1685 1688 annos
1708 1653 1845 1688 necdum
1868 1662 1946 1686 nato
1970 1656 2104 1696 triginta
2116 1653 2196 1687 duos
2211 1680 2219 1694 ,
2244 1656 2390 1697 infirma-

1372 1700 1424 1738 ri,
1449 1698 1584 1730 maciem
1607 1700 1740 1739 augeri,
1764 1697 1879 1735 faciei,
1903 1697 2093 1735 oculorum,
2116 1700 2149 1731 δε
2174 1700 2273 1732 animi
2295 1698 2390 1743 vigo!

1372 1753 1438 1774 rem
1463 1740 1590 1779 minui,
1616 1753 1727 1775 omnes
1750 1741 2065 1774 animadvertebant.
2091 1742 2136 1773 At
2164 1754 2200 1775 ue
2226 1744 2273 1776 ita
2296 1754 2344 1777 res
2360 1743 2389 1776 se

1371 1784 1529 1819 habebant
1543 1807 1555 1824 ,
1578 1796 1653 1818 cum
1677 1784 1835 1830 subJunii
1862 1783 1957 1816 finem
1972 1796 1988 1816 a
2011 1796 2061 1817 me
2081 1795 2142 1817 con
2157 1786 2251 1819 ilium
2267 1787 2391 1829 perlit-

1373 1839 1454 1862 teras
1478 1829 1620 1871 petitum
1631 1829 1700 1868 est,
1722 1839 1844 1870 aegrurn
1863 1829 1955 1862 enixe
1978 1828 2223 1862 commendante
2246 1841 2308 1868 eo:‚
2332 1831 2390 1872 qui

1373 1874 1529 1915 imperare
1556 1881 1707 1914 poterat,
1729 1873 1893 1905 vSenatore¹
1906 1872 2036 1904 Veneto
2048 1872 2332 1914 Praestantiffimo,
2352 1877 2390 1908 v&

1370 1916 1495 1948 Patavii
1519 1924 1596 1949 tunc
1622 1914 1805 1956 Pr-aefeeto,
1829 1926 1865 1949 ac
1889 1917 2097 1956 Propraetore
2121 1917 2253 1959 Angelo
2277 1918 2386 1950 Erno.

1368 1961 1472 1993 Erant
1496 1959 1619 1999 multa,
1643 1969 1679 1992 ut
1705 1958 1816 1999 vides,
1839 1970 1910 2001 quae
1932 1968 2053 1991 metum
2077 1957 2240 1993 facerent.-
2265 1971 2322 1994 nec
2335 1960 2391 1995 de-

1368 2010 1457 2035 erant
1480 2010 1587 2036 tamen
1611 2003 1671 2035 alia
1686 2025 1695 2040 ‚
1728 2002 1772 2035 ob
1794 2014 1864 2045 quae
1888 2001 2033 2036 nondum
2058 2000 2144 2044 spem
2170 2003 2386 2045 abjiciendam

1368 2045 1550 2085 censerem,
1573 2044 1679 2079 facilis
1704 2047 1802 2079 ηοὲὶυ
1827 2045 1954 2078 somnus
1977 2069 1986 2084 ,
2022 2045 2129 2080 facilis
2152 2046 2321 2082 decubitus
2353 2049 2388 2081 in

1368 2099 1478 2125 utrum
1501 2089 1614 2128 liberet
1638 2090 1745 2128 latus,
1769 2090 1931 2131 appetitus
1958 2088 2106 2123 ciborum
2126 2100 2196 2123 vnon
2221 2090 2386 2131 dejectas,

1369 2134 1505 2166 minime
1529 2131 1598 2175 post
1622 2133 1681 2166 hos
1706 2132 1797 2165 aucta
1822 2131 1969 2174 pulsuum
1992 2132 2198 2174 frequentia,
2221 2135 2328 2169 nullus
2348 2136 2385 2168 in

1369 2176 1471 2220 sputis
1495 2175 1621 2217 foetor,
1646 2176 1753 2209 nullus
1776 2176 1810 2208 in
1835 2175 1969 2210 thorace
1993 2175 2259 2218 ponderissensus
2274 2202 2286 2219 ,
2311 2179 2388 2212 nul-

1368 2221 1398 2255 la
1422 2221 1608 2254 anhelatio.
1636 2221 1680 2252 Et
1692 2230 1877 2263 quanquam
1899 2217 1969 2253 haec
1981 2219 2020 2253 ad
2044 2231 2093 2252 me
2105 2221 2213 2253 omnia
2239 2222 2295 2254 vix
2306 2222 2384 2255 scri-

1369 2274 1422 2306 pta
1448 2263 1596 2300 fuerant,
1619 2274 1692 2297 cum
1717 2274 1821 2306 aeger,
1845 2262 2002 2305 profunda
2016 2274 2147 2306 urgente
2174 2263 2269 2305 tussi,
2293 2264 2387 2308 sputa

1369 2308 1588 2350 expeftoravit
1602 2329 1615 2346 ,
1638 2307 1748 2349 qualia
1770 2318 1932 2349 nunquam
1958 2317 2047 2340 antea
2061 2331 2072 2347 ‚
2094 2309 2237 2351 quinque
2260 2309 2309 2341 vel
2335 2308 2393 2343 sex*

1369 2360 1521 2390 cruenta,
1545 2352 1578 2383 ἅτ
1601 2359 1752 2393 corrupta
1774 2362 1785 2388 3
1815 2361 1880 2381 non
1903 2349 1977 2383 ideo
2013 2350 2202 2384 sententiam
2225 2355 2351 2386 mutavi
2377 2379 2388 2394 ,

1371 2394 1551 2438 praesertim
1573 2405 1648 2427 cum
1671 2394 1795 2427 certior
1816 2392 1925 2426 fierem
1940 2416 1950 2431 ,
1974 2404 2012 2426 ex
2034 2405 2101 2436 quo
2124 2394 2182 2427 illa
2194 2393 2293 2437 ejecta
2318 2395 2390 2431 fue-

1372 2449 1465 2475 rant,
1490 2437 1613 2470 nullam
1637 2436 1693 2471 esse
1707 2438 1843 2479 amplius
1869 2436 1906 2469 de
1919 2436 2007 2470 seusu
2031 2438 2242 2478 illocaloris,
2265 2443 2387 2473 &con-

1372 2481 1550 2515 stric'tionis
1574 2482 1755 2523 querelam.
1781 2483 1897 2523 Itaque
1921 2490 1957 2513 ut
1981 2479 2216 2526 aestivumillud
2240 2491 2388 2525 tempus,

1374 2527 1513 2558 &variae
1538 2524 1642 2557 morbi
1654 2524 1778 2564 causae,
1804 2525 1948 2566 variique
1961 2524 2091 2558 effeetus
2116 2523 2308 2563 suadebant,
2332 2538 2386 2560 va-

1373 2570 1421 2602 ria
1433 2567 1655 2601 commendare
1678 2567 1804 2600 institui
1816 2567 1858 2600 sic
1882 2577 1917 2601 ut
1932 2568 2069 2601 alterum
2091 2566 2188 2610 posset
2200 2568 2299 2601 altero
2309 2580 2389 2603 con-

1374 2612 1546 2654 temperari
1564 2637 1570 2643 .
1596 2612 1678 2644 Non
1702 2611 1745 2645 est
1754 2622 1835 2652 opus
1846 2610 1901 2644 hic
1926 2612 2057 2650 omnia,
2081 2614 2114 2645 &
2131 2623 2203 2654 quae
2215 2613 2276 2645 alia
2289 2614 2388 2655 aliis,

1374 2655 1460 2698 siqua
1475 2654 1559 2688 forte
1571 2666 1635 2687 non
1646 2654 1803 2689 ferrentur
1818 2680 1825 2693 ‚
1848 2654 2068 2688 substitueram
2082 2678 2092 2694 ,
2115 2656 2179 2688 tibi
2195 2656 2351 2691 recensere
2376 2672 2385 2690 :

1376 2699 1450 2733 satis
1463 2699 1505 2732 est
1518 2711 1591 2742 qua?
1605 2710 1643 2731 ex
1655 2700 1721 2732 illis
1733 2698 1935 2741 potiffimum
1947 2700 1979 2731 in
1993 2698 2050 2731 usu
2064 2696 2184 2732 fuerint
2198 2723 2209 2739 ,
2220 2699 2365 2734 indicare
2376 2726 2384 2734 .

1375 2743 1535 2779 Quotidie
1558 2754 1648 2775 mane
1661 2742 1841 2786 pauxillum
1861 2741 2041 2776 sumebatur
2065 2741 2171 2776 refinae
2196 2744 2389 2778 terebinthi-

1375 2798 1442 2826 nae,
1466 2799 1526 2829 qua
1538 2786 1666 2827 fauces,
1689 2785 1860 2829 pe<f³msque
1886 2797 1950 2819 non
1971 2787 2083 2818 leviter
2093 2785 2221 2829 juvari,
2245 2788 2386 2822 affirma-

1374 2831 1428 2863 bat
1440 2842 1540 2872 aeger.
1568 2829 1641 2863 Post
1651 2830 1684 2864 id
1697 2855 1709 2871 ,
1721 2830 1832 2863 diebus
1844 2831 1963 2872 viginti
1976 2829 2087 2871 primis
2099 2831 2270 2872 potabatur
2282 2843 2365 2874 aqua
2377 2855 2387 2869 ‚

1375 2884 1411 2908 ut
1434 2885 1518 2907 nunc
1530 2876 1702 2914 vocitant,
1725 2873 1842 2913 laftis,
1865 2875 1972 2916 inquo
1982 2882 2071 2906 erant
2083 2873 2272 2918 fuerantque
2295 2885 2388 2910 antea

1371 2918 1523 2961 anagallis
1546 2919 1717 2959 aquatica,
1748 2916 1861 2950 hedera
1886 2916 2059 2957 terrestris,
2085 2916 2231 2960 hyperici
2256 2919 2349 2954 flores
2373 2944 2388 2961 ,

1372 2964 1404 2994 δε
1429 2962 1644 3003 pauxillulum
1667 2961 1802 2994 corticis
1827 2959 1967 2994 sass'afras
1992 2971 2147 2995 macerata
2163 2984 2171 2998 ‚
2194 2960 2285 3004 cujus
2297 2975 2386 3006 aquae

1374 3006 1469 3047 potio
1494 3005 1613 3047 semper
1635 3005 1768 3048 quin&a
1793 3017 1809 3037 a
1833 3004 1969 3047 prandio
1991 3003 2070 3041 hora
2092 3031 2100 3044 ‚
2124 3007 2222 3039 etiam
2238 3031 2246 3045 ,
2270 3009 2387 3041 iterata

1374 3048 1438 3081 est.
1465 3049 1523 3082 Sed
1547 3058 1715 3082 matutinae
1739 3047 1810 3091 post
1831 3048 1898 3081 dies
1931 3049 2006 3081 illos
2030 3049 2151 3091 viginti
2175 3072 2184 3086 ,
2218 3049 2387 3085 substituta

1376 3093 1471 3134 potio
1495 3092 1538 3126 est
1560 3091 1639 3135 juris
1661 3092 1822 3134 viperini,
1846 3104 1919 3125 cum
1946 3092 2029 3124 ranis
2050 3115 2063 3133 ,
2086 3096 2119 3126 δε
2141 3093 2252 3128 caudis
2269 3095 2388 3129 fluvia-

1376 3137 1487 3170 tilium
1509 3147 1694 3170 cancrorum
1719 3137 1821 3178 parati
1845 3162 1851 3169 .
1884 3136 1964 3177 Qo
1987 3135 2153 3179 postquam
2177 3139 2227 3171 uti
2251 3139 2354 3181 ccepit
2377 3163 2387 3178 ,

1375 3179 1553 3214 evidentius
1578 3179 1729 3223 proficere
1751 3180 1834 3213 visus
1857 3179 1920 3217 est3
1943 3188 2086 3214 cutaneae
2109 3182 2195 3214 enim
2218 3182 2350 3215 maculae
2374 3205 2389 3222 ‚

1376 3225 1426 3257 uti
1451 3222 1664 3266 speraveram,
1688 3221 1792 3257 rursus
1818 3224 1970 3256 coloratae
1993 3248 2004 3263 ,
2040 3226 2072 3256 δε
2095 3225 2306 3267 pruriginosae
2338 3224 2388 3258 fa-

1377 3268 1437 3300 &ae
1462 3267 1553 3306 sunt,
1578 3269 1610 3300 &
1632 3268 1724 3300 color
1746 3265 1838 3300 simul
1863 3266 1958 3300 faciei
1982 3267 2120 3305 melior,
2144 3272 2176 3302 δε
2200 3270 2282 3302 vires
2304 3279 2388 3301 non-

1377 3309 1463 3344 nihil
1488 3311 1586 3344 auditae
1611 3334 1622 3350 ,
1654 3313 1686 3343 &
1711 3313 1854 3353 corporis
1878 3311 2008 3344 habitus
2040 3312 2136 3353 paulo
2159 3313 2265 3345 minus
2288 3314 2389 3345 maci-

1377 3355 1482 3388 lentus
1504 3378 1516 3393 ,
1539 3355 1642 3386 rarior
1667 3353 1752 3387 tuffis
1772 3377 1784 3394 ‚
1818 3355 1919 3388 levior
1941 3354 2075 3388 raucedo
2096 3379 2108 3394 ,
2139 3354 2231 3398 sputa
2254 3357 2389 3398 paucio-

1376 3408 1409 3430 ra
1431 3423 1438 3429 .
1474 3397 1575 3432 Cibus
1599 3408 1761 3440 nunquam
1784 3398 1863 3433 alius
1888 3410 1983 3442 quam
2007 3409 2045 3431 ex
2068 3397 2230 3432 foemineis
2252 3400 2390 3441 gallina-

1376 3443 1440 3475 ceis
1463 3441 1559 3482 pullis
1573 3465 1584 3480 ‚
1606 3441 1666 3474 five
1686 3451 1722 3475 nt
1738 3441 1889 3476 nostrates
1901 3451 2038 3482 vocant,
2063 3444 2214 3475 &Varro
2234 3445 2299 3482 (o)
2323 3441 2390 3475 for-

1379 3483 1453 3518 tasse
1478 3483 1600 3526 scripfit
1619 3507 1632 3524 ,
1661 3484 1824 3527 pullaftris
1847 3498 1917 3530 quae
1939 3509 1951 3525 ‚
1980 3495 2090 3518 ventre
2121 3486 2228 3520 herbis
2261 3484 2390 3525 faveto,

1378 3539 1456 3571 quas
1472 3529 1562 3571 supra
1575 3529 1822 3563 memoravimus
1837 3556 1846 3571 ‚
1868 3529 2069 3563 elixabantur
2081 3553 2094 3570 ,
2116 3532 2148 3563 &
2161 3540 2200 3565 ex
2213 3530 2302 3571 pulte
2316 3543 2388 3573 quae

2219 3584 2257 3606 ex
2279 3585 2347 3608 ori-

382 3712 397 3740 (
412 3711 427 3735 d
444 3711 458 3739 )
475 3711 559 3736 Μοτῑ),
576 3710 666 3734 Chron.
685 3710 703 3733 l.
722 3718 743 3732 2.
760 3716 781 3733 c.
800 3715 836 3737 14.
899 3707 905 3735 (
925 3716 936 3731 ι
953 3710 1012 3733 >De
1029 3706 1121 3733 Medic.
1137 3707 1152 3740 l.
1171 3714 1192 3735 3>
1210 3714 1230 3730 c.
1249 3714 1284 3729 22.
1348 3707 1362 3736 (
1374 3704 1417 3735 f)
1435 3705 1489 3730 vid.
1508 3714 1531 3730 n.
1549 3708 1588 3731 28.
1652 3707 1697 3737 (g
1716 3709 1725 3739 2
1741 3705 1825 3734 escit,
1887 3710 1900 3737 ζ
1917 3710 1930 3732 ι,
1946 3709 1960 3738 )
1976 3709 1991 3732 Ι,
2009 3717 2031 3732 ,-
2048 3716 2068 3733 c„
2086 3717 2109 3739 7.

385 3743 400 3770 ζ
416 3743 426 3765 ἱ
447 3749 453 3771 )
470 3744 578 3766 Enarrat.
596 3740 669 3767 ejusd.
686 3748 707 3763 c.
724 3749 748 3768 7.
812 3741 825 3768 (
839 3738 856 3763 k
872 3738 886 3761 Ἰ
903 3746 926 3762 n.
947 3741 983 3762 16.
1003 3739 1065 3767 apud
1083 3738 1211 3768 Marinell.
1275 3743 1281 3766 t
1300 3737 1309 3759 Ι
1325 3738 1338 3765 J
1356 3745 1380 3761 n.
1400 3746 1420 3767 3.
1437 3743 1493 3761 ante
1511 3737 1572 3761 med.
1635 3738 1644 3768 (
1662 3746 1684 3761 m
1700 3738 1714 3767 )
1730 3748 1755 3764 n.
1775 3741 1814 3764 28.
1876 3737 1885 3767 s
1903 3747 1919 3762 n
1936 3740 1949 3767 )
1965 3748 1991 3763 n.
2010 3746 2049 3769 27.

383 3774 397 3803 Ε
413 3782 425 3797 o
442 3775 454 3803 )
473 3776 507 3798 De
525 3775 560 3797 Re
578 3771 643 3795 Rust.
660 3774 677 3796 l.
696 3778 714 3799 ἵ..
731 3777 751 3794 c.
771 3777 792 3797 ς.
