2498 4075
412 175 415 179 ·
440 143 503 201 88
963 143 1120 198 Liber·
1150 141 1253 199 ΙΙΙ.
1287 145 1371 198 De

372 221 442 265 'seius
464 223 546 267 cysti
569 231 639 264 quae
662 218 780 255 oflavo
802 221 864 265 jam
889 220 992 268 mense
1017 231 1142 255 uterum
1173 224 1274 257 ferens
1292 245 1301 260 ,
1332 225 1365 255 &

371 275 448 300 toto
472 280 508 301 eo
532 266 687 307 temporis
711 265 835 307 spatio,
859 268 889 299 &
912 276 976 307 jam
1001 265 1124 306 pridem
1146 266 1255 299 honum
1278 263 1365 299 habi-

367 316 441 343 tum
454 336 464 351 ‚
487 309 652 349 bonamque
675 309 900 347 nutritionem,
923 309 965 341 &¹
987 306 1116 341 colorem
1134 309 1364 351 praesetuleran

366 361 408 385 >ut
433 350 631 386 manifestum
655 350 750 388 esset,
775 350 833 383 nisi
857 352 976 392 puncto
998 353 1179 393 temporis;
1210 352 1244 385 id
1276 351 1364 393 quod

369 396 524 429 credibile
548 403 611 427 non
634 393 696 430 est;
720 394 768 426 illi
792 390 1041 430 concrevissent,
1059 394 1229 435 sanitatem
1252 395 1299 426 vel
1323 397 1363 427 iis

370 438 579 478 praesentibus
599 434 865 481 perdurare-poste
882 462 889 467 .
1023 437 1104 470 Satis
1137 439 1238 478 igitur
1257 449 1270 476 ,·
1304 436 1362 470 nisi

365 482 443 521 quid
467 492 517 514 me
540 479 645 516 fallit3
668 479 826 512 ostensum
850 479 893 512 est
912 503 920 517 ,
943 478 1066 512 nullum
1089 479 1282 520 cysticorum
1316 481 1362 514 la-

365 523 479 563 pidum
502 532 692 567 perpetuum
716 519 774 555 esse
789 521 933 566 signum,
957 524 987 555 &
1002 544 1010 558 ,
1034 523 1122 565 quod
1133 523 1360 565 consequitur,

365 568 491 601 nullum
516 568 607 609 plane
633 566 799 607 proprium
815 590 822 604 ,
845 567 875 598 &
899 566 1077 607 peculiare.

411 622 461 654 39.
487 609 580 653 Quid
603 620 679 652 ergo
701 608 762 645 est,
789 609 919 650 inquis,
953 608 1040 650 quod
1074 608 1223 641 Medicus
1256 609 1361 651 Expe-

365 653 570 691 g-ientiffimus
594 650 765 693 Wepferus
788 655 843 693 (p
866 654 879 690 )
903 650 968 685 baec
994 652 1029 685 ad
1045 651 1262 685 Verzascham
1287 651 1361 685 scri-

363 698 447 742 psst:
471 707 524 730 nec
547 695 659 728 collum
681 693 817 736 vesiculae
841 692 972 727 biliariae
983 694 1183 735 obturatum,
1206 694 1363 734 existimo,

353 743 437 785 ‘quia
459 741 493 772 de
515 737 706 779 cardialgia,
722 736 777 779 seu
802 735 901 769 dolore
926 736 1041 778 tenfivo
1066 758 1074 773 ,
1107 738 1161 779 qui
1190 736 1247 782 affe
1280 746 1363 780 tege-

362 793 472 820 retum
491 782 587 824 juxta
610 778 828 821 cartilaginem
851 778 1063 823 enfiformem,
1088 780 1189 813 altum
1212 780 1250 819 esi}
1266 780 1362 822 filen-

361 824 471 862 tium?
494 834 598 857 nonne
625 822 733 854 saltem
758 821 819 855 hoc
844 821 992 864 fignum,
1021 823 1076 856 ubi
1101 824 1240 857 calculus
1263 824 1362 858 obtu-

361 869 453 903 rasset
477 867 600 901 collum
623 864 789 906 vfficulae,
813 865 1024 909 inseparabile
1047 866 1272 900 existimabat?

360 914 419 947 Tu
444 922 519 944 vero
545 908 688 942 attendas
711 908 763 942 hic
785 909 906 947 velim,
931 920 1033 952 neque
1054 908 1092 942 de
1117 911 1241 943 calculo
1254 912 1361 943 nomi-

360 958 464 990 natim
490 953 584 987 verba
606 951 730 990 fecisse,
754 954 786 984 &
809 962 924 993 praeter
946 951 1174 986 calculumesse
1189 954 1247 986 alia
1271 953 1357 997 (q),

360 1011 433 1043 quae
457 1007 492 1032 ut
516 1006 671 1035 caeteros,
694 997 739 1028 ita
773 997 871 1030 etiam
914 997 1082 1039 Cysticum
1126 997 1201 1029 bilis
1232 997 1364 1030 duclum

360 1042 478 1085 poffint
501 1040 684 1074 obstruere.
709 1039 856 1077 Deinde,
880 1040 1001 1073 etiamsi
1028 1041 1168 1073 calculus
1192 1039 1275 1073 hunc
1307 1041 1366 1073 ob-

359 1087 532 1123 struxerit,
558 1094 621 1116 non
648 1082 745 1116 modo
767 1093 832 1116 non
856 1083 1012 1120 icterum,
1035 1095 1131 1125 quem
1157 1094 1255 1115 unum
1289 1092 1366 1116 tunc

359 1128 515 1167 abfuisse,
539 1126 647 1161 videre
673 1127 780 1167 potuit
809 1126 967 1159 Bezoldus
998 1131 1008 1165 (
1033 1138 1048 1158 r
1070 1130 1083 1165 )
1107 1151 1114 1164 ‚
1148 1125 1366 1167 exemplisque

358 1176 500 1207 evicerat
526 1170 696 1204 Pechlinus
719 1168 825 1211 (s);
847 1169 897 1202 sed
921 1169 1002 1202 nihil
1026 1169 1113 1212 quod
1139 1167 1284 1202 affetffam
1309 1181 1366 1211 cy.

359 1217 435 1250 stim
470 1214 646 1248 ostenderet
669 1234 677 1249 ‚
711 1214 772 1246 esse
807 1212 1015 1245 consecutum
1040 1235 1049 1250 ‚
1083 1212 1285 1253 adnotavit,
1324 1225 1360 1246 u:

359 1260 458 1303 paulo
485 1267 555 1291 ante
576 1256 700 1290 dictum
725 1256 766 1289 est
788 1278 800 1295 ‚
832 1256 1000 1289 Galeatius
1024 1268 1035 1289 .·
1067 1267 1168 1299 neque
1192 1256 1285 1289 aliter
1316 1255 1361 1288 fe-

356 1315 391 1337 re
413 1302 600 1336 observavit
625 1298 872 1333 Reverhorstius
905 1303 918 1338 (
941 1307 955 1332 t
977 1303 1011 1339 >5
1057 1310 1115 1333 nec
1159 1299 1192 1330 in
1237 1299 1362 1333 duobus

357 1346 442 1381 Phil.
463 1346 531 1390 Jac.
555 1344 778 1377 Hartmannus
800 1343 914 1384 (neh
939 1353 995 1375 nec
1042 1342 1075 1375 in
1120 1342 1225 1375 tribus
1268 1343 1363 1386 quid-

357 1401 455 1433 quam
478 1397 592 1422 contra
617 1399 650 1420 ac
674 1387 839 1422 diximus,
865 1384 960 1419 habet
985 1385 1137 1421 Hallerus
1158 1389 1171 1425 (
1194 1396 1215 1419 x
1235 1389 1249 1426 )
1274 1399 1281 1419 :
1306 1397 1363 1420 nec

356 1435 497 1476 denique
523 1434 549 1465 is
571 1432 629 1473 qui
654 1439 801 1464 accurate
828 1428 1048 1471 symptomata
1073 1431 1151 1471 aegri
1175 1431 1283 1463 omnia
1318 1441 1367 1463 re-

356 1477 484 1512 censere
527 1475 638 1518 potuit
664 1498 674 1514 ,
719 1473 872 1506 Trewius
918 1477 973 1514 (y
999 1475 1008 1510 )
1041 1498 1048 1505 .
1094 1474 1138 1506 Et
1182 1484 1367 1515 quanquam

356 1523 533 1556 Tacconus
576 1520 589 1555 s
614 1529 638 1560 z
661 1521 675 1557 )
720 1516 886 1558 adjunctos
930 1525 1097 1556 quartanae
1142 1515 1226 1549 febri
1249 1518 1364 1549 imma-

355 1566 499 1600 nissimos
543 1562 671 1595 dolores
715 1561 748 1592 in
795 1558 1021 1602 hypogastrica
1067 1560 1198 1601 regione
1241 1559 1332 1593 fuisse
1355 1582 1365 1598 ,

356 1609 471 1644 scribit
503 1618 516 1646 ,·
559 1615 666 1638 tamen
716 1615 781 1636 non
825 1606 925 1636 modo
971 1614 1036 1636 non
1093 1603 1187 1636 simul
1233 1605 1357 1646 regium

348 1653 511 1688 morbum
533 1673 544 1689 ,
590 1649 642 1681 sed
687 1658 724 1680 ne
768 1645 896 1680 dolores
938 1646 1070 1688 quidem
1115 1647 1187 1678 illos
1231 1645 1322 1680 fuisse
1345 1669 1358 1686 ,

355 1700 422 1732 ait,
448 1695 484 1728 ad
508 1690 712 1727 enfiformem
735 1690 957 1731 cartilaginem
982 1692 1198 1731 pertinente5‚
1221 1698 1258 1722 ut
1282 1701 1358 1731 pau-

356 1743 390 1775 lo
418 1748 492 1773 ante
515 1738 548 1769 in
574 1736 635 1769 alia
659 1734 813 1770 muliere,
837 1732 970 1766 calculis
992 1734 1026 1764 in
1049 1733 1228 1766 Communi
1260 1732 1359 1766 <luctu

354 1785 492 1828 positis,
515 1777 631 1814 diserte
655 1775 911 1820 significaverat.
937 1776 1040 1809 Vides
1066 1776 1193 1818 igitur,
1218 1786 1256 1808 ne
1289 1785 1360 1809 tum

353 1826 487 1872 quidem
510 1835 582 1858 curn
608 1832 731 1856 meatus
753 1819 906 1862 Cysticus
921 1846 928 1859 ‚
951 1828 988 1852 ut
1012 1828 1077 1852 erat
1101 1821 1134 1851 in
1157 1819 1281 1853 cunstis
1313 1831 1363 1853 ca-

355 1870 526 1906 daveribus
550 1866 722 1905 indicatis,
746 1877 762 1898 a
787 1863 912 1898 calculo
924 1862 1110 1895 obstructus
1128 1862 1365 1903 est‚constans,

357 1920 390 1950 δι
415 1922 606 1958 perpetuum
631 1909 697 1952 ejus
723 1907 848 1951 signum
873 1905 930 1941 esse
954 1906 1048 1941 illum
1079 1906 1224 1942 dolorem
1256 1906 1315 1949 qui
1347 1918 1365 1940 a

351 1957 517 2003 ¹Wepfero
540 1954 716 1998 descriptus
740 1953 824 1988 fuit.

399 2014 453 2047 40.
478 1998 546 2034 Etsi
570 2010 646 2033 vero
671 1997 723 2032 hic
748 2010 763 2031 a
787 1996 881 2031 nobis
906 1994 1027 2031 indicia
1051 1993 1277 2040 quaerebantur
1300 1993 1367 2028 cal-

353 2049 446 2086 culi,
469 2055 534 2078 non
559 2044 593 2076 in
619 2054 691 2076 eum
714 2040 884 2076 dumtaxat
917 2050 1059 2074 meatum
1083 2039 1195 2073 intrusi
1212 2062 1224 2079 ‚
1258 2038 1309 2072 sed
1332 2040 1367 2071 in

359 2088 547 2128 universum
570 2088 605 2119 in
629 2085 721 2120 fellea
745 2085 879 2119 vesicula
903 2083 1085 2120 existentis;
1110 2094 1175 2115 non
1197 2092 1304 2115 tamen
1315 2083 1367 2114 in-

359 2136 488 2179 quirere
513 2130 659 2173 pigebit,
686 2141 724 2162 an
747 2126 1032 2171 Wepferisignum
1055 2126 1171 2160 calculi
1197 2126 1366 2168 proprium

359 2181 399 2215 sit
421 2179 454 2210 in
473 2177 693 2208 Communem
717 2172 851 2206 dut-:tum
876 2170 1001 2213 illapsi,
1023 2168 1153 2214 quando
1176 2168 1273 2211 ipsius
1288 2193 1300 2209 ,
1332 2170 1366 2201 in

361 2220 499 2258 vesicula
524 2217 738 2254 subsistentis,
763 2214 824 2249 esse
848 2225 912 2248 non
937 2214 1038 2257 potest
1062 2236 1070 2250 ⁷
1104 2222 1139 2246 ut
1162 2212 1253 2254 supra
1278 2216 1289 2251 (
1314 2222 1331 2244 a
1353 2215 1368 2251 )

362 2278 437 2302 curn
460 2263 498 2297 de
521 2261 725 2296 distentionis
750 2259 840 2292 sensu
865 2257 989 2300 aliquid
1023 2259 1254 2298 attingeremus
1276 2278 1285 2292 ‚
1322 2254 1368 2288 sa-

360 2312 405 2345 tis
428 2307 608 2341 indicatum
632 2303 674 2337 est
698 2327 705 2334 .
742 2303 832 2335 Nam
856 2302 944 2345 quod
967 2302 1000 2334 in
1024 2298 1234 2342 Sepulchreto
1277 2300 1292 2338 (
1314 2297 1332 2331 b
1358 2301 1367 2336 )

366 2350 564 2387 Observatio
586 2347 729 2381 occurrit
753 2347 805 2379 cui
829 2344 882 2378 hic
908 2343 1087 2387 praefigitur
1110 2344 1251 2381 titulus,
1273 2341 1371 2374 Dolor

363 2398 447 2431 circa
471 2391 686 2434 cartilaginem
709 2388 906 2431 xiphoidem,
929 2399 946 2420 a
970 2387 1100 2420 calculis
1120 2386 1152 2418 in
1173 2383 1368 2422 ventriculo,

367 2441 411 2473 (φ
432 2436 531 2480 vesica
545 2432 666 2477 fellea5
688 2444 765 2465 cave
788 2431 896 2465 credas
943 2429 1044 2463 titulo
1090 2428 1368 2460 Observationem

368 2481 584 2525 respondete:
608 2487 704 2519 quam
739 2474 759 2507 fi
797 2474 938 2517 perlegas
962 2485 972 2511 3
1020 2471 1192 2505 ventriculi
1237 2471 1369 2512 quidem

365 2525 471 2562 fundo
494 2544 504 2561 ‚
534 2533 569 2555 ac
596 2519 777 2553 substantiae
803 2516 1048 2560 pertinacissime
1071 2514 1265 2548 adhaerentes
1299 2514 1372 2555 plu-

365 2574 466 2605 rimos
488 2565 629 2601 calculos
652 2562 822 2599 invenies3
846 2562 879 2593 in
908 2558 1007 2593 vesica
1031 2567 1139 2591 autem
1164 2556 1277 2594 fellea,
1317 2566 1372 2589 aut

366 2614 448 2648 alibi
471 2610 574 2645 ullum
598 2603 708 2643 fuisse,
735 2615 799 2638 non
823 2605 988 2637 invenies.
1022 2604 1073 2635 Ex
1096 2601 1155 2634 hac
1179 2602 1287 2643 potius
1298 2600 1373 2632 Ob-

365 2656 546 2692 :servatione
569 2650 690 2687 disces,
716 2659 781 2681 non
805 2645 864 2681 esse
896 2649 998 2689 igitur
1032 2646 1200 2687 proprium
1230 2644 1372 2692 calc-ulo-

366 2712 444 2736 sum
467 2699 501 2732 in
525 2694 708 2728 Communi
731 2691 832 2725 dueta
862 2690 1067 2724 existentium
1101 2688 1259 2721 indicium
1291 2685 1373 2720 illud

366 2743 460 2787 quod
483 2739 624 2775 calculos
648 2734 833 2769 ventriculo
855 2732 978 2766 infixos
1013 2730 1215 2775 significabat
1239 2756 1248 2764 .
1282 2730 1375 2772 Qu

372 2785 502 2821 etiamsi
526 2790 639 2825 praeter
663 2780 741 2816 hos,
769 2778 824 2811 alii
847 2779 881 2811 in
904 2776 1085 2809 Communi
1109 2773 1286 2808 extitissent
1318 2774 1377 2807 du-

372 2831 429 2864 flu
451 2840 463 2869 ,-
496 2827 570 2861 esset
593 2834 700 2859 tamen
723 2822 928 2856 dubitationi
951 2820 1040 2853 locus
1064 2840 1073 2855 ‚
1105 2818 1188 2851 utris
1219 2828 1291 2850 eum
1325 2816 1378 2849 ad-

373 2873 512 2908 scribere
559 2868 705 2902 dolorem
752 2873 919 2907 oporteret
939 2885 949 2900 ,
986 2874 1050 2896 non
1076 2861 1162 2895 secus
1186 2873 1220 2894 ac
1243 2871 1319 2893 cum
1342 2863 1377 2893 in

374 2918 487 2958 aliqua
510 2912 636 2947 doloris
659 2908 803 2951 ejusdem
827 2906 959 2942 historia
976 2931 984 2946 ,
1006 2905 1101 2940 fimul
1137 2906 1171 2936 in
1206 2916 1245 2937 eo
1275 2904 1377 2952 duc‘lu

373 2958 491 2994 calculi
516 2978 525 2994 ,
559 2954 651 2988 simul
673 2955 708 2985 in
732 2952 875 2994 jecinore
899 2961 978 2992 pene
1002 2958 1077 2982 toto
1099 2959 1195 2992 prava
1219 2956 1352 2980 materia
1370 2968 1378 2982 ‚

374 3007 407 3038 δι
431 3004 512 3035 vitia
537 2996 721 3041 graviffima
746 3003 973 3037 proponuntur
996 3016 1005 3030 ,
1042 2993 1076 3024 in
1123 2991 1222 3024 altera
1267 2998 1376 3023 autem

375 3047 472 3082 multi
497 3054 553 3086 pet
575 3039 671 3083 hepar
696 3048 841 3071 tumores
862 3059 872 3076 ,
908 3039 939 3070 &
963 3037 1003 3070 ab
1038 3035 1156 3069 horum
1193 3044 1259 3066 uno
1293 3045 1379 3067 mea-

375 3101 427 3126 tus
450 3087 505 3122 ille
530 3084 620 3119 valde
643 3079 837 3124 compressus
853 3094 862 3112 .-
884 3090 1068 3122 quanquam
1103 3078 1124 3111 si
1156 3077 1343 3124 compreffio
1367 3100 1376 3115 ,

374 3143 429 3169 aut
453 3129 632 3164 obstruecio
654 3124 849 3159 Communis
870 3123 1004 3156 Canalis
1025 3122 1091 3164 ipsa
1124 3122 1234 3169 afferre
1268 3121 1379 3153 creda-

373 3188 429 3212 tur
452 3173 580 3209 causam
603 3169 672 3213 ejus
706 3168 744 3202 de
779 3179 846 3210 quo
890 3167 1054 3209 loquimur
1079 3187 1088 3201 ³
1123 3164 1280 3202 dolor155
1314 3174 1377 3196 non

373 3224 437 3255 erit
461 3219 515 3252 hic
538 3218 641 3258 igitur
665 3213 838 3256 peculiaris
864 3218 941 3242 nota
966 3210 1152 3251 lapillorum
1176 3209 1208 3240 in
1232 3205 1376 3256 ³¹¹0.h³.2·

372 3264 516 3299 rentium
539 3282 549 3297 ‚
596 3268 670 3291 cum
713 3252 778 3289 fine
824 3253 953 3287 calculis
997 3250 1084 3295 posse
1118 3253 1148 3282 &
1182 3261 1377 3299 comprimi,

373 3312 406 3342 δι
449 3304 573 3339 obstrui
598 3323 607 3338 ‚
656 3300 747 3341 supra
795 3301 879 3337 (c)
924 3295 1000 3329 satis
1031 3293 1193 3328 ostensum
1216 3292 1254 3325 sit
1277 3316 1286 3331 ‚
1324 3303 1375 3325 ni-

370 3351 486 3392 hilque
532 3344 703 3388 prohibeat
749 3341 928 3375 existimare
951 3361 960 3376 ,
1002 3337 1208 3371 interclusam
1252 3337 1284 3369 in
1331 3348 1368 3369 eo

371 3394 473 3429 bilem
507 3390 585 3425 adeo
618 3390 649 3421 &
685 3386 821 3420 multam
843 3406 854 3423 ‚
887 3385 919 3416 &
954 3393 1057 3416 acrem
1089 3380 1252 3415 interdum
1276 3377 1334 3413 esse
1355 3401 1366 3418 ‚

379 3506 1314 3527 .-.....-.--——--——-——-—-——--——·-—

539 3571 642 3599 epulchr.
659 3569 675 3592 l·
693 3579 715 3600 3.
733 3568 755 3591 S.
778 3574 812 3594 17.
830 3565 854 3589 in
872 3564 953 3589 schol.
971 3565 998 3588 ad
1016 3563 1071 3589 obs
1094 3567 1118 3587 6.
1136 3564 1160 3587 ἰη
1179 3557 1316 3587 Additams
1365 3562 1378 3591 (
1396 3571 1410 3590 q
1426 3561 1440 3589 )
1457 3561 1511 3586 vid.
1529 3561 1594 3590 supra
1612 3571 1635 3586 n.
1656 3571 1690 3591 33.
1709 3563 1731 3586 Ec
1749 3571 1782 3592 34.

430 3573 572 3631 5123&ss
589 3602 641 3625 Ast.
658 3599 732 3625 Erud.
751 3597 813 3625 Lips.
831 3598 859 3620 A.
881 3599 947 3623 1691.
964 3597 1002 3619 Μ.
1020 3595 1083 3622 Mai.
1101 3594 1125 3618 in
1141 3593 1227 3619 recens.
1246 3595 1262 3616 l.
1283 3600 1334 3620 ejus
1352 3600 1361 3616 1
1389 3592 1447 3616 Obs.
1466 3595 1503 3621 58.

430 3634 446 3660 (
462 3641 477 3654 u
494 3637 504 3659 )
523 3632 583 3660 Eph.
600 3634 634 3655 N.
652 3632 679 3653 C.
696 3633 753 3654 Dec.
773 3635 793 3650 ².
812 3629 840 3651 A.
860 3635 882 3655 ς.
899 3625 961 3649 Obs.
974 3634 1014 3654 7²-
1032 3629 1053 3650 ἃ
1069 3634 1109 3653 77.
1298 3653 1301 3656 Ι

432 3663 446 3690 t
460 3669 476 3691 y
494 3662 502 3689 ‘J
520 3664 657 3685 Commerc.
675 3661 761 3684 Litter.
781 3660 810 3681 A·
829 3664 897 3686 1743·
914 3656 992 3680 Hebd-
1011 3663 1047 3684 32·
1064 3664 1087 3679 n.
1106 3663 1126 3684 3·
1189 3655 1203 3683 (
1219 3661 1236 3681 z
1251 3654 1264 3681 )
1282 3660 1322 3676 c1t-
1342 3653 1407 3687 supra
1423 3653 1452 3677 ad
1469 3662 1493 3677 n.
1512 3658 1548 3688 ¹⁶:
1643 3684 1647 3687 ι

428 3694 442 3715 ί
458 3692 492 3716 c)
512 3699 533 3713 n.
556 3699 592 3713 ao.
610 3692 633 3715 8<
649 3697 684 3719 34.
748 3690 761 3717 (
778 3689 817 3714 d)
839 3688 893 3711 Vid.
909 3687 972 3714 apud
989 3687 1107 3710 Schenck.
1125 3684 1183 3708 Obs.
1200 3684 1269 3708 Med.
1287 3686 1303 3707 l.
1321 3692 1341 3713 3.
1361 3683 1401 3707 ubi
1418 3684 1447 3707 de
1466 3685 1571 3708 lntestrn.
1591 3686 1675 3712 Laprd.
1694 3684 1750 3708 Obs
1775 3693 1794 3708 ι.

432 3720 443 3750 (
458 3720 496 3748 f)
511 3721 565 3744 Obs
578 3729 595 3744 ι.
613 3721 683 3744 modo
699 3719 739 3742 cir.
805 3719 818 3745 (
834 3725 851 3747 g
870 3720 879 3747 )
895 3718 992 3741 Cenm.
1009 3716 1066 3750 Qbs.
1085 3716 1193 3744 Medma.
1257 3715 1270 3743 (
1287 3715 1301 3736 h
1320 3722 1324 3741 j
1344 3714 1486 3747 Obs3supta
1502 3716 1530 3739 ad
1547 3722 1611 3743 n.24.
1628 3715 1671 3739 cit.

428 3748 467 3784 (λ
483 3751 496 3780 )
513 3750 567 3775 Vid.
584 3752 647 3780 apud.
664 3750 782 3775 Schenck.
800 3747 859 3773 obs.
878 3755 900 3772 ι.
917 3748 990 3772 modo
1006 3753 1048 3772 cit.
1110 3747 1125 3775 (
1141 3753 1164 3771 m
1180 3746 1194 3775 )
1210 3743 1305 3770 advers.
1322 3752 1345 3775 3.
1364 3746 1476 3771 Animad.
1494 3747 1530 3772 28.

1409 143 1615 198 Morbis
1652 144 1864 198 Ventris

1416 232 1470 257 aut
1495 234 1584 257 mora
1618 223 1687 257 fieri
1711 245 1721 261 ,
1752 234 1787 257 ut
1810 234 1898 266 aeque
1923 234 1956 256 ac
1978 224 2091 259 calculi
2114 247 2127 265 ,
2158 226 2191 260 &
2234 224 2413 260 distendere

1417 266 1557 299 canalem
1595 267 1686 308 poffit
1705 289 1714 304 ‚
1750 270 1780 299 ἃ·
1805 265 1945 300 lacessere
1969 292 1976 300 .
2012 268 2093 301 Noli
2119 270 2244 302 credere
2266 292 2279 309 ,
2314 270 2410 302 indu-

1418 309 1527 342 striam
1552 333 1561 348 ,
1594 310 1821 352 solertiamque
1845 321 1955 343 verum
1977 314 2191 354 quaerentium
2214 333 2226 350 ,
2257 315 2290 345 &
2322 313 2408 345 Rem

1417 352 1581 385 Medicam
1605 352 1713 393 juvare
1736 355 1913 385 nitentium
1935 354 2069 387 minoris
2096 367 2110 387 a
2134 366 2182 387 me
2204 354 2277 387 duci
2310 366 2407 397 quam

1416 407 1432 428 a
1457 395 1509 428 cl.
1535 396 1619 428 Viro
1635 419 1643 433 ‚
1668 397 1725 437 qui
1750 396 1904 438 propositi
1930 397 2051 429 doloris
2074 398 2318 439 explicationem
2333 409 2410 439 pro-

1414 438 1468 471 bat
1493 449 1548 480 per
1571 438 1769 481 Suspensorii
1794 438 1919 480 hepatis
1940 441 2106 481 ligamenti
2131 440 2260 473 firmam
2282 441 2320 473 acl
2354 452 2410 482 pe-

1413 482 1585 514 ritonaeum
1608 492 1671 522 qua
1695 481 1894 516 ensiformem
1918 483 2138 525 cartilaginem
2160 483 2316 523 obducit,
2339 484 2411 515 alli-

1414 525 1598 566 gationem:
1622 524 1672 558 sed
1696 536 1773 559 mox
1793 526 1904 560 eodem
1927 538 1993 568 quo
2017 529 2047 559 ἃ
2071 537 2149 569 eg0‚
2175 528 2240 560 veri
2275 525 2382 559 studio
2399 551 2409 566 ,

1415 570 1444 599 δέ.
1470 578 1577 603 amore
1600 578 1785 610 permotus,
1809 567 1877 602 haec
1901 568 2051 612 subjicit:
2078 592 2100 608 ,‚
2125 581 2188 602 non
2213 571 2246 601 in
2269 569 2411 603 calculo-

1412 631 1437 650 „
1461 610 1499 643 fis
1520 610 1667 652 jecinoris
1690 610 1855 645 affcc‘iibus
1880 620 2004 645 tantum
2020 638 2028 652 ,
2053 624 2163 646 verum
2186 615 2216 646 δε
2241 614 2273 645 in
2298 612 2411 654 phleg-

1413 674 1437 694 ‚2
1461 654 1609 687 monibus
1626 680 1635 694 ‚
1659 654 1769 687 aliisve
1794 654 1933 696 ejusdem
1959 656 2085 689 visceris
2107 656 2290 688 tumoribus
2309 679 2320 695 ‚
2352 654 2411 696 qui

1415 718 1437 734 „
1463 707 1526 729 non
1553 698 1664 739 procul
1689 698 1729 730 ab
1753 697 1883 739 hujusce
1917 699 2082 755 ligante-tyri
2117 699 2274 732 radicibus
2308 697 2409 731 consi.

1413 762 1437 780 ³,
1462 740 1566 778 stunt,
1591 750 1774 783 opportuna
1798 741 1864 774 haec
1888 740 1960 775 sunt
1992 743 2040 775 ads
2064 743 2150 775 varia
2184 741 2409 784 hujuscemodi

1415 805 1437 824 ,‚
1460 783 1535 815 inde
1562 784 1690 816 suborta
1716 784 1933 827 symptomata
1957 785 2164 827 explicanda,
2188 787 2218 817 &
2250 787 2409 827 praecipue

1414 851 1437 867 ,‚
1460 826 1581 860 dietum
1605 828 1804 869 cartilaginis
1828 838 2024 861 mucronatae
2048 829 2217 865 dolorem,
2243 830 2299 871 qui
2322 829 2355 861 in
2371 828 2411 860 si-

1413 892 1436 911 ‚‚
1462 870 1592 903 milibus
1616 871 1868 904 circumstantiis
1891 871 2017 914 hepatis
2039 871 2310 906 inflammationes
2341 881 2407 904 non

1411 935 1437 954 ³‚
1462 925 1533 946 raro
1556 916 1707 948 comitari
1730 914 1925 948 consuescit.
1952 937 1975 955 ,‚
2038 940 2047 957 ἢ

1455 967 1508 999 41.
1532 956 1611 989 Non
1638 958 1735 991 modo
1759 967 1863 991 autem
1887 957 1949 991 hoc
1981 958 2105 1000 signum
2148 969 2320 992 commune
2366 957 2409 991 est

1416 999 1541 1033 morbis
1565 1000 1634 1032 aliis
1658 1000 1720 1034 sive
1743 1011 1831 1033 extra
1854 1001 1965 1043 jecur,
1989 1001 2052 1034 sive
2077 1003 2109 1034 in
2142 1003 2281 1043 jecinore
2305 1026 2313 1041 ,
2347 1000 2409 1033 sive

1416 1044 1450 1076 in
1474 1044 1654 1077 Communi
1676 1044 1744 1086 ipso
1767 1045 1864 1078 ductu
1888 1045 2172 1085 commemoratis:
2194 1045 2242 1078 sed
2269 1056 2307 1077 ne
2338 1053 2411 1077 tum

1417 1087 1548 1126 quidem
1572 1089 1712 1120 occurrit
1737 1087 1857 1130 semper
1879 1100 1952 1121 cum
1975 1091 2007 1121 in
2029 1101 2068 1121 eo
2091 1087 2386 1134 du&ulapillistint
2403 1110 2414 1119 .

1416 1129 1616 1172 Qicunque
1659 1133 1744 1164 enim
1764 1149 1767 1151 <
1788 1131 1895 1165 bilarii
1938 1132 2051 1165 calculi
2099 1143 2152 1174 per
2185 1133 2292 1164 alvum
2317 1131 2411 1172 ejeffifi

1417 1172 1511 1210 sunt,
1537 1184 1591 1215 per
1616 1173 1703 1208 illius
1727 1184 1847 1208 meatus
1871 1175 2025 1218 angustias
2049 1174 2086 1208 ad
2119 1175 2265 1209 intestina
2300 1185 2412 1216 perve-

1412 1218 1520 1248 nerint
1536 1238 1545 1253 ,
1570 1218 1686 1250 necesse
1710 1218 1774 1251 est:
1800 1221 1830 1251 δι
1853 1228 1959 1251 tamen
1992 1230 2066 1251 cum
2098 1217 2300 1260 dejectorum
2331 1216 2414 1259 ejus-

1412 1259 1501 1293 modi
1524 1259 1667 1302 lapidum
1691 1269 1743 1293 tot
1766 1270 1874 1294 extent
1898 1260 2168 1298 Observatione53
2193 1262 2225 1294 in
2248 1270 2413 1303 quottan-

1414 1302 1487 1336 dem
1510 1301 1626 1336 harum
1649 1302 1829 1346 praeceffisse
1850 1305 1994 1338 dolorem
2018 1306 2151 1346 legimus
2176 1304 2213 1337 ad
2246 1304 2413 1346 cartilagi-

1415 1358 1488 1386 nem
1511 1346 1713 1380 ensiformem
1732 1352 1741 1379 ?
1766 1348 1845 1381 Non
1870 1360 1918 1382 me
1942 1350 2105 1391 praeterit,
2129 1346 2213 1380 haud
2236 1358 2344 1381 omnes
2358 1349 2414 1380 de-

1419 1389 1520 1432 jectos
1542 1390 1661 1432 lapides
1686 1403 1701 1424 a
1724 1389 1832 1433 jecore
1855 1391 1913 1425 esse
1936 1391 2123 1434 repetendos
2145 1415 2151 1421 .
2187 1390 2279 1428 Quin
2325 1390 2413 1423 ultro

1418 1432 1544 1470 fateor,
1567 1445 1607 1466 ex
1630 1446 1696 1476 quo
1720 1444 1791 1468 ante
1815 1434 1977 1468 Galenum
2000 1438 2014 1474 (
2036 1436 2055 1467 d
2074 1438 2089 1474 )
2119 1436 2221 1475 coepti
2256 1434 2328 1467 sunt
2363 1433 2416 1467 ad-

1420 1478 1553 1516 notari,
1575 1489 1650 1510 cum
1675 1489 1774 1520 prope
1796 1479 1969 1512 innumerce
1994 1479 2030 1511 ad
2058 1477 2120 1511 hoc
2154 1477 2253 1519 usque
2286 1486 2415 1519 tempus

1415 1520 1555 1553 colleelae
1580 1520 1641 1553 sint
1665 1533 1679 1552 a
1704 1522 1838 1554 Donato
1863 1525 1874 1560 (
1898 1532 1912 1555 e
1935 1525 1967 1560 ),
1992 1534 2007 1555 a
2031 1520 2211 1555 Schenckio
2243 1519 2325 1562 (f)
2353 1544 2362 1558 ‚
2396 1533 2414 1554 a

1416 1562 1552 1597 Rhodio
1575 1566 1589 1602 (
1609 1574 1630 1605 g
1652 1567 1686 1603 )‚
1713 1576 1729 1596 a
1751 1563 1930 1598 Schr‘ockio
1956 1574 2047 1608 patre
2078 1568 2092 1605 (
2112 1563 2132 1598 h
2156 1566 2189 1601 )‚
2211 1563 2249 1597 ab
2281 1564 2414 1607 aliisque

1415 1617 1527 1640 eorum
1550 1607 1830 1648 Observationes,
1853 1619 1970 1650 magna
2005 1620 2044 1640 ex
2076 1616 2165 1650 parte
2196 1608 2299 1640 videri
2332 1607 2416 1641 mihi

1410 1650 1443 1682 in
1490 1648 1564 1693 ipsis
1607 1649 1764 1683 intestinis
1798 1674 1808 1689 ‚
1854 1660 1909 1685 aut
1953 1653 1987 1684 in
2032 1649 2211 1684 ventriculo
2255 1651 2381 1691 genitos
2405 1675 2414 1683 .

1410 1692 1500 1726 Nam
1546 1693 1581 1725 in
1628 1694 1811 1727 ventriculo
1855 1706 1984 1737 quoque
2028 1696 2141 1736 gigni,
2186 1695 2318 1735 antiqu-a
2363 1696 2414 1726 in-

1412 1735 1521 1770 dicant
1567 1737 1709 1778 exempla
1733 1760 1745 1776 ,
1789 1748 1929 1779 quorum
1974 1738 2115 1780 primum
2139 1736 2277 1770 recenset
2301 1738 2416 1770 Dona-

1413 1787 1465 1813 tus
1507 1782 1521 1818 (
1544 1779 1556 1812 i
1579 1782 1603 1817 ),
1633 1791 1707 1812 cum
1752 1780 1833 1813 civis
1877 1791 1964 1814 meus
2005 1803 2031 1820 ‚‚
2078 1780 2231 1822 Magister
2258 1780 2313 1823 Jo.
2356 1781 2419 1825 Ju-

1414 1845 1438 1861 ‚‚
1462 1823 1539 1856 liani
1582 1822 1620 1856 de
1664 1823 1813 1857 Furlivio
1838 1823 1924 1857 misit
1947 1823 2074 1856 Gentili
2100 1823 2238 1865 lapidem
2262 1826 2295 1855 in
2316 1834 2419 1865 quan-

1416 1889 1440 1906 „
1465 1867 1561 1899 titate
1585 1867 1679 1900 unius
1702 1868 1793 1900 nucis
1818 1869 1947 1901 vomitu
1971 1866 2137 1908 expulsum
2172 1866 2241 1909 post
2272 1866 2420 1901 dolorem

1416 1931 1438 1949 ‚‚
1463 1908 1638 1949 stomachi,
1663 1909 1755 1951 cujus
1777 1910 1891 1951 lapidis
1914 1911 2049 1943 durities
2073 1919 2140 1943 erat
2163 1910 2420 1952 supraduritiem

1417 1976 1440 1992 „
1465 1952 1578 1997 gypsi,
1601 1952 1769 1996 figuraque
1793 1953 1860 1999 ejus
1882 1963 1950 1987 erat
1973 1952 2065 1987 sicuti
2090 1952 2193 1995 figura
2215 1956 2293 1987 ovi:
2318 1977 2343 1993 „
2366 1954 2420 1987 cui

1417 1997 1575 2036 similem,
1598 1997 1656 2030 nisi
1680 1998 1768 2039 quod
1791 1997 1916 2038 jujubae
1938 1996 2196 2039 magnitudinem
2219 2007 2284 2029 non
2297 1996 2422 2039 supera-

1417 2041 1496 2077 bat,
1519 2041 1631 2074 colore
1656 2049 1764 2073 autem
1790 2041 1944 2080 subalbo,
1967 2051 2023 2073 nec
2069 2040 2173 2073 stratis
2217 2039 2422 2075 evidentibus

1419 2084 1619 2127 praeditum,
1642 2084 1675 2116 in
1702 2084 1808 2116 Patria
1834 2085 1916 2117 olim
1941 2083 2033 2123 vidi,
2056 2094 2153 2126 quem
2178 2079 2332 2121 foemina,
2365 2094 2424 2127 pa-

1419 2129 1499 2160 riter
1521 2128 1590 2170 post
1611 2127 1780 2160 diuturnos
1801 2126 1973 2160 ventriculi
1996 2127 2124 2160 dolores
2148 2137 2315 2161 vomuerat
2339 2153 2346 2162 .
2381 2129 2423 2159 In

1421 2170 1495 2214 ipfis
1519 2181 1625 2204 autem
1649 2170 1808 2204 intestinis
1831 2180 1998 2203 concretos
2021 2181 2094 2203 cum
2119 2171 2173 2203 alii
2199 2181 2299 2212 nuper
2323 2196 2331 2211 ,
2365 2176 2431 2204 nec'

1419 2214 1495 2248 satis
1518 2212 1648 2247 fortasse
1673 2214 1798 2246 idoneis
1819 2214 1973 2256 exemplis
1989 2239 1998 2252 ‚
2024 2213 2053 2246 se
2077 2213 2218 2255 probasse
2235 2236 2243 2251 ‚
2279 2214 2424 2247 credide-

1419 2259 1508 2294 rint·‚
1533 2256 1614 2290 mihi
1638 2256 1719 2290 illud
1744 2268 1806 2298 prae
1828 2259 1953 2290 caeteris
1975 2256 2037 2290 huc
2063 2266 2173 2299 aptum
2196 2257 2322 2291 videtur
2334 2258 2423 2299 quod

1422 2313 1461 2334 ex
1486 2301 1635 2333 ssallonio
1658 2303 1671 2339 (
1693 2300 1711 2339 l<
1733 2303 1743 2338 )
1769 2310 1854 2343 petes
1872 2326 1879 2339 ‚
1904 2300 2020 2341 lapidis
2042 2300 2074 2332 in
2102 2301 2232 2334 Peronii
2266 2301 2423 2340 intestinis

1418 2342 1595 2386 perforati,
1620 2351 1655 2377 ut
1678 2342 1839 2385 liquidiori
1861 2345 1996 2377 materiae
2018 2345 2072 2376 via
2092 2351 2215 2385 pareret
2237 2354 2249 2382 ;
2282 2356 2323 2377 ex
2356 2355 2425 2377 ter-

1422 2389 1486 2420 reis
1508 2390 1593 2420 enim
1619 2387 1811 2430 viscidisque
1835 2387 2001 2430 particulis
2026 2388 2180 2421 intestino
2211 2389 2333 2421 circum
2367 2389 2424 2422 ad-

1420 2429 1616 2464 haerentibus
1639 2430 1768 2463 videtur
1792 2431 1947 2473 paulatim
1970 2428 2122 2470 crevisse,
2145 2432 2268 2464 caeteris
2291 2443 2345 2473 per
2358 2443 2425 2465 me-

1420 2475 1511 2506 dium
1534 2474 1798 2512 transeuntibus,
1832 2476 1983 2516 viamque
2018 2482 2160 2516 apertam
2193 2474 2388 2508 servantibus
2414 2499 2423 2505 .

1424 2515 1483 2550 Sed
1509 2519 1538 2549 &
1562 2516 1680 2558 lapides
1702 2518 1851 2550 omnium
1875 2518 2032 2549 maximos
2054 2541 2067 2555 ,
2097 2519 2128 2549 ὃ(
2151 2525 2239 2549 totos
2274 2528 2311 2549 ex
2344 2517 2425 2559 ejus-

1425 2559 1515 2594 modi
1541 2571 1602 2593 una
1628 2559 1802 2603 eademque
1826 2562 1956 2594 materia
1980 2560 2103 2596 factos,
2129 2569 2161 2591 ut
2185 2570 2272 2592 certe
2306 2562 2338 2593 in
2375 2564 2425 2594 in-

1424 2604 1548 2637 testinis
1572 2612 1803 2646 augmentum,
1826 2602 1867 2636 sic
1890 2606 1920 2635 &
1945 2603 2077 2635 initium
2102 2602 2250 2643 coepisse,
2275 2606 2346 2646 quis
2372 2617 2425 2638 ne·

1424 2650 1501 2690 get?
1527 2647 1617 2686 Quin
1642 2646 1763 2679 etiamsi
1786 2646 1937 2689 quosdam
1962 2643 2075 2686 fuisse,
2099 2645 2200 2687 legam
2223 2657 2278 2680 aut
2303 2652 2426 2690 magni-

1428 2689 1565 2726 tudine,
1588 2700 1641 2723 aut
1665 2690 1792 2729 colore,
1819 2701 1872 2723 aut
1897 2689 1999 2732 figura
2022 2688 2239 2731 ejuscemodi,
2264 2700 2297 2724 ut
2321 2695 2426 2733 adcy-

1428 2734 1522 2767 sticos
1545 2733 1641 2767 facile
1665 2734 1781 2776 aliquis
1805 2732 1919 2766 referre
1943 2732 2044 2775 posset
2060 2754 2068 2769 ,
2087 2742 2123 2765 ut
2147 2742 2223 2775 puta
2257 2738 2266 2773 (
2292 2733 2303 2766 l
2324 2738 2337 2775 >
2367 2737 2426 2777 qui

1430 2777 1511 2810 alias
1534 2777 1690 2816 majores,
1713 2775 1797 2809 alias
1821 2777 1952 2809 minores
1970 2775 2047 2817 pifis
2071 2786 2181 2815 erant,
2220 2787 2275 2810 aut
2307 2778 2426 2812 avella-

1429 2822 1480 2853 nis
1507 2845 1515 2860 ‚
1549 2820 1603 2862 qui
1645 2820 1757 2853 coloris
1793 2817 1886 2861 fulvi
1907 2841 1916 2856 ‚
1965 2829 2018 2852 aut
2054 2820 2166 2861 majori
2201 2831 2238 2854 ex
2259 2829 2348 2862 parte
2366 2820 2428 2865 fta,-

1428 2865 1464 2896 ’m'
1485 2886 1498 2903 ,
1543 2864 1600 2906 qui
1647 2862 1854 2903 triangulares
1878 2886 1886 2900 ‚
1934 2873 1987 2896 aut
2021 2863 2112 2895 aliter
2157 2863 2290 2907 angulofi
2315 2887 2323 2903 ,
2369 2868 2428 2908 qui

1428 2906 1589 2949 denique,
1614 2916 1649 2939 ut
1674 2917 1739 2938 uno
1762 2908 1909 2947 exemplo
1933 2906 2021 2947 plura
2045 2907 2258 2946 complectar,
2283 2911 2323 2942 Θ
2347 2909 2429 2941 colo-

1429 2961 1460 2983 re
1476 2974 1486 2988 ‚
1510 2952 1545 2984 (θ’
1567 2949 1802 2991 magnitudine,
1825 2952 1866 2981 (φ
1882 2945 1989 2990 forma
2022 2947 2217 2991 mespilorum
2255 2951 2427 2993 seminibus

1429 2992 1691 3035 affimilabantur3
1716 2991 1774 3025 hos
1799 3003 1905 3025 tamen
1930 3004 2039 3025 omnes
2072 2993 2208 3026 libenter
2242 2997 2394 3028 omittam
2418 3018 2429 3034 ,

1429 3036 1605 3078 praesertim
1629 3047 1703 3069 cum
1726 3047 1797 3077 quae
1821 3035 2029 3077 praecesserint
2052 3059 2060 3073 ,
2095 3045 2148 3069 ant
2172 3048 2236 3070 non
2261 3039 2335 3072 satis
2378 3039 2429 3072 di-

1430 3080 1568 3121 ligenter
1592 3102 1603 3117 ,
1649 3089 1702 3113 aut
1748 3078 1838 3111 nullo
1881 3080 1979 3113 modo
2024 3078 2181 3122 adscripta
2225 3080 2285 3114 sint
2318 3107 2325 3114 .
2374 3084 2429 3116 Ad

1428 3123 1503 3156 illos
1548 3122 1672 3155 veniam
1697 3145 1706 3159 ,
1753 3133 1834 3163 quos
1878 3125 1935 3165 qui
1980 3122 2162 3156 describunt
2196 3146 2206 3161 ‚
2252 3135 2306 3158 aut
2351 3126 2432 3160 Viri

1430 3167 1487 3199 alii
1532 3176 1644 3208 graves
1689 3175 1748 3207 pro
1792 3166 1920 3207 cysticis
1953 3189 1961 3203 ,
2009 3175 2062 3199 aut
2109 3175 2192 3199 certe
2238 3179 2295 3210 pro
2348 3169 2430 3203 bila-

1428 3211 1483 3242 riis
1500 3231 1508 3247 ‚
1534 3221 1590 3242 nec
1614 3208 1677 3242 sine
1701 3207 1814 3245 causa,
1839 3208 2040 3242 habuerunt.
2067 3209 2126 3243 Sed
2150 3210 2309 3245 Fernelius
2331 3224 2428 3254 quem

1429 3252 1494 3294 ipse
1519 3253 1594 3285 alias
1619 3256 1632 3291 (
1656 3262 1686 3284 m
1713 3255 1722 3290 )
1747 3253 1941 3289 nominavi,
1966 3252 2050 3286 haud
2073 3254 2162 3294 plura
2195 3253 2293 3287 habet
2328 3267 2425 3296 quam

1425 3294 1490 3337 posi
1514 3296 1697 3328 diuturnum
1722 3294 1851 3328 {ererum
1865 3318 1876 3334 ,
1900 3295 2004 3329 oborto
2027 3295 2094 3329 alvi
2114 3294 2267 3338 profluvio
2285 3321 2297 3337 ‚
2330 3298 2426 3339 hujus

1424 3346 1541 3371 naturae
1563 3338 1737 3371 innumeros
1759 3338 1893 3371 calculos
1916 3338 2006 3375 inslar
2026 3338 2084 3380 pisi
2096 3362 2108 3378 ,
2134 3347 2188 3371 aut
2201 3339 2304 3373 hordei
2316 3341 2426 3382 inple-

1425 3380 1526 3423 risque
1548 3380 1729 3420 exturbari,
1753 3380 1781 3414 se
1804 3381 2061 3424 deprehendisse.
2086 3384 2237 3417 Coiterus
2259 3386 2273 3422 (
2293 3395 2312 3416 n
2334 3386 2347 3422 )
2371 3396 2425 3426 pa-

2303 3435 2381 3460 riter

1683 3594 1686 3596 ,
1844 3567 1854 3589 <
1870 3573 1882 3587 ν·
1901 3566 1908 3593 )
1923 3564 1976 3588 Diff
1995 3565 2024 3589 de
2041 3565 2179 3589 Cholelitho
2195 3563 2246 3589 eas.
2264 3572 2286 3589 1.
2302 3572 2329 3589 n.
2344 3570 2368 3590 6.

1571 3594 1584 3621 (
1600 3600 1610 3616 ι
1629 3593 1641 3621 )
1658 3594 1715 3617 οιιῑῑ
1734 3594 1762 3617 de
1781 3595 1845 3618 Met.
1865 3595 1910 3619 Βῑι.
1932 3595 1952 3625 ς,
1972 3604 2008 3625 57.

1859 3653 1898 3680 (ὁ
1919 3655 1925 3684 )
1943 3658 1961 3679 1.
1982 3664 2001 3685 3.
2020 3657 2043 3679 S.
2061 3665 2083 3684 7.
2103 3654 2158 3680 Obs.
2179 3661 2214 3683 32.

1857 3686 1897 3714 (e
1915 3687 1921 3714 )
1938 3694 1990 3714 cap.
2006 3686 2072 3716 supra
2090 3687 2117 3709 ad
2135 3694 2157 3708 n.
2178 3693 2212 3712 ις.
2229 3685 2272 3709 cit.

1734 3715 1781 3742 (ι’)
1798 3722 1849 3743 cap.
1870 3716 1942 3740 modo
1957 3716 1999 3743 eit.
2062 3716 2126 3745 (k)
2141 3716 2180 3740 l-z.
2190 3715 2280 3742 consil.
2292 3716 2422 3748 Medieaq.

1590 3746 1598 3777 s
1620 3754 1635 3770 η
1651 3746 1660 3776 )
1676 3744 1734 3770 Obs.
1752 3748 1828 3770 Anat.

1169 3625 1182 3653 (
1199 3632 1214 3647 x
1230 3623 1243 3651 )
1260 3623 1348 3651 opusc.
1369 3623 1461 3647 Pathol.
1480 3624 1537 3648 Obs.
1556 3632 1593 3653 33.
1609 3623 1658 3646 hist.
1677 3633 1700 3651 4.
1719 3632 1755 3651 13.
1778 3632 1814 3652 14.

1628 3655 1796 3683 (1²)ss·37-
