<?xml version="1.0" encoding="UTF-8"?>
<!DOCTYPE html PUBLIC "-//W3C//DTD XHTML 1.0 Transitional//EN"
    "http://www.w3.org/TR/xhtml1/DTD/xhtml1-transitional.dtd">
<html xmlns="http://www.w3.org/1999/xhtml" xml:lang="en" lang="en">
 <head>
  <title>
</title>
<meta http-equiv="Content-Type" content="text/html;charset=utf-8" />
  <meta name='ocr-system' content='tesseract 3.04.00' />
  <meta name='ocr-capabilities' content='ocr_page ocr_carea ocr_par ocr_line ocrx_word'/>
</head>
<body>
  <div class='ocr_page' id='page_1' title='image "./desedibusetcausi00morg_0294.png"; bbox 0 0 2498 4075; ppageno 0'>
   <div class='ocr_carea' id='block_1_1' title="bbox 319 99 1347 3528">
    <p class='ocr_par' dir='ltr' id='par_1_1' title="bbox 319 99 1347 1555">
     <span class='ocr_line' id='line_1_1' title="bbox 400 99 493 165; baseline 0.032 -17"><span class='ocrx_word' id='word_1_1' title='bbox 400 99 493 165; x_wconf 84' lang='lat'><strong>196</strong></span> 
     </span>
     <span class='ocr_line' id='line_1_2' title="bbox 327 169 1342 215; baseline -0.008 -6"><span class='ocrx_word' id='word_1_2' title='bbox 327 173 409 210; x_wconf 75' lang='lat' dir='ltr'><strong>felix</strong></span> <span class='ocrx_word' id='word_1_3' title='bbox 428 176 517 213; x_wconf 74' lang='lat' dir='ltr'><strong>casus</strong></span> <span class='ocrx_word' id='word_1_4' title='bbox 540 171 742 215; x_wconf 78' lang='lat' dir='ltr'><strong>Mareschalli</strong></span> <span class='ocrx_word' id='word_1_5' title='bbox 764 172 799 205; x_wconf 79' lang='lat' dir='ltr'><strong>de</strong></span> <span class='ocrx_word' id='word_1_6' title='bbox 821 170 988 214; x_wconf 55' lang='lat' dir='ltr'><strong>Botzheim</strong></span> <span class='ocrx_word' id='word_1_7' title='bbox 1010 169 1342 212; x_wconf 80' lang='lat' dir='ltr'><strong>nonagenariomajo-</strong></span> 
     </span>
     <span class='ocr_line' id='line_1_3' title="bbox 330 212 1343 261; baseline -0.007 -10"><span class='ocrx_word' id='word_1_8' title='bbox 330 221 375 254; x_wconf 80' lang='lat' dir='ltr'><strong>ris</strong></span> <span class='ocrx_word' id='word_1_9' title='bbox 396 223 486 261; x_wconf 60' lang='grc' dir='ltr'><strong>(ως</strong></span> <span class='ocrx_word' id='word_1_10' title='bbox 510 219 573 254; x_wconf 84' lang='lat' dir='ltr'><strong>est,</strong></span> <span class='ocrx_word' id='word_1_11' title='bbox 599 218 752 259; x_wconf 89' lang='lat' dir='ltr'><strong>inquam,</strong></span> <span class='ocrx_word' id='word_1_12' title='bbox 775 222 858 248; x_wconf 86' lang='lat' dir='ltr'><strong>certe</strong></span> <span class='ocrx_word' id='word_1_13' title='bbox 880 213 929 246; x_wconf 87' lang='lat' dir='ltr'><strong>vel</strong></span> <span class='ocrx_word' id='word_1_14' title='bbox 954 212 1077 246; x_wconf 86' lang='lat' dir='ltr'><strong>senibus</strong></span> <span class='ocrx_word' id='word_1_15' title='bbox 1101 214 1135 245; x_wconf 91' lang='lat' dir='ltr'><strong>in</strong></span> <span class='ocrx_word' id='word_1_16' title='bbox 1159 212 1221 246; x_wconf 87' lang='lat' dir='ltr'><strong>hoc</strong></span> <span class='ocrx_word' id='word_1_17' title='bbox 1256 224 1343 245; x_wconf 87' lang='lat' dir='ltr'><strong>mor-</strong></span> 
     </span>
     <span class='ocr_line' id='line_1_4' title="bbox 330 255 1345 306; baseline -0.007 -11"><span class='ocrx_word' id='word_1_18' title='bbox 330 262 374 296; x_wconf 91' lang='lat' dir='ltr'><strong>bo</strong></span> <span class='ocrx_word' id='word_1_19' title='bbox 398 263 521 306; x_wconf 78' lang='lat' dir='ltr'><strong>san&#39;guis</strong></span> <span class='ocrx_word' id='word_1_20' title='bbox 546 258 758 295; x_wconf 84' lang='lat' dir='ltr'><strong>detrahendus</strong></span> <span class='ocrx_word' id='word_1_21' title='bbox 773 282 786 298; x_wconf 90' lang='lat'><em>‚</em></span> <span class='ocrx_word' id='word_1_22' title='bbox 809 261 840 291; x_wconf 67' lang='grc' dir='ltr'><strong>δε</strong></span> <span class='ocrx_word' id='word_1_23' title='bbox 863 256 988 291; x_wconf 83' lang='lat' dir='ltr'>detraxi</span> <span class='ocrx_word' id='word_1_24' title='bbox 1013 255 1100 298; x_wconf 79' lang='lat' dir='ltr'><strong>ipse,</strong></span> <span class='ocrx_word' id='word_1_25' title='bbox 1123 267 1197 289; x_wconf 91' lang='lat' dir='ltr'><strong>cum</strong></span> <span class='ocrx_word' id='word_1_26' title='bbox 1221 268 1267 289; x_wconf 84' lang='lat' dir='ltr'><strong>res</strong></span> <span class='ocrx_word' id='word_1_27' title='bbox 1292 266 1345 288; x_wconf 89' lang='lat' dir='ltr'><strong>tu-</strong></span> 
     </span>
     <span class='ocr_line' id='line_1_5' title="bbox 329 298 1347 347; baseline -0.008 -8"><span class='ocrx_word' id='word_1_28' title='bbox 329 306 396 347; x_wconf 84' lang='lat' dir='ltr'><strong>lit,</strong></span> <span class='ocrx_word' id='word_1_29' title='bbox 420 310 451 340; x_wconf 72' lang='grc' dir='ltr'><strong>δε</strong></span> <span class='ocrx_word' id='word_1_30' title='bbox 476 306 571 339; x_wconf 85' lang='lat' dir='ltr'><strong>licuit</strong></span> <span class='ocrx_word' id='word_1_31' title='bbox 587 328 598 344; x_wconf 91' lang='lat'><strong>,</strong></span> <span class='ocrx_word' id='word_1_32' title='bbox 623 304 719 336; x_wconf 86' lang='lat' dir='ltr'><strong>etiam</strong></span> <span class='ocrx_word' id='word_1_33' title='bbox 744 302 869 335; x_wconf 88' lang='lat' dir='ltr'><strong>duobus</strong></span> <span class='ocrx_word' id='word_1_34' title='bbox 890 298 1133 336; x_wconf 84' lang='lat' dir='ltr'>continentibus</span> <span class='ocrx_word' id='word_1_35' title='bbox 1154 299 1288 340; x_wconf 81' lang='lat' dir='ltr'><strong>diebus,</strong></span> <span class='ocrx_word' id='word_1_36' title='bbox 1310 308 1347 332; x_wconf 92' lang='lat' dir='ltr'><strong>ut</strong></span> 
     </span>
     <span class='ocr_line' id='line_1_6' title="bbox 329 342 1347 392; baseline -0.009 -8"><span class='ocrx_word' id='word_1_37' title='bbox 329 350 365 386; x_wconf 82' lang='lat' dir='ltr'><strong>in</strong></span> <span class='ocrx_word' id='word_1_38' title='bbox 388 349 554 392; x_wconf 66' lang='lat' dir='ltr'><strong>grandaeva</strong></span> <span class='ocrx_word' id='word_1_39' title='bbox 579 347 729 385; x_wconf 84' lang='lat' dir='ltr'><strong>muliere,</strong></span> <span class='ocrx_word' id='word_1_40' title='bbox 755 344 793 378; x_wconf 89' lang='lat' dir='ltr'><strong>ad</strong></span> <span class='ocrx_word' id='word_1_41' title='bbox 817 355 914 385; x_wconf 82' lang='lat' dir='ltr'><strong>quam</strong></span> <span class='ocrx_word' id='word_1_42' title='bbox 938 353 1001 377; x_wconf 88' lang='lat' dir='ltr'><strong>non</strong></span> <span class='ocrx_word' id='word_1_43' title='bbox 1035 342 1092 375; x_wconf 87' lang='lat' dir='ltr'><strong>nisi</strong></span> <span class='ocrx_word' id='word_1_44' title='bbox 1125 344 1261 385; x_wconf 66' lang='lat' dir='ltr'><strong>quincto</strong></span> <span class='ocrx_word' id='word_1_45' title='bbox 1295 354 1347 385; x_wconf 87' lang='lat' dir='ltr'><strong>pe-</strong></span> 
     </span>
     <span class='ocr_line' id='line_1_7' title="bbox 331 387 1347 436; baseline -0.009 -10"><span class='ocrx_word' id='word_1_46' title='bbox 331 393 564 436; x_wconf 81' lang='lat' dir='ltr'><strong>ripneumoniae</strong></span> <span class='ocrx_word' id='word_1_47' title='bbox 587 391 639 427; x_wconf 87' lang='lat' dir='ltr'><strong>die</strong></span> <span class='ocrx_word' id='word_1_48' title='bbox 662 399 796 423; x_wconf 83' lang='lat' dir='ltr'><strong>vocatus</strong></span> <span class='ocrx_word' id='word_1_49' title='bbox 818 387 940 420; x_wconf 84' lang='lat' dir='ltr'><strong>fueram</strong></span> <span class='ocrx_word' id='word_1_50' title='bbox 963 409 973 423; x_wconf 93' lang='lat'><strong>,</strong></span> <span class='ocrx_word' id='word_1_51' title='bbox 1006 387 1102 420; x_wconf 88' lang='lat' dir='ltr'><strong>Anna</strong></span> <span class='ocrx_word' id='word_1_52' title='bbox 1136 387 1310 419; x_wconf 83' lang='lat' dir='ltr'><strong>Mazzonia</strong></span> <span class='ocrx_word' id='word_1_53' title='bbox 1334 410 1347 427; x_wconf 86' lang='lat'><strong>,</strong></span> 
     </span>
     <span class='ocr_line' id='line_1_8' title="bbox 328 429 1345 478; baseline -0.01 -7"><span class='ocrx_word' id='word_1_54' title='bbox 328 436 422 478; x_wconf 77' lang='lat' dir='ltr'><strong>eujus</strong></span> <span class='ocrx_word' id='word_1_55' title='bbox 448 436 575 478; x_wconf 80' lang='lat' dir='ltr'><strong>sanguis</strong></span> <span class='ocrx_word' id='word_1_56' title='bbox 598 432 690 467; x_wconf 75' lang='lat' dir='ltr'><strong>simul</strong></span> <span class='ocrx_word' id='word_1_57' title='bbox 715 443 789 466; x_wconf 89' lang='lat' dir='ltr'><strong>cum</strong></span> <span class='ocrx_word' id='word_1_58' title='bbox 813 439 884 463; x_wconf 85' lang='lat' dir='ltr'><strong>tota</strong></span> <span class='ocrx_word' id='word_1_59' title='bbox 908 441 985 472; x_wconf 88' lang='lat' dir='ltr'><strong>aqua</strong></span> <span class='ocrx_word' id='word_1_60' title='bbox 1009 431 1043 463; x_wconf 88' lang='lat' dir='ltr'><strong>in</strong></span> <span class='ocrx_word' id='word_1_61' title='bbox 1066 441 1162 472; x_wconf 85' lang='lat' dir='ltr'><strong>quarn</strong></span> <span class='ocrx_word' id='word_1_62' title='bbox 1196 429 1345 462; x_wconf 82' lang='lat' dir='ltr'><strong>mitteba-</strong></span> 
     </span>
     <span class='ocr_line' id='line_1_9' title="bbox 327 473 1344 522; baseline -0.007 -10"><span class='ocrx_word' id='word_1_63' title='bbox 327 488 407 519; x_wconf 86' lang='lat' dir='ltr'>tur,</span> <span class='ocrx_word' id='word_1_64' title='bbox 431 481 551 522; x_wconf 87' lang='lat' dir='ltr'><strong>quippe</strong></span> <span class='ocrx_word' id='word_1_65' title='bbox 575 490 591 511; x_wconf 84' lang='lat' dir='ltr'><strong>a</strong></span> <span class='ocrx_word' id='word_1_66' title='bbox 617 488 713 513; x_wconf 87' lang='lat' dir='ltr'><strong>manu</strong></span> <span class='ocrx_word' id='word_1_67' title='bbox 744 474 875 510; x_wconf 65' lang='lat' dir='ltr'><strong>eduetus</strong></span> <span class='ocrx_word' id='word_1_68' title='bbox 899 494 909 509; x_wconf 77' lang='lat'><em>‚</em></span> <span class='ocrx_word' id='word_1_69' title='bbox 941 474 974 506; x_wconf 89' lang='lat' dir='ltr'><strong>in</strong></span> <span class='ocrx_word' id='word_1_70' title='bbox 1006 473 1180 515; x_wconf 73' lang='lat' dir='ltr'><strong>gelatinam</strong></span> <span class='ocrx_word' id='word_1_71' title='bbox 1216 485 1344 506; x_wconf 86' lang='lat' dir='ltr'><strong>concre-</strong></span> 
     </span>
     <span class='ocr_line' id='line_1_10' title="bbox 328 511 1344 571; baseline -0.007 -14"><span class='ocrx_word' id='word_1_72' title='bbox 328 511 435 571; x_wconf 59' lang='lat' dir='ltr'><strong>scebale</strong></span> <span class='ocrx_word' id='word_1_73' title='bbox 456 534 466 559; x_wconf 72' lang='grc'><strong>,-</strong></span> <span class='ocrx_word' id='word_1_74' title='bbox 492 521 543 555; x_wconf 89' lang='lat' dir='ltr'><strong>sed</strong></span> <span class='ocrx_word' id='word_1_75' title='bbox 567 521 636 565; x_wconf 82' lang='lat' dir='ltr'><strong>plus</strong></span> <span class='ocrx_word' id='word_1_76' title='bbox 661 531 723 556; x_wconf 84' lang='lat' dir='ltr'><strong>non</strong></span> <span class='ocrx_word' id='word_1_77' title='bbox 748 518 872 551; x_wconf 80' lang='lat' dir='ltr'>detraxi</span> <span class='ocrx_word' id='word_1_78' title='bbox 896 517 930 549; x_wconf 91' lang='lat' dir='ltr'><strong>in</strong></span> <span class='ocrx_word' id='word_1_79' title='bbox 974 516 1041 550; x_wconf 88' lang='lat' dir='ltr'><strong>dies</strong></span> <span class='ocrx_word' id='word_1_80' title='bbox 1086 517 1160 563; x_wconf 69' lang='lat' dir='ltr'><strong>illsjs</strong></span> <span class='ocrx_word' id='word_1_81' title='bbox 1205 515 1344 559; x_wconf 71' lang='lat' dir='ltr'><strong>singulos</strong></span> 
     </span>
     <span class='ocr_line' id='line_1_11' title="bbox 325 559 1346 608; baseline -0.007 -9"><span class='ocrx_word' id='word_1_82' title='bbox 325 577 426 608; x_wconf 79' lang='lat' dir='ltr'><strong>quam</strong></span> <span class='ocrx_word' id='word_1_83' title='bbox 449 568 558 599; x_wconf 86' lang='lat' dir='ltr'><strong>uncias</strong></span> <span class='ocrx_word' id='word_1_84' title='bbox 578 566 693 607; x_wconf 82' lang='lat' dir='ltr'><strong>quinas</strong></span> <span class='ocrx_word' id='word_1_85' title='bbox 708 585 721 602; x_wconf 92' lang='lat'><em>‚</em></span> <span class='ocrx_word' id='word_1_86' title='bbox 744 569 900 604; x_wconf 81' lang='lat' dir='ltr'><strong>quantum</strong></span> <span class='ocrx_word' id='word_1_87' title='bbox 932 559 1087 592; x_wconf 86' lang='lat' dir='ltr'><strong>videlicet</strong></span> <span class='ocrx_word' id='word_1_88' title='bbox 1121 559 1264 593; x_wconf 78' lang='lat' dir='ltr'><strong>sinebant</strong></span> <span class='ocrx_word' id='word_1_89' title='bbox 1297 561 1346 592; x_wconf 83' lang='lat' dir='ltr'><strong>vi-</strong></span> 
     </span>
     <span class='ocr_line' id='line_1_12' title="bbox 326 602 1345 648; baseline -0.011 -5"><span class='ocrx_word' id='word_1_90' title='bbox 326 620 375 646; x_wconf 77' lang='lat' dir='ltr'><strong>res</strong></span> <span class='ocrx_word' id='word_1_91' title='bbox 397 632 406 648; x_wconf 93' lang='lat'>‚</span> <span class='ocrx_word' id='word_1_92' title='bbox 438 621 504 645; x_wconf 88' lang='lat' dir='ltr'><strong>non</strong></span> <span class='ocrx_word' id='word_1_93' title='bbox 530 620 571 642; x_wconf 82' lang='lat' dir='ltr'><strong>eae</strong></span> <span class='ocrx_word' id='word_1_94' title='bbox 595 607 694 640; x_wconf 90' lang='lat' dir='ltr'><strong>modo</strong></span> <span class='ocrx_word' id='word_1_95' title='bbox 716 617 788 648; x_wconf 83' lang='lat' dir='ltr'><strong>quae</strong></span> <span class='ocrx_word' id='word_1_96' title='bbox 812 613 881 637; x_wconf 87' lang='lat' dir='ltr'><strong>tum</strong></span> <span class='ocrx_word' id='word_1_97' title='bbox 905 613 995 636; x_wconf 85' lang='lat' dir='ltr'><strong>erant</strong></span> <span class='ocrx_word' id='word_1_98' title='bbox 1018 627 1027 643; x_wconf 88' lang='lat'>‚</span> <span class='ocrx_word' id='word_1_99' title='bbox 1061 602 1111 635; x_wconf 88' lang='lat' dir='ltr'><strong>sed</strong></span> <span class='ocrx_word' id='word_1_100' title='bbox 1135 605 1167 635; x_wconf 66' lang='grc' dir='ltr'><strong>ὃς</strong></span> <span class='ocrx_word' id='word_1_101' title='bbox 1190 615 1259 646; x_wconf 77' lang='lat' dir='ltr'><strong>quae</strong></span> <span class='ocrx_word' id='word_1_102' title='bbox 1293 615 1345 636; x_wconf 77' lang='lat' dir='ltr'><strong>ex.</strong></span> 
     </span>
     <span class='ocr_line' id='line_1_13' title="bbox 327 646 1346 696; baseline -0.01 -10"><span class='ocrx_word' id='word_1_103' title='bbox 327 654 560 696; x_wconf 66' lang='lat' dir='ltr'><strong>peEtorationis</strong></span> <span class='ocrx_word' id='word_1_104' title='bbox 583 650 674 688; x_wconf 80' lang='lat' dir='ltr'><strong>causa</strong></span> <span class='ocrx_word' id='word_1_105' title='bbox 698 647 852 682; x_wconf 82' lang='lat' dir='ltr'><strong>servandae</strong></span> <span class='ocrx_word' id='word_1_106' title='bbox 877 646 1022 684; x_wconf 86' lang='lat' dir='ltr'><strong>fuerant,</strong></span> <span class='ocrx_word' id='word_1_107' title='bbox 1047 657 1102 688; x_wconf 88' lang='lat' dir='ltr'><strong>per</strong></span> <span class='ocrx_word' id='word_1_108' title='bbox 1132 657 1228 688; x_wconf 83' lang='lat' dir='ltr'><strong>quam</strong></span> <span class='ocrx_word' id='word_1_109' title='bbox 1262 647 1346 681; x_wconf 74' lang='lat' dir='ltr'><strong>ultra</strong></span> 
     </span>
     <span class='ocr_line' id='line_1_14' title="bbox 330 689 1346 738; baseline -0.007 -8"><span class='ocrx_word' id='word_1_110' title='bbox 330 695 420 732; x_wconf 82' lang='lat' dir='ltr'><strong>diem</strong></span> <span class='ocrx_word' id='word_1_111' title='bbox 444 695 540 733; x_wconf 66' lang='lat' dir='ltr'><strong>fra6fi</strong></span> <span class='ocrx_word' id='word_1_112' title='bbox 571 694 635 738; x_wconf 81' lang='lat' dir='ltr'><strong>jam</strong></span> <span class='ocrx_word' id='word_1_113' title='bbox 672 691 779 727; x_wconf 82' lang='lat' dir='ltr'><strong>morbi</strong></span> <span class='ocrx_word' id='word_1_114' title='bbox 814 690 1003 733; x_wconf 78' lang='lat' dir='ltr'><strong>vigesimum</strong></span> <span class='ocrx_word' id='word_1_115' title='bbox 1038 690 1172 723; x_wconf 89' lang='lat' dir='ltr'><strong>tertium</strong></span> <span class='ocrx_word' id='word_1_116' title='bbox 1206 689 1346 724; x_wconf 79' lang='lat' dir='ltr'><strong>feliciter</strong></span> 
     </span>
     <span class='ocr_line' id='line_1_15' title="bbox 330 734 1346 782; baseline -0.01 -9"><span class='ocrx_word' id='word_1_117' title='bbox 330 738 546 782; x_wconf 64' lang='lat' dir='ltr'><strong>produ&amp;am‚</strong></span> <span class='ocrx_word' id='word_1_118' title='bbox 572 738 696 771; x_wconf 80' lang='lat' dir='ltr'>anicula</span> <span class='ocrx_word' id='word_1_119' title='bbox 721 734 837 768; x_wconf 78' lang='lat' dir='ltr'><strong>evafit.</strong></span> <span class='ocrx_word' id='word_1_120' title='bbox 864 735 987 766; x_wconf 87' lang='lat' dir='ltr'><strong>Verum</strong></span> <span class='ocrx_word' id='word_1_121' title='bbox 1012 743 1049 764; x_wconf 91' lang='lat' dir='ltr'><strong>ne</strong></span> <span class='ocrx_word' id='word_1_122' title='bbox 1073 741 1186 768; x_wconf 85' lang='lat' dir='ltr'><strong>contra</strong></span> <span class='ocrx_word' id='word_1_123' title='bbox 1210 745 1245 766; x_wconf 88' lang='lat' dir='ltr'><strong>ac</strong></span> <span class='ocrx_word' id='word_1_124' title='bbox 1269 746 1346 775; x_wconf 80' lang='lat' dir='ltr'><strong>pro-</strong></span> 
     </span>
     <span class='ocr_line' id='line_1_16' title="bbox 329 777 1345 823; baseline -0.011 -7"><span class='ocrx_word' id='word_1_125' title='bbox 329 782 424 823; x_wconf 84' lang='lat' dir='ltr'><strong>misi,</strong></span> <span class='ocrx_word' id='word_1_126' title='bbox 447 781 547 818; x_wconf 80' lang='lat' dir='ltr'><strong>facere</strong></span> <span class='ocrx_word' id='word_1_127' title='bbox 572 780 701 818; x_wconf 82' lang='lat' dir='ltr'><strong>videar,</strong></span> <span class='ocrx_word' id='word_1_128' title='bbox 727 778 795 815; x_wconf 87' lang='lat' dir='ltr'><strong>haec</strong></span> <span class='ocrx_word' id='word_1_129' title='bbox 817 788 945 820; x_wconf 76' lang='lat' dir='ltr'><strong>quoque</strong></span> <span class='ocrx_word' id='word_1_130' title='bbox 977 777 1167 809; x_wconf 86' lang='lat' dir='ltr'><strong>omittamus</strong></span> <span class='ocrx_word' id='word_1_131' title='bbox 1191 790 1200 808; x_wconf 93' lang='lat'><em>:</em></span> <span class='ocrx_word' id='word_1_132' title='bbox 1247 777 1345 812; x_wconf 81' lang='lat' dir='ltr'><strong>illud-</strong></span> 
     </span>
     <span class='ocr_line' id='line_1_17' title="bbox 326 818 1342 869; baseline -0.01 -9"><span class='ocrx_word' id='word_1_133' title='bbox 326 838 388 869; x_wconf 85' lang='lat' dir='ltr'><strong>que</strong></span> <span class='ocrx_word' id='word_1_134' title='bbox 415 835 512 859; x_wconf 88' lang='lat' dir='ltr'><strong>unum</strong></span> <span class='ocrx_word' id='word_1_135' title='bbox 536 826 569 857; x_wconf 94' lang='lat' dir='ltr'><strong>in</strong></span> <span class='ocrx_word' id='word_1_136' title='bbox 594 824 763 866; x_wconf 75' lang='lat' dir='ltr'><strong>proposito</strong></span> <span class='ocrx_word' id='word_1_137' title='bbox 795 820 863 854; x_wconf 88' lang='lat' dir='ltr'><strong>sene</strong></span> <span class='ocrx_word' id='word_1_138' title='bbox 894 820 1071 863; x_wconf 63' lang='lat' dir='ltr'><strong>speeiemus</strong></span> <span class='ocrx_word' id='word_1_139' title='bbox 1096 846 1105 862; x_wconf 89' lang='lat'><strong>,</strong></span> <span class='ocrx_word' id='word_1_140' title='bbox 1143 818 1273 855; x_wconf 85' lang='lat' dir='ltr'><strong>facilius</strong></span> <span class='ocrx_word' id='word_1_141' title='bbox 1307 823 1342 856; x_wconf 77' lang='lat' dir='ltr'><strong>in</strong></span> 
     </span>
     <span class='ocr_line' id='line_1_18' title="bbox 327 862 1339 908; baseline -0.008 -5"><span class='ocrx_word' id='word_1_142' title='bbox 327 869 458 903; x_wconf 90' lang='lat' dir='ltr'><strong>dorsum</strong></span> <span class='ocrx_word' id='word_1_143' title='bbox 479 866 638 902; x_wconf 79' lang='lat' dir='ltr'><strong>cubuisse.</strong></span> <span class='ocrx_word' id='word_1_144' title='bbox 773 862 876 906; x_wconf 76' lang='lat' dir='ltr'><strong>Cujus</strong></span> <span class='ocrx_word' id='word_1_145' title='bbox 910 865 953 896; x_wconf 87' lang='lat' dir='ltr'><strong>rei</strong></span> <span class='ocrx_word' id='word_1_146' title='bbox 985 863 1075 901; x_wconf 86' lang='lat' dir='ltr'><strong>causa</strong></span> <span class='ocrx_word' id='word_1_147' title='bbox 1109 874 1173 896; x_wconf 90' lang='lat' dir='ltr'><strong>non</strong></span> <span class='ocrx_word' id='word_1_148' title='bbox 1217 862 1339 908; x_wconf 77' lang='lat' dir='ltr'><strong>semper</strong></span> 
     </span>
     <span class='ocr_line' id='line_1_19' title="bbox 325 906 1337 954; baseline -0.006 -10"><span class='ocrx_word' id='word_1_149' title='bbox 325 914 371 947; x_wconf 82' lang='lat' dir='ltr'><strong>ita</strong></span> <span class='ocrx_word' id='word_1_150' title='bbox 394 913 428 944; x_wconf 88' lang='lat' dir='ltr'><strong>in</strong></span> <span class='ocrx_word' id='word_1_151' title='bbox 453 911 634 954; x_wconf 87' lang='lat' dir='ltr'><strong>propatulo</strong></span> <span class='ocrx_word' id='word_1_152' title='bbox 652 909 716 951; x_wconf 84' lang='lat' dir='ltr'><strong>est,</strong></span> <span class='ocrx_word' id='word_1_153' title='bbox 740 916 776 944; x_wconf 89' lang='lat' dir='ltr'><strong>ut</strong></span> <span class='ocrx_word' id='word_1_154' title='bbox 801 908 835 942; x_wconf 89' lang='lat' dir='ltr'><strong>in</strong></span> <span class='ocrx_word' id='word_1_155' title='bbox 858 919 896 953; x_wconf 84' lang='lat' dir='ltr'><strong>eo</strong></span> <span class='ocrx_word' id='word_1_156' title='bbox 934 908 1006 941; x_wconf 90' lang='lat' dir='ltr'><strong>casu</strong></span> <span class='ocrx_word' id='word_1_157' title='bbox 1041 906 1168 941; x_wconf 84' lang='lat' dir='ltr'><strong>videtur</strong></span> <span class='ocrx_word' id='word_1_158' title='bbox 1192 932 1200 939; x_wconf 87' lang='lat'>.</span> <span class='ocrx_word' id='word_1_159' title='bbox 1249 911 1337 942; x_wconf 87' lang='lat' dir='ltr'><strong>Cum</strong></span> 
     </span>
     <span class='ocr_line' id='line_1_20' title="bbox 328 950 1342 997; baseline -0.005 -8"><span class='ocrx_word' id='word_1_160' title='bbox 328 958 414 992; x_wconf 86' lang='lat' dir='ltr'><strong>enim</strong></span> <span class='ocrx_word' id='word_1_161' title='bbox 439 955 551 997; x_wconf 87' lang='lat' dir='ltr'><strong>pulmo</strong></span> <span class='ocrx_word' id='word_1_162' title='bbox 574 954 685 991; x_wconf 79' lang='lat' dir='ltr'>dexter</span> <span class='ocrx_word' id='word_1_163' title='bbox 710 952 784 987; x_wconf 75' lang='lat' dir='ltr'><strong>esl&#39;et</strong></span> <span class='ocrx_word' id='word_1_164' title='bbox 809 950 943 984; x_wconf 84' lang='lat' dir='ltr'><strong>dorsum</strong></span> <span class='ocrx_word' id='word_1_165' title='bbox 966 950 1069 986; x_wconf 81' lang='lat' dir='ltr'><strong>versus</strong></span> <span class='ocrx_word' id='word_1_166' title='bbox 1104 950 1181 984; x_wconf 88' lang='lat' dir='ltr'><strong>adeo</strong></span> <span class='ocrx_word' id='word_1_167' title='bbox 1214 952 1342 986; x_wconf 85' lang='lat' dir='ltr'><strong>inflam-</strong></span> 
     </span>
     <span class='ocr_line' id='line_1_21' title="bbox 326 993 1342 1040; baseline -0.008 -8"><span class='ocrx_word' id='word_1_168' title='bbox 326 1007 455 1038; x_wconf 85' lang='lat' dir='ltr'><strong>matus,</strong></span> <span class='ocrx_word' id='word_1_169' title='bbox 479 1001 512 1032; x_wconf 70' lang='grc' dir='ltr'><strong>δε</strong></span> <span class='ocrx_word' id='word_1_170' title='bbox 536 998 667 1040; x_wconf 77' lang='lat' dir='ltr'><strong>gravis,</strong></span> <span class='ocrx_word' id='word_1_171' title='bbox 691 1009 708 1030; x_wconf 88' lang='lat' dir='ltr'><strong>a</strong></span> <span class='ocrx_word' id='word_1_172' title='bbox 732 997 841 1039; x_wconf 88' lang='lat' dir='ltr'><strong>pleura</strong></span> <span class='ocrx_word' id='word_1_173' title='bbox 866 1003 973 1028; x_wconf 84' lang='lat' dir='ltr'><strong>autem</strong></span> <span class='ocrx_word' id='word_1_174' title='bbox 996 993 1140 1034; x_wconf 79' lang='lat' dir='ltr'><strong>solutus;</strong></span> <span class='ocrx_word' id='word_1_175' title='bbox 1165 1005 1263 1038; x_wconf 83' lang='lat' dir='ltr'><strong>neque</strong></span> <span class='ocrx_word' id='word_1_176' title='bbox 1286 996 1342 1028; x_wconf 85' lang='lat' dir='ltr'><strong>ali..</strong></span> 
     </span>
     <span class='ocr_line' id='line_1_22' title="bbox 322 1038 1343 1086; baseline -0.003 -12"><span class='ocrx_word' id='word_1_177' title='bbox 322 1042 403 1086; x_wconf 84' lang='lat' dir='ltr'><strong>quid</strong></span> <span class='ocrx_word' id='word_1_178' title='bbox 427 1041 598 1076; x_wconf 86' lang='lat' dir='ltr'><strong>distrahere</strong></span> <span class='ocrx_word' id='word_1_179' title='bbox 613 1063 622 1079; x_wconf 88' lang='lat'>‚</span> <span class='ocrx_word' id='word_1_180' title='bbox 647 1052 746 1084; x_wconf 86' lang='lat' dir='ltr'><strong>neque</strong></span> <span class='ocrx_word' id='word_1_181' title='bbox 768 1039 874 1076; x_wconf 84' lang='lat' dir='ltr'><strong>sanam</strong></span> <span class='ocrx_word' id='word_1_182' title='bbox 897 1038 944 1072; x_wconf 87' lang='lat' dir='ltr'><strong>sui</strong></span> <span class='ocrx_word' id='word_1_183' title='bbox 969 1046 1112 1080; x_wconf 87' lang='lat' dir='ltr'><strong>partem,</strong></span> <span class='ocrx_word' id='word_1_184' title='bbox 1136 1048 1190 1072; x_wconf 83' lang='lat' dir='ltr'><strong>aut</strong></span> <span class='ocrx_word' id='word_1_185' title='bbox 1213 1039 1343 1082; x_wconf 90' lang='lat' dir='ltr'><strong>pulmo-</strong></span> 
     </span>
     <span class='ocr_line' id='line_1_23' title="bbox 325 1081 1340 1128; baseline -0.004 -10"><span class='ocrx_word' id='word_1_186' title='bbox 325 1097 399 1123; x_wconf 85' lang='lat' dir='ltr'><strong>nem</strong></span> <span class='ocrx_word' id='word_1_187' title='bbox 423 1085 557 1119; x_wconf 85' lang='lat' dir='ltr'><strong>alterum</strong></span> <span class='ocrx_word' id='word_1_188' title='bbox 580 1095 711 1128; x_wconf 72' lang='lat' dir='ltr'><strong>gravare</strong></span> <span class='ocrx_word' id='word_1_189' title='bbox 734 1091 886 1126; x_wconf 85' lang='lat' dir='ltr'><strong>poterat,</strong></span> <span class='ocrx_word' id='word_1_190' title='bbox 910 1081 1024 1124; x_wconf 91' lang='lat' dir='ltr'><strong>supino</strong></span> <span class='ocrx_word' id='word_1_191' title='bbox 1047 1092 1199 1123; x_wconf 89' lang='lat' dir='ltr'><strong>corpore.</strong></span> <span class='ocrx_word' id='word_1_192' title='bbox 1235 1083 1340 1115; x_wconf 89' lang='lat' dir='ltr'><strong>Lanio</strong></span> 
     </span>
     <span class='ocr_line' id='line_1_24' title="bbox 326 1125 1339 1172; baseline -0.008 -9"><span class='ocrx_word' id='word_1_193' title='bbox 326 1139 435 1165; x_wconf 82' lang='lat' dir='ltr'><strong>autem</strong></span> <span class='ocrx_word' id='word_1_194' title='bbox 459 1129 497 1162; x_wconf 88' lang='lat' dir='ltr'><strong>de</strong></span> <span class='ocrx_word' id='word_1_195' title='bbox 519 1141 584 1172; x_wconf 86' lang='lat' dir='ltr'><strong>quo</strong></span> <span class='ocrx_word' id='word_1_196' title='bbox 611 1129 702 1170; x_wconf 59' lang='lat' dir='ltr'><strong>,supra</strong></span> <span class='ocrx_word' id='word_1_197' title='bbox 728 1132 737 1171; x_wconf 91' lang='lat'>(</span> <span class='ocrx_word' id='word_1_198' title='bbox 764 1138 780 1161; x_wconf 89' lang='lat' dir='ltr'><em>o</em></span> <span class='ocrx_word' id='word_1_199' title='bbox 800 1130 815 1169; x_wconf 83' lang='grc'><em>&gt;</em></span> <span class='ocrx_word' id='word_1_200' title='bbox 838 1125 962 1159; x_wconf 73' lang='grc' dir='ltr'><strong>ἀίἑὶιιηι</strong></span> <span class='ocrx_word' id='word_1_201' title='bbox 987 1125 1049 1162; x_wconf 86' lang='lat' dir='ltr'><strong>est,</strong></span> <span class='ocrx_word' id='word_1_202' title='bbox 1086 1125 1257 1167; x_wconf 87' lang='lat' dir='ltr'><strong>quomodo</strong></span> <span class='ocrx_word' id='word_1_203' title='bbox 1288 1125 1339 1159; x_wconf 88' lang='lat' dir='ltr'><strong>su-</strong></span> 
     </span>
     <span class='ocr_line' id='line_1_25' title="bbox 320 1168 1345 1216; baseline -0.007 -12"><span class='ocrx_word' id='word_1_204' title='bbox 320 1174 417 1216; x_wconf 81' lang='lat' dir='ltr'><strong>pinus</strong></span> <span class='ocrx_word' id='word_1_205' title='bbox 440 1172 556 1206; x_wconf 90' lang='lat' dir='ltr'><strong>cubare</strong></span> <span class='ocrx_word' id='word_1_206' title='bbox 579 1182 729 1216; x_wconf 80' lang='lat' dir='ltr'><strong>poterat,</strong></span> <span class='ocrx_word' id='word_1_207' title='bbox 752 1171 809 1214; x_wconf 90' lang='lat' dir='ltr'><strong>qui</strong></span> <span class='ocrx_word' id='word_1_208' title='bbox 832 1168 948 1205; x_wconf 89' lang='lat' dir='ltr'><strong>durum</strong></span> <span class='ocrx_word' id='word_1_209' title='bbox 982 1169 1167 1212; x_wconf 78' lang='lat' dir='ltr'><strong>pulmonem</strong></span> <span class='ocrx_word' id='word_1_210' title='bbox 1202 1169 1239 1203; x_wconf 88' lang='lat' dir='ltr'><strong>ad</strong></span> <span class='ocrx_word' id='word_1_211' title='bbox 1271 1168 1345 1203; x_wconf 86' lang='lat' dir='ltr'><strong>ster-</strong></span> 
     </span>
     <span class='ocr_line' id='line_1_26' title="bbox 324 1210 1344 1257; baseline -0.006 -7"><span class='ocrx_word' id='word_1_212' title='bbox 324 1227 402 1252; x_wconf 89' lang='lat' dir='ltr'><strong>num</strong></span> <span class='ocrx_word' id='word_1_213' title='bbox 429 1216 564 1249; x_wconf 82' lang='lat' dir='ltr'><strong>habebat</strong></span> <span class='ocrx_word' id='word_1_214' title='bbox 589 1216 784 1257; x_wconf 77' lang='lat' dir='ltr'><strong>alligatum?</strong></span> <span class='ocrx_word' id='word_1_215' title='bbox 809 1214 863 1246; x_wconf 88' lang='lat' dir='ltr'><strong>An</strong></span> <span class='ocrx_word' id='word_1_216' title='bbox 896 1211 982 1246; x_wconf 88' lang='lat' dir='ltr'><strong>forte</strong></span> <span class='ocrx_word' id='word_1_217' title='bbox 1014 1210 1104 1255; x_wconf 86' lang='lat' dir='ltr'><strong>quod</strong></span> <span class='ocrx_word' id='word_1_218' title='bbox 1138 1212 1240 1245; x_wconf 92' lang='lat' dir='ltr'><strong>initio</strong></span> <span class='ocrx_word' id='word_1_219' title='bbox 1261 1236 1273 1252; x_wconf 87' lang='lat'>‚</span> <span class='ocrx_word' id='word_1_220' title='bbox 1307 1223 1344 1246; x_wconf 84' lang='lat' dir='ltr'><strong>ut</strong></span> 
     </span>
     <span class='ocr_line' id='line_1_27' title="bbox 326 1253 1345 1298; baseline -0.003 -6"><span class='ocrx_word' id='word_1_221' title='bbox 326 1261 448 1293; x_wconf 91' lang='lat' dir='ltr'><strong>rationi</strong></span> <span class='ocrx_word' id='word_1_222' title='bbox 474 1260 655 1293; x_wconf 88' lang='lat' dir='ltr'><strong>consonum</strong></span> <span class='ocrx_word' id='word_1_223' title='bbox 679 1258 829 1296; x_wconf 76' lang='lat' dir='ltr'><strong>videtur,</strong></span> <span class='ocrx_word' id='word_1_224' title='bbox 855 1257 961 1293; x_wconf 85' lang='lat' dir='ltr'><strong>minus</strong></span> <span class='ocrx_word' id='word_1_225' title='bbox 984 1256 1089 1298; x_wconf 81' lang='lat' dir='ltr'><strong>gravis</strong></span> <span class='ocrx_word' id='word_1_226' title='bbox 1112 1253 1184 1288; x_wconf 79' lang='lat' dir='ltr'><strong>esset</strong></span> <span class='ocrx_word' id='word_1_227' title='bbox 1232 1256 1345 1296; x_wconf 87' lang='lat' dir='ltr'><strong>ulmo,</strong></span> 
     </span>
     <span class='ocr_line' id='line_1_28' title="bbox 323 1298 1344 1346; baseline -0.005 -10"><span class='ocrx_word' id='word_1_228' title='bbox 323 1303 445 1346; x_wconf 78' lang='lat' dir='ltr'><strong>quippe</strong></span> <span class='ocrx_word' id='word_1_229' title='bbox 469 1302 607 1340; x_wconf 83' lang='lat' dir='ltr'><strong>necdum</strong></span> <span class='ocrx_word' id='word_1_230' title='bbox 632 1311 719 1338; x_wconf 87' lang='lat' dir='ltr'><strong>tanta</strong></span> <span class='ocrx_word' id='word_1_231' title='bbox 744 1298 888 1342; x_wconf 81' lang='lat' dir='ltr'><strong>congesta</strong></span> <span class='ocrx_word' id='word_1_232' title='bbox 927 1300 1068 1336; x_wconf 82' lang='lat' dir='ltr'><strong>materiae</strong></span> <span class='ocrx_word' id='word_1_233' title='bbox 1091 1300 1187 1340; x_wconf 91' lang='lat' dir='ltr'><strong>copia</strong></span> <span class='ocrx_word' id='word_1_234' title='bbox 1213 1327 1218 1332; x_wconf 91' lang='lat'>.</span> <span class='ocrx_word' id='word_1_235' title='bbox 1259 1302 1344 1337; x_wconf 86' lang='lat' dir='ltr'><strong>Quae</strong></span> 
     </span>
     <span class='ocr_line' id='line_1_29' title="bbox 322 1341 1341 1390; baseline -0.003 -11"><span class='ocrx_word' id='word_1_236' title='bbox 322 1346 531 1390; x_wconf 87' lang='lat' dir='ltr'><strong>posteaquam</strong></span> <span class='ocrx_word' id='word_1_237' title='bbox 555 1347 645 1385; x_wconf 52' lang='lat' dir='ltr'><strong>aubia</strong></span> <span class='ocrx_word' id='word_1_238' title='bbox 671 1344 713 1377; x_wconf 88' lang='lat' dir='ltr'><strong>est</strong></span> <span class='ocrx_word' id='word_1_239' title='bbox 736 1367 748 1385; x_wconf 78' lang='grc'>,</span> <span class='ocrx_word' id='word_1_240' title='bbox 780 1353 851 1377; x_wconf 89' lang='lat' dir='ltr'><strong>tum</strong></span> <span class='ocrx_word' id='word_1_241' title='bbox 885 1341 1023 1389; x_wconf 85' lang='lat' dir='ltr'><strong>denique</strong></span> <span class='ocrx_word' id='word_1_242' title='bbox 1047 1342 1183 1385; x_wconf 86' lang='lat' dir='ltr'><strong>amplius</strong></span> <span class='ocrx_word' id='word_1_243' title='bbox 1206 1341 1341 1376; x_wconf 88' lang='lat' dir='ltr'><strong>decubi-</strong></span> 
     </span>
     <span class='ocr_line' id='line_1_30' title="bbox 320 1384 1344 1429; baseline -0.005 -5"><span class='ocrx_word' id='word_1_244' title='bbox 320 1399 394 1427; x_wconf 85' lang='lat' dir='ltr'><strong>tum</strong></span> <span class='ocrx_word' id='word_1_245' title='bbox 418 1392 451 1423; x_wconf 87' lang='lat' dir='ltr'><strong>in</strong></span> <span class='ocrx_word' id='word_1_246' title='bbox 474 1390 606 1424; x_wconf 88' lang='lat' dir='ltr'><strong>dorsum</strong></span> <span class='ocrx_word' id='word_1_247' title='bbox 628 1388 709 1422; x_wconf 87' lang='lat' dir='ltr'><strong>ferre</strong></span> <span class='ocrx_word' id='word_1_248' title='bbox 733 1399 798 1421; x_wconf 89' lang='lat' dir='ltr'><strong>non</strong></span> <span class='ocrx_word' id='word_1_249' title='bbox 824 1387 961 1429; x_wconf 77' lang='lat' dir='ltr'><strong>potuit3</strong></span> <span class='ocrx_word' id='word_1_250' title='bbox 987 1384 1037 1419; x_wconf 83' lang='lat' dir='ltr'><strong>sed</strong></span> <span class='ocrx_word' id='word_1_251' title='bbox 1061 1386 1185 1426; x_wconf 51' lang='lat' dir='ltr'><strong>ereda,</strong></span> <span class='ocrx_word' id='word_1_252' title='bbox 1208 1395 1244 1420; x_wconf 89' lang='lat' dir='ltr'><strong>ut</strong></span> <span class='ocrx_word' id='word_1_253' title='bbox 1268 1386 1344 1419; x_wconf 91' lang='lat' dir='ltr'><strong>scri-</strong></span> 
     </span>
     <span class='ocr_line' id='line_1_31' title="bbox 320 1428 1341 1477; baseline -0.005 -11"><span class='ocrx_word' id='word_1_254' title='bbox 320 1433 442 1476; x_wconf 82' lang='lat' dir='ltr'><strong>psimus</strong></span> <span class='ocrx_word' id='word_1_255' title='bbox 457 1457 469 1474; x_wconf 90' lang='lat'><strong>,</strong></span> <span class='ocrx_word' id='word_1_256' title='bbox 491 1435 615 1468; x_wconf 83' lang='lat' dir='ltr'><strong>cervice</strong></span> <span class='ocrx_word' id='word_1_257' title='bbox 641 1432 792 1475; x_wconf 85' lang='lat' dir='ltr'><strong>spiritum</strong></span> <span class='ocrx_word' id='word_1_258' title='bbox 815 1430 928 1464; x_wconf 88' lang='lat' dir='ltr'><strong>ducere</strong></span> <span class='ocrx_word' id='word_1_259' title='bbox 952 1430 1082 1463; x_wconf 64' lang='lat' dir='ltr'><strong>coactus</strong></span> <span class='ocrx_word' id='word_1_260' title='bbox 1106 1428 1167 1461; x_wconf 88' lang='lat' dir='ltr'><strong>est.</strong></span> <span class='ocrx_word' id='word_1_261' title='bbox 1194 1431 1242 1462; x_wconf 92' lang='lat' dir='ltr'><strong>At</strong></span> <span class='ocrx_word' id='word_1_262' title='bbox 1273 1429 1341 1477; x_wconf 76' lang='lat' dir='ltr'><strong>ejus</strong></span> 
     </span>
     <span class='ocr_line' id='line_1_32' title="bbox 322 1474 1341 1545; baseline -0.005 -34"><span class='ocrx_word' id='word_1_263' title='bbox 322 1479 381 1520; x_wconf 82' lang='lat' dir='ltr'><strong>qui</strong></span> <span class='ocrx_word' id='word_1_264' title='bbox 402 1477 572 1545; x_wconf 61' lang='lat' dir='ltr'><strong>psequitur</strong></span> <span class='ocrx_word' id='word_1_265' title='bbox 607 1500 618 1516; x_wconf 81' lang='lat'>‚</span> <span class='ocrx_word' id='word_1_266' title='bbox 664 1476 750 1512; x_wconf 64' lang='lat' dir='ltr'><strong>‚cai&#39;us</strong></span> <span class='ocrx_word' id='word_1_267' title='bbox 796 1485 893 1518; x_wconf 86' lang='lat' dir='ltr'><strong>quam</strong></span> <span class='ocrx_word' id='word_1_268' title='bbox 938 1474 1191 1520; x_wconf 77' lang='lat' dir='ltr'><strong>explicationem</strong></span> <span class='ocrx_word' id='word_1_269' title='bbox 1235 1474 1341 1510; x_wconf 81' lang='lat' dir='ltr'><strong>astere-</strong></span> 
     </span>
     <span class='ocr_line' id='line_1_33' title="bbox 319 1532 408 1555; baseline 0 -1"><span class='ocrx_word' id='word_1_270' title='bbox 319 1532 408 1555; x_wconf 88' lang='lat' dir='ltr'><strong>mus.</strong></span> 
     </span>
    </p>

    <p class='ocr_par' dir='ltr' id='par_1_2' title="bbox 319 1558 1343 2396">
     <span class='ocr_line' id='line_1_34' title="bbox 364 1558 1343 1607; baseline -0.007 -11"><span class='ocrx_word' id='word_1_271' title='bbox 364 1577 418 1607; x_wconf 81' lang='lat'><strong>24.</strong></span> <span class='ocrx_word' id='word_1_272' title='bbox 443 1565 529 1599; x_wconf 85' lang='lat' dir='ltr'><strong>VIR</strong></span> <span class='ocrx_word' id='word_1_273' title='bbox 552 1575 671 1600; x_wconf 86' lang='lat' dir='ltr'><strong>annum</strong></span> <span class='ocrx_word' id='word_1_274' title='bbox 695 1573 788 1606; x_wconf 81' lang='lat' dir='ltr'><strong>agens</strong></span> <span class='ocrx_word' id='word_1_275' title='bbox 811 1562 938 1598; x_wconf 75' lang='lat' dir='ltr'><strong>circiter</strong></span> <span class='ocrx_word' id='word_1_276' title='bbox 961 1558 1258 1603; x_wconf 77' lang='lat' dir='ltr'><strong>quadragesimum,</strong></span> <span class='ocrx_word' id='word_1_277' title='bbox 1283 1560 1343 1595; x_wconf 83' lang='lat' dir='ltr'><strong>du-</strong></span> 
     </span>
     <span class='ocr_line' id='line_1_35' title="bbox 320 1603 1341 1653; baseline -0.006 -11"><span class='ocrx_word' id='word_1_278' title='bbox 320 1610 400 1653; x_wconf 88' lang='lat' dir='ltr'><strong>plici</strong></span> <span class='ocrx_word' id='word_1_279' title='bbox 426 1618 531 1642; x_wconf 88' lang='lat' dir='ltr'><strong>autem</strong></span> <span class='ocrx_word' id='word_1_280' title='bbox 555 1608 702 1641; x_wconf 86' lang='lat' dir='ltr'><strong>laborans</strong></span> <span class='ocrx_word' id='word_1_281' title='bbox 727 1607 861 1645; x_wconf 89' lang='lat' dir='ltr'><strong>hernia,</strong></span> <span class='ocrx_word' id='word_1_282' title='bbox 883 1616 959 1651; x_wconf 77' lang='lat' dir='ltr'><strong>cum</strong></span> <span class='ocrx_word' id='word_1_283' title='bbox 982 1605 1126 1639; x_wconf 79' lang='lat' dir='ltr'><strong>thoracis</strong></span> <span class='ocrx_word' id='word_1_284' title='bbox 1149 1603 1284 1645; x_wconf 78' lang='lat' dir='ltr'><strong>dolore,</strong></span> <span class='ocrx_word' id='word_1_285' title='bbox 1308 1607 1341 1640; x_wconf 85' lang='lat'>&amp;</span> 
     </span>
     <span class='ocr_line' id='line_1_36' title="bbox 319 1647 1340 1694; baseline -0.008 -8"><span class='ocrx_word' id='word_1_286' title='bbox 319 1652 448 1686; x_wconf 83' lang='lat' dir='ltr'><strong>difficili</strong></span> <span class='ocrx_word' id='word_1_287' title='bbox 473 1652 684 1694; x_wconf 86' lang='lat' dir='ltr'><strong>respiratione</strong></span> <span class='ocrx_word' id='word_1_288' title='bbox 707 1658 874 1690; x_wconf 82' lang='lat' dir='ltr'><strong>correptus</strong></span> <span class='ocrx_word' id='word_1_289' title='bbox 911 1649 984 1681; x_wconf 85' lang='lat' dir='ltr'><strong>eslet</strong></span> <span class='ocrx_word' id='word_1_290' title='bbox 1008 1671 1019 1685; x_wconf 92' lang='lat'><em>‚</em></span> <span class='ocrx_word' id='word_1_291' title='bbox 1064 1648 1164 1680; x_wconf 90' lang='lat' dir='ltr'><strong>initio</strong></span> <span class='ocrx_word' id='word_1_292' title='bbox 1209 1647 1340 1690; x_wconf 83' lang='lat' dir='ltr'><strong>quidem</strong></span> 
     </span>
     <span class='ocr_line' id='line_1_37' title="bbox 319 1690 1341 1731; baseline -0.004 -1"><span class='ocrx_word' id='word_1_293' title='bbox 319 1696 449 1730; x_wconf 78' lang='lat' dir='ltr'><strong>facilius</strong></span> <span class='ocrx_word' id='word_1_294' title='bbox 471 1696 506 1728; x_wconf 91' lang='lat' dir='ltr'><strong>in</strong></span> <span class='ocrx_word' id='word_1_295' title='bbox 530 1696 613 1729; x_wconf 85' lang='lat' dir='ltr'><strong>latus</strong></span> <span class='ocrx_word' id='word_1_296' title='bbox 636 1692 773 1727; x_wconf 79' lang='lat' dir='ltr'><strong>cubabat</strong></span> <span class='ocrx_word' id='word_1_297' title='bbox 799 1691 966 1727; x_wconf 77' lang='lat' dir='ltr'><strong>dexterum</strong></span> <span class='ocrx_word' id='word_1_298' title='bbox 988 1716 997 1731; x_wconf 97' lang='lat'><strong>,</strong></span> <span class='ocrx_word' id='word_1_299' title='bbox 1032 1690 1147 1725; x_wconf 89' lang='lat' dir='ltr'><strong>deinde</strong></span> <span class='ocrx_word' id='word_1_300' title='bbox 1185 1692 1219 1723; x_wconf 92' lang='lat' dir='ltr'><strong>in</strong></span> <span class='ocrx_word' id='word_1_301' title='bbox 1265 1692 1341 1726; x_wconf 83' lang='lat' dir='ltr'><strong>sini-</strong></span> 
     </span>
     <span class='ocr_line' id='line_1_38' title="bbox 319 1734 1341 1779; baseline -0.007 -6"><span class='ocrx_word' id='word_1_302' title='bbox 319 1740 441 1778; x_wconf 81' lang='lat' dir='ltr'><strong>strum3</strong></span> <span class='ocrx_word' id='word_1_303' title='bbox 465 1740 499 1776; x_wconf 76' lang='lat' dir='ltr'><strong>in</strong></span> <span class='ocrx_word' id='word_1_304' title='bbox 525 1738 655 1772; x_wconf 87' lang='lat' dir='ltr'><strong>dorsum</strong></span> <span class='ocrx_word' id='word_1_305' title='bbox 680 1737 772 1770; x_wconf 88' lang='lat' dir='ltr'><strong>nullo</strong></span> <span class='ocrx_word' id='word_1_306' title='bbox 797 1734 898 1768; x_wconf 87' lang='lat' dir='ltr'><strong>modo</strong></span> <span class='ocrx_word' id='word_1_307' title='bbox 924 1743 1051 1779; x_wconf 79' lang='lat' dir='ltr'><strong>poterat</strong></span> <span class='ocrx_word' id='word_1_308' title='bbox 1067 1760 1074 1768; x_wconf 93' lang='lat'><em>.</em></span> <span class='ocrx_word' id='word_1_309' title='bbox 1098 1735 1247 1770; x_wconf 87' lang='lat' dir='ltr'><strong>Multum</strong></span> <span class='ocrx_word' id='word_1_310' title='bbox 1282 1747 1341 1768; x_wconf 84' lang='lat' dir='ltr'><strong>ex-</strong></span> 
     </span>
     <span class='ocr_line' id='line_1_39' title="bbox 320 1777 1339 1827; baseline -0.004 -10"><span class='ocrx_word' id='word_1_311' title='bbox 320 1783 470 1827; x_wconf 70' lang='lat' dir='ltr'><strong>spuebat.</strong></span> <span class='ocrx_word' id='word_1_312' title='bbox 497 1783 613 1816; x_wconf 58' lang='lat' dir='ltr'><strong>Ereeta</strong></span> <span class='ocrx_word' id='word_1_313' title='bbox 637 1781 760 1817; x_wconf 85' lang='lat' dir='ltr'><strong>cervice</strong></span> <span class='ocrx_word' id='word_1_314' title='bbox 782 1780 898 1821; x_wconf 86' lang='lat' dir='ltr'><strong>spirare</strong></span> <span class='ocrx_word' id='word_1_315' title='bbox 920 1777 1095 1820; x_wconf 76' lang='lat' dir='ltr'><strong>cogebatur</strong></span> <span class='ocrx_word' id='word_1_316' title='bbox 1113 1802 1120 1809; x_wconf 94' lang='lat'>.</span> <span class='ocrx_word' id='word_1_317' title='bbox 1154 1780 1220 1813; x_wconf 89' lang='lat' dir='ltr'><strong>Die</strong></span> <span class='ocrx_word' id='word_1_318' title='bbox 1253 1778 1339 1813; x_wconf 88' lang='lat' dir='ltr'><strong>deci-</strong></span> 
     </span>
     <span class='ocr_line' id='line_1_40' title="bbox 320 1821 1338 1868; baseline -0.011 -8"><span class='ocrx_word' id='word_1_319' title='bbox 320 1839 376 1860; x_wconf 88' lang='lat' dir='ltr'><strong>mo</strong></span> <span class='ocrx_word' id='word_1_320' title='bbox 401 1826 444 1860; x_wconf 85' lang='lat' dir='ltr'><strong>est</strong></span> <span class='ocrx_word' id='word_1_321' title='bbox 481 1837 631 1861; x_wconf 85' lang='lat' dir='ltr'><strong>mortuus</strong></span> <span class='ocrx_word' id='word_1_322' title='bbox 654 1849 661 1858; x_wconf 81' lang='lat'><em>.</em></span> <span class='ocrx_word' id='word_1_323' title='bbox 796 1822 1059 1868; x_wconf 74' lang='lat' dir='ltr'><strong>PULMQNES</strong></span> <span class='ocrx_word' id='word_1_324' title='bbox 1085 1821 1179 1855; x_wconf 92' lang='lat' dir='ltr'><strong>ambo</strong></span> <span class='ocrx_word' id='word_1_325' title='bbox 1215 1825 1248 1859; x_wconf 63' lang='grc' dir='ltr'>ἃ</span> <span class='ocrx_word' id='word_1_326' title='bbox 1282 1821 1338 1855; x_wconf 69' lang='lat' dir='ltr'><strong>2d-</strong></span> 
     </span>
     <span class='ocr_line' id='line_1_41' title="bbox 320 1865 1335 1912; baseline -0.01 -8"><span class='ocrx_word' id='word_1_327' title='bbox 320 1871 482 1907; x_wconf 79' lang='lat' dir='ltr'><strong>haerebant</strong></span> <span class='ocrx_word' id='word_1_328' title='bbox 508 1871 622 1912; x_wconf 80' lang='lat' dir='ltr'><strong>pleurae</strong></span> <span class='ocrx_word' id='word_1_329' title='bbox 647 1867 689 1903; x_wconf 81' lang='lat' dir='ltr'><strong>fic</strong></span> <span class='ocrx_word' id='word_1_330' title='bbox 714 1876 842 1905; x_wconf 86' lang='lat' dir='ltr'><strong>tamen,</strong></span> <span class='ocrx_word' id='word_1_331' title='bbox 865 1875 900 1899; x_wconf 90' lang='lat' dir='ltr'><strong>ut</strong></span> <span class='ocrx_word' id='word_1_332' title='bbox 925 1866 988 1897; x_wconf 86' lang='lat' dir='ltr'><strong>sine</strong></span> <span class='ocrx_word' id='word_1_333' title='bbox 1024 1865 1215 1899; x_wconf 80' lang='lat' dir='ltr'><strong>laceratione</strong></span> <span class='ocrx_word' id='word_1_334' title='bbox 1248 1865 1335 1908; x_wconf 68' lang='lat' dir='ltr'><strong>sepa-</strong></span> 
     </span>
     <span class='ocr_line' id='line_1_42' title="bbox 320 1908 1334 1959; baseline -0.007 -11"><span class='ocrx_word' id='word_1_335' title='bbox 320 1917 383 1948; x_wconf 88' lang='lat' dir='ltr'><strong>rari</strong></span> <span class='ocrx_word' id='word_1_336' title='bbox 411 1913 554 1959; x_wconf 77' lang='lat' dir='ltr'><strong>possent,</strong></span> <span class='ocrx_word' id='word_1_337' title='bbox 579 1916 611 1946; x_wconf 86' lang='lat'>&amp;</span> <span class='ocrx_word' id='word_1_338' title='bbox 635 1910 767 1945; x_wconf 88' lang='lat' dir='ltr'><strong>dorsum</strong></span> <span class='ocrx_word' id='word_1_339' title='bbox 789 1908 893 1944; x_wconf 81' lang='lat' dir='ltr'><strong>versus</strong></span> <span class='ocrx_word' id='word_1_340' title='bbox 917 1908 1112 1944; x_wconf 78' lang='lat' dir='ltr'><strong>inflammati</strong></span> <span class='ocrx_word' id='word_1_341' title='bbox 1145 1917 1234 1941; x_wconf 86' lang='lat' dir='ltr'><strong>erant</strong></span> <span class='ocrx_word' id='word_1_342' title='bbox 1256 1930 1266 1946; x_wconf 93' lang='lat'>‚</span> <span class='ocrx_word' id='word_1_343' title='bbox 1300 1920 1334 1941; x_wconf 89' lang='lat' dir='ltr'><strong>ac</strong></span> 
     </span>
     <span class='ocr_line' id='line_1_43' title="bbox 320 1951 1334 1996; baseline -0.01 -3"><span class='ocrx_word' id='word_1_344' title='bbox 320 1960 464 1996; x_wconf 87' lang='lat' dir='ltr'><strong>multum</strong></span> <span class='ocrx_word' id='word_1_345' title='bbox 508 1957 579 1992; x_wconf 88' lang='lat' dir='ltr'><strong>duri</strong></span> <span class='ocrx_word' id='word_1_346' title='bbox 603 1981 610 1991; x_wconf 54' lang='lat'><em>2</em></span> <span class='ocrx_word' id='word_1_347' title='bbox 660 1954 761 1991; x_wconf 85' lang='lat' dir='ltr'><strong>Nihil</strong></span> <span class='ocrx_word' id='word_1_348' title='bbox 808 1964 895 1995; x_wconf 80' lang='lat' dir='ltr'><strong>aquae</strong></span> <span class='ocrx_word' id='word_1_349' title='bbox 942 1953 975 1984; x_wconf 89' lang='lat' dir='ltr'><strong>in</strong></span> <span class='ocrx_word' id='word_1_350' title='bbox 1022 1951 1203 1994; x_wconf 85' lang='lat' dir='ltr'><strong>pericardio</strong></span> <span class='ocrx_word' id='word_1_351' title='bbox 1238 1977 1245 1984; x_wconf 87' lang='lat'><em>.</em></span> <span class='ocrx_word' id='word_1_352' title='bbox 1296 1954 1334 1988; x_wconf 79' lang='lat' dir='ltr'><strong>In</strong></span> 
     </span>
     <span class='ocr_line' id='line_1_44' title="bbox 319 1996 1337 2044; baseline -0.01 -8"><span class='ocrx_word' id='word_1_353' title='bbox 319 2002 416 2036; x_wconf 84' lang='lat' dir='ltr'><strong>corde</strong></span> <span class='ocrx_word' id='word_1_354' title='bbox 440 2011 503 2036; x_wconf 87' lang='lat' dir='ltr'><strong>tres</strong></span> <span class='ocrx_word' id='word_1_355' title='bbox 529 1997 692 2044; x_wconf 81' lang='lat' dir='ltr'><strong>polyposae</strong></span> <span class='ocrx_word' id='word_1_356' title='bbox 717 1997 961 2036; x_wconf 80' lang='lat' dir='ltr'><strong>concretiones,</strong></span> <span class='ocrx_word' id='word_1_357' title='bbox 996 2006 1057 2028; x_wconf 86' lang='lat' dir='ltr'><strong>una</strong></span> <span class='ocrx_word' id='word_1_358' title='bbox 1091 1996 1124 2027; x_wconf 92' lang='lat' dir='ltr'><strong>in</strong></span> <span class='ocrx_word' id='word_1_359' title='bbox 1159 1996 1337 2030; x_wconf 84' lang='lat' dir='ltr'><strong>ventriculo</strong></span> 
     </span>
     <span class='ocr_line' id='line_1_45' title="bbox 321 2038 1338 2086; baseline -0.01 -7"><span class='ocrx_word' id='word_1_360' title='bbox 321 2045 475 2084; x_wconf 54' lang='lat' dir='ltr'><strong>finfistrffi</strong></span> <span class='ocrx_word' id='word_1_361' title='bbox 496 2044 566 2078; x_wconf 80' lang='lat' dir='ltr'><strong>duae</strong></span> <span class='ocrx_word' id='word_1_362' title='bbox 592 2052 696 2076; x_wconf 85' lang='lat' dir='ltr'><strong>autem</strong></span> <span class='ocrx_word' id='word_1_363' title='bbox 720 2040 880 2075; x_wconf 78' lang='lat' dir='ltr'><strong>crassiores</strong></span> <span class='ocrx_word' id='word_1_364' title='bbox 901 2064 913 2081; x_wconf 87' lang='lat'><em>‚</em></span> <span class='ocrx_word' id='word_1_365' title='bbox 951 2038 1167 2086; x_wconf 82' lang='lat' dir='ltr'><strong>firmioresque</strong></span> <span class='ocrx_word' id='word_1_366' title='bbox 1189 2061 1202 2078; x_wconf 89' lang='lat'><strong>,</strong></span> <span class='ocrx_word' id='word_1_367' title='bbox 1241 2039 1338 2072; x_wconf 76' lang='lat' dir='ltr'><strong>altera</strong></span> 
     </span>
     <span class='ocr_line' id='line_1_46' title="bbox 322 2082 1337 2129; baseline -0.007 -6"><span class='ocrx_word' id='word_1_368' title='bbox 322 2091 490 2125; x_wconf 84' lang='lat' dir='ltr'><strong>dexterum</strong></span> <span class='ocrx_word' id='word_1_369' title='bbox 516 2087 757 2125; x_wconf 81' lang='lat' dir='ltr'><strong>ventriculum,</strong></span> <span class='ocrx_word' id='word_1_370' title='bbox 781 2084 877 2119; x_wconf 85' lang='lat' dir='ltr'><strong>altera</strong></span> <span class='ocrx_word' id='word_1_371' title='bbox 903 2093 1008 2119; x_wconf 84' lang='lat' dir='ltr'><strong>totam</strong></span> <span class='ocrx_word' id='word_1_372' title='bbox 1032 2082 1128 2127; x_wconf 77' lang='lat' dir='ltr'><strong>hujus</strong></span> <span class='ocrx_word' id='word_1_373' title='bbox 1162 2082 1337 2129; x_wconf 73' lang='lat' dir='ltr'><strong>auriculam</strong></span> 
     </span>
     <span class='ocr_line' id='line_1_47' title="bbox 321 2126 1338 2176; baseline -0.008 -10"><span class='ocrx_word' id='word_1_374' title='bbox 321 2133 543 2176; x_wconf 81' lang='lat' dir='ltr'><strong>occupabant.</strong></span> <span class='ocrx_word' id='word_1_375' title='bbox 677 2127 778 2173; x_wconf 81' lang='lat' dir='ltr'><strong>Qod</strong></span> <span class='ocrx_word' id='word_1_376' title='bbox 799 2127 841 2176; x_wconf 36' lang='lat' dir='ltr'><strong>fad</strong></span> <span class='ocrx_word' id='word_1_377' title='bbox 876 2126 1002 2163; x_wconf 84' lang='lat' dir='ltr'><strong>hermas</strong></span> <span class='ocrx_word' id='word_1_378' title='bbox 1036 2129 1153 2161; x_wconf 76' lang='lat' dir='ltr'><strong>attinet</strong></span> <span class='ocrx_word' id='word_1_379' title='bbox 1177 2148 1190 2165; x_wconf 86' lang='lat'><strong>,</strong></span> <span class='ocrx_word' id='word_1_380' title='bbox 1225 2126 1338 2160; x_wconf 87' lang='lat' dir='ltr'><strong>Cirso-</strong></span> 
     </span>
     <span class='ocr_line' id='line_1_48' title="bbox 321 2168 1340 2218; baseline -0.009 -8"><span class='ocrx_word' id='word_1_381' title='bbox 321 2178 432 2218; x_wconf 73' lang='lat' dir='ltr'><strong>celeri,</strong></span> <span class='ocrx_word' id='word_1_382' title='bbox 457 2178 489 2212; x_wconf 72' lang='grc' dir='ltr'><strong>ἃς</strong></span> <span class='ocrx_word' id='word_1_383' title='bbox 514 2172 743 2217; x_wconf 79' lang='lat' dir='ltr'><strong>Hydrocelen3</strong></span> <span class='ocrx_word' id='word_1_384' title='bbox 768 2170 837 2208; x_wconf 78' lang='lat' dir='ltr'><strong>haec</strong></span> <span class='ocrx_word' id='word_1_385' title='bbox 864 2182 880 2204; x_wconf 88' lang='lat' dir='ltr'><strong>a</strong></span> <span class='ocrx_word' id='word_1_386' title='bbox 904 2169 972 2203; x_wconf 89' lang='lat' dir='ltr'><strong>sero</strong></span> <span class='ocrx_word' id='word_1_387' title='bbox 996 2168 1112 2209; x_wconf 86' lang='lat' dir='ltr'><strong>fiebat,</strong></span> <span class='ocrx_word' id='word_1_388' title='bbox 1135 2180 1251 2205; x_wconf 84' lang='lat' dir='ltr'><strong>cavum</strong></span> <span class='ocrx_word' id='word_1_389' title='bbox 1274 2170 1340 2202; x_wconf 65' lang='lat' dir='ltr'><strong>im-</strong></span> 
     </span>
     <span class='ocr_line' id='line_1_49' title="bbox 320 2211 1340 2265; baseline -0.009 -10"><span class='ocrx_word' id='word_1_390' title='bbox 320 2222 427 2265; x_wconf 91' lang='lat' dir='ltr'><strong>plente</strong></span> <span class='ocrx_word' id='word_1_391' title='bbox 451 2230 568 2252; x_wconf 81' lang='lat' dir='ltr'><strong>tunicae</strong></span> <span class='ocrx_word' id='word_1_392' title='bbox 595 2216 784 2258; x_wconf 56' lang='lat' dir='ltr'><strong>vaginam,</strong></span> <span class='ocrx_word' id='word_1_393' title='bbox 808 2225 879 2256; x_wconf 86' lang='lat' dir='ltr'><strong>quae</strong></span> <span class='ocrx_word' id='word_1_394' title='bbox 902 2211 1076 2256; x_wconf 78' lang='lat' dir='ltr'><strong>compressa</strong></span> <span class='ocrx_word' id='word_1_395' title='bbox 1099 2222 1208 2255; x_wconf 82' lang='lat' dir='ltr'><strong>guttas</strong></span> <span class='ocrx_word' id='word_1_396' title='bbox 1227 2224 1340 2256; x_wconf 83' lang='lat' dir='ltr'><strong>aqueas</strong></span> 
     </span>
     <span class='ocr_line' id='line_1_50' title="bbox 323 2256 1342 2301; baseline -0.01 -3"><span class='ocrx_word' id='word_1_397' title='bbox 323 2263 515 2301; x_wconf 55' lang='lat' dir='ltr'><strong>emittebam</strong></span> <span class='ocrx_word' id='word_1_398' title='bbox 543 2262 597 2294; x_wconf 84' lang='lat' dir='ltr'><strong>illa</strong></span> <span class='ocrx_word' id='word_1_399' title='bbox 621 2271 728 2293; x_wconf 85' lang='lat' dir='ltr'><strong>autem</strong></span> <span class='ocrx_word' id='word_1_400' title='bbox 752 2270 767 2292; x_wconf 87' lang='lat' dir='ltr'><strong>a</strong></span> <span class='ocrx_word' id='word_1_401' title='bbox 791 2257 934 2291; x_wconf 84' lang='lat' dir='ltr'><strong>varicosa</strong></span> <span class='ocrx_word' id='word_1_402' title='bbox 957 2267 1110 2291; x_wconf 87' lang='lat' dir='ltr'><strong>venarum</strong></span> <span class='ocrx_word' id='word_1_403' title='bbox 1144 2256 1243 2289; x_wconf 86' lang='lat' dir='ltr'><strong>scroti</strong></span> <span class='ocrx_word' id='word_1_404' title='bbox 1266 2267 1342 2300; x_wconf 89' lang='lat' dir='ltr'><strong>pro-</strong></span> 
     </span>
     <span class='ocr_line' id='line_1_51' title="bbox 325 2300 1343 2348; baseline -0.012 -5"><span class='ocrx_word' id='word_1_405' title='bbox 325 2309 497 2343; x_wconf 56' lang='lat' dir='ltr'><strong>ductione,</strong></span> <span class='ocrx_word' id='word_1_406' title='bbox 522 2318 592 2348; x_wconf 82' lang='lat' dir='ltr'><strong>quae</strong></span> <span class='ocrx_word' id='word_1_407' title='bbox 623 2313 743 2341; x_wconf 71' lang='lat' dir='ltr'><strong>catenae</strong></span> <span class='ocrx_word' id='word_1_408' title='bbox 777 2300 913 2344; x_wconf 81' lang='lat' dir='ltr'><strong>figuram</strong></span> <span class='ocrx_word' id='word_1_409' title='bbox 946 2300 1032 2337; x_wconf 80' lang='lat' dir='ltr'><strong>haud</strong></span> <span class='ocrx_word' id='word_1_410' title='bbox 1063 2300 1260 2346; x_wconf 77' lang='lat' dir='ltr'><strong>ineleganter</strong></span> <span class='ocrx_word' id='word_1_411' title='bbox 1293 2310 1343 2334; x_wconf 53' lang='lat' dir='ltr'><strong>rea</strong></span> 
     </span>
     <span class='ocr_line' id='line_1_52' title="bbox 323 2350 1305 2396; baseline -0.012 -10"><span class='ocrx_word' id='word_1_412' title='bbox 323 2350 531 2396; x_wconf 77' lang='lat' dir='ltr'><strong>praesentabat</strong></span> <span class='ocrx_word' id='word_1_413' title='bbox 545 2373 552 2380; x_wconf 94' lang='lat'>.</span> <span class='ocrx_word' id='word_1_414' title='bbox 1187 2388 1193 2394; x_wconf 26' lang='grc' dir='ltr'><strong><em>η</em></strong></span> <span class='ocrx_word' id='word_1_415' title='bbox 1299 2388 1305 2391; x_wconf 24' lang='grc' dir='ltr'>Π</span> 
     </span>
    </p>

    <p class='ocr_par' dir='ltr' id='par_1_3' title="bbox 324 2386 1347 3519">
     <span class='ocr_line' id='line_1_53' title="bbox 369 2386 1341 2437; baseline -0.011 -9"><span class='ocrx_word' id='word_1_416' title='bbox 369 2405 420 2437; x_wconf 68' lang='lat'><strong>25.</strong></span> <span class='ocrx_word' id='word_1_417' title='bbox 447 2397 516 2427; x_wconf 89' lang='lat' dir='ltr'><strong>Cur</strong></span> <span class='ocrx_word' id='word_1_418' title='bbox 540 2391 594 2424; x_wconf 91' lang='lat' dir='ltr'><strong>hic</strong></span> <span class='ocrx_word' id='word_1_419' title='bbox 617 2391 717 2423; x_wconf 89' lang='lat' dir='ltr'><strong>initio</strong></span> <span class='ocrx_word' id='word_1_420' title='bbox 742 2390 775 2421; x_wconf 88' lang='lat' dir='ltr'><strong>in</strong></span> <span class='ocrx_word' id='word_1_421' title='bbox 811 2389 911 2436; x_wconf 46' lang='lat' dir='ltr'><strong>latus·</strong></span> <span class='ocrx_word' id='word_1_422' title='bbox 927 2386 1096 2422; x_wconf 87' lang='lat' dir='ltr'><strong>dexterum</strong></span> <span class='ocrx_word' id='word_1_423' title='bbox 1131 2386 1260 2422; x_wconf 82' lang='lat' dir='ltr'><strong>facilius</strong></span> <span class='ocrx_word' id='word_1_424' title='bbox 1294 2398 1341 2430; x_wconf 69' lang='lat' dir='ltr'><strong>Ja-</strong></span> 
     </span>
     <span class='ocr_line' id='line_1_54' title="bbox 324 2429 1338 2475; baseline -0.01 -4"><span class='ocrx_word' id='word_1_425' title='bbox 324 2449 408 2473; x_wconf 85' lang='lat' dir='ltr'><strong>ceret</strong></span> <span class='ocrx_word' id='word_1_426' title='bbox 427 2460 437 2475; x_wconf 89' lang='lat'>‚</span> <span class='ocrx_word' id='word_1_427' title='bbox 473 2435 586 2473; x_wconf 83' lang='lat' dir='ltr'><strong>deinde</strong></span> <span class='ocrx_word' id='word_1_428' title='bbox 617 2436 651 2467; x_wconf 92' lang='lat' dir='ltr'><strong>in</strong></span> <span class='ocrx_word' id='word_1_429' title='bbox 674 2432 834 2467; x_wconf 83' lang='lat' dir='ltr'><strong>sinistrum</strong></span> <span class='ocrx_word' id='word_1_430' title='bbox 856 2454 868 2471; x_wconf 93' lang='lat'><strong>,</strong></span> <span class='ocrx_word' id='word_1_431' title='bbox 901 2442 936 2464; x_wconf 79' lang='lat' dir='ltr'><strong>in</strong></span> <span class='ocrx_word' id='word_1_432' title='bbox 959 2429 1090 2465; x_wconf 90' lang='lat' dir='ltr'><strong>dorsum</strong></span> <span class='ocrx_word' id='word_1_433' title='bbox 1124 2440 1230 2466; x_wconf 84' lang='lat' dir='ltr'><strong>autem</strong></span> <span class='ocrx_word' id='word_1_434' title='bbox 1265 2430 1338 2462; x_wconf 84' lang='lat' dir='ltr'><strong>nul-</strong></span> 
     </span>
     <span class='ocr_line' id='line_1_55' title="bbox 327 2471 1336 2520; baseline -0.01 -5"><span class='ocrx_word' id='word_1_435' title='bbox 327 2485 360 2516; x_wconf 88' lang='lat' dir='ltr'><strong>lo</strong></span> <span class='ocrx_word' id='word_1_436' title='bbox 384 2479 506 2520; x_wconf 87' lang='lat' dir='ltr'><strong>modo,</strong></span> <span class='ocrx_word' id='word_1_437' title='bbox 531 2478 662 2514; x_wconf 82' lang='lat' dir='ltr'><strong>difficile</strong></span> <span class='ocrx_word' id='word_1_438' title='bbox 686 2478 800 2518; x_wconf 86' lang='lat' dir='ltr'><strong>utique</strong></span> <span class='ocrx_word' id='word_1_439' title='bbox 824 2474 989 2516; x_wconf 87' lang='lat' dir='ltr'><strong>explicatu</strong></span> <span class='ocrx_word' id='word_1_440' title='bbox 1013 2471 1057 2506; x_wconf 85' lang='lat' dir='ltr'><strong>est</strong></span> <span class='ocrx_word' id='word_1_441' title='bbox 1072 2497 1085 2514; x_wconf 90' lang='lat'><strong>,</strong></span> <span class='ocrx_word' id='word_1_442' title='bbox 1110 2472 1133 2506; x_wconf 84' lang='lat' dir='ltr'><strong>si</strong></span> <span class='ocrx_word' id='word_1_443' title='bbox 1156 2472 1244 2507; x_wconf 88' lang='lat' dir='ltr'><strong>nihil</strong></span> <span class='ocrx_word' id='word_1_444' title='bbox 1276 2471 1336 2511; x_wconf 77' lang='lat' dir='ltr'><strong>nisi</strong></span> 
     </span>
     <span class='ocr_line' id='line_1_56' title="bbox 326 2515 1331 2569; baseline -0.011 -10"><span class='ocrx_word' id='word_1_445' title='bbox 326 2525 418 2569; x_wconf 82' lang='lat' dir='ltr'><strong>quod</strong></span> <span class='ocrx_word' id='word_1_446' title='bbox 442 2523 581 2566; x_wconf 85' lang='lat' dir='ltr'><strong>denique</strong></span> <span class='ocrx_word' id='word_1_447' title='bbox 605 2523 639 2553; x_wconf 90' lang='lat' dir='ltr'><strong>in</strong></span> <span class='ocrx_word' id='word_1_448' title='bbox 662 2520 810 2553; x_wconf 88' lang='lat' dir='ltr'><strong>cadavere</strong></span> <span class='ocrx_word' id='word_1_449' title='bbox 833 2516 875 2551; x_wconf 88' lang='lat' dir='ltr'><strong>est</strong></span> <span class='ocrx_word' id='word_1_450' title='bbox 896 2518 1067 2553; x_wconf 85' lang='lat' dir='ltr'><strong>inventum</strong></span> <span class='ocrx_word' id='word_1_451' title='bbox 1090 2539 1100 2554; x_wconf 93' lang='lat'>‚</span> <span class='ocrx_word' id='word_1_452' title='bbox 1135 2515 1331 2559; x_wconf 70' lang='lat' dir='ltr'><strong>spetftemus.</strong></span> 
     </span>
     <span class='ocr_line' id='line_1_57' title="bbox 329 2560 1338 2604; baseline -0.01 -1"><span class='ocrx_word' id='word_1_453' title='bbox 329 2569 389 2604; x_wconf 89' lang='lat' dir='ltr'><strong>Sed</strong></span> <span class='ocrx_word' id='word_1_454' title='bbox 412 2579 485 2602; x_wconf 88' lang='lat' dir='ltr'><strong>cum</strong></span> <span class='ocrx_word' id='word_1_455' title='bbox 509 2568 565 2603; x_wconf 86' lang='lat' dir='ltr'><strong>illa</strong></span> <span class='ocrx_word' id='word_1_456' title='bbox 589 2565 688 2598; x_wconf 88' lang='lat' dir='ltr'><strong>initio</strong></span> <span class='ocrx_word' id='word_1_457' title='bbox 714 2561 912 2602; x_wconf 88' lang='lat' dir='ltr'><strong>acciderent,</strong></span> <span class='ocrx_word' id='word_1_458' title='bbox 936 2563 969 2595; x_wconf 70' lang='grc' dir='ltr'><strong>δε</strong></span> <span class='ocrx_word' id='word_1_459' title='bbox 1005 2560 1192 2604; x_wconf 87' lang='lat' dir='ltr'><strong>priusquam</strong></span> <span class='ocrx_word' id='word_1_460' title='bbox 1236 2560 1338 2595; x_wconf 68' lang='lat' dir='ltr'><strong>ere6ta</strong></span> 
     </span>
     <span class='ocr_line' id='line_1_58' title="bbox 328 2603 1337 2653; baseline -0.012 -6"><span class='ocrx_word' id='word_1_461' title='bbox 328 2613 448 2649; x_wconf 89' lang='lat' dir='ltr'><strong>cervice</strong></span> <span class='ocrx_word' id='word_1_462' title='bbox 483 2617 652 2653; x_wconf 80' lang='lat' dir='ltr'><strong>cogeretur</strong></span> <span class='ocrx_word' id='word_1_463' title='bbox 689 2606 840 2649; x_wconf 89' lang='lat' dir='ltr'><strong>respirare</strong></span> <span class='ocrx_word' id='word_1_464' title='bbox 864 2617 877 2646; x_wconf 91' lang='lat'><em>;</em></span> <span class='ocrx_word' id='word_1_465' title='bbox 910 2605 996 2639; x_wconf 89' lang='lat' dir='ltr'><strong>ratio</strong></span> <span class='ocrx_word' id='word_1_466' title='bbox 1020 2603 1158 2646; x_wconf 87' lang='lat' dir='ltr'><strong>postulat</strong></span> <span class='ocrx_word' id='word_1_467' title='bbox 1176 2628 1187 2644; x_wconf 79' lang='lat'><strong>,</strong></span> <span class='ocrx_word' id='word_1_468' title='bbox 1211 2613 1247 2638; x_wconf 93' lang='lat' dir='ltr'><strong>ut</strong></span> <span class='ocrx_word' id='word_1_469' title='bbox 1270 2615 1337 2647; x_wconf 82' lang='lat' dir='ltr'><strong>quo</strong></span> 
     </span>
     <span class='ocr_line' id='line_1_59' title="bbox 328 2646 1340 2694; baseline -0.012 -4"><span class='ocrx_word' id='word_1_470' title='bbox 328 2658 357 2694; x_wconf 72' lang='lat' dir='ltr'><strong>se</strong></span> <span class='ocrx_word' id='word_1_471' title='bbox 381 2654 482 2689; x_wconf 90' lang='lat' dir='ltr'><strong>modo</strong></span> <span class='ocrx_word' id='word_1_472' title='bbox 506 2664 583 2688; x_wconf 88' lang='lat' dir='ltr'><strong>tunc</strong></span> <span class='ocrx_word' id='word_1_473' title='bbox 609 2653 643 2685; x_wconf 91' lang='lat' dir='ltr'><strong>in</strong></span> <span class='ocrx_word' id='word_1_474' title='bbox 667 2649 798 2685; x_wconf 79' lang='lat' dir='ltr'><strong>thorace</strong></span> <span class='ocrx_word' id='word_1_475' title='bbox 822 2660 869 2683; x_wconf 88' lang='lat' dir='ltr'><strong>res</strong></span> <span class='ocrx_word' id='word_1_476' title='bbox 892 2648 921 2682; x_wconf 86' lang='lat' dir='ltr'><strong>se</strong></span> <span class='ocrx_word' id='word_1_477' title='bbox 953 2646 1070 2683; x_wconf 86' lang='lat' dir='ltr'><strong>habere</strong></span> <span class='ocrx_word' id='word_1_478' title='bbox 1102 2646 1224 2689; x_wconf 80' lang='lat' dir='ltr'><strong>possent</strong></span> <span class='ocrx_word' id='word_1_479' title='bbox 1247 2671 1259 2688; x_wconf 84' lang='grc'>,</span> <span class='ocrx_word' id='word_1_480' title='bbox 1291 2659 1340 2680; x_wconf 80' lang='lat' dir='ltr'><strong>re-</strong></span> 
     </span>
     <span class='ocr_line' id='line_1_60' title="bbox 327 2690 1340 2744; baseline -0.01 -11"><span class='ocrx_word' id='word_1_481' title='bbox 327 2710 478 2744; x_wconf 82' lang='lat' dir='ltr'><strong>putemus</strong></span> <span class='ocrx_word' id='word_1_482' title='bbox 503 2721 512 2731; x_wconf 88' lang='lat'><strong>.</strong></span> <span class='ocrx_word' id='word_1_483' title='bbox 547 2695 647 2733; x_wconf 91' lang='lat' dir='ltr'><strong>Nihil</strong></span> <span class='ocrx_word' id='word_1_484' title='bbox 672 2704 779 2729; x_wconf 87' lang='lat' dir='ltr'><strong>autem</strong></span> <span class='ocrx_word' id='word_1_485' title='bbox 803 2690 956 2735; x_wconf 85' lang='lat' dir='ltr'><strong>prohibet</strong></span> <span class='ocrx_word' id='word_1_486' title='bbox 979 2702 1045 2733; x_wconf 91' lang='lat' dir='ltr'><strong>quo</strong></span> <span class='ocrx_word' id='word_1_487' title='bbox 1068 2692 1174 2724; x_wconf 86' lang='lat' dir='ltr'><strong>minus</strong></span> <span class='ocrx_word' id='word_1_488' title='bbox 1213 2691 1340 2724; x_wconf 86' lang='lat' dir='ltr'><strong>morbi-</strong></span> 
     </span>
     <span class='ocr_line' id='line_1_61' title="bbox 328 2733 1341 2783; baseline -0.012 -5"><span class='ocrx_word' id='word_1_489' title='bbox 328 2744 396 2778; x_wconf 82' lang='lat' dir='ltr'><strong>ficae</strong></span> <span class='ocrx_word' id='word_1_490' title='bbox 421 2741 563 2777; x_wconf 78' lang='lat' dir='ltr'><strong>materiae</strong></span> <span class='ocrx_word' id='word_1_491' title='bbox 587 2738 751 2783; x_wconf 78' lang='lat' dir='ltr'><strong>congestio</strong></span> <span class='ocrx_word' id='word_1_492' title='bbox 774 2735 878 2781; x_wconf 82' lang='lat' dir='ltr'><strong>major</strong></span> <span class='ocrx_word' id='word_1_493' title='bbox 901 2736 1045 2779; x_wconf 83' lang='lat' dir='ltr'><strong>primum</strong></span> <span class='ocrx_word' id='word_1_494' title='bbox 1069 2733 1169 2768; x_wconf 87' lang='lat' dir='ltr'><strong>fuerit</strong></span> <span class='ocrx_word' id='word_1_495' title='bbox 1202 2735 1235 2767; x_wconf 88' lang='lat' dir='ltr'><strong>in</strong></span> <span class='ocrx_word' id='word_1_496' title='bbox 1270 2735 1341 2776; x_wconf 80' lang='lat' dir='ltr'><strong>pul-</strong></span> 
     </span>
     <span class='ocr_line' id='line_1_62' title="bbox 329 2777 1342 2824; baseline -0.014 -1"><span class='ocrx_word' id='word_1_497' title='bbox 329 2798 427 2824; x_wconf 89' lang='lat' dir='ltr'><strong>mone</strong></span> <span class='ocrx_word' id='word_1_498' title='bbox 451 2786 586 2821; x_wconf 84' lang='lat' dir='ltr'><strong>dextero</strong></span> <span class='ocrx_word' id='word_1_499' title='bbox 611 2809 620 2823; x_wconf 85' lang='lat'><strong>‚</strong></span> <span class='ocrx_word' id='word_1_500' title='bbox 656 2781 770 2818; x_wconf 78' lang='lat' dir='ltr'><strong>deinde</strong></span> <span class='ocrx_word' id='word_1_501' title='bbox 794 2789 903 2814; x_wconf 89' lang='lat' dir='ltr'><strong>autem</strong></span> <span class='ocrx_word' id='word_1_502' title='bbox 926 2779 960 2812; x_wconf 88' lang='lat' dir='ltr'><strong>in</strong></span> <span class='ocrx_word' id='word_1_503' title='bbox 983 2777 1127 2824; x_wconf 74' lang='lat' dir='ltr'><strong>sinistro,</strong></span> <span class='ocrx_word' id='word_1_504' title='bbox 1151 2778 1251 2813; x_wconf 90' lang='lat' dir='ltr'><strong>donec</strong></span> <span class='ocrx_word' id='word_1_505' title='bbox 1287 2788 1342 2820; x_wconf 83' lang='lat' dir='ltr'><strong>par</strong></span> 
     </span>
     <span class='ocr_line' id='line_1_63' title="bbox 328 2821 1341 2873; baseline -0.013 -8"><span class='ocrx_word' id='word_1_506' title='bbox 328 2833 363 2866; x_wconf 87' lang='lat' dir='ltr'><strong>in</strong></span> <span class='ocrx_word' id='word_1_507' title='bbox 386 2841 528 2873; x_wconf 88' lang='lat' dir='ltr'><strong>utroque</strong></span> <span class='ocrx_word' id='word_1_508' title='bbox 551 2826 636 2860; x_wconf 66' lang='lat' dir='ltr'><strong>faeta</strong></span> <span class='ocrx_word' id='word_1_509' title='bbox 660 2826 826 2861; x_wconf 86' lang='lat' dir='ltr'><strong>hominem</strong></span> <span class='ocrx_word' id='word_1_510' title='bbox 849 2823 957 2866; x_wconf 78' lang='lat' dir='ltr'><strong>coegit</strong></span> <span class='ocrx_word' id='word_1_511' title='bbox 991 2821 1093 2857; x_wconf 70' lang='lat' dir='ltr'><strong>ledere</strong></span> <span class='ocrx_word' id='word_1_512' title='bbox 1118 2847 1124 2856; x_wconf 82' lang='lat'><em>.</em></span> <span class='ocrx_word' id='word_1_513' title='bbox 1164 2822 1225 2856; x_wconf 86' lang='lat' dir='ltr'><strong>Sed</strong></span> <span class='ocrx_word' id='word_1_514' title='bbox 1270 2831 1341 2854; x_wconf 90' lang='lat' dir='ltr'><strong>ante</strong></span> 
     </span>
     <span class='ocr_line' id='line_1_64' title="bbox 330 2865 1341 2915; baseline -0.018 -5"><span class='ocrx_word' id='word_1_515' title='bbox 330 2875 365 2909; x_wconf 87' lang='lat' dir='ltr'><strong>id</strong></span> <span class='ocrx_word' id='word_1_516' title='bbox 387 2883 515 2915; x_wconf 85' lang='lat' dir='ltr'><strong>tempus</strong></span> <span class='ocrx_word' id='word_1_517' title='bbox 539 2880 576 2905; x_wconf 91' lang='lat' dir='ltr'><strong>ut</strong></span> <span class='ocrx_word' id='word_1_518' title='bbox 600 2871 707 2905; x_wconf 84' lang='lat' dir='ltr'><strong>minus</strong></span> <span class='ocrx_word' id='word_1_519' title='bbox 730 2868 863 2904; x_wconf 85' lang='lat' dir='ltr'><strong>difficile</strong></span> <span class='ocrx_word' id='word_1_520' title='bbox 885 2869 919 2900; x_wconf 93' lang='lat' dir='ltr'><strong>in</strong></span> <span class='ocrx_word' id='word_1_521' title='bbox 946 2865 1113 2901; x_wconf 86' lang='lat' dir='ltr'><strong>dexterum</strong></span> <span class='ocrx_word' id='word_1_522' title='bbox 1135 2888 1144 2903; x_wconf 92' lang='lat'><strong>,</strong></span> <span class='ocrx_word' id='word_1_523' title='bbox 1178 2877 1256 2900; x_wconf 81' lang='lat' dir='ltr'><strong>mox</strong></span> <span class='ocrx_word' id='word_1_524' title='bbox 1289 2876 1341 2897; x_wconf 78' lang='lat' dir='ltr'><strong>ve-</strong></span> 
     </span>
     <span class='ocr_line' id='line_1_65' title="bbox 331 2907 1340 2955; baseline -0.012 -3"><span class='ocrx_word' id='word_1_525' title='bbox 331 2930 370 2954; x_wconf 89' lang='lat' dir='ltr'><strong>ro</strong></span> <span class='ocrx_word' id='word_1_526' title='bbox 395 2919 429 2953; x_wconf 87' lang='lat' dir='ltr'><strong>in</strong></span> <span class='ocrx_word' id='word_1_527' title='bbox 453 2914 612 2952; x_wconf 82' lang='lat' dir='ltr'><strong>sinistrum</strong></span> <span class='ocrx_word' id='word_1_528' title='bbox 634 2922 757 2955; x_wconf 87' lang='lat' dir='ltr'><strong>poterat</strong></span> <span class='ocrx_word' id='word_1_529' title='bbox 782 2912 863 2947; x_wconf 86' lang='lat' dir='ltr'><strong>latus</strong></span> <span class='ocrx_word' id='word_1_530' title='bbox 887 2909 1076 2945; x_wconf 87' lang='lat' dir='ltr'><strong>decumbere</strong></span> <span class='ocrx_word' id='word_1_531' title='bbox 1098 2932 1109 2947; x_wconf 89' lang='lat'><strong>,</strong></span> <span class='ocrx_word' id='word_1_532' title='bbox 1142 2910 1176 2942; x_wconf 90' lang='lat' dir='ltr'><strong>in</strong></span> <span class='ocrx_word' id='word_1_533' title='bbox 1209 2907 1340 2943; x_wconf 90' lang='lat' dir='ltr'><strong>dorsum</strong></span> 
     </span>
     <span class='ocr_line' id='line_1_66' title="bbox 330 2950 1341 3001; baseline -0.009 -7"><span class='ocrx_word' id='word_1_534' title='bbox 330 2971 439 2998; x_wconf 82' lang='lat' dir='ltr'><strong>tamen</strong></span> <span class='ocrx_word' id='word_1_535' title='bbox 464 2960 538 2993; x_wconf 89' lang='lat' dir='ltr'><strong>ideo</strong></span> <span class='ocrx_word' id='word_1_536' title='bbox 561 2968 627 2991; x_wconf 88' lang='lat' dir='ltr'><strong>non</strong></span> <span class='ocrx_word' id='word_1_537' title='bbox 653 2964 805 3001; x_wconf 81' lang='lat' dir='ltr'><strong>poterat,</strong></span> <span class='ocrx_word' id='word_1_538' title='bbox 838 2963 874 2991; x_wconf 89' lang='lat' dir='ltr'><strong>ut</strong></span> <span class='ocrx_word' id='word_1_539' title='bbox 907 2955 1025 2996; x_wconf 86' lang='lat' dir='ltr'><strong>opinor</strong></span> <span class='ocrx_word' id='word_1_540' title='bbox 1050 2976 1062 2993; x_wconf 80' lang='grc'>,</span> <span class='ocrx_word' id='word_1_541' title='bbox 1099 2954 1172 2996; x_wconf 83' lang='lat' dir='ltr'><strong>quia</strong></span> <span class='ocrx_word' id='word_1_542' title='bbox 1215 2950 1341 2987; x_wconf 79' lang='lat' dir='ltr'><strong>tametsi</strong></span> 
     </span>
     <span class='ocr_line' id='line_1_67' title="bbox 331 2995 1342 3052; baseline -0.009 -14"><span class='ocrx_word' id='word_1_543' title='bbox 331 3005 504 3052; x_wconf 84' lang='lat' dir='ltr'><strong>pulmones</strong></span> <span class='ocrx_word' id='word_1_544' title='bbox 527 3009 616 3038; x_wconf 86' lang='lat' dir='ltr'><strong>erant</strong></span> <span class='ocrx_word' id='word_1_545' title='bbox 640 3013 651 3039; x_wconf 81' lang='lat'>3</span> <span class='ocrx_word' id='word_1_546' title='bbox 686 3009 721 3034; x_wconf 91' lang='lat' dir='ltr'><strong>ut</strong></span> <span class='ocrx_word' id='word_1_547' title='bbox 747 3000 836 3032; x_wconf 88' lang='lat' dir='ltr'><strong>Senis</strong></span> <span class='ocrx_word' id='word_1_548' title='bbox 867 2997 905 3032; x_wconf 86' lang='lat' dir='ltr'><strong>de</strong></span> <span class='ocrx_word' id='word_1_549' title='bbox 938 3008 1005 3039; x_wconf 88' lang='lat' dir='ltr'><strong>quo</strong></span> <span class='ocrx_word' id='word_1_550' title='bbox 1039 2998 1187 3039; x_wconf 82' lang='lat' dir='ltr'><strong>proxime</strong></span> <span class='ocrx_word' id='word_1_551' title='bbox 1217 2995 1342 3029; x_wconf 58' lang='lat' dir='ltr'><strong>diffisum</strong></span> 
     </span>
     <span class='ocr_line' id='line_1_68' title="bbox 333 3041 1341 3094; baseline -0.009 -14"><span class='ocrx_word' id='word_1_552' title='bbox 333 3049 376 3086; x_wconf 77' lang='lat' dir='ltr'><strong>est</strong></span> <span class='ocrx_word' id='word_1_553' title='bbox 398 3051 454 3094; x_wconf 84' lang='lat' dir='ltr'><strong>(p</strong></span> <span class='ocrx_word' id='word_1_554' title='bbox 475 3050 515 3087; x_wconf 91' lang='lat'><strong>),</strong></span> <span class='ocrx_word' id='word_1_555' title='bbox 538 3045 652 3089; x_wconf 86' lang='lat' dir='ltr'><strong>pulmo</strong></span> <span class='ocrx_word' id='word_1_556' title='bbox 683 3042 798 3079; x_wconf 82' lang='lat' dir='ltr'><strong>dexter</strong></span> <span class='ocrx_word' id='word_1_557' title='bbox 823 3054 833 3080; x_wconf 70' lang='grc' dir='ltr'><strong><em>ς</em></strong></span> <span class='ocrx_word' id='word_1_558' title='bbox 870 3041 1064 3076; x_wconf 86' lang='lat' dir='ltr'><strong>inflammati</strong></span> <span class='ocrx_word' id='word_1_559' title='bbox 1084 3064 1093 3078; x_wconf 86' lang='lat'>‚</span> <span class='ocrx_word' id='word_1_560' title='bbox 1130 3043 1162 3073; x_wconf 86' lang='lat'>&amp;</span> <span class='ocrx_word' id='word_1_561' title='bbox 1194 3051 1303 3085; x_wconf 38' lang='lat' dir='ltr'><strong>grav-es</strong></span> <span class='ocrx_word' id='word_1_562' title='bbox 1330 3050 1341 3077; x_wconf 80' lang='lat'><strong>‚-</strong></span> 
     </span>
     <span class='ocr_line' id='line_1_69' title="bbox 333 3084 1342 3131; baseline -0.009 -5"><span class='ocrx_word' id='word_1_563' title='bbox 333 3103 399 3129; x_wconf 84' lang='lat' dir='ltr'><strong>non</strong></span> <span class='ocrx_word' id='word_1_564' title='bbox 431 3098 522 3124; x_wconf 84' lang='lat' dir='ltr'><strong>erant</strong></span> <span class='ocrx_word' id='word_1_565' title='bbox 553 3098 660 3123; x_wconf 87' lang='lat' dir='ltr'><strong>tamen</strong></span> <span class='ocrx_word' id='word_1_566' title='bbox 683 3109 693 3125; x_wconf 75' lang='lat'>‚</span> <span class='ocrx_word' id='word_1_567' title='bbox 726 3095 763 3123; x_wconf 86' lang='lat' dir='ltr'><strong>ut</strong></span> <span class='ocrx_word' id='word_1_568' title='bbox 797 3085 854 3119; x_wconf 91' lang='lat' dir='ltr'><strong>ille</strong></span> <span class='ocrx_word' id='word_1_569' title='bbox 887 3084 999 3131; x_wconf 77' lang='lat' dir='ltr'><strong>pulmo</strong></span> <span class='ocrx_word' id='word_1_570' title='bbox 1022 3107 1031 3124; x_wconf 89' lang='lat'><strong>,</strong></span> <span class='ocrx_word' id='word_1_571' title='bbox 1067 3095 1083 3117; x_wconf 88' lang='lat' dir='ltr'><strong>a</strong></span> <span class='ocrx_word' id='word_1_572' title='bbox 1117 3084 1225 3126; x_wconf 86' lang='lat' dir='ltr'><strong>pleura</strong></span> <span class='ocrx_word' id='word_1_573' title='bbox 1258 3084 1342 3117; x_wconf 85' lang='lat' dir='ltr'><strong>solu-</strong></span> 
     </span>
     <span class='ocr_line' id='line_1_70' title="bbox 334 3130 1343 3177; baseline -0.012 -7"><span class='ocrx_word' id='word_1_574' title='bbox 334 3137 362 3170; x_wconf 89' lang='lat' dir='ltr'><strong>ti</strong></span> <span class='ocrx_word' id='word_1_575' title='bbox 386 3159 394 3168; x_wconf 86' lang='lat'><strong>.</strong></span> <span class='ocrx_word' id='word_1_576' title='bbox 431 3137 544 3177; x_wconf 88' lang='lat' dir='ltr'><strong>Itaque</strong></span> <span class='ocrx_word' id='word_1_577' title='bbox 578 3131 632 3166; x_wconf 90' lang='lat' dir='ltr'><strong>hic</strong></span> <span class='ocrx_word' id='word_1_578' title='bbox 665 3132 717 3165; x_wconf 91' lang='lat' dir='ltr'><strong>vir</strong></span> <span class='ocrx_word' id='word_1_579' title='bbox 755 3130 887 3173; x_wconf 87' lang='lat' dir='ltr'><strong>supinus</strong></span> <span class='ocrx_word' id='word_1_580' title='bbox 920 3138 1021 3170; x_wconf 70' lang='lat' dir='ltr'><strong>iacere</strong></span> <span class='ocrx_word' id='word_1_581' title='bbox 1066 3138 1129 3162; x_wconf 89' lang='lat' dir='ltr'><strong>non</strong></span> <span class='ocrx_word' id='word_1_582' title='bbox 1172 3136 1297 3171; x_wconf 85' lang='lat' dir='ltr'><strong>poterat</strong></span> <span class='ocrx_word' id='word_1_583' title='bbox 1331 3150 1343 3166; x_wconf 84' lang='lat'><em>‚</em></span> 
     </span>
     <span class='ocr_line' id='line_1_71' title="bbox 334 3170 1343 3223; baseline -0.01 -10"><span class='ocrx_word' id='word_1_584' title='bbox 334 3181 418 3223; x_wconf 89' lang='lat' dir='ltr'><strong>quin</strong></span> <span class='ocrx_word' id='word_1_585' title='bbox 452 3178 561 3221; x_wconf 87' lang='lat' dir='ltr'><strong>pleura</strong></span> <span class='ocrx_word' id='word_1_586' title='bbox 594 3175 633 3211; x_wconf 87' lang='lat' dir='ltr'><strong>ad</strong></span> <span class='ocrx_word' id='word_1_587' title='bbox 668 3185 765 3218; x_wconf 87' lang='lat' dir='ltr'><strong>quam</strong></span> <span class='ocrx_word' id='word_1_588' title='bbox 797 3181 887 3207; x_wconf 86' lang='lat' dir='ltr'><strong>erant</strong></span> <span class='ocrx_word' id='word_1_589' title='bbox 930 3172 1076 3210; x_wconf 86' lang='lat' dir='ltr'><strong>annexi,</strong></span> <span class='ocrx_word' id='word_1_590' title='bbox 1122 3171 1270 3217; x_wconf 64' lang='lat' dir='ltr'><strong>distraeta</strong></span> <span class='ocrx_word' id='word_1_591' title='bbox 1303 3170 1343 3203; x_wconf 86' lang='lat' dir='ltr'><strong>ab</strong></span> 
     </span>
     <span class='ocr_line' id='line_1_72' title="bbox 336 3214 1342 3263; baseline -0.014 -5"><span class='ocrx_word' id='word_1_592' title='bbox 336 3222 494 3258; x_wconf 81' lang='lat' dir='ltr'><strong>anteriore</strong></span> <span class='ocrx_word' id='word_1_593' title='bbox 541 3229 629 3263; x_wconf 86' lang='lat' dir='ltr'><strong>parte</strong></span> <span class='ocrx_word' id='word_1_594' title='bbox 674 3216 855 3254; x_wconf 81' lang='lat' dir='ltr'><strong>molestiam</strong></span> <span class='ocrx_word' id='word_1_595' title='bbox 894 3214 1010 3249; x_wconf 86' lang='lat' dir='ltr'><strong>faceret</strong></span> <span class='ocrx_word' id='word_1_596' title='bbox 1034 3239 1045 3256; x_wconf 93' lang='lat'><em>‚</em></span> <span class='ocrx_word' id='word_1_597' title='bbox 1077 3226 1210 3258; x_wconf 84' lang='lat' dir='ltr'><strong>eumque</strong></span> <span class='ocrx_word' id='word_1_598' title='bbox 1246 3215 1342 3247; x_wconf 82' lang='lat' dir='ltr'><strong>litum</strong></span> 
     </span>
     <span class='ocr_line' id='line_1_73' title="bbox 337 3257 1342 3310; baseline -0.01 -10"><span class='ocrx_word' id='word_1_599' title='bbox 337 3277 403 3300; x_wconf 86' lang='lat' dir='ltr'><strong>non</strong></span> <span class='ocrx_word' id='word_1_600' title='bbox 450 3266 653 3310; x_wconf 86' lang='lat' dir='ltr'><strong>permitteret</strong></span> <span class='ocrx_word' id='word_1_601' title='bbox 679 3289 686 3296; x_wconf 96' lang='lat'>.</span> <span class='ocrx_word' id='word_1_602' title='bbox 820 3262 984 3294; x_wconf 84' lang='lat' dir='ltr'><strong>Caeterum</strong></span> <span class='ocrx_word' id='word_1_603' title='bbox 1026 3270 1096 3301; x_wconf 85' lang='lat' dir='ltr'><strong>quae</strong></span> <span class='ocrx_word' id='word_1_604' title='bbox 1135 3260 1173 3293; x_wconf 88' lang='lat' dir='ltr'><strong>ad</strong></span> <span class='ocrx_word' id='word_1_605' title='bbox 1216 3257 1342 3292; x_wconf 88' lang='lat' dir='ltr'><strong>hernias</strong></span> 
     </span>
     <span class='ocr_line' id='line_1_74' title="bbox 338 3302 1342 3353; baseline -0.01 -10"><span class='ocrx_word' id='word_1_606' title='bbox 338 3309 483 3353; x_wconf 66' lang='lat' dir='ltr'><strong>spe&amp;ant</strong></span> <span class='ocrx_word' id='word_1_607' title='bbox 521 3335 530 3351; x_wconf 86' lang='lat'><strong>,</strong></span> <span class='ocrx_word' id='word_1_608' title='bbox 576 3307 614 3341; x_wconf 89' lang='lat' dir='ltr'><strong>ad</strong></span> <span class='ocrx_word' id='word_1_609' title='bbox 661 3307 762 3341; x_wconf 88' lang='lat' dir='ltr'><strong>alium</strong></span> <span class='ocrx_word' id='word_1_610' title='bbox 807 3305 948 3338; x_wconf 81' lang='lat' dir='ltr'><strong>attinent</strong></span> <span class='ocrx_word' id='word_1_611' title='bbox 993 3302 1104 3337; x_wconf 89' lang='lat' dir='ltr'><strong>locum</strong></span> <span class='ocrx_word' id='word_1_612' title='bbox 1143 3328 1151 3337; x_wconf 89' lang='lat'>.</span> <span class='ocrx_word' id='word_1_613' title='bbox 1196 3302 1342 3335; x_wconf 86' lang='lat' dir='ltr'><strong>Alterius</strong></span> 
     </span>
     <span class='ocr_line' id='line_1_75' title="bbox 338 3343 1345 3389; baseline -0.01 -3"><span class='ocrx_word' id='word_1_614' title='bbox 338 3353 508 3389; x_wconf 83' lang='lat' dir='ltr'><strong>dumtaxat</strong></span> <span class='ocrx_word' id='word_1_615' title='bbox 532 3350 671 3386; x_wconf 85' lang='lat' dir='ltr'><strong>herniofi</strong></span> <span class='ocrx_word' id='word_1_616' title='bbox 696 3348 969 3384; x_wconf 87' lang='lat' dir='ltr'><strong>Observationem</strong></span> <span class='ocrx_word' id='word_1_617' title='bbox 1002 3344 1086 3380; x_wconf 84' lang='lat' dir='ltr'><strong>mihi</strong></span> <span class='ocrx_word' id='word_1_618' title='bbox 1120 3354 1272 3380; x_wconf 88' lang='lat' dir='ltr'><strong>revocant</strong></span> <span class='ocrx_word' id='word_1_619' title='bbox 1308 3343 1345 3377; x_wconf 87' lang='lat' dir='ltr'><strong>ad</strong></span> 
     </span>
     <span class='ocr_line' id='line_1_76' title="bbox 340 3387 1347 3436; baseline -0.01 -6"><span class='ocrx_word' id='word_1_620' title='bbox 340 3398 533 3433; x_wconf 82' lang='lat' dir='ltr'><strong>memoriam</strong></span> <span class='ocrx_word' id='word_1_621' title='bbox 556 3417 566 3433; x_wconf 88' lang='lat'>‚</span> <span class='ocrx_word' id='word_1_622' title='bbox 611 3395 645 3428; x_wconf 91' lang='lat' dir='ltr'><strong>in</strong></span> <span class='ocrx_word' id='word_1_623' title='bbox 690 3392 781 3436; x_wconf 82' lang='lat' dir='ltr'><strong>cujus</strong></span> <span class='ocrx_word' id='word_1_624' title='bbox 825 3390 1091 3433; x_wconf 83' lang='lat' dir='ltr'><strong>peripneumonia</strong></span> <span class='ocrx_word' id='word_1_625' title='bbox 1135 3388 1260 3432; x_wconf 80' lang='lat' dir='ltr'><strong>aliquid</strong></span> <span class='ocrx_word' id='word_1_626' title='bbox 1304 3387 1347 3421; x_wconf 87' lang='lat' dir='ltr'><strong>est</strong></span> 
     </span>
     <span class='ocr_line' id='line_1_77' title="bbox 326 3435 1347 3519; baseline -0.01 -44"><span class='ocrx_word' id='word_1_627' title='bbox 326 3440 431 3519; x_wconf 53' lang='grc' dir='ltr'><strong>«ῗιυοά</strong></span> <span class='ocrx_word' id='word_1_628' title='bbox 475 3441 514 3476; x_wconf 83' lang='lat' dir='ltr'><strong>ad</strong></span> <span class='ocrx_word' id='word_1_629' title='bbox 558 3437 748 3475; x_wconf 86' lang='lat' dir='ltr'><strong>decubitum</strong></span> <span class='ocrx_word' id='word_1_630' title='bbox 796 3435 914 3481; x_wconf 66' lang='lat' dir='ltr'><strong>spec‘tet</strong></span> <span class='ocrx_word' id='word_1_631' title='bbox 936 3455 947 3472; x_wconf 69' lang='lat'><strong><em>³</em></strong></span> <span class='ocrx_word' id='word_1_632' title='bbox 994 3443 1031 3469; x_wconf 90' lang='lat' dir='ltr'><strong>ut</strong></span> <span class='ocrx_word' id='word_1_633' title='bbox 1074 3435 1234 3469; x_wconf 89' lang='lat' dir='ltr'><strong>continuo</strong></span> <span class='ocrx_word' id='word_1_634' title='bbox 1278 3443 1347 3474; x_wconf 69' lang='lat' dir='ltr'><strong>per-</strong></span> 
     </span>
    </p>

    <p class='ocr_par' dir='ltr' id='par_1_4' title="bbox 357 3493 488 3528">
     <span class='ocr_line' id='line_1_78' title="bbox 357 3493 488 3528; baseline -0.023 -10"><span class='ocrx_word' id='word_1_635' title='bbox 357 3493 455 3528; x_wconf 70' lang='lat' dir='ltr'><strong>picies</strong></span> <span class='ocrx_word' id='word_1_636' title='bbox 480 3507 488 3515; x_wconf 86' lang='lat'><em>.</em></span> 
     </span>
    </p>
   </div>
   <div class='ocr_carea' id='block_1_2' title="bbox 919 89 1825 147">
    <p class='ocr_par' dir='ltr' id='par_1_5' title="bbox 919 89 1825 147">
     <span class='ocr_line' id='line_1_79' title="bbox 919 89 1825 147; baseline -0.008 0"><span class='ocrx_word' id='word_1_637' title='bbox 919 92 1073 147; x_wconf 88' lang='lat' dir='ltr'><strong>Liber</strong></span> <span class='ocrx_word' id='word_1_638' title='bbox 1108 92 1169 145; x_wconf 84' lang='grc' dir='ltr'><strong>ΙΙ.</strong></span> <span class='ocrx_word' id='word_1_639' title='bbox 1204 91 1287 145; x_wconf 83' lang='lat' dir='ltr'><strong>De</strong></span> <span class='ocrx_word' id='word_1_640' title='bbox 1326 90 1536 143; x_wconf 82' lang='lat' dir='ltr'><strong>Morbis</strong></span> <span class='ocrx_word' id='word_1_641' title='bbox 1569 89 1825 141; x_wconf 85' lang='lat' dir='ltr'><strong>Thoracis</strong></span> 
     </span>
    </p>
   </div>
   <div class='ocr_carea' id='block_1_3' title="bbox 1385 163 2441 3560">
    <p class='ocr_par' dir='ltr' id='par_1_6' title="bbox 1392 163 2405 1734">
     <span class='ocr_line' id='line_1_80' title="bbox 1436 163 2404 210; baseline -0.006 -10"><span class='ocrx_word' id='word_1_642' title='bbox 1436 168 1486 201; x_wconf 76' lang='lat'><strong>26.</strong></span> <span class='ocrx_word' id='word_1_643' title='bbox 1535 166 1638 200; x_wconf 80' lang='lat' dir='ltr'><strong>VIR</strong></span> <span class='ocrx_word' id='word_1_644' title='bbox 1683 176 1839 202; x_wconf 86' lang='lat' dir='ltr'><strong>annorum</strong></span> <span class='ocrx_word' id='word_1_645' title='bbox 1886 167 2119 210; x_wconf 81' lang='lat' dir='ltr'><strong>quinquaginta</strong></span> <span class='ocrx_word' id='word_1_646' title='bbox 2160 190 2172 207; x_wconf 82' lang='grc'>,</span> <span class='ocrx_word' id='word_1_647' title='bbox 2219 163 2344 201; x_wconf 81' lang='lat' dir='ltr'><strong>fuscum</strong></span> <span class='ocrx_word' id='word_1_648' title='bbox 2384 173 2404 195; x_wconf 84' lang='lat' dir='ltr'><strong>a</strong></span> 
     </span>
     <span class='ocr_line' id='line_1_81' title="bbox 1394 209 2404 254; baseline -0.006 -11"><span class='ocrx_word' id='word_1_649' title='bbox 1394 209 1582 254; x_wconf 87' lang='lat' dir='ltr'><strong>primordiis</strong></span> <span class='ocrx_word' id='word_1_650' title='bbox 1605 209 1749 243; x_wconf 89' lang='lat' dir='ltr'><strong>colorem</strong></span> <span class='ocrx_word' id='word_1_651' title='bbox 1773 234 1781 246; x_wconf 88' lang='lat'><em>‚</em></span> <span class='ocrx_word' id='word_1_652' title='bbox 1817 212 1850 242; x_wconf 66' lang='grc' dir='ltr'><strong>ὃ(</strong></span> <span class='ocrx_word' id='word_1_653' title='bbox 1870 210 2093 244; x_wconf 80' lang='lat' dir='ltr'><strong>atrabilarium</strong></span> <span class='ocrx_word' id='word_1_654' title='bbox 2117 215 2404 253; x_wconf 85' lang='lat' dir='ltr'><strong>temperamentum</strong></span> 
     </span>
     <span class='ocr_line' id='line_1_82' title="bbox 1398 249 2405 299; baseline -0.007 -12"><span class='ocrx_word' id='word_1_655' title='bbox 1398 255 1530 289; x_wconf 61' lang='lat' dir='ltr'><strong>nactus,</strong></span> <span class='ocrx_word' id='word_1_656' title='bbox 1555 252 1690 287; x_wconf 81' lang='lat' dir='ltr'><strong>Veneris</strong></span> <span class='ocrx_word' id='word_1_657' title='bbox 1714 252 1821 286; x_wconf 80' lang='lat' dir='ltr'><strong>assecla</strong></span> <span class='ocrx_word' id='word_1_658' title='bbox 1841 276 1851 291; x_wconf 86' lang='lat'><strong>,</strong></span> <span class='ocrx_word' id='word_1_659' title='bbox 1877 254 1954 285; x_wconf 93' lang='lat' dir='ltr'>XII.</span> <span class='ocrx_word' id='word_1_660' title='bbox 1989 254 2063 287; x_wconf 89' lang='lat' dir='ltr'><strong>Kal.</strong></span> <span class='ocrx_word' id='word_1_661' title='bbox 2093 255 2241 299; x_wconf 80' lang='lat' dir='ltr'><strong>Januarii</strong></span> <span class='ocrx_word' id='word_1_662' title='bbox 2273 249 2405 284; x_wconf 85' lang='lat' dir='ltr'><strong>difficili</strong></span> 
     </span>
     <span class='ocr_line' id='line_1_83' title="bbox 1400 294 2402 342; baseline -0.005 -12"><span class='ocrx_word' id='word_1_663' title='bbox 1400 296 1607 338; x_wconf 85' lang='lat' dir='ltr'><strong>respiratione</strong></span> <span class='ocrx_word' id='word_1_664' title='bbox 1629 319 1641 335; x_wconf 60' lang='lat'>³</span> <span class='ocrx_word' id='word_1_665' title='bbox 1666 304 1701 328; x_wconf 90' lang='lat' dir='ltr'><strong>ut</strong></span> <span class='ocrx_word' id='word_1_666' title='bbox 1733 295 1754 327; x_wconf 87' lang='lat' dir='ltr'>fi</span> <span class='ocrx_word' id='word_1_667' title='bbox 1789 308 1804 328; x_wconf 88' lang='lat' dir='ltr'><strong>a</strong></span> <span class='ocrx_word' id='word_1_668' title='bbox 1838 295 1991 329; x_wconf 83' lang='lat' dir='ltr'><strong>catarrho</strong></span> <span class='ocrx_word' id='word_1_669' title='bbox 2026 296 2125 336; x_wconf 69' lang='lat' dir='ltr'><strong>esset,</strong></span> <span class='ocrx_word' id='word_1_670' title='bbox 2160 294 2402 342; x_wconf 36' lang='lat' dir='ltr'><strong>prehenditur-3</strong></span> 
     </span>
     <span class='ocr_line' id='line_1_84' title="bbox 1399 338 2404 383; baseline -0.005 -9"><span class='ocrx_word' id='word_1_671' title='bbox 1399 342 1463 374; x_wconf 88' lang='lat' dir='ltr'><strong>Res</strong></span> <span class='ocrx_word' id='word_1_672' title='bbox 1488 340 1641 382; x_wconf 88' lang='lat' dir='ltr'><strong>paulatim</strong></span> <span class='ocrx_word' id='word_1_673' title='bbox 1665 340 1795 379; x_wconf 79' lang='lat' dir='ltr'><strong>gravior</strong></span> <span class='ocrx_word' id='word_1_674' title='bbox 1818 338 1853 372; x_wconf 83' lang='lat' dir='ltr'><strong>fit</strong></span> <span class='ocrx_word' id='word_1_675' title='bbox 1878 338 1957 372; x_wconf 86' lang='lat' dir='ltr'><strong>adeo</strong></span> <span class='ocrx_word' id='word_1_676' title='bbox 1980 349 2016 373; x_wconf 90' lang='lat' dir='ltr'><strong>ut</strong></span> <span class='ocrx_word' id='word_1_677' title='bbox 2040 342 2098 373; x_wconf 92' lang='lat' dir='ltr'><strong>XI.</strong></span> <span class='ocrx_word' id='word_1_678' title='bbox 2124 341 2200 375; x_wconf 84' lang='lat' dir='ltr'><strong>Kal.</strong></span> <span class='ocrx_word' id='word_1_679' title='bbox 2238 338 2404 383; x_wconf 70' lang='lat' dir='ltr'><strong>februarii</strong></span> 
     </span>
     <span class='ocr_line' id='line_1_85' title="bbox 1397 381 2404 425; baseline -0.001 -10"><span class='ocrx_word' id='word_1_680' title='bbox 1397 386 1440 418; x_wconf 83' lang='grc' dir='ltr'><strong>Α,</strong></span> <span class='ocrx_word' id='word_1_681' title='bbox 1469 388 1562 424; x_wconf 83' lang='lat'>1690.</span> <span class='ocrx_word' id='word_1_682' title='bbox 1585 390 1718 424; x_wconf 77' lang='lat' dir='ltr'><strong>cogatur</strong></span> <span class='ocrx_word' id='word_1_683' title='bbox 1741 381 1928 416; x_wconf 79' lang='lat' dir='ltr'><strong>decumbere</strong></span> <span class='ocrx_word' id='word_1_684' title='bbox 1951 407 1958 414; x_wconf 91' lang='lat'><strong>.</strong></span> <span class='ocrx_word' id='word_1_685' title='bbox 1984 384 2062 417; x_wconf 87' lang='lat' dir='ltr'><strong>Vox</strong></span> <span class='ocrx_word' id='word_1_686' title='bbox 2085 383 2254 425; x_wconf 81' lang='lat' dir='ltr'><strong>clangosa,</strong></span> <span class='ocrx_word' id='word_1_687' title='bbox 2278 381 2404 422; x_wconf 78' lang='lat' dir='ltr'><strong>exspui-</strong></span> 
     </span>
     <span class='ocr_line' id='line_1_86' title="bbox 1398 425 2404 469; baseline -0.003 -10"><span class='ocrx_word' id='word_1_688' title='bbox 1398 429 1449 461; x_wconf 90' lang='lat' dir='ltr'><strong>tio</strong></span> <span class='ocrx_word' id='word_1_689' title='bbox 1470 426 1593 469; x_wconf 69' lang='lat' dir='ltr'><strong>aquosae</strong></span> <span class='ocrx_word' id='word_1_690' title='bbox 1618 425 1758 459; x_wconf 70' lang='lat' dir='ltr'><strong>materiae</strong></span> <span class='ocrx_word' id='word_1_691' title='bbox 1783 426 1963 464; x_wconf 86' lang='lat' dir='ltr'><strong>uberrima,</strong></span> <span class='ocrx_word' id='word_1_692' title='bbox 1990 425 2181 464; x_wconf 77' lang='lat' dir='ltr'><strong>difficillima</strong></span> <span class='ocrx_word' id='word_1_693' title='bbox 2205 428 2247 461; x_wconf 87' lang='lat' dir='ltr'><strong>est</strong></span> <span class='ocrx_word' id='word_1_694' title='bbox 2270 425 2404 467; x_wconf 83' lang='lat' dir='ltr'><strong>respira-</strong></span> 
     </span>
     <span class='ocr_line' id='line_1_87' title="bbox 1395 465 2405 514; baseline -0.002 -12"><span class='ocrx_word' id='word_1_695' title='bbox 1395 472 1469 512; x_wconf 84' lang='lat' dir='ltr'><strong>tio,</strong></span> <span class='ocrx_word' id='word_1_696' title='bbox 1492 481 1565 503; x_wconf 90' lang='lat' dir='ltr'><strong>cum</strong></span> <span class='ocrx_word' id='word_1_697' title='bbox 1589 468 1675 502; x_wconf 86' lang='lat' dir='ltr'><strong>sensu</strong></span> <span class='ocrx_word' id='word_1_698' title='bbox 1697 468 1735 501; x_wconf 88' lang='lat' dir='ltr'><strong>ad</strong></span> <span class='ocrx_word' id='word_1_699' title='bbox 1760 468 1866 503; x_wconf 84' lang='lat' dir='ltr'><strong>fauces</strong></span> <span class='ocrx_word' id='word_1_700' title='bbox 1889 469 1975 512; x_wconf 78' lang='lat' dir='ltr'><strong>quasi</strong></span> <span class='ocrx_word' id='word_1_701' title='bbox 2011 470 2272 514; x_wconf 81' lang='lat' dir='ltr'><strong>strangulationis</strong></span> <span class='ocrx_word' id='word_1_702' title='bbox 2297 482 2304 503; x_wconf 88' lang='lat'>:</span> <span class='ocrx_word' id='word_1_703' title='bbox 2335 465 2405 501; x_wconf 86' lang='lat' dir='ltr'><strong>dif-</strong></span> 
     </span>
     <span class='ocr_line' id='line_1_88' title="bbox 1396 511 2403 554; baseline -0.003 -6"><span class='ocrx_word' id='word_1_704' title='bbox 1396 515 1492 551; x_wconf 84' lang='lat' dir='ltr'><strong>ficilis</strong></span> <span class='ocrx_word' id='word_1_705' title='bbox 1517 515 1550 545; x_wconf 93' lang='lat' dir='ltr'><strong>in</strong></span> <span class='ocrx_word' id='word_1_706' title='bbox 1575 511 1765 546; x_wconf 88' lang='lat' dir='ltr'><strong>utrumlibet</strong></span> <span class='ocrx_word' id='word_1_707' title='bbox 1788 513 1870 546; x_wconf 85' lang='lat' dir='ltr'><strong>latus</strong></span> <span class='ocrx_word' id='word_1_708' title='bbox 1893 513 2081 554; x_wconf 66' lang='lat' dir='ltr'><strong>decimitiis,</strong></span> <span class='ocrx_word' id='word_1_709' title='bbox 2106 514 2155 548; x_wconf 90' lang='lat' dir='ltr'><strong>sed</strong></span> <span class='ocrx_word' id='word_1_710' title='bbox 2178 516 2211 547; x_wconf 90' lang='lat' dir='ltr'><strong>in</strong></span> <span class='ocrx_word' id='word_1_711' title='bbox 2245 512 2403 547; x_wconf 84' lang='lat' dir='ltr'><strong>sinistrum</strong></span> 
     </span>
     <span class='ocr_line' id='line_1_89' title="bbox 1397 555 2403 600; baseline -0.003 -8"><span class='ocrx_word' id='word_1_712' title='bbox 1397 558 1563 592; x_wconf 84' lang='lat' dir='ltr'><strong>difficilior</strong></span> <span class='ocrx_word' id='word_1_713' title='bbox 1585 580 1598 597; x_wconf 90' lang='lat'><strong>,</strong></span> <span class='ocrx_word' id='word_1_714' title='bbox 1631 556 1816 598; x_wconf 80' lang='lat' dir='ltr'><strong>graviorem</strong></span> <span class='ocrx_word' id='word_1_715' title='bbox 1848 555 1927 589; x_wconf 88' lang='lat' dir='ltr'><strong>facit</strong></span> <span class='ocrx_word' id='word_1_716' title='bbox 1959 558 2218 600; x_wconf 83' lang='lat' dir='ltr'><strong>respirationem.</strong></span> <span class='ocrx_word' id='word_1_717' title='bbox 2243 558 2324 591; x_wconf 80' lang='lat' dir='ltr'><strong>Haec</strong></span> <span class='ocrx_word' id='word_1_718' title='bbox 2347 556 2403 589; x_wconf 86' lang='lat' dir='ltr'><strong>cle-</strong></span> 
     </span>
     <span class='ocr_line' id='line_1_90' title="bbox 1399 598 2404 644; baseline -0.004 -9"><span class='ocrx_word' id='word_1_719' title='bbox 1399 604 1495 644; x_wconf 79' lang='lat' dir='ltr'><strong>nique</strong></span> <span class='ocrx_word' id='word_1_720' title='bbox 1519 600 1555 633; x_wconf 84' lang='lat' dir='ltr'><strong>fit</strong></span> <span class='ocrx_word' id='word_1_721' title='bbox 1580 598 1770 641; x_wconf 84' lang='lat' dir='ltr'><strong>suspiriosa:</strong></span> <span class='ocrx_word' id='word_1_722' title='bbox 1794 610 1851 633; x_wconf 90' lang='lat' dir='ltr'><strong>nec</strong></span> <span class='ocrx_word' id='word_1_723' title='bbox 1875 599 1934 633; x_wconf 84' lang='lat' dir='ltr'><strong>nifi</strong></span> <span class='ocrx_word' id='word_1_724' title='bbox 1976 603 2079 635; x_wconf 63' lang='lat' dir='ltr'><strong>eresta</strong></span> <span class='ocrx_word' id='word_1_725' title='bbox 2121 603 2243 635; x_wconf 86' lang='lat' dir='ltr'><strong>cervice</strong></span> <span class='ocrx_word' id='word_1_726' title='bbox 2287 601 2404 643; x_wconf 86' lang='lat' dir='ltr'><strong>spirare</strong></span> 
     </span>
     <span class='ocr_line' id='line_1_91' title="bbox 1398 642 2405 687; baseline -0.003 -9"><span class='ocrx_word' id='word_1_727' title='bbox 1398 647 1476 678; x_wconf 89' lang='lat' dir='ltr'><strong>licet</strong></span> <span class='ocrx_word' id='word_1_728' title='bbox 1502 669 1509 676; x_wconf 91' lang='lat'><strong>.</strong></span> <span class='ocrx_word' id='word_1_729' title='bbox 1547 642 1772 686; x_wconf 73' lang='lat' dir='ltr'><strong>progrediente</strong></span> <span class='ocrx_word' id='word_1_730' title='bbox 1797 653 1904 677; x_wconf 85' lang='lat' dir='ltr'><strong>autem</strong></span> <span class='ocrx_word' id='word_1_731' title='bbox 1925 644 2060 683; x_wconf 87' lang='lat' dir='ltr'><strong>morbo,</strong></span> <span class='ocrx_word' id='word_1_732' title='bbox 2086 645 2188 680; x_wconf 88' lang='lat' dir='ltr'><strong>multa</strong></span> <span class='ocrx_word' id='word_1_733' title='bbox 2219 644 2276 677; x_wconf 86' lang='lat' dir='ltr'><strong>illa</strong></span> <span class='ocrx_word' id='word_1_734' title='bbox 2300 655 2405 687; x_wconf 81' lang='lat' dir='ltr'><strong>aquo-</strong></span> 
     </span>
     <span class='ocr_line' id='line_1_92' title="bbox 1397 686 2404 731; baseline -0.002 -10"><span class='ocrx_word' id='word_1_735' title='bbox 1397 689 1428 723; x_wconf 86' lang='lat' dir='ltr'><strong>sa</strong></span> <span class='ocrx_word' id='word_1_736' title='bbox 1452 689 1544 731; x_wconf 78' lang='lat' dir='ltr'><strong>sputa</strong></span> <span class='ocrx_word' id='word_1_737' title='bbox 1568 689 1601 722; x_wconf 86' lang='lat' dir='ltr'><strong>in</strong></span> <span class='ocrx_word' id='word_1_738' title='bbox 1624 697 1745 729; x_wconf 87' lang='lat' dir='ltr'><strong>pauca,</strong></span> <span class='ocrx_word' id='word_1_739' title='bbox 1766 686 1883 723; x_wconf 86' lang='lat' dir='ltr'><strong>viscida</strong></span> <span class='ocrx_word' id='word_1_740' title='bbox 1907 711 1917 726; x_wconf 89' lang='lat'><strong>,</strong></span> <span class='ocrx_word' id='word_1_741' title='bbox 1948 688 2034 721; x_wconf 85' lang='lat' dir='ltr'><strong>lenta</strong></span> <span class='ocrx_word' id='word_1_742' title='bbox 2059 714 2066 728; x_wconf 95' lang='lat'><strong>,</strong></span> <span class='ocrx_word' id='word_1_743' title='bbox 2099 692 2132 722; x_wconf 86' lang='lat'>&amp;</span> <span class='ocrx_word' id='word_1_744' title='bbox 2156 687 2305 722; x_wconf 88' lang='lat' dir='ltr'><strong>nonnihil</strong></span> <span class='ocrx_word' id='word_1_745' title='bbox 2331 698 2404 730; x_wconf 75' lang='lat' dir='ltr'><strong>gra-</strong></span> 
     </span>
     <span class='ocr_line' id='line_1_93' title="bbox 1396 730 2403 774; baseline -0.001 -11"><span class='ocrx_word' id='word_1_746' title='bbox 1396 734 1560 765; x_wconf 82' lang='lat' dir='ltr'><strong>veolentia</strong></span> <span class='ocrx_word' id='word_1_747' title='bbox 1585 739 1775 771; x_wconf 82' lang='lat' dir='ltr'><strong>mutantur,</strong></span> <span class='ocrx_word' id='word_1_748' title='bbox 1807 730 1998 774; x_wconf 86' lang='lat' dir='ltr'><strong>faciliorque</strong></span> <span class='ocrx_word' id='word_1_749' title='bbox 2031 730 2069 766; x_wconf 91' lang='lat' dir='ltr'><strong>fit</strong></span> <span class='ocrx_word' id='word_1_750' title='bbox 2101 732 2272 774; x_wconf 85' lang='lat' dir='ltr'><strong>respiratio</strong></span> <span class='ocrx_word' id='word_1_751' title='bbox 2296 754 2309 771; x_wconf 83' lang='lat'><strong>,</strong></span> <span class='ocrx_word' id='word_1_752' title='bbox 2340 730 2403 763; x_wconf 88' lang='lat' dir='ltr'><strong>illo</strong></span> 
     </span>
     <span class='ocr_line' id='line_1_94' title="bbox 1396 772 2403 817; baseline -0.004 -8"><span class='ocrx_word' id='word_1_753' title='bbox 1396 785 1500 809; x_wconf 89' lang='lat' dir='ltr'><strong>tamen</strong></span> <span class='ocrx_word' id='word_1_754' title='bbox 1524 774 1687 817; x_wconf 85' lang='lat' dir='ltr'><strong>superstite</strong></span> <span class='ocrx_word' id='word_1_755' title='bbox 1719 772 1940 808; x_wconf 83' lang='lat' dir='ltr'><strong>suffocationis</strong></span> <span class='ocrx_word' id='word_1_756' title='bbox 1986 774 2073 809; x_wconf 84' lang='lat' dir='ltr'><strong>sensu</strong></span> <span class='ocrx_word' id='word_1_757' title='bbox 2097 801 2105 809; x_wconf 90' lang='lat'>.</span> <span class='ocrx_word' id='word_1_758' title='bbox 2139 777 2234 810; x_wconf 89' lang='lat' dir='ltr'><strong>Levis</strong></span> <span class='ocrx_word' id='word_1_759' title='bbox 2279 775 2403 817; x_wconf 86' lang='lat' dir='ltr'><strong>semper</strong></span> 
     </span>
     <span class='ocr_line' id='line_1_95' title="bbox 1396 818 2402 860; baseline -0.002 -7"><span class='ocrx_word' id='word_1_760' title='bbox 1396 820 1437 853; x_wconf 89' lang='lat' dir='ltr'><strong>est</strong></span> <span class='ocrx_word' id='word_1_761' title='bbox 1461 819 1581 852; x_wconf 88' lang='lat' dir='ltr'><strong>febris.</strong></span> <span class='ocrx_word' id='word_1_762' title='bbox 1607 819 1763 851; x_wconf 90' lang='lat' dir='ltr'><strong>Attamen</strong></span> <span class='ocrx_word' id='word_1_763' title='bbox 1788 818 1893 860; x_wconf 87' lang='lat' dir='ltr'><strong>pridie</strong></span> <span class='ocrx_word' id='word_1_764' title='bbox 1917 818 1994 852; x_wconf 90' lang='lat' dir='ltr'><strong>Idus</strong></span> <span class='ocrx_word' id='word_1_765' title='bbox 2027 819 2189 855; x_wconf 83' lang='lat' dir='ltr'><strong>Februarii</strong></span> <span class='ocrx_word' id='word_1_766' title='bbox 2223 821 2292 852; x_wconf 84' lang='lat' dir='ltr'><strong>vita</strong></span> <span class='ocrx_word' id='word_1_767' title='bbox 2324 828 2402 851; x_wconf 90' lang='lat' dir='ltr'><strong>cum</strong></span> 
     </span>
     <span class='ocr_line' id='line_1_96' title="bbox 1393 864 2404 902; baseline -0.004 -5"><span class='ocrx_word' id='word_1_768' title='bbox 1393 873 1498 898; x_wconf 88' lang='lat' dir='ltr'><strong>morte</strong></span> <span class='ocrx_word' id='word_1_769' title='bbox 1529 869 1748 896; x_wconf 78' lang='lat' dir='ltr'><strong>commutatur</strong></span> <span class='ocrx_word' id='word_1_770' title='bbox 1771 886 1779 893; x_wconf 94' lang='lat'>.</span> <span class='ocrx_word' id='word_1_771' title='bbox 1914 864 1948 896; x_wconf 90' lang='lat' dir='ltr'>T</span> <span class='ocrx_word' id='word_1_772' title='bbox 1971 865 2006 897; x_wconf 89' lang='lat' dir='ltr'>H</span> <span class='ocrx_word' id='word_1_773' title='bbox 2029 864 2064 896; x_wconf 94' lang='lat' dir='ltr'>O</span> <span class='ocrx_word' id='word_1_774' title='bbox 2087 864 2118 897; x_wconf 89' lang='lat' dir='ltr'>R</span> <span class='ocrx_word' id='word_1_775' title='bbox 2141 864 2171 897; x_wconf 91' lang='lat' dir='ltr'>A</span> <span class='ocrx_word' id='word_1_776' title='bbox 2195 865 2227 896; x_wconf 84' lang='lat' dir='ltr'>C</span> <span class='ocrx_word' id='word_1_777' title='bbox 2250 865 2278 896; x_wconf 86' lang='lat' dir='ltr'>E</span> <span class='ocrx_word' id='word_1_778' title='bbox 2311 872 2404 902; x_wconf 79' lang='lat' dir='ltr'><strong>aper-</strong></span> 
     </span>
     <span class='ocr_line' id='line_1_97' title="bbox 1393 904 2403 948; baseline -0.001 -9"><span class='ocrx_word' id='word_1_779' title='bbox 1393 917 1432 940; x_wconf 89' lang='lat' dir='ltr'><strong>to</strong></span> <span class='ocrx_word' id='word_1_780' title='bbox 1454 931 1466 948; x_wconf 87' lang='lat'><strong>,</strong></span> <span class='ocrx_word' id='word_1_781' title='bbox 1498 906 1609 941; x_wconf 83' lang='lat' dir='ltr'><strong>dexter</strong></span> <span class='ocrx_word' id='word_1_782' title='bbox 1641 905 1753 947; x_wconf 85' lang='lat' dir='ltr'><strong>pulmo</strong></span> <span class='ocrx_word' id='word_1_783' title='bbox 1785 904 1825 937; x_wconf 86' lang='lat' dir='ltr'><strong>ab</strong></span> <span class='ocrx_word' id='word_1_784' title='bbox 1855 907 1994 939; x_wconf 89' lang='lat' dir='ltr'><strong>naturali</strong></span> <span class='ocrx_word' id='word_1_785' title='bbox 2026 906 2256 941; x_wconf 87' lang='lat' dir='ltr'><strong>constitutione</strong></span> <span class='ocrx_word' id='word_1_786' title='bbox 2290 916 2403 948; x_wconf 88' lang='lat' dir='ltr'><strong>parum</strong></span> 
     </span>
     <span class='ocr_line' id='line_1_98' title="bbox 1395 949 2402 991; baseline -0.004 -8"><span class='ocrx_word' id='word_1_787' title='bbox 1395 951 1516 984; x_wconf 87' lang='lat' dir='ltr'><strong>alienus</strong></span> <span class='ocrx_word' id='word_1_788' title='bbox 1551 951 1744 983; x_wconf 90' lang='lat' dir='ltr'><strong>invenitur.</strong></span> <span class='ocrx_word' id='word_1_789' title='bbox 1782 949 1829 982; x_wconf 90' lang='lat' dir='ltr'><strong>At</strong></span> <span class='ocrx_word' id='word_1_790' title='bbox 1862 949 1981 983; x_wconf 85' lang='lat' dir='ltr'><strong>sinister</strong></span> <span class='ocrx_word' id='word_1_791' title='bbox 2003 950 2121 991; x_wconf 85' lang='lat' dir='ltr'><strong>pleurae</strong></span> <span class='ocrx_word' id='word_1_792' title='bbox 2148 975 2156 987; x_wconf 85' lang='lat'>‚</span> <span class='ocrx_word' id='word_1_793' title='bbox 2190 951 2280 985; x_wconf 87' lang='lat' dir='ltr'><strong>nullo</strong></span> <span class='ocrx_word' id='word_1_794' title='bbox 2303 950 2402 982; x_wconf 87' lang='lat' dir='ltr'><strong>inter-</strong></span> 
     </span>
     <span class='ocr_line' id='line_1_99' title="bbox 1394 990 2402 1037; baseline -0.002 -11"><span class='ocrx_word' id='word_1_795' title='bbox 1394 993 1481 1037; x_wconf 63' lang='lat' dir='ltr'><strong>jecto</strong></span> <span class='ocrx_word' id='word_1_796' title='bbox 1506 994 1612 1036; x_wconf 88' lang='lat' dir='ltr'><strong>spatio</strong></span> <span class='ocrx_word' id='word_1_797' title='bbox 1635 992 1813 1026; x_wconf 73' lang='lat' dir='ltr'><strong>cohaerebat</strong></span> <span class='ocrx_word' id='word_1_798' title='bbox 1837 1001 1929 1026; x_wconf 86' lang='lat' dir='ltr'><strong>totus</strong></span> <span class='ocrx_word' id='word_1_799' title='bbox 1949 1018 1959 1033; x_wconf 92' lang='lat'><strong>,</strong></span> <span class='ocrx_word' id='word_1_800' title='bbox 1983 992 2216 1035; x_wconf 84' lang='lat' dir='ltr'><strong>substantiaque</strong></span> <span class='ocrx_word' id='word_1_801' title='bbox 2241 1001 2307 1026; x_wconf 88' lang='lat' dir='ltr'><strong>erat</strong></span> <span class='ocrx_word' id='word_1_802' title='bbox 2341 990 2402 1024; x_wconf 89' lang='lat' dir='ltr'><strong>du-</strong></span> 
     </span>
     <span class='ocr_line' id='line_1_100' title="bbox 1395 1035 2402 1078; baseline -0.002 -9"><span class='ocrx_word' id='word_1_803' title='bbox 1395 1039 1480 1069; x_wconf 89' lang='lat' dir='ltr'><strong>riore</strong></span> <span class='ocrx_word' id='word_1_804' title='bbox 1505 1060 1514 1076; x_wconf 90' lang='lat'><strong>,</strong></span> <span class='ocrx_word' id='word_1_805' title='bbox 1550 1040 1582 1070; x_wconf 86' lang='lat'>&amp;</span> <span class='ocrx_word' id='word_1_806' title='bbox 1614 1036 1842 1070; x_wconf 77' lang='lat' dir='ltr'><strong>inflammata.</strong></span> <span class='ocrx_word' id='word_1_807' title='bbox 1877 1039 1916 1071; x_wconf 91' lang='lat' dir='ltr'><strong>In</strong></span> <span class='ocrx_word' id='word_1_808' title='bbox 1961 1035 2091 1078; x_wconf 78' lang='lat' dir='ltr'><strong>singulis</strong></span> <span class='ocrx_word' id='word_1_809' title='bbox 2126 1036 2234 1071; x_wconf 86' lang='lat' dir='ltr'><strong>cordis</strong></span> <span class='ocrx_word' id='word_1_810' title='bbox 2277 1036 2402 1069; x_wconf 90' lang='lat' dir='ltr'><strong>ventri—</strong></span> 
     </span>
     <span class='ocr_line' id='line_1_101' title="bbox 1394 1077 2402 1123; baseline -0.002 -9"><span class='ocrx_word' id='word_1_811' title='bbox 1394 1080 1477 1114; x_wconf 90' lang='lat' dir='ltr'><strong>culis</strong></span> <span class='ocrx_word' id='word_1_812' title='bbox 1521 1079 1652 1116; x_wconf 60' lang='lat' dir='ltr'><strong>fingulae</strong></span> <span class='ocrx_word' id='word_1_813' title='bbox 1696 1079 1861 1122; x_wconf 84' lang='lat' dir='ltr'><strong>polyposae</strong></span> <span class='ocrx_word' id='word_1_814' title='bbox 1906 1082 2131 1113; x_wconf 85' lang='lat' dir='ltr'><strong>concretiones</strong></span> <span class='ocrx_word' id='word_1_815' title='bbox 2154 1103 2166 1120; x_wconf 84' lang='lat'><strong>,</strong></span> <span class='ocrx_word' id='word_1_816' title='bbox 2207 1084 2240 1114; x_wconf 87' lang='lat'>&amp;</span> <span class='ocrx_word' id='word_1_817' title='bbox 2263 1104 2276 1121; x_wconf 91' lang='lat'><strong>,</strong></span> <span class='ocrx_word' id='word_1_818' title='bbox 2310 1077 2402 1123; x_wconf 87' lang='lat' dir='ltr'><strong>quod</strong></span> 
     </span>
     <span class='ocr_line' id='line_1_102' title="bbox 1392 1122 2269 1168; baseline 0.001 -12"><span class='ocrx_word' id='word_1_819' title='bbox 1392 1123 1528 1159; x_wconf 87' lang='lat' dir='ltr'><strong>necdum</strong></span> <span class='ocrx_word' id='word_1_820' title='bbox 1560 1122 1707 1158; x_wconf 86' lang='lat' dir='ltr'><strong>Valsalva</strong></span> <span class='ocrx_word' id='word_1_821' title='bbox 1736 1123 1858 1156; x_wconf 87' lang='lat' dir='ltr'><strong>viderat</strong></span> <span class='ocrx_word' id='word_1_822' title='bbox 1881 1148 1892 1163; x_wconf 90' lang='lat'><strong>,</strong></span> <span class='ocrx_word' id='word_1_823' title='bbox 1927 1125 1959 1156; x_wconf 91' lang='lat' dir='ltr'><strong>in</strong></span> <span class='ocrx_word' id='word_1_824' title='bbox 1992 1123 2114 1157; x_wconf 75' lang='lat' dir='ltr'><strong>finisti-0</strong></span> <span class='ocrx_word' id='word_1_825' title='bbox 2148 1124 2269 1168; x_wconf 81' lang='lat' dir='ltr'><strong>major.</strong></span> 
     </span>
     <span class='ocr_line' id='line_1_103' title="bbox 1394 1165 2403 1209; baseline -0.004 -7"><span class='ocrx_word' id='word_1_826' title='bbox 1394 1169 1512 1202; x_wconf 80' lang='lat' dir='ltr'><strong>Fauces</strong></span> <span class='ocrx_word' id='word_1_827' title='bbox 1535 1191 1549 1208; x_wconf 83' lang='grc'>,</span> <span class='ocrx_word' id='word_1_828' title='bbox 1583 1167 1639 1200; x_wconf 90' lang='lat' dir='ltr'><strong>ubi</strong></span> <span class='ocrx_word' id='word_1_829' title='bbox 1675 1166 1777 1209; x_wconf 80' lang='lat' dir='ltr'><strong>majus</strong></span> <span class='ocrx_word' id='word_1_830' title='bbox 1811 1165 1941 1201; x_wconf 80' lang='lat' dir='ltr'><strong>fortasse</strong></span> <span class='ocrx_word' id='word_1_831' title='bbox 1973 1169 2091 1200; x_wconf 89' lang='lat' dir='ltr'><strong>vitium</strong></span> <span class='ocrx_word' id='word_1_832' title='bbox 2133 1177 2201 1201; x_wconf 89' lang='lat' dir='ltr'><strong>erat</strong></span> <span class='ocrx_word' id='word_1_833' title='bbox 2226 1192 2237 1207; x_wconf 83' lang='lat'><strong>,</strong></span> <span class='ocrx_word' id='word_1_834' title='bbox 2280 1167 2403 1201; x_wconf 82' lang='lat' dir='ltr'><strong>exami-</strong></span> 
     </span>
     <span class='ocr_line' id='line_1_104' title="bbox 1394 1209 2403 1248; baseline -0.002 -4"><span class='ocrx_word' id='word_1_835' title='bbox 1394 1222 1467 1246; x_wconf 84' lang='lat' dir='ltr'><strong>nare</strong></span> <span class='ocrx_word' id='word_1_836' title='bbox 1500 1222 1564 1244; x_wconf 89' lang='lat' dir='ltr'><strong>non</strong></span> <span class='ocrx_word' id='word_1_837' title='bbox 1596 1210 1693 1244; x_wconf 88' lang='lat' dir='ltr'><strong>licuit</strong></span> <span class='ocrx_word' id='word_1_838' title='bbox 1718 1235 1725 1243; x_wconf 82' lang='lat'><strong>.</strong></span> <span class='ocrx_word' id='word_1_839' title='bbox 1858 1212 1982 1244; x_wconf 78' lang='lat' dir='ltr'><strong>Venti-e</strong></span> <span class='ocrx_word' id='word_1_840' title='bbox 2014 1211 2149 1247; x_wconf 60' lang='lat' dir='ltr'><strong>dissedto</strong></span> <span class='ocrx_word' id='word_1_841' title='bbox 2171 1234 2179 1248; x_wconf 93' lang='lat'>‚</span> <span class='ocrx_word' id='word_1_842' title='bbox 2217 1213 2281 1245; x_wconf 82' lang='lat' dir='ltr'><strong>lien</strong></span> <span class='ocrx_word' id='word_1_843' title='bbox 2307 1209 2403 1245; x_wconf 87' lang='lat' dir='ltr'><strong>undi-</strong></span> 
     </span>
     <span class='ocr_line' id='line_1_105' title="bbox 1395 1253 2401 1297; baseline -0.003 -9"><span class='ocrx_word' id='word_1_844' title='bbox 1395 1266 1456 1297; x_wconf 86' lang='lat' dir='ltr'><strong>que</strong></span> <span class='ocrx_word' id='word_1_845' title='bbox 1490 1266 1544 1297; x_wconf 89' lang='lat' dir='ltr'><strong>per</strong></span> <span class='ocrx_word' id='word_1_846' title='bbox 1575 1253 1757 1296; x_wconf 70' lang='lat' dir='ltr'><strong>interje&amp;as</strong></span> <span class='ocrx_word' id='word_1_847' title='bbox 1800 1255 2001 1288; x_wconf 84' lang='lat' dir='ltr'><strong>membranas</strong></span> <span class='ocrx_word' id='word_1_848' title='bbox 2044 1254 2083 1287; x_wconf 89' lang='lat' dir='ltr'><strong>ad</strong></span> <span class='ocrx_word' id='word_1_849' title='bbox 2125 1256 2247 1288; x_wconf 78' lang='lat' dir='ltr'><strong>vicinas</strong></span> <span class='ocrx_word' id='word_1_850' title='bbox 2293 1262 2401 1297; x_wconf 88' lang='lat' dir='ltr'><strong>partes</strong></span> 
     </span>
     <span class='ocr_line' id='line_1_106' title="bbox 1395 1297 2403 1341; baseline -0.003 -9"><span class='ocrx_word' id='word_1_851' title='bbox 1395 1298 1549 1340; x_wconf 82' lang='lat' dir='ltr'><strong>alligatus</strong></span> <span class='ocrx_word' id='word_1_852' title='bbox 1584 1299 1743 1341; x_wconf 87' lang='lat' dir='ltr'><strong>reperitur</strong></span> <span class='ocrx_word' id='word_1_853' title='bbox 1771 1319 1780 1334; x_wconf 87' lang='lat'><em>‚</em></span> <span class='ocrx_word' id='word_1_854' title='bbox 1813 1299 1847 1330; x_wconf 92' lang='lat' dir='ltr'><strong>in</strong></span> <span class='ocrx_word' id='word_1_855' title='bbox 1882 1310 1981 1341; x_wconf 84' lang='lat' dir='ltr'><strong>eoque</strong></span> <span class='ocrx_word' id='word_1_856' title='bbox 2014 1297 2162 1331; x_wconf 82' lang='lat' dir='ltr'><strong>arteriosa</strong></span> <span class='ocrx_word' id='word_1_857' title='bbox 2195 1298 2266 1331; x_wconf 85' lang='lat' dir='ltr'><strong>vasa</strong></span> <span class='ocrx_word' id='word_1_858' title='bbox 2303 1298 2403 1330; x_wconf 89' lang='lat' dir='ltr'><strong>carti-</strong></span> 
     </span>
     <span class='ocr_line' id='line_1_107' title="bbox 1394 1341 2405 1385; baseline -0.002 -10"><span class='ocrx_word' id='word_1_859' title='bbox 1394 1342 1517 1385; x_wconf 77' lang='lat' dir='ltr'><strong>laginea</strong></span> <span class='ocrx_word' id='word_1_860' title='bbox 1541 1368 1547 1375; x_wconf 92' lang='lat'><em>.</em></span> <span class='ocrx_word' id='word_1_861' title='bbox 1583 1344 1621 1375; x_wconf 88' lang='lat' dir='ltr'><strong>In</strong></span> <span class='ocrx_word' id='word_1_862' title='bbox 1657 1341 1786 1374; x_wconf 84' lang='lat' dir='ltr'><strong>dextera</strong></span> <span class='ocrx_word' id='word_1_863' title='bbox 1810 1341 1907 1375; x_wconf 90' lang='lat' dir='ltr'><strong>scroti</strong></span> <span class='ocrx_word' id='word_1_864' title='bbox 1935 1352 2021 1383; x_wconf 88' lang='lat' dir='ltr'><strong>parte</strong></span> <span class='ocrx_word' id='word_1_865' title='bbox 2044 1354 2117 1376; x_wconf 83' lang='lat' dir='ltr'><strong>cum</strong></span> <span class='ocrx_word' id='word_1_866' title='bbox 2140 1341 2312 1384; x_wconf 88' lang='lat' dir='ltr'><strong>hydrocele</strong></span> <span class='ocrx_word' id='word_1_867' title='bbox 2336 1342 2405 1374; x_wconf 88' lang='lat' dir='ltr'><strong>ani-</strong></span> 
     </span>
     <span class='ocr_line' id='line_1_108' title="bbox 1394 1384 2404 1428; baseline 0 -9"><span class='ocrx_word' id='word_1_868' title='bbox 1394 1386 1680 1426; x_wconf 83' lang='lat' dir='ltr'><strong>madverteretur‚·</strong></span> <span class='ocrx_word' id='word_1_869' title='bbox 1712 1384 1850 1419; x_wconf 79' lang='lat' dir='ltr'><strong>secundo</strong></span> <span class='ocrx_word' id='word_1_870' title='bbox 1881 1396 2000 1428; x_wconf 82' lang='lat' dir='ltr'><strong>aqueus</strong></span> <span class='ocrx_word' id='word_1_871' title='bbox 2033 1384 2152 1419; x_wconf 88' lang='lat' dir='ltr'><strong>humor</strong></span> <span class='ocrx_word' id='word_1_872' title='bbox 2176 1386 2262 1420; x_wconf 88' lang='lat' dir='ltr'><strong>inter</strong></span> <span class='ocrx_word' id='word_1_873' title='bbox 2295 1384 2404 1419; x_wconf 91' lang='lat' dir='ltr'><strong>Albu-</strong></span> 
     </span>
     <span class='ocr_line' id='line_1_109' title="bbox 1393 1429 2403 1472; baseline 0.001 -10"><span class='ocrx_word' id='word_1_874' title='bbox 1393 1430 1518 1472; x_wconf 81' lang='lat' dir='ltr'><strong>gineam</strong></span> <span class='ocrx_word' id='word_1_875' title='bbox 1554 1431 1700 1462; x_wconf 86' lang='lat' dir='ltr'><strong>tunicam</strong></span> <span class='ocrx_word' id='word_1_876' title='bbox 1724 1453 1736 1468; x_wconf 90' lang='lat'><strong>,</strong></span> <span class='ocrx_word' id='word_1_877' title='bbox 1770 1432 1803 1462; x_wconf 69' lang='grc' dir='ltr'><strong>ὃ(</strong></span> <span class='ocrx_word' id='word_1_878' title='bbox 1847 1429 1956 1462; x_wconf 82' lang='lat' dir='ltr'><strong>testem</strong></span> <span class='ocrx_word' id='word_1_879' title='bbox 1997 1429 2168 1463; x_wconf 85' lang='lat' dir='ltr'><strong>convulsus</strong></span> <span class='ocrx_word' id='word_1_880' title='bbox 2198 1452 2211 1469; x_wconf 89' lang='lat'><strong>,</strong></span> <span class='ocrx_word' id='word_1_881' title='bbox 2253 1431 2403 1463; x_wconf 87' lang='lat' dir='ltr'><strong>inventus</strong></span> 
     </span>
     <span class='ocr_line' id='line_1_110' title="bbox 1393 1471 2403 1516; baseline 0 -10"><span class='ocrx_word' id='word_1_882' title='bbox 1393 1473 1468 1506; x_wconf 79' lang='lat' dir='ltr'><strong>est:</strong></span> <span class='ocrx_word' id='word_1_883' title='bbox 1508 1471 1598 1516; x_wconf 79' lang='lat' dir='ltr'><strong>cujus</strong></span> <span class='ocrx_word' id='word_1_884' title='bbox 1630 1471 1777 1506; x_wconf 88' lang='lat' dir='ltr'><strong>humoris</strong></span> <span class='ocrx_word' id='word_1_885' title='bbox 1810 1472 1955 1515; x_wconf 72' lang='lat' dir='ltr'><strong>limpidae</strong></span> <span class='ocrx_word' id='word_1_886' title='bbox 1988 1482 2090 1514; x_wconf 74' lang='lat' dir='ltr'><strong>guttae</strong></span> <span class='ocrx_word' id='word_1_887' title='bbox 2125 1484 2163 1506; x_wconf 87' lang='lat' dir='ltr'><strong>ex</strong></span> <span class='ocrx_word' id='word_1_888' title='bbox 2187 1483 2222 1505; x_wconf 83' lang='lat' dir='ltr'><strong>ea</strong></span> <span class='ocrx_word' id='word_1_889' title='bbox 2245 1472 2403 1507; x_wconf 86' lang='lat' dir='ltr'><strong>membra-</strong></span> 
     </span>
     <span class='ocr_line' id='line_1_111' title="bbox 1393 1514 2405 1559; baseline 0.001 -10"><span class='ocrx_word' id='word_1_890' title='bbox 1393 1528 1432 1549; x_wconf 91' lang='lat' dir='ltr'><strong>na</strong></span> <span class='ocrx_word' id='word_1_891' title='bbox 1456 1539 1465 1553; x_wconf 90' lang='lat'><strong>,</strong></span> <span class='ocrx_word' id='word_1_892' title='bbox 1499 1516 1674 1559; x_wconf 82' lang='lat' dir='ltr'><strong>praesertim</strong></span> <span class='ocrx_word' id='word_1_893' title='bbox 1698 1514 1736 1548; x_wconf 90' lang='lat' dir='ltr'><strong>acl</strong></span> <span class='ocrx_word' id='word_1_894' title='bbox 1760 1516 1843 1550; x_wconf 83' lang='lat' dir='ltr'><strong>latus</strong></span> <span class='ocrx_word' id='word_1_895' title='bbox 1865 1514 2118 1558; x_wconf 82' lang='lat' dir='ltr'><strong>majusculorum</strong></span> <span class='ocrx_word' id='word_1_896' title='bbox 2142 1515 2289 1550; x_wconf 85' lang='lat' dir='ltr'><strong>vasorum</strong></span> <span class='ocrx_word' id='word_1_897' title='bbox 2312 1528 2405 1550; x_wconf 88' lang='lat' dir='ltr'><strong>com-</strong></span> 
     </span>
     <span class='ocr_line' id='line_1_112' title="bbox 1395 1558 2404 1602; baseline 0.001 -10"><span class='ocrx_word' id='word_1_898' title='bbox 1395 1558 1493 1601; x_wconf 82' lang='lat' dir='ltr'><strong>pressa</strong></span> <span class='ocrx_word' id='word_1_899' title='bbox 1517 1584 1529 1599; x_wconf 85' lang='lat'>‚</span> <span class='ocrx_word' id='word_1_900' title='bbox 1564 1559 1764 1593; x_wconf 88' lang='lat' dir='ltr'><strong>distillabant</strong></span> <span class='ocrx_word' id='word_1_901' title='bbox 1790 1585 1797 1591; x_wconf 91' lang='lat'><em>.</em></span> <span class='ocrx_word' id='word_1_902' title='bbox 1832 1561 1863 1591; x_wconf 89' lang='lat' dir='ltr'><strong>Is</strong></span> <span class='ocrx_word' id='word_1_903' title='bbox 1895 1559 2015 1592; x_wconf 90' lang='lat' dir='ltr'><strong>humor</strong></span> <span class='ocrx_word' id='word_1_904' title='bbox 2057 1560 2214 1593; x_wconf 86' lang='lat' dir='ltr'><strong>validiore</strong></span> <span class='ocrx_word' id='word_1_905' title='bbox 2250 1561 2336 1602; x_wconf 83' lang='lat' dir='ltr'><strong>ignis</strong></span> <span class='ocrx_word' id='word_1_906' title='bbox 2370 1560 2404 1593; x_wconf 89' lang='lat' dir='ltr'><strong>vi</strong></span> 
     </span>
     <span class='ocr_line' id='line_1_113' title="bbox 1394 1601 2404 1643; baseline -0.001 -5"><span class='ocrx_word' id='word_1_907' title='bbox 1394 1605 1427 1638; x_wconf 82' lang='lat' dir='ltr'><strong>in</strong></span> <span class='ocrx_word' id='word_1_908' title='bbox 1452 1603 1636 1638; x_wconf 82' lang='lat' dir='ltr'><strong>albiffimarn</strong></span> <span class='ocrx_word' id='word_1_909' title='bbox 1660 1601 1881 1635; x_wconf 80' lang='lat' dir='ltr'><strong>concrescebat</strong></span> <span class='ocrx_word' id='word_1_910' title='bbox 1905 1602 2134 1643; x_wconf 58' lang='lat' dir='ltr'><strong>substantiam</strong></span> <span class='ocrx_word' id='word_1_911' title='bbox 2156 1603 2316 1636; x_wconf 86' lang='lat' dir='ltr'><strong>debiliore</strong></span> <span class='ocrx_word' id='word_1_912' title='bbox 2349 1616 2404 1637; x_wconf 89' lang='lat' dir='ltr'><strong>au-</strong></span> 
     </span>
     <span class='ocr_line' id='line_1_114' title="bbox 1393 1645 2405 1692; baseline 0.002 -13"><span class='ocrx_word' id='word_1_913' title='bbox 1393 1656 1459 1679; x_wconf 84' lang='lat' dir='ltr'><strong>tem</strong></span> <span class='ocrx_word' id='word_1_914' title='bbox 1483 1647 1638 1689; x_wconf 82' lang='lat' dir='ltr'><strong>paulatim</strong></span> <span class='ocrx_word' id='word_1_915' title='bbox 1661 1649 1695 1681; x_wconf 86' lang='lat' dir='ltr'><strong>in</strong></span> <span class='ocrx_word' id='word_1_916' title='bbox 1720 1657 1807 1682; x_wconf 88' lang='lat' dir='ltr'><strong>auras</strong></span> <span class='ocrx_word' id='word_1_917' title='bbox 1830 1645 2058 1691; x_wconf 72' lang='lat' dir='ltr'><strong>dissipabatur,</strong></span> <span class='ocrx_word' id='word_1_918' title='bbox 2085 1645 2290 1692; x_wconf 80' lang='lat' dir='ltr'><strong>lymphaeque</strong></span> <span class='ocrx_word' id='word_1_919' title='bbox 2313 1656 2405 1681; x_wconf 83' lang='lat' dir='ltr'><strong>notas</strong></span> 
     </span>
     <span class='ocr_line' id='line_1_115' title="bbox 1393 1691 1614 1734; baseline 0 -12"><span class='ocrx_word' id='word_1_920' title='bbox 1393 1691 1614 1734; x_wconf 78' lang='lat' dir='ltr'><strong>relinquebat.</strong></span> 
     </span>
    </p>

    <p class='ocr_par' dir='ltr' id='par_1_7' title="bbox 1385 1732 2411 2302">
     <span class='ocr_line' id='line_1_116' title="bbox 1436 1732 2405 1777; baseline 0 -9"><span class='ocrx_word' id='word_1_921' title='bbox 1436 1745 1487 1777; x_wconf 82' lang='lat'><strong>27.</strong></span> <span class='ocrx_word' id='word_1_922' title='bbox 1514 1732 1616 1777; x_wconf 82' lang='lat' dir='ltr'><strong>Qod</strong></span> <span class='ocrx_word' id='word_1_923' title='bbox 1641 1733 1681 1767; x_wconf 89' lang='lat' dir='ltr'><strong>ad</strong></span> <span class='ocrx_word' id='word_1_924' title='bbox 1704 1732 1847 1769; x_wconf 85' lang='lat' dir='ltr'><strong>herniam</strong></span> <span class='ocrx_word' id='word_1_925' title='bbox 1872 1733 2012 1771; x_wconf 77' lang='lat' dir='ltr'><strong>attinet3</strong></span> <span class='ocrx_word' id='word_1_926' title='bbox 2036 1734 2184 1775; x_wconf 87' lang='lat' dir='ltr'><strong>quamvis</strong></span> <span class='ocrx_word' id='word_1_927' title='bbox 2210 1733 2266 1768; x_wconf 90' lang='lat' dir='ltr'><strong>sub</strong></span> <span class='ocrx_word' id='word_1_928' title='bbox 2297 1734 2405 1768; x_wconf 91' lang='lat' dir='ltr'><strong>Albu-</strong></span> 
     </span>
     <span class='ocr_line' id='line_1_117' title="bbox 1388 1776 2407 1824; baseline 0 -14"><span class='ocrx_word' id='word_1_929' title='bbox 1388 1777 1482 1824; x_wconf 80' lang='lat' dir='ltr'><strong>ginea</strong></span> <span class='ocrx_word' id='word_1_930' title='bbox 1505 1780 1615 1812; x_wconf 84' lang='lat' dir='ltr'><strong>tunica</strong></span> <span class='ocrx_word' id='word_1_931' title='bbox 1640 1776 1893 1810; x_wconf 86' lang='lat' dir='ltr'><strong>membranulam</strong></span> <span class='ocrx_word' id='word_1_932' title='bbox 1917 1776 2048 1810; x_wconf 83' lang='lat' dir='ltr'><strong>alteram</strong></span> <span class='ocrx_word' id='word_1_933' title='bbox 2072 1777 2283 1810; x_wconf 69' lang='lat' dir='ltr'><strong>tenuissimam</strong></span> <span class='ocrx_word' id='word_1_934' title='bbox 2315 1778 2407 1810; x_wconf 85' lang='lat' dir='ltr'><strong>vide-</strong></span> 
     </span>
     <span class='ocr_line' id='line_1_118' title="bbox 1390 1820 2402 1865; baseline -0.002 -10"><span class='ocrx_word' id='word_1_935' title='bbox 1390 1823 1476 1861; x_wconf 83' lang='lat' dir='ltr'><strong>rim,</strong></span> <span class='ocrx_word' id='word_1_936' title='bbox 1499 1833 1570 1865; x_wconf 64' lang='lat' dir='ltr'><strong>quse</strong></span> <span class='ocrx_word' id='word_1_937' title='bbox 1594 1820 1731 1855; x_wconf 85' lang='lat' dir='ltr'><strong>testiculi</strong></span> <span class='ocrx_word' id='word_1_938' title='bbox 1758 1820 1963 1854; x_wconf 86' lang='lat' dir='ltr'><strong>substantiam</strong></span> <span class='ocrx_word' id='word_1_939' title='bbox 1988 1822 2136 1862; x_wconf 79' lang='lat' dir='ltr'><strong>proxime</strong></span> <span class='ocrx_word' id='word_1_940' title='bbox 2148 1821 2402 1863; x_wconf 73' lang='lat' dir='ltr'><strong>compleffitur‚</strong></span> 
     </span>
     <span class='ocr_line' id='line_1_119' title="bbox 1386 1864 2407 1908; baseline -0.001 -10"><span class='ocrx_word' id='word_1_941' title='bbox 1386 1868 1418 1898; x_wconf 87' lang='lat'>&amp;</span> <span class='ocrx_word' id='word_1_942' title='bbox 1443 1864 1485 1897; x_wconf 85' lang='lat' dir='ltr'><strong>sic</strong></span> <span class='ocrx_word' id='word_1_943' title='bbox 1509 1877 1590 1908; x_wconf 87' lang='lat' dir='ltr'><strong>aqua</strong></span> <span class='ocrx_word' id='word_1_944' title='bbox 1617 1866 1701 1899; x_wconf 87' lang='lat' dir='ltr'><strong>inter</strong></span> <span class='ocrx_word' id='word_1_945' title='bbox 1724 1873 1894 1906; x_wconf 85' lang='lat' dir='ltr'><strong>utramque</strong></span> <span class='ocrx_word' id='word_1_946' title='bbox 1918 1865 2135 1897; x_wconf 82' lang='lat' dir='ltr'><strong>membranam</strong></span> <span class='ocrx_word' id='word_1_947' title='bbox 2160 1865 2313 1899; x_wconf 90' lang='lat' dir='ltr'><strong>concludi</strong></span> <span class='ocrx_word' id='word_1_948' title='bbox 2345 1876 2407 1907; x_wconf 92' lang='lat' dir='ltr'><strong>po-</strong></span> 
     </span>
     <span class='ocr_line' id='line_1_120' title="bbox 1385 1906 2406 1951; baseline 0 -9"><span class='ocrx_word' id='word_1_949' title='bbox 1385 1910 1510 1947; x_wconf 82' lang='lat' dir='ltr'><strong>tuerit3</strong></span> <span class='ocrx_word' id='word_1_950' title='bbox 1536 1918 1642 1941; x_wconf 89' lang='lat' dir='ltr'><strong>tamen</strong></span> <span class='ocrx_word' id='word_1_951' title='bbox 1665 1910 1705 1942; x_wconf 87' lang='lat' dir='ltr'><strong>iis</strong></span> <span class='ocrx_word' id='word_1_952' title='bbox 1728 1919 1798 1951; x_wconf 83' lang='lat' dir='ltr'><strong>quae</strong></span> <span class='ocrx_word' id='word_1_953' title='bbox 1822 1908 1980 1942; x_wconf 89' lang='lat' dir='ltr'><strong>continuo</strong></span> <span class='ocrx_word' id='word_1_954' title='bbox 2004 1906 2406 1949; x_wconf 65' lang='lat' dir='ltr'><strong>subjiciunturspec‘tatis,</strong></span> 
     </span>
     <span class='ocr_line' id='line_1_121' title="bbox 1389 1949 2407 1994; baseline 0.001 -10"><span class='ocrx_word' id='word_1_955' title='bbox 1389 1952 1503 1984; x_wconf 90' lang='lat' dir='ltr'><strong>malim</strong></span> <span class='ocrx_word' id='word_1_956' title='bbox 1525 1951 1649 1984; x_wconf 86' lang='lat' dir='ltr'><strong>credere</strong></span> <span class='ocrx_word' id='word_1_957' title='bbox 1678 1975 1690 1992; x_wconf 79' lang='grc'>,</span> <span class='ocrx_word' id='word_1_958' title='bbox 1727 1962 1791 1983; x_wconf 91' lang='lat' dir='ltr'><strong>non</strong></span> <span class='ocrx_word' id='word_1_959' title='bbox 1817 1952 1863 1983; x_wconf 90' lang='lat' dir='ltr'><strong>ita</strong></span> <span class='ocrx_word' id='word_1_960' title='bbox 1887 1960 1923 1984; x_wconf 88' lang='lat' dir='ltr'><strong>ut</strong></span> <span class='ocrx_word' id='word_1_961' title='bbox 1946 1949 2084 1984; x_wconf 88' lang='lat' dir='ltr'><strong>fideliter</strong></span> <span class='ocrx_word' id='word_1_962' title='bbox 2105 1951 2254 1994; x_wconf 81' lang='lat' dir='ltr'><strong>descripsi</strong></span> <span class='ocrx_word' id='word_1_963' title='bbox 2282 1978 2290 1992; x_wconf 90' lang='lat'>‚</span> <span class='ocrx_word' id='word_1_964' title='bbox 2323 1952 2407 1985; x_wconf 88' lang='lat' dir='ltr'><strong>Val-</strong></span> 
     </span>
     <span class='ocr_line' id='line_1_122' title="bbox 1390 1992 2406 2037; baseline -0.003 -7"><span class='ocrx_word' id='word_1_965' title='bbox 1390 1995 1506 2030; x_wconf 72' lang='lat' dir='ltr'><strong>salvam</strong></span> <span class='ocrx_word' id='word_1_966' title='bbox 1528 1994 1665 2028; x_wconf 90' lang='lat' dir='ltr'><strong>scribere</strong></span> <span class='ocrx_word' id='word_1_967' title='bbox 1687 1992 1850 2033; x_wconf 80' lang='lat' dir='ltr'><strong>voluisse3</strong></span> <span class='ocrx_word' id='word_1_968' title='bbox 1887 1993 1940 2028; x_wconf 87' lang='lat' dir='ltr'><strong>sed</strong></span> <span class='ocrx_word' id='word_1_969' title='bbox 1970 1996 2055 2028; x_wconf 90' lang='lat' dir='ltr'><strong>inter</strong></span> <span class='ocrx_word' id='word_1_970' title='bbox 2088 1995 2283 2037; x_wconf 72' lang='lat' dir='ltr'><strong>Vaginalem</strong></span> <span class='ocrx_word' id='word_1_971' title='bbox 2318 1997 2406 2029; x_wconf 88' lang='lat' dir='ltr'><strong>tuni-</strong></span> 
     </span>
     <span class='ocr_line' id='line_1_123' title="bbox 1389 2038 2408 2080; baseline 0.002 -9"><span class='ocrx_word' id='word_1_972' title='bbox 1389 2050 1482 2075; x_wconf 82' lang='lat' dir='ltr'><strong>cam,</strong></span> <span class='ocrx_word' id='word_1_973' title='bbox 1508 2041 1540 2071; x_wconf 83' lang='lat'>&amp;</span> <span class='ocrx_word' id='word_1_974' title='bbox 1564 2038 1805 2080; x_wconf 78' lang='lat' dir='ltr'><strong>Albugiuearn.</strong></span> <span class='ocrx_word' id='word_1_975' title='bbox 1942 2039 2105 2072; x_wconf 76' lang='lat' dir='ltr'><strong>Caeterum</strong></span> <span class='ocrx_word' id='word_1_976' title='bbox 2131 2050 2194 2072; x_wconf 83' lang='lat' dir='ltr'><strong>non</strong></span> <span class='ocrx_word' id='word_1_977' title='bbox 2229 2050 2329 2072; x_wconf 90' lang='lat' dir='ltr'><strong>unum</strong></span> <span class='ocrx_word' id='word_1_978' title='bbox 2364 2039 2408 2073; x_wconf 86' lang='lat' dir='ltr'><strong>est</strong></span> 
     </span>
     <span class='ocr_line' id='line_1_124' title="bbox 1391 2080 2408 2124; baseline 0.001 -10"><span class='ocrx_word' id='word_1_979' title='bbox 1391 2083 1425 2114; x_wconf 87' lang='lat' dir='ltr'><strong>in</strong></span> <span class='ocrx_word' id='word_1_980' title='bbox 1448 2080 1580 2115; x_wconf 87' lang='lat' dir='ltr'><strong>historia</strong></span> <span class='ocrx_word' id='word_1_981' title='bbox 1605 2081 1664 2117; x_wconf 87' lang='lat' dir='ltr'><strong>hac</strong></span> <span class='ocrx_word' id='word_1_982' title='bbox 1686 2080 1772 2124; x_wconf 88' lang='lat' dir='ltr'><strong>quod</strong></span> <span class='ocrx_word' id='word_1_983' title='bbox 1799 2083 1940 2114; x_wconf 88' lang='lat' dir='ltr'><strong>animum</strong></span> <span class='ocrx_word' id='word_1_984' title='bbox 1966 2081 2149 2123; x_wconf 86' lang='lat' dir='ltr'><strong>suspensum</strong></span> <span class='ocrx_word' id='word_1_985' title='bbox 2174 2091 2279 2115; x_wconf 86' lang='lat' dir='ltr'><strong>teneat</strong></span> <span class='ocrx_word' id='word_1_986' title='bbox 2296 2107 2304 2115; x_wconf 87' lang='lat'><em>.</em></span> <span class='ocrx_word' id='word_1_987' title='bbox 2332 2084 2408 2115; x_wconf 91' lang='lat' dir='ltr'><strong>Un-</strong></span> 
     </span>
     <span class='ocr_line' id='line_1_125' title="bbox 1389 2123 2407 2169; baseline 0.001 -11"><span class='ocrx_word' id='word_1_988' title='bbox 1389 2126 1428 2158; x_wconf 88' lang='lat' dir='ltr'><strong>de</strong></span> <span class='ocrx_word' id='word_1_989' title='bbox 1453 2123 1555 2158; x_wconf 88' lang='lat' dir='ltr'><strong>sensus</strong></span> <span class='ocrx_word' id='word_1_990' title='bbox 1579 2125 1635 2159; x_wconf 89' lang='lat' dir='ltr'><strong>ille</strong></span> <span class='ocrx_word' id='word_1_991' title='bbox 1658 2124 1747 2168; x_wconf 84' lang='lat' dir='ltr'><strong>quasi</strong></span> <span class='ocrx_word' id='word_1_992' title='bbox 1769 2123 2052 2166; x_wconf 79' lang='lat' dir='ltr'><strong>strangulationis?</strong></span> <span class='ocrx_word' id='word_1_993' title='bbox 2076 2136 2176 2169; x_wconf 85' lang='lat' dir='ltr'><strong>neque</strong></span> <span class='ocrx_word' id='word_1_994' title='bbox 2198 2127 2284 2159; x_wconf 90' lang='lat' dir='ltr'><strong>enim</strong></span> <span class='ocrx_word' id='word_1_995' title='bbox 2319 2125 2373 2160; x_wconf 90' lang='lat' dir='ltr'><strong>hic</strong></span> <span class='ocrx_word' id='word_1_996' title='bbox 2396 2151 2407 2165; x_wconf 91' lang='lat'>‚</span> 
     </span>
     <span class='ocr_line' id='line_1_126' title="bbox 1391 2167 2406 2212; baseline 0.003 -10"><span class='ocrx_word' id='word_1_997' title='bbox 1391 2179 1429 2202; x_wconf 89' lang='lat' dir='ltr'><strong>ut</strong></span> <span class='ocrx_word' id='word_1_998' title='bbox 1453 2170 1486 2201; x_wconf 92' lang='lat' dir='ltr'><strong>in</strong></span> <span class='ocrx_word' id='word_1_999' title='bbox 1511 2167 1703 2211; x_wconf 84' lang='lat' dir='ltr'><strong>quibusdam</strong></span> <span class='ocrx_word' id='word_1_1000' title='bbox 1725 2168 2025 2211; x_wconf 86' lang='lat' dir='ltr'><strong>peripneumonicis</strong></span> <span class='ocrx_word' id='word_1_1001' title='bbox 2048 2192 2060 2208; x_wconf 86' lang='lat'><em>‚</em></span> <span class='ocrx_word' id='word_1_1002' title='bbox 2094 2180 2174 2211; x_wconf 85' lang='lat' dir='ltr'><strong>quos</strong></span> <span class='ocrx_word' id='word_1_1003' title='bbox 2207 2168 2406 2212; x_wconf 78' lang='lat' dir='ltr'><strong>Gagliardus</strong></span> 
     </span>
     <span class='ocr_line' id='line_1_127' title="bbox 1392 2211 2407 2254; baseline 0 -8"><span class='ocrx_word' id='word_1_1004' title='bbox 1392 2216 1405 2252; x_wconf 91' lang='lat'>(</span> <span class='ocrx_word' id='word_1_1005' title='bbox 1428 2224 1446 2254; x_wconf 83' lang='lat' dir='ltr'><em>q</em></span> <span class='ocrx_word' id='word_1_1006' title='bbox 1470 2215 1481 2249; x_wconf 94' lang='lat'><em>)</em></span> <span class='ocrx_word' id='word_1_1007' title='bbox 1504 2221 1686 2252; x_wconf 83' lang='lat' dir='ltr'><strong>memorat,</strong></span> <span class='ocrx_word' id='word_1_1008' title='bbox 1720 2223 1781 2254; x_wconf 89' lang='lat' dir='ltr'><strong>pro</strong></span> <span class='ocrx_word' id='word_1_1009' title='bbox 1811 2211 1967 2254; x_wconf 77' lang='lat' dir='ltr'><strong>anginofis</strong></span> <span class='ocrx_word' id='word_1_1010' title='bbox 1997 2223 2161 2254; x_wconf 86' lang='lat' dir='ltr'><strong>perperam</strong></span> <span class='ocrx_word' id='word_1_1011' title='bbox 2193 2212 2323 2248; x_wconf 86' lang='lat' dir='ltr'><strong>habitos</strong></span> <span class='ocrx_word' id='word_1_1012' title='bbox 2344 2236 2353 2250; x_wconf 82' lang='lat'>‚</span> <span class='ocrx_word' id='word_1_1013' title='bbox 2388 2226 2407 2248; x_wconf 88' lang='lat' dir='ltr'><strong>a.</strong></span> 
     </span>
     <span class='ocr_line' id='line_1_128' title="bbox 1393 2254 2411 2302; baseline 0.002 -12"><span class='ocrx_word' id='word_1_1014' title='bbox 1393 2256 1484 2302; x_wconf 87' lang='lat' dir='ltr'><strong>puris</strong></span> <span class='ocrx_word' id='word_1_1015' title='bbox 1507 2257 1602 2296; x_wconf 87' lang='lat' dir='ltr'><strong>copia</strong></span> <span class='ocrx_word' id='word_1_1016' title='bbox 1625 2257 1726 2296; x_wconf 86' lang='lat' dir='ltr'><strong>repeti</strong></span> <span class='ocrx_word' id='word_1_1017' title='bbox 1751 2264 1877 2297; x_wconf 85' lang='lat' dir='ltr'><strong>poterat</strong></span> <span class='ocrx_word' id='word_1_1018' title='bbox 1902 2267 1972 2298; x_wconf 81' lang='lat' dir='ltr'><strong>quae</strong></span> <span class='ocrx_word' id='word_1_1019' title='bbox 1996 2254 2067 2289; x_wconf 82' lang='lat' dir='ltr'><strong>esset</strong></span> <span class='ocrx_word' id='word_1_1020' title='bbox 2092 2257 2126 2288; x_wconf 90' lang='lat' dir='ltr'><strong>in</strong></span> <span class='ocrx_word' id='word_1_1021' title='bbox 2160 2257 2369 2299; x_wconf 85' lang='lat' dir='ltr'><strong>pulmonibus</strong></span> <span class='ocrx_word' id='word_1_1022' title='bbox 2398 2281 2411 2293; x_wconf 80' lang='lat'><em>.</em></span> 
     </span>
    </p>

    <p class='ocr_par' dir='ltr' id='par_1_8' title="bbox 1387 2298 2412 2951">
     <span class='ocr_line' id='line_1_129' title="bbox 1526 2298 2409 2343; baseline 0.006 -13"><span class='ocrx_word' id='word_1_1023' title='bbox 1526 2299 1597 2333; x_wconf 87' lang='lat' dir='ltr'><strong>Cur</strong></span> <span class='ocrx_word' id='word_1_1024' title='bbox 1621 2300 1729 2331; x_wconf 91' lang='lat' dir='ltr'><strong>minor</strong></span> <span class='ocrx_word' id='word_1_1025' title='bbox 1750 2298 1969 2343; x_wconf 82' lang='lat' dir='ltr'><strong>respirationis</strong></span> <span class='ocrx_word' id='word_1_1026' title='bbox 1993 2298 2168 2334; x_wconf 85' lang='lat' dir='ltr'><strong>difficultas</strong></span> <span class='ocrx_word' id='word_1_1027' title='bbox 2193 2312 2230 2333; x_wconf 84' lang='lat' dir='ltr'><strong>ex</strong></span> <span class='ocrx_word' id='word_1_1028' title='bbox 2252 2312 2317 2343; x_wconf 87' lang='lat' dir='ltr'><strong>quo</strong></span> <span class='ocrx_word' id='word_1_1029' title='bbox 2337 2300 2409 2343; x_wconf 87' lang='lat' dir='ltr'><strong>spu-</strong></span> 
     </span>
     <span class='ocr_line' id='line_1_130' title="bbox 1393 2341 2409 2386; baseline 0.001 -12"><span class='ocrx_word' id='word_1_1030' title='bbox 1393 2351 1426 2378; x_wconf 86' lang='lat' dir='ltr'><strong>ta</strong></span> <span class='ocrx_word' id='word_1_1031' title='bbox 1450 2353 1488 2375; x_wconf 87' lang='lat' dir='ltr'><strong>ex</strong></span> <span class='ocrx_word' id='word_1_1032' title='bbox 1512 2341 1684 2375; x_wconf 78' lang='lat' dir='ltr'><strong>uberrimis</strong></span> <span class='ocrx_word' id='word_1_1033' title='bbox 1707 2352 1803 2384; x_wconf 85' lang='lat' dir='ltr'><strong>pauca</strong></span> <span class='ocrx_word' id='word_1_1034' title='bbox 1827 2343 1899 2373; x_wconf 82' lang='lat' dir='ltr'><strong>lunt</strong></span> <span class='ocrx_word' id='word_1_1035' title='bbox 1924 2341 2037 2377; x_wconf 71' lang='lat' dir='ltr'><strong>faeta?</strong></span> <span class='ocrx_word' id='word_1_1036' title='bbox 2171 2344 2245 2386; x_wconf 84' lang='lat' dir='ltr'><strong>Qa</strong></span> <span class='ocrx_word' id='word_1_1037' title='bbox 2283 2345 2409 2378; x_wconf 83' lang='lat' dir='ltr'><strong>ratione</strong></span> 
     </span>
     <span class='ocr_line' id='line_1_131' title="bbox 1392 2383 2409 2427; baseline 0.004 -10"><span class='ocrx_word' id='word_1_1038' title='bbox 1392 2386 1471 2421; x_wconf 83' lang='lat' dir='ltr'><strong>levis</strong></span> <span class='ocrx_word' id='word_1_1039' title='bbox 1491 2383 1590 2419; x_wconf 83' lang='lat' dir='ltr'><strong>febris</strong></span> <span class='ocrx_word' id='word_1_1040' title='bbox 1613 2383 1785 2427; x_wconf 73' lang='lat' dir='ltr'><strong>conjunc‘ta</strong></span> <span class='ocrx_word' id='word_1_1041' title='bbox 1809 2383 1906 2419; x_wconf 84' lang='lat' dir='ltr'><strong>fuerit</strong></span> <span class='ocrx_word' id='word_1_1042' title='bbox 1929 2396 2003 2418; x_wconf 88' lang='lat' dir='ltr'><strong>cum</strong></span> <span class='ocrx_word' id='word_1_1043' title='bbox 2026 2385 2409 2426; x_wconf 56' lang='lat' dir='ltr'><strong>peripneumonfflffiunc</strong></span> 
     </span>
     <span class='ocr_line' id='line_1_132' title="bbox 1390 2427 2409 2472; baseline 0.003 -11"><span class='ocrx_word' id='word_1_1044' title='bbox 1390 2430 1477 2465; x_wconf 86' lang='lat' dir='ltr'><strong>enirn</strong></span> <span class='ocrx_word' id='word_1_1045' title='bbox 1502 2427 1652 2464; x_wconf 87' lang='lat' dir='ltr'><strong>morbum</strong></span> <span class='ocrx_word' id='word_1_1046' title='bbox 1676 2428 1769 2463; x_wconf 74' lang='lat' dir='ltr'><strong>fuisse</strong></span> <span class='ocrx_word' id='word_1_1047' title='bbox 1792 2428 1826 2461; x_wconf 87' lang='lat' dir='ltr'><strong>in</strong></span> <span class='ocrx_word' id='word_1_1048' title='bbox 1851 2440 1888 2460; x_wconf 91' lang='lat' dir='ltr'><strong>eo</strong></span> <span class='ocrx_word' id='word_1_1049' title='bbox 1911 2429 2001 2465; x_wconf 86' lang='lat' dir='ltr'><strong>viro,</strong></span> <span class='ocrx_word' id='word_1_1050' title='bbox 2027 2428 2176 2463; x_wconf 83' lang='lat' dir='ltr'><strong>Valsalva</strong></span> <span class='ocrx_word' id='word_1_1051' title='bbox 2201 2432 2257 2472; x_wconf 81' lang='lat' dir='ltr'><strong>qui</strong></span> <span class='ocrx_word' id='word_1_1052' title='bbox 2290 2433 2322 2465; x_wconf 73' lang='grc' dir='ltr'><strong>δε</strong></span> <span class='ocrx_word' id='word_1_1053' title='bbox 2357 2433 2409 2464; x_wconf 94' lang='lat' dir='ltr'><strong>vi-</strong></span> 
     </span>
     <span class='ocr_line' id='line_1_133' title="bbox 1387 2471 2407 2514; baseline 0.001 -8"><span class='ocrx_word' id='word_1_1054' title='bbox 1387 2482 1513 2506; x_wconf 89' lang='lat' dir='ltr'><strong>ventem</strong></span> <span class='ocrx_word' id='word_1_1055' title='bbox 1537 2472 1647 2513; x_wconf 83' lang='lat' dir='ltr'><strong>vidit,</strong></span> <span class='ocrx_word' id='word_1_1056' title='bbox 1671 2475 1703 2505; x_wconf 88' lang='lat'>&amp;</span> <span class='ocrx_word' id='word_1_1057' title='bbox 1735 2481 1901 2506; x_wconf 89' lang='lat' dir='ltr'><strong>mortuum</strong></span> <span class='ocrx_word' id='word_1_1058' title='bbox 1938 2471 2036 2506; x_wconf 88' lang='lat' dir='ltr'><strong>secuit</strong></span> <span class='ocrx_word' id='word_1_1059' title='bbox 2055 2495 2068 2512; x_wconf 90' lang='lat'><strong>,</strong></span> <span class='ocrx_word' id='word_1_1060' title='bbox 2103 2483 2167 2505; x_wconf 87' lang='lat' dir='ltr'><strong>non</strong></span> <span class='ocrx_word' id='word_1_1061' title='bbox 2199 2472 2370 2507; x_wconf 84' lang='lat' dir='ltr'><strong>dubitabat</strong></span> <span class='ocrx_word' id='word_1_1062' title='bbox 2395 2487 2407 2514; x_wconf 78' lang='lat'>5</span> 
     </span>
     <span class='ocr_line' id='line_1_134' title="bbox 1389 2514 2410 2559; baseline -0.004 -10"><span class='ocrx_word' id='word_1_1063' title='bbox 1389 2516 1527 2551; x_wconf 85' lang='lat' dir='ltr'><strong>titulum</strong></span> <span class='ocrx_word' id='word_1_1064' title='bbox 1549 2517 1636 2550; x_wconf 86' lang='lat' dir='ltr'><strong>enim</strong></span> <span class='ocrx_word' id='word_1_1065' title='bbox 1659 2514 1734 2550; x_wconf 86' lang='lat' dir='ltr'><strong>huic</strong></span> <span class='ocrx_word' id='word_1_1066' title='bbox 1760 2514 1990 2548; x_wconf 81' lang='lat' dir='ltr'><strong>Observationi</strong></span> <span class='ocrx_word' id='word_1_1067' title='bbox 2017 2515 2183 2559; x_wconf 80' lang='lat' dir='ltr'><strong>adscripfit</strong></span> <span class='ocrx_word' id='word_1_1068' title='bbox 2206 2521 2253 2552; x_wconf 87' lang='lat' dir='ltr'><strong>De</strong></span> <span class='ocrx_word' id='word_1_1069' title='bbox 2276 2517 2410 2552; x_wconf 70' lang='lat' dir='ltr'><strong>Pulmo-</strong></span> 
     </span>
     <span class='ocr_line' id='line_1_135' title="bbox 1388 2558 2408 2598; baseline -0.001 -5"><span class='ocrx_word' id='word_1_1070' title='bbox 1388 2561 1462 2595; x_wconf 78' lang='lat' dir='ltr'><strong>m&#39;a.</strong></span> <span class='ocrx_word' id='word_1_1071' title='bbox 1597 2559 1774 2596; x_wconf 78' lang='lat' dir='ltr'><strong>Tandem3</strong></span> <span class='ocrx_word' id='word_1_1072' title='bbox 1798 2567 1834 2592; x_wconf 91' lang='lat' dir='ltr'><strong>ut</strong></span> <span class='ocrx_word' id='word_1_1073' title='bbox 1858 2558 1918 2591; x_wconf 88' lang='lat' dir='ltr'><strong>alia</strong></span> <span class='ocrx_word' id='word_1_1074' title='bbox 1943 2560 2138 2598; x_wconf 76' lang='lat' dir='ltr'><strong>mittamus3</strong></span> <span class='ocrx_word' id='word_1_1075' title='bbox 2174 2571 2231 2594; x_wconf 88' lang='lat' dir='ltr'><strong>cur</strong></span> <span class='ocrx_word' id='word_1_1076' title='bbox 2260 2558 2408 2594; x_wconf 84' lang='lat' dir='ltr'><strong>difficilis</strong></span> 
     </span>
     <span class='ocr_line' id='line_1_136' title="bbox 1389 2600 2410 2642; baseline 0 -5"><span class='ocrx_word' id='word_1_1077' title='bbox 1389 2601 1557 2638; x_wconf 77' lang='lat' dir='ltr'><strong>decubitus</strong></span> <span class='ocrx_word' id='word_1_1078' title='bbox 1581 2600 1680 2637; x_wconf 84' lang='lat' dir='ltr'><strong>fuerit</strong></span> <span class='ocrx_word' id='word_1_1079' title='bbox 1703 2603 1738 2635; x_wconf 87' lang='lat' dir='ltr'><strong>in</strong></span> <span class='ocrx_word' id='word_1_1080' title='bbox 1762 2602 1954 2636; x_wconf 89' lang='lat' dir='ltr'><strong>utrumlibet</strong></span> <span class='ocrx_word' id='word_1_1081' title='bbox 1979 2602 2083 2642; x_wconf 84' lang='lat' dir='ltr'><strong>latus,</strong></span> <span class='ocrx_word' id='word_1_1082' title='bbox 2107 2615 2178 2636; x_wconf 89' lang='lat' dir='ltr'><strong>cum</strong></span> <span class='ocrx_word' id='word_1_1083' title='bbox 2202 2604 2281 2636; x_wconf 85' lang='lat' dir='ltr'><strong>alter</strong></span> <span class='ocrx_word' id='word_1_1084' title='bbox 2312 2602 2410 2639; x_wconf 88' lang='lat' dir='ltr'><strong>dum-</strong></span> 
     </span>
     <span class='ocr_line' id='line_1_137' title="bbox 1390 2643 2411 2688; baseline 0.001 -8"><span class='ocrx_word' id='word_1_1085' title='bbox 1390 2655 1480 2681; x_wconf 85' lang='lat' dir='ltr'><strong>taxat</strong></span> <span class='ocrx_word' id='word_1_1086' title='bbox 1504 2647 1616 2688; x_wconf 84' lang='lat' dir='ltr'><strong>pulmo</strong></span> <span class='ocrx_word' id='word_1_1087' title='bbox 1640 2645 1769 2681; x_wconf 64' lang='lat' dir='ltr'><strong>affectus</strong></span> <span class='ocrx_word' id='word_1_1088' title='bbox 1794 2643 1904 2679; x_wconf 69' lang='lat' dir='ltr'><strong>esset?</strong></span> <span class='ocrx_word' id='word_1_1089' title='bbox 1936 2647 2004 2678; x_wconf 88' lang='lat' dir='ltr'><strong>imo</strong></span> <span class='ocrx_word' id='word_1_1090' title='bbox 2037 2658 2109 2681; x_wconf 87' lang='lat' dir='ltr'><strong>cum</strong></span> <span class='ocrx_word' id='word_1_1091' title='bbox 2143 2647 2196 2681; x_wconf 88' lang='lat' dir='ltr'><strong>hic</strong></span> <span class='ocrx_word' id='word_1_1092' title='bbox 2229 2645 2303 2681; x_wconf 79' lang='lat' dir='ltr'><strong>esset</strong></span> <span class='ocrx_word' id='word_1_1093' title='bbox 2335 2646 2411 2681; x_wconf 82' lang='lat' dir='ltr'><strong>sini-</strong></span> 
     </span>
     <span class='ocr_line' id='line_1_138' title="bbox 1392 2687 2407 2730; baseline 0.002 -7"><span class='ocrx_word' id='word_1_1094' title='bbox 1392 2691 1474 2730; x_wconf 86' lang='lat' dir='ltr'><strong>ster,</strong></span> <span class='ocrx_word' id='word_1_1095' title='bbox 1499 2689 1670 2723; x_wconf 83' lang='lat' dir='ltr'><strong>difficilior</strong></span> <span class='ocrx_word' id='word_1_1096' title='bbox 1692 2689 1860 2722; x_wconf 84' lang='lat' dir='ltr'><strong>decubitus</strong></span> <span class='ocrx_word' id='word_1_1097' title='bbox 1884 2687 1984 2724; x_wconf 89' lang='lat' dir='ltr'><strong>fuerit</strong></span> <span class='ocrx_word' id='word_1_1098' title='bbox 2019 2691 2052 2723; x_wconf 91' lang='lat' dir='ltr'><strong>in</strong></span> <span class='ocrx_word' id='word_1_1099' title='bbox 2087 2690 2249 2725; x_wconf 85' lang='lat' dir='ltr'><strong>sinistrum</strong></span> <span class='ocrx_word' id='word_1_1100' title='bbox 2284 2691 2367 2725; x_wconf 84' lang='lat' dir='ltr'><strong>latus</strong></span> <span class='ocrx_word' id='word_1_1101' title='bbox 2392 2690 2407 2725; x_wconf 90' lang='lat'>?</span> 
     </span>
     <span class='ocr_line' id='line_1_139' title="bbox 1394 2731 2411 2776; baseline 0.001 -9"><span class='ocrx_word' id='word_1_1102' title='bbox 1394 2732 1496 2776; x_wconf 85' lang='lat' dir='ltr'><strong>Qod</strong></span> <span class='ocrx_word' id='word_1_1103' title='bbox 1518 2731 1621 2776; x_wconf 81' lang='lat' dir='ltr'><strong>siquid</strong></span> <span class='ocrx_word' id='word_1_1104' title='bbox 1645 2732 1837 2776; x_wconf 60' lang='lat' dir='ltr'><strong>praecessisset</strong></span> <span class='ocrx_word' id='word_1_1105' title='bbox 1860 2732 2043 2774; x_wconf 82' lang='lat' dir='ltr'><strong>ejusmodi,</strong></span> <span class='ocrx_word' id='word_1_1106' title='bbox 2070 2744 2106 2767; x_wconf 93' lang='lat' dir='ltr'><strong>ut</strong></span> <span class='ocrx_word' id='word_1_1107' title='bbox 2130 2736 2162 2767; x_wconf 91' lang='lat' dir='ltr'><strong>in</strong></span> <span class='ocrx_word' id='word_1_1108' title='bbox 2188 2735 2316 2768; x_wconf 83' lang='lat' dir='ltr'><strong>latentis</strong></span> <span class='ocrx_word' id='word_1_1109' title='bbox 2350 2735 2411 2768; x_wconf 86' lang='lat' dir='ltr'><strong>ali-</strong></span> 
     </span>
     <span class='ocr_line' id='line_1_140' title="bbox 1391 2774 2412 2821; baseline 0 -10"><span class='ocrx_word' id='word_1_1110' title='bbox 1391 2778 1482 2819; x_wconf 79' lang='lat' dir='ltr'><strong>cujus</strong></span> <span class='ocrx_word' id='word_1_1111' title='bbox 1506 2778 1604 2818; x_wconf 85' lang='lat' dir='ltr'><strong>partis</strong></span> <span class='ocrx_word' id='word_1_1112' title='bbox 1630 2777 1789 2811; x_wconf 77' lang='lat' dir='ltr'><strong>laesionem</strong></span> <span class='ocrx_word' id='word_1_1113' title='bbox 1812 2774 1897 2810; x_wconf 74' lang='lat' dir='ltr'><strong>haud</strong></span> <span class='ocrx_word' id='word_1_1114' title='bbox 1922 2777 1995 2811; x_wconf 87' lang='lat' dir='ltr'><strong>satis</strong></span> <span class='ocrx_word' id='word_1_1115' title='bbox 2019 2778 2181 2812; x_wconf 62' lang='lat' dir='ltr'><strong>intellecti</strong></span> <span class='ocrx_word' id='word_1_1116' title='bbox 2200 2777 2412 2821; x_wconf 89' lang='lat' dir='ltr'><strong>impedimen-</strong></span> 
     </span>
     <span class='ocr_line' id='line_1_141' title="bbox 1392 2818 2410 2865; baseline 0.002 -12"><span class='ocrx_word' id='word_1_1117' title='bbox 1392 2823 1417 2854; x_wconf 90' lang='lat' dir='ltr'><strong>ti</strong></span> <span class='ocrx_word' id='word_1_1118' title='bbox 1442 2820 1566 2855; x_wconf 86' lang='lat' dir='ltr'><strong>causam</strong></span> <span class='ocrx_word' id='word_1_1119' title='bbox 1590 2819 1735 2855; x_wconf 87' lang='lat' dir='ltr'><strong>conferre</strong></span> <span class='ocrx_word' id='word_1_1120' title='bbox 1759 2818 1912 2862; x_wconf 78' lang='lat' dir='ltr'><strong>possemus</strong></span> <span class='ocrx_word' id='word_1_1121' title='bbox 1931 2845 1939 2857; x_wconf 88' lang='lat'><strong>,</strong></span> <span class='ocrx_word' id='word_1_1122' title='bbox 1963 2821 2050 2853; x_wconf 86' lang='lat' dir='ltr'><strong>velut</strong></span> <span class='ocrx_word' id='word_1_1123' title='bbox 2072 2823 2106 2854; x_wconf 90' lang='lat' dir='ltr'><strong>in</strong></span> <span class='ocrx_word' id='word_1_1124' title='bbox 2130 2834 2170 2854; x_wconf 89' lang='lat' dir='ltr'><strong>eo</strong></span> <span class='ocrx_word' id='word_1_1125' title='bbox 2192 2833 2288 2865; x_wconf 85' lang='lat' dir='ltr'><strong>quem</strong></span> <span class='ocrx_word' id='word_1_1126' title='bbox 2304 2823 2410 2865; x_wconf 87' lang='lat' dir='ltr'><strong>proti-</strong></span> 
     </span>
     <span class='ocr_line' id='line_1_142' title="bbox 1391 2863 2411 2911; baseline 0.004 -15"><span class='ocrx_word' id='word_1_1127' title='bbox 1391 2876 1448 2911; x_wconf 78' lang='lat' dir='ltr'><strong>nus</strong></span> <span class='ocrx_word' id='word_1_1128' title='bbox 1473 2863 1662 2907; x_wconf 76' lang='lat' dir='ltr'><strong>subjungam</strong></span> <span class='ocrx_word' id='word_1_1129' title='bbox 1686 2864 1779 2901; x_wconf 69' lang='lat' dir='ltr'><strong>casus</strong></span> <span class='ocrx_word' id='word_1_1130' title='bbox 1804 2865 1908 2907; x_wconf 78' lang='lat' dir='ltr'><strong>magis</strong></span> <span class='ocrx_word' id='word_1_1131' title='bbox 1932 2863 2042 2899; x_wconf 85' lang='lat' dir='ltr'><strong>audere</strong></span> <span class='ocrx_word' id='word_1_1132' title='bbox 2067 2867 2101 2899; x_wconf 91' lang='lat' dir='ltr'><strong>in</strong></span> <span class='ocrx_word' id='word_1_1133' title='bbox 2124 2864 2322 2910; x_wconf 87' lang='lat' dir='ltr'><strong>proferendis</strong></span> <span class='ocrx_word' id='word_1_1134' title='bbox 2333 2876 2411 2900; x_wconf 89' lang='lat' dir='ltr'><strong>con-</strong></span> 
     </span>
     <span class='ocr_line' id='line_1_143' title="bbox 1390 2908 1680 2951; baseline 0 -11"><span class='ocrx_word' id='word_1_1135' title='bbox 1390 2908 1523 2951; x_wconf 58' lang='lat' dir='ltr'><strong>Jefturis</strong></span> <span class='ocrx_word' id='word_1_1136' title='bbox 1548 2908 1658 2941; x_wconf 88' lang='lat' dir='ltr'><strong>liceret</strong></span> <span class='ocrx_word' id='word_1_1137' title='bbox 1672 2932 1680 2941; x_wconf 83' lang='grc'>,</span> 
     </span>
    </p>

    <p class='ocr_par' dir='ltr' id='par_1_9' title="bbox 1392 2950 2441 3518">
     <span class='ocr_line' id='line_1_144' title="bbox 1436 2950 2410 2994; baseline 0.002 -11"><span class='ocrx_word' id='word_1_1138' title='bbox 1436 2952 1487 2983; x_wconf 82' lang='lat'><strong>28.</strong></span> <span class='ocrx_word' id='word_1_1139' title='bbox 1512 2950 1972 2985; x_wconf 84' lang='lat' dir='ltr'>ADOLESCENTULUS</span> <span class='ocrx_word' id='word_1_1140' title='bbox 2007 2962 2106 2987; x_wconf 85' lang='lat' dir='ltr'><strong>annos</strong></span> <span class='ocrx_word' id='word_1_1141' title='bbox 2139 2962 2232 2987; x_wconf 87' lang='lat' dir='ltr'><strong>natus</strong></span> <span class='ocrx_word' id='word_1_1142' title='bbox 2273 2951 2410 2994; x_wconf 87' lang='lat' dir='ltr'><strong>quinde-</strong></span> 
     </span>
     <span class='ocr_line' id='line_1_145' title="bbox 1392 2992 2412 3038; baseline 0.001 -10"><span class='ocrx_word' id='word_1_1143' title='bbox 1392 2996 1481 3034; x_wconf 85' lang='lat' dir='ltr'><strong>cim,</strong></span> <span class='ocrx_word' id='word_1_1144' title='bbox 1504 2995 1588 3028; x_wconf 88' lang='lat' dir='ltr'><strong>inter</strong></span> <span class='ocrx_word' id='word_1_1145' title='bbox 1612 2996 1714 3028; x_wconf 86' lang='lat' dir='ltr'><strong>rixam</strong></span> <span class='ocrx_word' id='word_1_1146' title='bbox 1737 2993 1848 3033; x_wconf 86' lang='lat' dir='ltr'><strong>cadit,</strong></span> <span class='ocrx_word' id='word_1_1147' title='bbox 1872 2992 2064 3038; x_wconf 84' lang='lat' dir='ltr'><strong>dorsumque</strong></span> <span class='ocrx_word' id='word_1_1148' title='bbox 2090 2996 2199 3030; x_wconf 90' lang='lat' dir='ltr'><strong>allidit</strong></span> <span class='ocrx_word' id='word_1_1149' title='bbox 2223 2997 2306 3030; x_wconf 83' lang='lat' dir='ltr'><strong>circa</strong></span> <span class='ocrx_word' id='word_1_1150' title='bbox 2330 2996 2412 3029; x_wconf 90' lang='lat' dir='ltr'><strong>ulti-</strong></span> 
     </span>
     <span class='ocr_line' id='line_1_146' title="bbox 1395 3037 2411 3083; baseline 0.001 -11"><span class='ocrx_word' id='word_1_1151' title='bbox 1395 3051 1480 3072; x_wconf 84' lang='lat' dir='ltr'><strong>mam</strong></span> <span class='ocrx_word' id='word_1_1152' title='bbox 1504 3038 1669 3078; x_wconf 78' lang='lat' dir='ltr'><strong>thoracis,</strong></span> <span class='ocrx_word' id='word_1_1153' title='bbox 1692 3041 1725 3072; x_wconf 87' lang='lat'>&amp;</span> <span class='ocrx_word' id='word_1_1154' title='bbox 1750 3038 1889 3083; x_wconf 62' lang='lat' dir='ltr'><strong>primam</strong></span> <span class='ocrx_word' id='word_1_1155' title='bbox 1913 3037 2101 3073; x_wconf 85' lang='lat' dir='ltr'><strong>lumborum</strong></span> <span class='ocrx_word' id='word_1_1156' title='bbox 2125 3040 2303 3074; x_wconf 84' lang='lat' dir='ltr'><strong>vertebram</strong></span> <span class='ocrx_word' id='word_1_1157' title='bbox 2328 3064 2334 3070; x_wconf 93' lang='lat'>.</span> <span class='ocrx_word' id='word_1_1158' title='bbox 2371 3041 2411 3073; x_wconf 86' lang='lat' dir='ltr'><strong>In</strong></span> 
     </span>
     <span class='ocr_line' id='line_1_147' title="bbox 1394 3081 2412 3128; baseline 0.002 -14"><span class='ocrx_word' id='word_1_1159' title='bbox 1394 3082 1550 3128; x_wconf 85' lang='lat' dir='ltr'><strong>jacentem</strong></span> <span class='ocrx_word' id='word_1_1160' title='bbox 1573 3081 1765 3115; x_wconf 86' lang='lat' dir='ltr'><strong>adversarius</strong></span> <span class='ocrx_word' id='word_1_1161' title='bbox 1789 3081 1893 3113; x_wconf 82' lang='lat' dir='ltr'><strong>insilit</strong></span> <span class='ocrx_word' id='word_1_1162' title='bbox 1922 3081 2176 3119; x_wconf 83' lang='lat' dir='ltr'><strong>adolescentulus</strong></span> <span class='ocrx_word' id='word_1_1163' title='bbox 2197 3107 2210 3124; x_wconf 86' lang='lat'><strong>,</strong></span> <span class='ocrx_word' id='word_1_1164' title='bbox 2242 3082 2412 3125; x_wconf 64' lang='lat' dir='ltr'><strong>pectusque</strong></span> 
     </span>
     <span class='ocr_line' id='line_1_148' title="bbox 1395 3123 2413 3170; baseline 0.001 -12"><span class='ocrx_word' id='word_1_1165' title='bbox 1395 3128 1529 3168; x_wconf 74' lang='lat' dir='ltr'><strong>genibus</strong></span> <span class='ocrx_word' id='word_1_1166' title='bbox 1551 3126 1688 3168; x_wconf 88' lang='lat' dir='ltr'><strong>premit.</strong></span> <span class='ocrx_word' id='word_1_1167' title='bbox 1706 3125 1776 3163; x_wconf 84' lang='lat' dir='ltr'><strong>Qui</strong></span> <span class='ocrx_word' id='word_1_1168' title='bbox 1801 3123 1980 3166; x_wconf 85' lang='lat' dir='ltr'><strong>ceciderat,</strong></span> <span class='ocrx_word' id='word_1_1169' title='bbox 2002 3127 2093 3161; x_wconf 89' lang='lat' dir='ltr'><strong>valde</strong></span> <span class='ocrx_word' id='word_1_1170' title='bbox 2116 3130 2265 3170; x_wconf 88' lang='lat' dir='ltr'><strong>queritur</strong></span> <span class='ocrx_word' id='word_1_1171' title='bbox 2288 3125 2327 3159; x_wconf 88' lang='lat' dir='ltr'><strong>de</strong></span> <span class='ocrx_word' id='word_1_1172' title='bbox 2351 3126 2413 3160; x_wconf 93' lang='lat' dir='ltr'><strong>do-</strong></span> 
     </span>
     <span class='ocr_line' id='line_1_149' title="bbox 1393 3168 2411 3213; baseline 0 -11"><span class='ocrx_word' id='word_1_1173' title='bbox 1393 3171 1460 3203; x_wconf 89' lang='lat' dir='ltr'><strong>lore</strong></span> <span class='ocrx_word' id='word_1_1174' title='bbox 1482 3171 1566 3203; x_wconf 83' lang='lat' dir='ltr'><strong>circa</strong></span> <span class='ocrx_word' id='word_1_1175' title='bbox 1590 3168 1712 3203; x_wconf 85' lang='lat' dir='ltr'><strong>allisam</strong></span> <span class='ocrx_word' id='word_1_1176' title='bbox 1736 3176 1879 3211; x_wconf 85' lang='lat' dir='ltr'><strong>partem:</strong></span> <span class='ocrx_word' id='word_1_1177' title='bbox 1903 3169 1955 3202; x_wconf 88' lang='lat' dir='ltr'><strong>ubi</strong></span> <span class='ocrx_word' id='word_1_1178' title='bbox 1983 3179 2088 3207; x_wconf 85' lang='lat' dir='ltr'><strong>tamen</strong></span> <span class='ocrx_word' id='word_1_1179' title='bbox 2113 3171 2223 3209; x_wconf 84' lang='lat' dir='ltr'><strong>nulla,</strong></span> <span class='ocrx_word' id='word_1_1180' title='bbox 2245 3182 2317 3213; x_wconf 67' lang='lat' dir='ltr'><strong>quae</strong></span> <span class='ocrx_word' id='word_1_1181' title='bbox 2352 3181 2411 3203; x_wconf 92' lang='lat' dir='ltr'><strong>no-</strong></span> 
     </span>
     <span class='ocr_line' id='line_1_150' title="bbox 1393 3211 2412 3256; baseline -0.001 -10"><span class='ocrx_word' id='word_1_1182' title='bbox 1393 3223 1463 3247; x_wconf 87' lang='lat' dir='ltr'><strong>tatu</strong></span> <span class='ocrx_word' id='word_1_1183' title='bbox 1487 3213 1583 3255; x_wconf 76' lang='lat' dir='ltr'><strong>digna</strong></span> <span class='ocrx_word' id='word_1_1184' title='bbox 1608 3212 1666 3252; x_wconf 83' lang='lat' dir='ltr'><strong>fit,</strong></span> <span class='ocrx_word' id='word_1_1185' title='bbox 1690 3212 1890 3253; x_wconf 87' lang='lat' dir='ltr'><strong>conspicitur</strong></span> <span class='ocrx_word' id='word_1_1186' title='bbox 1913 3212 2020 3246; x_wconf 78' lang='lat' dir='ltr'><strong>laesio.</strong></span> <span class='ocrx_word' id='word_1_1187' title='bbox 2046 3217 2163 3256; x_wconf 85' lang='lat' dir='ltr'><strong>Capite</strong></span> <span class='ocrx_word' id='word_1_1188' title='bbox 2186 3214 2326 3247; x_wconf 87' lang='lat' dir='ltr'><strong>multum</strong></span> <span class='ocrx_word' id='word_1_1189' title='bbox 2352 3211 2412 3246; x_wconf 91' lang='lat' dir='ltr'><strong>do-</strong></span> 
     </span>
     <span class='ocr_line' id='line_1_151' title="bbox 1395 3255 2433 3298; baseline -0.002 -8"><span class='ocrx_word' id='word_1_1190' title='bbox 1395 3259 1462 3291; x_wconf 84' lang='lat' dir='ltr'><strong>let:</strong></span> <span class='ocrx_word' id='word_1_1191' title='bbox 1487 3260 1519 3290; x_wconf 85' lang='lat'>&amp;</span> <span class='ocrx_word' id='word_1_1192' title='bbox 1533 3258 1608 3290; x_wconf 87' lang='lat' dir='ltr'><strong>dum</strong></span> <span class='ocrx_word' id='word_1_1193' title='bbox 1632 3256 1781 3291; x_wconf 84' lang='lat' dir='ltr'><strong>consueta</strong></span> <span class='ocrx_word' id='word_1_1194' title='bbox 1806 3255 1894 3288; x_wconf 87' lang='lat' dir='ltr'><strong>domi</strong></span> <span class='ocrx_word' id='word_1_1195' title='bbox 1919 3267 2056 3291; x_wconf 86' lang='lat' dir='ltr'><strong>conatur</strong></span> <span class='ocrx_word' id='word_1_1196' title='bbox 2077 3259 2165 3292; x_wconf 86' lang='lat' dir='ltr'><strong>obire</strong></span> <span class='ocrx_word' id='word_1_1197' title='bbox 2179 3259 2288 3292; x_wconf 84' lang='lat' dir='ltr'><strong>munia</strong></span> <span class='ocrx_word' id='word_1_1198' title='bbox 2302 3281 2315 3297; x_wconf 89' lang='lat'><strong>,</strong></span> <span class='ocrx_word' id='word_1_1199' title='bbox 2338 3256 2433 3298; x_wconf 85' lang='lat' dir='ltr'><strong>syn--</strong></span> 
     </span>
     <span class='ocr_line' id='line_1_152' title="bbox 1395 3299 2414 3344; baseline 0.001 -10"><span class='ocrx_word' id='word_1_1200' title='bbox 1395 3312 1473 3343; x_wconf 91' lang='lat' dir='ltr'><strong>cope</strong></span> <span class='ocrx_word' id='word_1_1201' title='bbox 1497 3302 1693 3342; x_wconf 88' lang='lat' dir='ltr'><strong>corripitur.</strong></span> <span class='ocrx_word' id='word_1_1202' title='bbox 1721 3300 1803 3332; x_wconf 82' lang='lat' dir='ltr'><strong>Mox</strong></span> <span class='ocrx_word' id='word_1_1203' title='bbox 1828 3300 1934 3340; x_wconf 84' lang='lat' dir='ltr'><strong>primo</strong></span> <span class='ocrx_word' id='word_1_1204' title='bbox 1958 3301 2030 3344; x_wconf 87' lang='lat' dir='ltr'><strong>ipso</strong></span> <span class='ocrx_word' id='word_1_1205' title='bbox 2052 3301 2104 3334; x_wconf 89' lang='lat' dir='ltr'><strong>die</strong></span> <span class='ocrx_word' id='word_1_1206' title='bbox 2117 3301 2257 3344; x_wconf 63' lang='lat' dir='ltr'><strong>dejcetus</strong></span> <span class='ocrx_word' id='word_1_1207' title='bbox 2269 3299 2414 3333; x_wconf 72' lang='lat' dir='ltr'><strong>animad-</strong></span> 
     </span>
     <span class='ocr_line' id='line_1_153' title="bbox 1397 3343 2414 3388; baseline -0.003 -10"><span class='ocrx_word' id='word_1_1208' title='bbox 1397 3347 1535 3378; x_wconf 86' lang='lat' dir='ltr'><strong>vertitur</strong></span> <span class='ocrx_word' id='word_1_1209' title='bbox 1558 3345 1720 3386; x_wconf 84' lang='lat' dir='ltr'><strong>appetitus</strong></span> <span class='ocrx_word' id='word_1_1210' title='bbox 1743 3343 1917 3377; x_wconf 85' lang='lat' dir='ltr'><strong>ciborum.-</strong></span> <span class='ocrx_word' id='word_1_1211' title='bbox 1942 3348 1974 3378; x_wconf 88' lang='lat'>&amp;</span> <span class='ocrx_word' id='word_1_1212' title='bbox 2008 3345 2077 3388; x_wconf 85' lang='lat' dir='ltr'><strong>post</strong></span> <span class='ocrx_word' id='word_1_1213' title='bbox 2110 3357 2209 3380; x_wconf 90' lang='lat' dir='ltr'><strong>unum</strong></span> <span class='ocrx_word' id='word_1_1214' title='bbox 2243 3354 2297 3377; x_wconf 88' lang='lat' dir='ltr'><strong>aut</strong></span> <span class='ocrx_word' id='word_1_1215' title='bbox 2335 3344 2414 3375; x_wconf 89' lang='lat' dir='ltr'><strong>alte-</strong></span> 
     </span>
     <span class='ocr_line' id='line_1_154' title="bbox 1401 3385 2441 3431; baseline -0.005 -8"><span class='ocrx_word' id='word_1_1216' title='bbox 1401 3400 1473 3423; x_wconf 91' lang='lat' dir='ltr'><strong>rum</strong></span> <span class='ocrx_word' id='word_1_1217' title='bbox 1495 3387 1581 3421; x_wconf 87' lang='lat' dir='ltr'><strong>diem</strong></span> <span class='ocrx_word' id='word_1_1218' title='bbox 1615 3386 1713 3421; x_wconf 84' lang='lat' dir='ltr'><strong>febris</strong></span> <span class='ocrx_word' id='word_1_1219' title='bbox 1747 3385 1870 3419; x_wconf 86' lang='lat' dir='ltr'><strong>accedit</strong></span> <span class='ocrx_word' id='word_1_1220' title='bbox 1891 3411 1898 3418; x_wconf 96' lang='lat'>.</span> <span class='ocrx_word' id='word_1_1221' title='bbox 1933 3390 2014 3422; x_wconf 83' lang='lat' dir='ltr'><strong>Erat</strong></span> <span class='ocrx_word' id='word_1_1222' title='bbox 2047 3398 2138 3422; x_wconf 89' lang='lat' dir='ltr'><strong>antea</strong></span> <span class='ocrx_word' id='word_1_1223' title='bbox 2174 3398 2342 3431; x_wconf 80' lang='lat' dir='ltr'><strong>perpetuus</strong></span> <span class='ocrx_word' id='word_1_1224' title='bbox 2378 3387 2441 3419; x_wconf 72' lang='lat' dir='ltr'><strong>in‘</strong></span> 
     </span>
     <span class='ocr_line' id='line_1_155' title="bbox 1405 3429 2414 3477; baseline -0.001 -13"><span class='ocrx_word' id='word_1_1225' title='bbox 1405 3431 1536 3465; x_wconf 82' lang='lat' dir='ltr'><strong>thorace</strong></span> <span class='ocrx_word' id='word_1_1226' title='bbox 1558 3431 1670 3464; x_wconf 90' lang='lat' dir='ltr'><strong>dolor.</strong></span> <span class='ocrx_word' id='word_1_1227' title='bbox 1697 3432 1788 3464; x_wconf 87' lang='lat' dir='ltr'><strong>Huic</strong></span> <span class='ocrx_word' id='word_1_1228' title='bbox 1811 3429 1940 3466; x_wconf 84' lang='lat' dir='ltr'><strong>additur</strong></span> <span class='ocrx_word' id='word_1_1229' title='bbox 1962 3434 2183 3475; x_wconf 79' lang='lat' dir='ltr'><strong>respirationis</strong></span> <span class='ocrx_word' id='word_1_1230' title='bbox 2206 3431 2378 3477; x_wconf 77' lang='lat' dir='ltr'><strong>difficultas</strong></span> <span class='ocrx_word' id='word_1_1231' title='bbox 2400 3453 2414 3470; x_wconf 82' lang='lat'><strong>,</strong></span> 
     </span>
     <span class='ocr_line' id='line_1_156' title="bbox 1407 3472 2415 3518; baseline -0.002 -11"><span class='ocrx_word' id='word_1_1232' title='bbox 1407 3480 1439 3512; x_wconf 58' lang='grc' dir='ltr'>ἃ</span> <span class='ocrx_word' id='word_1_1233' title='bbox 1463 3474 1575 3515; x_wconf 75' lang='lat' dir='ltr'><strong>tuffis,</strong></span> <span class='ocrx_word' id='word_1_1234' title='bbox 1597 3485 1667 3517; x_wconf 75' lang='lat' dir='ltr'><strong>quae</strong></span> <span class='ocrx_word' id='word_1_1235' title='bbox 1692 3474 1757 3508; x_wconf 91' lang='lat' dir='ltr'><strong>duo</strong></span> <span class='ocrx_word' id='word_1_1236' title='bbox 1780 3472 1885 3517; x_wconf 85' lang='lat' dir='ltr'><strong>postea</strong></span> <span class='ocrx_word' id='word_1_1237' title='bbox 1907 3478 2054 3518; x_wconf 72' lang='lat' dir='ltr'><strong>graviora</strong></span> <span class='ocrx_word' id='word_1_1238' title='bbox 2077 3477 2148 3512; x_wconf 87' lang='lat' dir='ltr'><strong>sunt</strong></span> <span class='ocrx_word' id='word_1_1239' title='bbox 2174 3476 2280 3512; x_wconf 61' lang='lat' dir='ltr'><strong>facta:</strong></span> <span class='ocrx_word' id='word_1_1240' title='bbox 2305 3473 2415 3507; x_wconf 82' lang='lat' dir='ltr'><strong>simul-</strong></span> 
     </span>
    </p>

    <p class='ocr_par' dir='ltr' id='par_1_10' title="bbox 2313 3528 2374 3560">
     <span class='ocr_line' id='line_1_157' title="bbox 2313 3528 2374 3560; baseline -0.033 -9"><span class='ocrx_word' id='word_1_1241' title='bbox 2313 3528 2374 3560; x_wconf 85' lang='lat' dir='ltr'><strong>que</strong></span> 
     </span>
    </p>
   </div>
   <div class='ocr_carea' id='block_1_4' title="bbox 352 3634 2409 3656">
    <p class='ocr_par' dir='ltr' id='par_1_11' title="bbox 352 3634 2409 3656">
     <span class='ocr_line' id='line_1_158' title="bbox 352 3634 2409 3656; baseline -0.011 0"><span class='ocrx_word' id='word_1_1242' title='bbox 352 3634 2409 3656; x_wconf 39' lang='lat' dir='ltr'><strong>ffl—ffl—W—‘ss—m—</strong></span> 
     </span>
    </p>
   </div>
   <div class='ocr_carea' id='block_1_5' title="bbox 405 3717 1160 3756">
    <p class='ocr_par' dir='ltr' id='par_1_12' title="bbox 405 3717 1160 3756">
     <span class='ocr_line' id='line_1_159' title="bbox 405 3717 1160 3756; baseline -0.011 -6"><span class='ocrx_word' id='word_1_1243' title='bbox 405 3723 420 3756; x_wconf 86' lang='lat'><strong>(</strong></span> <span class='ocrx_word' id='word_1_1244' title='bbox 435 3730 451 3749; x_wconf 78' lang='lat' dir='ltr'><strong>n</strong></span> <span class='ocrx_word' id='word_1_1245' title='bbox 468 3722 478 3755; x_wconf 85' lang='lat'><em>)</em></span> <span class='ocrx_word' id='word_1_1246' title='bbox 493 3720 551 3748; x_wconf 79' lang='lat' dir='ltr'><strong>vid.</strong></span> <span class='ocrx_word' id='word_1_1247' title='bbox 568 3722 704 3746; x_wconf 74' lang='lat' dir='ltr'><strong>commerc-</strong></span> <span class='ocrx_word' id='word_1_1248' title='bbox 722 3720 807 3748; x_wconf 72' lang='lat' dir='ltr'><strong>Littcr.</strong></span> <span class='ocrx_word' id='word_1_1249' title='bbox 824 3721 853 3744; x_wconf 73' lang='lat' dir='ltr'><strong>A.</strong></span> <span class='ocrx_word' id='word_1_1250' title='bbox 871 3725 941 3748; x_wconf 75' lang='lat'>¹744·</span> <span class='ocrx_word' id='word_1_1251' title='bbox 959 3717 1038 3743; x_wconf 78' lang='lat' dir='ltr'><strong>Hebd.</strong></span> <span class='ocrx_word' id='word_1_1252' title='bbox 1056 3725 1076 3747; x_wconf 86' lang='lat'><strong>3-</strong></span> <span class='ocrx_word' id='word_1_1253' title='bbox 1092 3726 1117 3744; x_wconf 91' lang='lat' dir='ltr'><strong>n.</strong></span> <span class='ocrx_word' id='word_1_1254' title='bbox 1138 3726 1160 3745; x_wconf 82' lang='lat'><strong>1.</strong></span> 
     </span>
    </p>
   </div>
   <div class='ocr_carea' id='block_1_6' title="bbox 1219 3716 1384 3748">
    <p class='ocr_par' dir='ltr' id='par_1_13' title="bbox 1219 3716 1384 3748">
     <span class='ocr_line' id='line_1_160' title="bbox 1219 3716 1384 3748; baseline 0.018 -9"><span class='ocrx_word' id='word_1_1255' title='bbox 1219 3716 1384 3748; x_wconf 72' lang='lat' dir='ltr'><strong>[o)n.13.</strong></span> 
     </span>
    </p>
   </div>
   <div class='ocr_carea' id='block_1_7' title="bbox 1446 3716 2167 3747">
    <p class='ocr_par' dir='ltr' id='par_1_14' title="bbox 1446 3716 2167 3747">
     <span class='ocr_line' id='line_1_161' title="bbox 1446 3716 2167 3747; baseline -0.003 -6"><span class='ocrx_word' id='word_1_1256' title='bbox 1446 3717 1487 3745; x_wconf 81' lang='lat' dir='ltr'><strong>(p</strong></span> <span class='ocrx_word' id='word_1_1257' title='bbox 1505 3716 1518 3746; x_wconf 86' lang='lat'><em>)</em></span> <span class='ocrx_word' id='word_1_1258' title='bbox 1534 3724 1557 3742; x_wconf 63' lang='lat' dir='ltr'><strong>n„</strong></span> <span class='ocrx_word' id='word_1_1259' title='bbox 1575 3724 1608 3741; x_wconf 50' lang='lat'><strong>22,</strong></span> <span class='ocrx_word' id='word_1_1260' title='bbox 1628 3722 1667 3744; x_wconf 83' lang='lat'><strong>23·</strong></span> <span class='ocrx_word' id='word_1_1261' title='bbox 1726 3716 1739 3744; x_wconf 84' lang='lat'>(</span> <span class='ocrx_word' id='word_1_1262' title='bbox 1756 3724 1771 3745; x_wconf 82' lang='lat' dir='ltr'><em>q</em></span> <span class='ocrx_word' id='word_1_1263' title='bbox 1787 3716 1797 3747; x_wconf 89' lang='lat'><em>)</em></span> <span class='ocrx_word' id='word_1_1264' title='bbox 1814 3718 1896 3742; x_wconf 76' lang='lat' dir='ltr'><strong>Relaz.</strong></span> <span class='ocrx_word' id='word_1_1265' title='bbox 1914 3716 2022 3739; x_wconf 81' lang='lat' dir='ltr'><strong>de’Mali</strong></span> <span class='ocrx_word' id='word_1_1266' title='bbox 2038 3716 2061 3740; x_wconf 85' lang='lat' dir='ltr'><strong>di</strong></span> <span class='ocrx_word' id='word_1_1267' title='bbox 2079 3718 2167 3741; x_wconf 84' lang='lat' dir='ltr'><strong>Petto.</strong></span> 
     </span>
    </p>
   </div>
  </div>
 </body>
</html>
