2498 4075
427 188 588 258 Epist.
625 189 789 243 Anat.
823 189 1041 249 Medica
1074 182 1331 239 xxxvn.
1369 183 1490 238 Art.
1526 200 1601 248 ις.
1632 179 1691 238 &
1726 182 1802 237 16.

2005 199 2078 248 77

73 273 201 307 aierem
232 267 268 305 in
301 269 387 314 cysti
420 272 571 310 mora-m,
595 272 626 304 δι
658 268 741 305 hanc
772 278 923 315 augentes
952 266 1084 312 Cystici
1129 263 1244 308 fimum
1265 261 1299 295 in
1320 259 1782 303 mulieribusproveffloribusa
1807 260 1836 296 se
1846 260 2057 304 conspe&os‚
2079 262 2145 298 hoe

71 324 198 350 meatus
220 314 381 357 angustias
397 339 406 354 ,
428 316 460 349 &
484 314 627 348 v'alvulas
661 313 839 348 indicavit.
864 315 954 354 Quas
978 309 1087 346 causas

73 359 125 393 ita
159 358 335 401 peculiares
365 358 465 401 cystis
485 358 629 391 invenies
651 365 690 391 ut
713 368 859 400 peraeque
882 357 921 390 ad
944 356 1085 399 Hepati-

74 406 132 436 cos
153 400 270 438 <lucius
301 400 475 437 transferre
496 412 561 435 non
574 400 678 443 'poffis
696 423 705 438 ‚
731 401 978 442 mirandumque
1011 398 1051 435 fit
1075 423 1090 441 ,

76 444 299 488 graviffimum
322 447 409 480 inter
442 444 654 479 Recentiores
679 444 847 479 Medicum
871 470 882 485 ‚
914 442 971 477 lias
1004 444 1090 486 ipsas

74 488 236 532 propositi
268 488 462 524 discriminis
491 487 601 522 causas
623 487 870 532 agnoscentem,
892 487 1000 520 minus
1022 489 1092 521 ani-

75 531 305 573 madvertisse,
328 532 452 566 bovino
488 542 619 574 quoque
642 534 752 574 generi
785 530 845 565 esse
880 540 1090 569 communes,

73 575 110 609 in
133 586 201 618 quo
224 584 261 609 ut
282 576 332 610 ibi
353 574 474 610 fatetur
495 574 669 617 hepaticus
691 575 830 609 calculos
854 573 914 607 esse
936 573 1091 617 frequen.

78 619 205 657 tiores,
239 619 286 653 ita
318 617 445 654 causam
478 619 622 662 aliquam
654 619 797 654 indicare
827 617 921 651 fimul
951 616 1092 652 debebat

74 660 173 704 hujus
205 662 340 697 alterius
377 662 462 696 inter
495 661 675 698 humanum
699 688 710 704 ‚
743 665 774 697 &
797 661 957 695 bovinum
987 672 1088 705 genus

73 705 273 741 discriminis
297 729 306 738 .
341 705 402 740 Sed
424 715 496 748 quae
534 706 724 750 Veslingius
755 704 1050 745 praemonstraverat
1076 730 1086 745 ‚

76 748 120 784 ab
142 748 213 784 aliis
234 749 355 783 interea
387 747 546 783 illustrata
579 758 677 793 atque
702 749 794 782 auda
827 745 956 781 fuerant
978 772 988 788 ‚
1022 746 1088 782 five

75 791 235 835 majorem
258 792 429 827 craffitiem
451 791 527 825 bilis
549 793 583 826 in
630 791 800 827 uibusdam
821 789 1034 833 hominibus,
1057 794 1089 826 &

75 833 323 880 dispositiooem
354 835 395 870 ad
416 804 688 871 concrescen‘clum
725 832 936 874 adnotando,
960 835 1024 869 five
1047 847 1090 870 a:-

100 890 144 913 uo
165 878 409 913 diuturniorem
443 889 571 913 moram
592 879 638 913 ob
660 878 787 921 Cynici
808 877 925 912 danus
947 877 1092 921 spasmo-

74 891 165 958 dicas
185 921 378 964 crispaturas
401 946 413 961 ‚
445 924 478 956 δι
499 922 767 960 constriffiones,
791 930 848 956 aut
877 919 924 954 ob
945 921 1091 956 infirma-

75 974 146 1001 tam
178 966 214 1000 in
247 966 364 1000 laxatis
386 967 535 1001 vesiculae
568 967 689 1001 tunicis
711 964 745 999 se
774 962 990 1000 contrahendi
1022 966 1090 999 vim

78 1007 303 1056 agnoscendo.
324 1010 410 1051 Quae
443 1011 629 1045 tunicarum
665 1007 847 1043 infirmatio
877 1016 974 1042 tanto
996 1006 1090 1043 dein-

80 1063 156 1096 ceps
185 1063 290 1095 maJor
321 1052 381 1094 iit,
403 1063 534 1096 quanto
553 1054 625 1098 plus
646 1052 722 1088 bilis
746 1053 927 1093 retinetur,
951 1060 1018 1086 non
1042 1053 1087 1086 se-

74 1106 133 1131 cus
156 1104 254 1140 atque
285 1096 320 1130 in
352 1097 497 1131 urinaria
521 1096 621 1131 vesica
644 1095 765 1131 accidit
788 1117 801 1135 ,
832 1104 907 1129 cum
939 1095 979 1129 ab
1012 1096 1088 1130 lotii

74 1148 204 1174 retenta
227 1140 323 1183 copia
345 1139 414 1181 ejus
442 1140 647 1175 resolvuntur
681 1139 792 1173 vires.-
811 1149 876 1185 qua
897 1137 1088 1174 similitudi-

75 1192 118 1217 ne
138 1185 171 1217 δι
193 1182 339 1218 Galenus
360 1183 415 1227 (o
439 1187 452 1224 )
483 1185 591 1224 olim,
609 1185 644 1218 δι
666 1183 838 1225 Verneyus
861 1183 975 1225 junior
996 1184 1011 1222 (
1030 1192 1053 1225 p
1075 1186 1086 1222 )

75 1224 138 1261 hac
173 1226 281 1261 nostra
311 1236 409 1261 aetate
440 1226 516 1262 usus
546 1228 621 1262 est:
654 1227 740 1262 unde
770 1225 897 1261 causam
929 1226 1090 1269 intelligis

76 1268 145 1304 fere
168 1271 367 1313 praecipuam
399 1281 458 1305 cur
482 1272 638 1306 immanes
660 1270 725 1304 illae
748 1270 829 1306 fiant
849 1269 950 1313 cystis
972 1272 1090 1311 ampli-

75 1313 247 1349 ficationes
280 1312 320 1348 de
352 1316 474 1357 quibus
506 1315 604 1357 paulo
635 1323 710 1348 ante
741 1314 869 1350 distum
898 1312 946 1348 est
969 1337 977 1344 -
1011 1314 1090 1348 Huc

75 1357 303 1405 alia>insuper
334 1358 462 1395 addidit
495 1359 530 1392 in
560 1358 677 1402 primis
708 1357 916 1393 Abrahamus
946 1357 1089 1393 Vaterus

75 1400 98 1444 (
113 1412 133 1444 ‘I
154 1402 190 1441 ),
211 1411 305 1444 cujus
327 1411 445 1437 nomen
469 1400 558 1438 haud
580 1410 647 1437 erat
680 1400 721 1436 ab
742 1403 783 1436 iis
804 1402 864 1445 qui
895 1399 1006 1435 eadem
1029 1413 1089 1444 po-

75 1444 139 1481 stea
173 1443 391 1488 scripserunt,
412 1446 632 1481 reticendum.
659 1445 691 1480 Is
703 1446 789 1480 enim
809 1445 855 1479 ob
877 1442 971 1480 fundi
993 1445 1092 1489 cystis

77 1488 303 1523 declivitatem
336 1499 413 1524 cum
435 1488 602 1527 difficilem
626 1489 704 1524 bilis
736 1487 921 1526 ascensum3
953 1487 999 1522 ob
1029 1488 1094 1524 du-

75 1531 147 1568 ἃιιε
171 1541 282 1566 autem
291 1531 526 1577 obliquitatem
536 1543 602 1567 non
624 1531 812 1576 expeditum
825 1532 999 1569 transitum
1021 1534 1092 1567 ani-

77 1573 302 1610 madvertisset
323 1586 338 1616 ;
374 1586 513 1619 utraque
536 1576 596 1611 hac
630 1575 724 1611 causa
748 1576 889 1618 spectata
901 1598 916 1617 ,
946 1574 1092 1617 censuit,

75 1618 256 1662 compressa
280 1630 297 1653 a
320 1621 506 1655 ventriculo
527 1619 632 1665 cysti‚
655 1630 722 1659 non
746 1619 808 1653 nisi
830 1619 1036 1659 tenuiorem,
1061 1623 1094 1655 &

76 1665 222 1698 maxime
245 1659 392 1697 fluxilem
416 1663 493 1698 bilis
515 1673 642 1706 partem
663 1663 817 1703 extrudi,
842 1662 1020 1705 spiffiorem
1039 1676 1096 1698 au-

77 1716 147 1741 tem
173 1704 297 1748 semper
320 1706 355 1739 in
378 1704 462 1741 sanis
482 1706 619 1750 quidem
641 1707 803 1750 relinqui,
826 1718 899 1749 quae
913 1705 1007 1741 facile
1017 1718 1096 1743 cou-

76 1749 232 1784 cresceret
256 1773 268 1789 ,
298 1746 361 1784 nifi
393 1762 471 1786 mox
490 1762 579 1786 novo
601 1749 764 1794 hepaticae
787 1750 863 1784 bilis
897 1749 1020 1785 affluxu
1043 1752 1097 1785 in-

76 1793 216 1828 staurata
238 1791 417 1829 dilueretur
441 1820 452 1830 .
484 1794 567 1830 Haec
600 1804 711 1829 autem
744 1794 938 1829 instauratio
960 1794 1018 1829 ubi
1053 1807 1097 1829 a:-

75 1848 146 1881 quo
169 1838 305 1880 paucior
327 1858 338 1875 ‚
371 1847 428 1873 aut
461 1841 561 1873 etiam
595 1837 753 1874 viscidior
783 1837 859 1872 bilis
884 1837 1060 1873 secernitur
1081 1862 1095 1879 ,

75 1891 153 1916 cum
177 1882 241 1915 rite
264 1879 336 1914 fieri
369 1893 436 1916 non
468 1882 563 1924 poffit
586 1904 597 1921 ,
632 1882 711 1917 hinc
743 1889 839 1916 tanto
862 1881 991 1917 facilius
1015 1881 1093 1925 spis-

76 1924 195 1960 siorem
219 1924 312 1957 illam
334 1924 369 1958 in
390 1925 536 1961 calculos
556 1925 643 1961 abire
666 1951 675 1959 .
708 1925 837 1960 Vatero
859 1934 989 1964 autem,
1014 1926 1096 1968 quin

81 1969 183 2002 etiarn
206 1967 384 2011 Veslingio
408 1968 634 2012 quadantenus
665 1969 828 2003 Fernelius
859 1972 875 2010 (
896 1980 913 2001 r
933 1971 944 2007 )
978 1969 1096 2012 praelu-

78 2019 170 2046 xerat
196 2035 207 2050 ‚
239 2017 315 2046 curn
360 2012 511 2055 originem
545 2012 597 2047 his
628 2012 763 2047 calculis
794 2010 873 2056 effe,
917 2011 1058 2055 scripfit,
1082 2023 1098 2047 e

76 2053 164 2099 flava
186 2053 249 2088 bile
271 2076 282 2093 ‚
317 2064 382 2097 quae
399 2057 530 2099 proprio
564 2056 780 2099 conceptaculo
802 2052 924 2090 diutius
945 2057 1100 2098 coercita,

77 2108 133 2133 nec
149 2096 333 2140 tempestive
343 2107 501 2140 vacuata,
523 2111 578 2135 nec
599 2109 685 2134 nome
698 2099 819 2144 influxu
842 2107 1015 2139 renovata,
1036 2099 1100 2134 mi-

76 2151 150 2177 rum
173 2142 205 2175 in
227 2142 355 2176 modum
377 2140 555 2184 obdurescit
568 2167 575 2176 .

109 2188 181 2228 '¹5·
204 2181 297 2219 Cum
321 2185 426 2227 igitur
449 2194 503 2219 tor
526 2211 538 2228 ,
570 2190 603 2222 &
626 2196 696 2221 tam
717 2184 827 2220 faciles
856 2185 891 2220 in
914 2194 1004 2220 tanta
1037 2186 1100 2220 hu-

80 2239 186 2264 manae
209 2228 288 2262 vitae
318 2225 536 2271 infirmitate,
558 2233 592 2265 δι
615 2229 871 2273 intemperantia
893 2229 1010 2271 praesto
1034 2228 1098 2263 {int

82 2271 188 2308 causae
219 2271 265 2306 ob
286 2281 367 2314 quas
400 2272 517 2315 dystici
549 2275 666 2309 calculi
699 2272 923 2316 producantur
942 2285 955 2310 3
985 2273 1100 2308 mirari

80 2326 148 2351 non
172 2323 304 2359 oportet
319 2338 329 2353 ,
351 2316 441 2358 quod
476 2314 557 2360 saepe
592 2319 670 2353 adeo
693 2329 710 2352 a
736 2316 907 2352 Veteribus
927 2338 941 2357 ‚
971 2319 1004 2349 &
1034 2317 1099 2351 Re,

78 2359 286 2395 centioribus
316 2359 446 2395 inventi
477 2359 540 2394 sint
569 2386 578 2394 .
620 2361 711 2397 Nam
743 2360 912 2404 postquam
956 2360 1103 2395 Gentilis

78 2401 187 2447 (s),
210 2404 241 2436 ὃ(
265 2400 410 2450 Nicolus
432 2407 445 2442 (
469 2410 485 2437 t
509 2407 521 2443 )
545 2402 687 2448 lapidem
710 2404 765 2439 hic
798 2406 833 2438 in
856 2403 958 2437 vesica
994 2403 1101 2441 fellis,

32 2482 35 2486 ,
79 2447 138 2481 ille
160 2454 269 2480 autem
292 2446 329 2478 in
350 2445 449 2488 hujus
471 2457 579 2482 meatu
601 2449 635 2483 se
676 2446 790 2483 vidisl‘e
814 2472 824 2488 ,
857 2445 966 2482 testati
989 2446 1063 2483 sunt
1087 2470 1099 2487 ,

79 2490 276 2525 Benivenius
309 2493 322 2529 (
349 2500 371 2523 u
391 2492 429 2528 ),
466 2489 622 2527 Vesalius
650 2494 671 2536 (
688 2492 743 2536 x)
763 2517 775 2532 ‚
811 2491 953 2528 Curtius
975 2491 1028 2534 (y
1049 2495 1066 2532 )
1090 2513 1100 2529 ,

80 2533 272 2576 Falloppius
293 2536 305 2572 (
332 2543 358 2577 z
373 2531 391 2576 )
405 2555 418 2573 ‚
440 2533 610 2570 Pernelius
634 2539 686 2577 ('*
705 2540 743 2577 )‚
767 2534 949 2579 Stephanus
971 2539 982 2574 (
1007 2545 1026 2567 a
1047 2539 1061 2574 )
1084 2557 1098 2575 ‚

79 2576 270 2612 Columbus
293 2580 304 2616 (
327 2574 347 2611 b
371 2580 413 2618 ),
434 2577 591 2613 Coiterus
615 2580 667 2622 (c
690 2583 726 2620 );
747 2588 783 2614 ut
807 2581 917 2613 minus
935 2578 1015 2612 clari
1039 2589 1100 2611 no-

80 2622 182 2663 minjs
197 2621 362 2656 Auctores
376 2629 566 2663 praeteream
578 2636 590 2660 ς
613 2623 868 2658 Observationes
890 2621 1098 2666 protulerunt

81 2667 176 2701 suas:
209 2676 249 2699 ex
280 2674 348 2708 qno
371 2673 481 2699 autem
504 2666 645 2700 humana
668 2667 824 2702 cadavera
848 2667 957 2702 multo
987 2665 1099 2708 saepius

81 2710 187 2743 incidi
210 2717 320 2751 coepta
345 2705 420 2743 sunt
444 2707 484 2744 ad
507 2709 594 2744 hunc
617 2710 718 2756 usque
740 2712 850 2749 diem,
875 2721 973 2744 nemo
984 2708 1099 2743 ferede

83 2754 137 2788 Re
160 2752 382 2792 Anatomica‚
403 2761 460 2787 aut
485 2753 615 2791 Medica
638 2753 800 2794 scribens,
821 2755 862 2789 de
892 2766 928 2788 ea
961 2752 1098 2787 vesicula

84 2796 185 2841 paulo
210 2795 310 2831 fufius
335 2795 493 2839 loquendi
516 2798 719 2833 occasionem
743 2799 861 2833 habuit
874 2820 887 2838 ‚
918 2797 1000 2840 quin
1031 2796 1098 2831 cal-

84 2841 179 2876 culos
200 2841 251 2874 ibi
277 2839 318 2872 ab
342 2838 372 2874 se
395 2838 480 2874 visos
502 2845 834 2880 commemoraverim
857 2851 893 2876 ut
924 2842 998 2883 jure
1031 2839 1096 2882 a-J'at

85 2886 143 2919 Cl.
176 2879 337 2917 Professor
369 2883 535 2920 Fabricius
567 2887 620 2926 (d
640 2889 680 2927 )‚
711 2885 778 2920 fere
811 2886 925 2928 saepius
960 2882 1060 2918 felleae
1084 2906 1098 2924 ,

86 2936 188 2972 quam
210 2927 359 2961 urinariae
384 2926 515 2967 vesicae‚
537 2929 677 2965 calculos
707 2927 770 2963 esse
800 2928 1098 2972 adnotatosffqui-

86 2971 226 3008 busdam
249 2979 359 3005 autem
391 2970 426 3004 in
459 2973 650 3015 regionibus
681 2974 732 3008 vel
767 2974 865 3017 longe
895 2969 1098 3015 frequentius

87 3025 277 3054 occurrere,
300 3013 340 3048 ab
359 3012 414 3047 Ill.
436 3014 572 3052 Hallero
594 3022 605 3057 (
629 3027 644 3050 e
661 3016 679 3058 )
701 3015 860 3051 ostensum
884 3015 944 3049 sit.
968 3014 1098 3056 Qam-

88 3060 205 3095 obrem
228 3058 297 3092 noli
321 3058 434 3093 mirari
459 3082 469 3097 ,
512 3060 534 3095 sn
556 3061 674 3095 dixero
688 3083 702 3101 ‚
723 3071 799 3094 cum
823 3060 891 3094 haec
908 3057 1106 3100 scriberem,

92 3114 169 3140 ante
191 3102 306 3137 oculos
329 3100 474 3137 habuisse
495 3102 775 3144 Observationes,
807 3104 983 3137 minimum
1001 3123 1015 3142 ‚
1044 3101 1105 3136 du-

89 3156 221 3186 centas,
246 3157 287 3180 ex
308 3147 429 3189 quibus
454 3147 660 3190 undeviginti
683 3158 762 3182 meae
785 3147 879 3182 sunt.-
903 3146 1101 3188 mirerispo-

90 3193 180 3230 tius,
204 3189 295 3234 quod
319 3200 385 3223 non
408 3189 542 3231 legerim
556 3212 566 3229 ‚
590 3201 647 3225 aut
670 3202 737 3225 non
759 3189 965 3225 meminerim
997 3189 1105 3223 multo

90 3236 223 3282 plures.
247 3233 320 3268 Nec
344 3242 453 3267 tamen
476 3245 555 3276 quas
578 3235 675 3276 dixi,
696 3244 763 3269 tam
786 3244 895 3278 paucae
929 3234 1002 3267 sunt
1026 3257 1034 3272 ‚
1065 3240 1103 3266 ut

92 3277 273 3316 secundum
297 3276 370 3312 illas
391 3277 417 3311 si
438 3279 600 3319 quaerenti
623 3279 686 3314 tibi
698 3279 930 3322 respondeam,
949 3276 1030 3321 quid
1041 3275 1108 3310 fre-

92 3324 250 3369 quentius
271 3330 328 3357 aut
351 3321 452 3357 rarius
474 3321 508 3354 in
530 3321 662 3365 cysticis
688 3323 820 3357 calculis
845 3331 996 3356 occurrat
1016 3333 1028 3359 3
1059 3329 1108 3354 te-

94 3378 184 3405 mere
208 3366 318 3402 videar
342 3364 550 3408 respendere.
681 3367 780 3402 Potes
812 3375 920 3401 autem
955 3363 1038 3399 illud
1073 3366 1108 3397 in

95 3412 215 3456 primis
237 3420 381 3454 quaerere
394 3430 405 3447 ‚
427 3408 462 3442 in
483 3407 603 3451 quibus
614 3410 759 3445 crebrius
772 3406 1004 3454 reperiantur?
1023 3409 1111 3442 Scri-

96 3454 158 3501 psit
180 3455 269 3490 enim
294 3453 378 3488 olim
398 3452 540 3489 Carolus
564 3451 744 3497 Stephanus
772 3454 858 3499 (f)
881 3478 891 3496 ,
922 3450 981 3487 esse
1007 3450 1109 3495 potis·

295 3591 343 3616 loc.
357 3589 398 3615 eff.
414 3590 433 3613 1.
451 3596 473 3619 ς.
489 3596 512 3614 e.
527 3598 551 3619 ⁷·
567 3589 629 3615 haud
644 3589 680 3614 ita
698 3588 782 3619 procul
796 3596 812 3613 a
830 3587 896 3613 fine.

238 3593 266 3677 0⁶0
274 3561 277 3563 ι

956 3588 970 3615 (
982 3593 1001 3618 p
1019 3587 1034 3616 )
1048 3585 1091 3612 eit.
1106 3586 1174 3615 stupra.
1188 3584 1220 3620 ad
1236 3592 1260 3609 n.
1278 3591 1318 3614 ις.

1102 3616 1118 3646 ί
1132 3616 1169 3648 x)
1188 3619 1229 3642 eir.
1246 3615 1313 3645 supra
1328 3614 1359 3640 ad
1375 3622 1400 3640 n.
1419 3621 1458 3644 n.

1014 3740 1025 3764 (
1041 3739 1052 3764 1
1069 3741 1077 3768 )
1094 3738 1190 3764 niffen.
1207 3738 1237 3764 de
1252 3742 1322 3763 motu
1339 3736 1395 3764 bilis
1411 3737 1434 3768 5„
1453 3747 1493 3770 57·

1155 316 1242 341 utem
1265 303 1382 339 saeculo
1404 305 1583 339 Fridericus
1606 304 1826 339 Hoffmannus
1847 308 1862 345 (
1880 316 1903 348 g
1926 309 1960 344 ),
1984 307 2089 340 rarius
2107 306 2143 339 in

1159 346 1313 384 ominibus
1334 349 1439 382 aetatis
1455 347 1599 391 florentis
1614 374 1621 388 ‚
1638 345 1839 392 frequentius
1847 359 1923 383 vero
1936 348 1968 381 in
1984 348 2112 391 senibus
2127 372 2140 389 ‚

1137 395 1282 434 itemque
1303 392 1335 425 in
1349 389 1495 434 foeminis
1514 389 1671 428 crebrius,
1695 402 1787 434 quam
1809 393 1842 426 in
1863 391 1969 432 viris,
1992 393 2124 434 reperiri
2132 416 2143 427 .

1141 436 1253 473 Multo
1273 436 1377 478 igitur
1399 436 1504 469 verius
1527 434 1569 468 est
1590 433 1784 469 Hoffmanni
1808 436 2062 479 pronunciatum
2073 436 2144 477 pri-

1143 490 1257 516 mum,
1277 488 1376 521 quam
1399 478 1576 512 ultimum.
1603 479 1641 511 In
1662 480 1848 512 memoratis
1872 480 1959 513 enim
1982 478 2144 513 Observa-

1143 523 1289 559 tionibus
1313 521 1430 562 video,
1452 522 1592 556 marium
1604 518 1704 555 ferme
1716 532 1821 565 parem
1837 544 1846 560 ‚
1869 533 1906 556 ac
1930 521 2144 558 foeminarum

1141 568 1201 603 esse
1223 576 1393 601 numerum
1411 589 1420 599 .
1451 566 1547 598 Senes
1578 573 1704 603 autem,
1736 574 1896 607 quantum
1920 566 1959 599 ab
1979 566 2145 599 Observa-

1140 610 1270 646 toribus
1298 609 1480 643 indicatum
1502 606 1572 649 est,
1593 619 1669 642 cum
1692 608 1873 651 promiscue
1896 609 2062 652 utriusque
2098 608 2146 651 se-

1139 666 1199 690 xus
1221 654 1386 688 inveniam
1409 662 1532 689 unum,
1555 654 1588 685 &
1612 652 1805 694 sexaginta3
1830 651 1972 694 juniores
2006 652 2146 695 amplius

1139 701 1216 732 octo
1238 707 1303 731 non
1326 697 1479 730 invenio:
1503 705 1541 729 ex
1564 694 1615 729 his
1646 705 1753 728 autem
1791 695 1919 729 nullum
1952 695 2112 730 infantem
2135 716 2147 733 ‚

1140 752 1240 777 unum
1261 750 1424 784 puerum3
1450 739 1622 782 minorque
1645 738 1678 772 in
1703 737 1753 772 his
1776 739 1871 776 οᾶο,
1907 746 1982 771 aetas
2015 739 2060 773 est
2092 749 2148 773 an-

1139 795 1257 821 norum
1280 783 1454 818 duodecim
1469 805 1479 821 ,
1502 781 1610 825 major
1633 781 1854 824 undetriginta
1869 806 1878 815 .
1904 780 2078 816 Nimirum
2099 792 2148 817 te.

1140 829 1288 867 nuiores,
1313 826 1572 869 vividioresque‚
1595 825 1730 859 florente
1753 835 1847 859 aetate
1869 847 1884 865 ‚
1919 824 1995 859 sunt
2028 824 2113 860 succi
2135 848 2148 864 ‚

1139 882 1240 914 quam
1272 871 1428 904 inclinata
1442 892 1450 905 ,
1472 871 1503 902 δε
1524 870 1658 904 celerius
1679 879 1811 912 quoque
1833 870 1868 902 in
1902 879 2022 911 gyrum
2054 870 2116 902 aeti
2140 891 2152 906 ,

1141 915 1176 950 id
1198 914 1288 958 quod
1312 914 1397 947 vidit
1421 912 1643 948 Hoffmannus
1659 938 1668 952 ,
1692 923 1789 955 quam
1812 913 1845 945 in
1879 914 1986 946 minus
2015 912 2151 956 operosa

1142 958 1344 1001 praesertim,
1366 958 1551 996 seniorum,
1572 959 1603 990 &
1626 956 1800 992 mulierum
1826 956 1913 988 vita.
1938 955 2152 999 Quapropter

1143 1015 1159 1035 a
1182 1001 1403 1036 musculorum
1424 1002 1497 1034 otio
1511 1001 1627 1041 repetit
1641 999 1789 1034 laudatus
1802 998 1981 1039 Hallerus(
2001 998 2022 1032 h
2047 997 2149 1043 )fre..

1141 1052 1268 1089 quentes
1291 1043 1426 1078 calculos
1436 1042 1539 1084 reficae
1552 1040 1677 1085 felleae,
1700 1054 1777 1084 quos
1787 1043 1819 1076 in
1833 1044 1895 1076 reis
1906 1042 1959 1075 diu
1971 1046 2092 1076 carceri
2103 1044 2153 1077 in-

1139 1088 1232 1131 clusis
1254 1088 1369 1131 reperit
1382 1113 1387 1118 .
1412 1087 1600 1128 Eodemque
1612 1085 1727 1120 reseres
1739 1086 1827 1128 quod
1839 1086 1873 1120 in
1884 1087 2018 1119 minime
2030 1088 2154 1128 agitata

1140 1133 1207 1166 bile
1230 1131 1422 1173 contingere
1444 1129 1527 1163 vidit
1551 1130 1603 1163 111.
1616 1129 1809 1164 Swietenius
1833 1132 1844 1168 (
1867 1126 1935 1170 i).
1960 1130 2041 1163 Eam
2066 1131 2154 1164 enim

1139 1186 1213 1210 cum
1235 1175 1268 1209 in
1276 1174 1348 1217 vase
1358 1175 1463 1206 vitreo
1469 1182 1550 1214 puro
1559 1170 1740 1215 reliquisset,
1750 1179 1788 1205 ut
1794 1171 1987 1214 putresceret
2001 1185 2012 1211 ς
2036 1174 2069 1206 in
2073 1170 2154 1215 fun-

1139 1221 1177 1253 do
1197 1216 1280 1262 vafis
1298 1228 1426 1261 grumos
1447 1214 1612 1259 calculosos
1633 1216 1776 1250 invenit.
1803 1215 1913 1251 Media
1923 1223 2033 1249 tamen
2056 1224 2156 1253 aetas.

1141 1263 1219 1297 licet
1242 1260 1370 1296 atstuosa
1394 1259 1433 1293 fit
1448 1284 1458 1299 ,
1482 1270 1547 1293 non
1571 1259 1669 1294 habet
1682 1257 1791 1294 succos
1813 1269 1890 1295 cum
1913 1254 2055 1294 florente
2066 1271 2156 1293 com-

1142 1306 1320 1349 parandos,
1343 1316 1410 1352 quo
1433 1302 1493 1341 fit,
1518 1312 1555 1337 ut
1577 1314 1642 1350 non
1665 1313 1756 1345 aeque
1770 1302 2155 1346 poffitimemperantiae,

1142 1353 1174 1384 &
1198 1349 1299 1384 animi
1318 1348 1526 1383 asteffionum
1552 1346 1683 1390 injuriis
1706 1346 1868 1388 refistere,
1899 1358 2038 1390 quarum
2061 1348 2161 1381 utris-

1143 1405 1206 1437 que
1229 1394 1281 1428 vel
1304 1393 1406 1434 magis
1430 1417 1439 1430 ‚
1471 1402 1570 1434 quam
1611 1389 1717 1424 senilis
1733 1415 1743 1430 ,
1762 1389 1907 1424 obnoxia
1932 1390 1996 1425 est.
2018 1391 2097 1424 Huc
2131 1388 2157 1424 si

1146 1438 1240 1471 addas
1272 1435 1470 1480 plebejarum
1494 1436 1668 1469 mulierum
1692 1444 1843 1476 magnam
1870 1443 1997 1477 partem
2019 1445 2085 1468 non
2109 1435 2159 1471 ita

1142 1480 1282 1515 desidem
1305 1483 1408 1514 vit-am
1432 1489 1544 1521 agere:
1568 1481 1599 1512 δι
1626 1478 1651 1511 fi
1675 1477 1744 1512 haec
1764 1478 1877 1510 omnia
1907 1489 1983 1512 cum
2004 1478 2044 1512 iis
2078 1489 2161 1512 con-

1142 1523 1410 1568 ferasquaesupra
1433 1526 1447 1562 (
1467 1520 1531 1563 lif)
1547 1521 1588 1556 de
1610 1521 1733 1559 causis,
1758 1521 1855 1563 cystis
1866 1521 2010 1556 calculos
2021 1523 2160 1565 gignen-

1144 1569 1253 1606 tibus,
1277 1567 1397 1609 scripta
1424 1567 1518 1604 iunt3
1543 1576 1657 1608 nempe
1677 1563 1938 1599 Observationes
1957 1574 2035 1600 cum
2056 1565 2161 1599 ratio-

1145 1623 1185 1646 ne
1207 1613 1405 1650 convenire,
1428 1607 1524 1643 facile
1547 1609 1734 1651 intelliges.

1193 1657 1242 1689 16.
1263 1654 1367 1691 Quod
1392 1652 1413 1686 si
1427 1652 1495 1696 jam
1506 1663 1655 1696 quaeras,
1678 1663 1833 1687 verumne
1850 1651 2015 1696 scripserit
2038 1653 2165 1688 Rever-

1145 1697 1290 1734 horstius
1311 1696 1414 1742 (l),
1440 1708 1515 1731 cum
1539 1696 1764 1743 adnotandum
1799 1696 1879 1738 esse,
1905 1696 2035 1732 monuit
2054 1719 2068 1736 ‚
2102 1695 2164 1729 hos

1146 1743 1308 1782 calculos,
1333 1752 1392 1784 quo
1409 1738 1475 1782 Jint
1497 1751 1512 1774 e
1536 1749 1662 1782 corpore
1680 1741 1825 1782 juniore,
1849 1752 1882 1774 eo
1905 1750 2025 1783 quoque
2049 1736 2104 1783 effe
2114 1749 2165 1773 re-

1144 1787 1190 1822 mi
1210 1785 1287 1820 ioris
1301 1809 1310 1824 ,
1334 1786 1368 1819 id
1389 1784 1428 1824 est
1444 1807 1452 1821 ,
1469 1782 1650 1826 pallidioris
1676 1782 1809 1823 coloris,
1835 1784 1923 1818 &in
1947 1783 2047 1817 media
2070 1789 2167 1816 «επακ

1147 1843 1162 1867 e
1187 1831 1202 1864 'e
1224 1829 1338 1864 coloris
1354 1827 1458 1871 flavi,
1482 1828 1515 1861 in
1533 1825 1728 1869 provectiore
1752 1835 1859 1861 autem
1882 1825 2072 1870 obscurioris
2081 1825 2168 1859 colo-

1147 1877 1213 1913 ris,
1235 1874 1298 1907 imo
1320 1871 1533 1915 nigricantis;
1557 1871 1664 1905 multo
1698 1869 1830 1904 facilior
1864 1870 2030 1914 responsio
2065 1871 2128 1904 erit
2152 1893 2163 1901 .

1147 1919 1268 1960 Neque
1291 1918 1386 1949 enim
1403 1914 1484 1958 quid
1508 1912 1712 1956 frequentius
1735 1914 1798 1955 sit,
1821 1913 1875 1949 hic
1901 1915 2086 1957 ducentur,
2112 1912 2167 1947 sed

1173 1962 1229 1997 uid
1252 1969 1467 2004 perpetuum;
1493 1968 1528 1992 ut
1551 1958 1601 1992 vel
1627 1962 1708 1992 meis
1731 1959 1902 1993 dumtaxat
1915 1958 2069 2001 inspec‘tis
2091 1957 2170 1990 Ob-

1147 1974 1386 2041 servationibus
1404 2025 1414 2040 ‚
1449 2001 1604 2036 affirmare
1638 2000 1772 2045 poffim,
1808 2013 2009 2045 praepropere
2033 2001 2066 2034 id
2090 1999 2171 2033 scri-

1150 2059 1245 2094 ptum
1268 2046 1378 2082 fuiffe.
1404 2047 1614 2088 Nigerrimos
1624 2046 1712 2080 enim
1726 2046 1888 2085 calculos,
1913 2057 1979 2080 non
2004 2046 2103 2079 modo
2117 2047 2174 2078 ni-

1150 2095 1327 2137 gricantes.
1351 2092 1384 2124 in
1410 2090 1557 2132 pluribus
1581 2092 1681 2124 etiam
1706 2092 1821 2124 media:
1844 2091 1952 2124 aetatis
1987 2088 2174 2132 dep-rehen-

1151 2137 1208 2175 di3
1231 2138 1264 2169 in
1282 2135 1409 2179 Juvene
1433 2144 1540 2168 autem
1562 2145 1722 2168 annorum
1759 2136 1882 2177 viginti
1919 2135 2065 2179 quinque
2085 2155 2095 2171 ‚
2133 2136 2167 2166 Se

1150 2183 1184 2214 in
1204 2181 1283 2213 Anu
1306 2178 1510 2221 septuaginta
1532 2182 1679 2221 quinque
1703 2182 1717 2218 (
1752 2189 1897 2222 quorum
1932 2178 1989 2212 ille
2020 2177 2131 2220 junior
2155 2200 2165 2216 ‚

1150 2224 1217 2259 haec
1241 2222 1349 2258 senior
1370 2222 1436 2257 fuit
1461 2223 1546 2255 inter
1562 2233 1622 2261 =eos
1645 2233 1755 2255 omnes
1778 2235 1793 2255 e
1816 2232 1959 2265 quorum
1992 2220 2072 2264 cysti
2111 2219 2171 2254 han

1150 2269 1261 2301 &enus
1283 2266 1411 2300 exsecui
1434 2265 1574 2299 calculos
1597 2269 1609 2304 )
1635 2265 1766 2300 fuerunt
1791 2266 1826 2300 hi
1850 2275 1915 2299 non
1948 2267 1995 2300 ira
2017 2263 2166 2299 dissimili

1151 2313 1236 2345 inter
1258 2309 1290 2344 se
1312 2310 1422 2344 colore
1437 2334 1445 2348 ,
1470 2318 1505 2343 uc
1539 2319 1642 2353 neque
1666 2311 1866 2353 nigricarent
1905 2309 1940 2342 in
1975 2313 2051 2343 Anu
2068 2333 2077 2350 ‚
2106 2319 2165 2342 nec

1150 2356 1241 2390 valde
1264 2355 1420 2397 pallerent
1444 2354 1479 2385 in
1504 2352 1650 2395 Iuvene,
1673 2354 1849 2396 praesertim
1872 2352 1983 2388 ficum
1993 2355 2164 2388 cineraceo

1148 2397 1337 2436 conferam,
1359 2407 1457 2443 quem
1478 2398 1583 2439 reperi
1604 2398 1639 2430 in
1665 2397 1802 2432 muliere
1835 2408 1935 2431 annos
1968 2407 2042 2432 nata
2076 2397 2163 2432 unde

1150 2442 1317 2485 sexaginta
1327 2448 1338 2473 '.
1468 2439 1530 2474 Sed
1553 2451 1594 2474 ne
1618 2443 1684 2474 mei
1709 2444 1802 2475 unius
1825 2439 1885 2475 stes
1897 2439 2160 2475 Observationi-

1150 2487 1229 2524 bus5
1252 2486 1417 2529 juniorem
1440 2493 1526 2518 certe
1551 2495 1616 2517 non
1638 2485 1703 2528 legi
1727 2485 1925 2525 foeminam,
1949 2485 1983 2517 in
2007 2496 2071 2528 qua
2104 2496 2164 2528 cy·

1148 2532 1222 2565 flici
1244 2529 1361 2563 calculi
1385 2528 1512 2562 inventi
1536 2526 1620 2567 fint,
1641 2540 1742 2572 quam
1754 2529 1929 2571 Virginem
1942 2528 2034 2563 illam
2058 2539 2164 2562 anno-

1149 2585 1223 2609 rum
1234 2574 1350 2608 undevi
1377 2573 1461 2612 inti,
1484 2581 1558 2614 quae
1582 2570 1744 2613 superiore
1769 2572 1856 2605 libro
1879 2573 2035 2608 aBoneto
2059 2576 2070 2612 (
2096 2584 2127 2607 m
2150 2576 2163 2613 )

1148 2619 1310 2661 descripta
1332 2628 1348 2649 e
1390 2642 1397 2649 .
1422 2617 1461 2649 In
1495 2627 1530 2649 ea
1563 2624 1672 2650 tamen
1704 2616 1810 2658 lapilli
1840 2627 1952 2651 omnes
1977 2616 2061 2660 flavi
2091 2615 2163 2651 fue-

1151 2671 1247 2701 runt,
1271 2661 1314 2695 &¹
1332 2658 1428 2694 bilem
1448 2657 1551 2694 colore
1573 2656 1740 2702 referentes
1753 2685 1761 2693 .
1786 2661 1940 2701 Contra,
1973 2661 2164 2706 proveetio-

1149 2708 1194 2741 ris
1214 2706 1320 2740 aetatis
1342 2712 1410 2738 erat
1432 2703 1550 2739 mulier
1573 2702 1630 2738 illa
1652 2714 1812 2737 annorum
1825 2706 1968 2738 trium&
1991 2704 2160 2747 sexaginta

1148 2748 1241 2792 cujus
1264 2747 1438 2784 historiam
1472 2756 1619 2781 accurate
1651 2748 1826 2791 proposuit
1858 2745 2035 2790 Caietanus
2067 2749 2159 2785 Tac-

1148 2804 1249 2829 conus
1271 2795 1286 2833 (
1308 2803 1328 2826 n
1343 2791 1385 2836 )‚
1408 2794 1443 2826 δι’
1463 2793 1561 2832 nigro
1577 2791 1706 2833 insuper
1725 2791 1829 2825 retem
1840 2789 1972 2826 affefia.
1998 2792 2161 2828 Attamen

1147 2837 1258 2871 cuncti
1281 2835 1377 2879 hujus
1398 2835 1515 2870 calculi
1539 2844 1603 2868 non
1628 2833 1731 2868 modo
1755 2834 1795 2867 ad
1815 2834 1954 2869 albidum
1975 2856 1984 2873 ‚
2011 2835 2080 2879 [σε
2113 2836 2162 2870 di-

1147 2881 1212 2916 lute
1224 2890 1364 2914 croceum
1373 2878 1503 2913 colorem
1513 2876 1714 2915 accedebant5
1737 2878 1832 2912 sed&
1855 2879 2059 2918 corticibus,
2083 2890 2161 2914 cum

1148 2927 1242 2960 intus.
1260 2924 1368 2957 crocei
1393 2922 1510 2961 essent,
1532 2921 1681 2956 instructi
1702 2931 1796 2956 erant
1817 2920 2047 2973 albicantibus,
2079 2922 2163 2966 luci-

1148 2969 1219 3007 dis,
1241 2973 1418 3009 argenteam
1440 2965 1554 3000 matris
1583 2964 1744 3008 pertarum
1774 2965 1955 3002 interiorem
1970 2964 2092 3009 factem
2111 2966 2160 3010 si-

1147 3009 1364 3046 mulantibus.
1389 3009 1523 3044 Scilicet
1547 3017 1691 3043 nontam
1712 3019 1811 3047 aetas,
1833 3019 1931 3053 quam
1943 3010 2078 3044 materia
2090 3008 2162 3054 spe-

1154 3054 1269 3090 &anda
1290 3054 1355 3094 est,
1377 3064 1418 3088 ex
1440 3063 1505 3095 qua
1531 3051 1611 3086 fiant
1625 3074 1637 3092 ‚
1659 3062 1715 3089 aut
1749 3052 1830 3087 faciti
1865 3051 1989 3088 fuerint
2006 3065 2021 3095 ;
2056 3063 2161 3098 neque

1153 3100 1242 3133 enim
1265 3098 1387 3140 semper
1411 3096 1479 3139 ejus
1510 3096 1545 3129 in
1575 3108 1641 3140 qua
1662 3100 1891 3140 reperiuntur,
1915 3097 1990 3131 bilis
2013 3097 2158 3134 colorem

1154 3144 1329 3177 imitantur
1352 3154 1364 3178 3
1393 3139 1461 3174 haec
1484 3148 1591 3175 autem
1615 3152 1676 3184 pro
1700 3143 1791 3175 vario
1813 3150 1867 3175 aut
1889 3140 2079 3182 sanguinis,
2101 3151 2159 3176 aut

1152 3196 1355 3229 organorum
1378 3185 1484 3225 vitio,
1506 3185 1541 3217 in
1564 3186 1635 3228 pari
1666 3186 1768 3220 etiam
1790 3192 1887 3218 :etate
1917 3182 2025 3226 dispar
2055 3185 2160 3219 inter-

1152 3232 1230 3266 dum
1252 3227 1313 3264 esse
1345 3226 1470 3271 potest,
1494 3228 1545 3262 vel
1568 3227 1683 3268 fuisse,
1706 3239 1762 3264 aut
1784 3228 1842 3262 sub
1864 3226 1976 3263 eodem
1994 3227 2160 3262 etiamco-

1158 3273 1225 3309 lore
1247 3283 1313 3306 non
1337 3270 1478 3314 ejusdem
1508 3273 1634 3315 generis
1664 3272 1738 3308 illas
1766 3270 1939 3315 particulas
1970 3281 2010 3305 ex
2039 3271 2160 3314 quibus

1158 3316 1358 3362 potiffimum
1380 3316 1520 3350 calculus
1541 3315 1654 3353 fieret,
1676 3312 1889 3350 abscondisse.
1910 3314 1963 3349 Sic
1982 3314 2065 3349 Abr.
2090 3315 2160 3349 Va-

1159 3372 1245 3396 terus
1267 3361 1320 3403 (ο
1343 3363 1378 3399 ),
1400 3360 1444 3394 iic
1466 3360 1521 3393 Cl.
1544 3360 1697 3394 Trewius
1718 3362 1775 3401 (p
1793 3362 1832 3399 >3
1855 3365 1893 3392 ut
1925 3357 2003 3392 alias
2032 3359 2064 3391 &
2098 3369 2168 3399 no·v

1159 3405 1257 3442 stras,
1281 3407 1312 3437 δι
1335 3405 1478 3438 aliorum
1499 3402 1755 3438 Observationes
1775 3410 2023 3445 praetereamus;
2050 3403 2085 3435 in
2108 3401 2161 3437 bi-

1159 3449 1190 3483 le
1211 3446 1381 3492 craffiffima
1404 3447 1446 3482 &
1466 3447 1641 3491 nigricante
1671 3444 1826 3481 calculum
1857 3445 1913 3481 ille
1944 3444 2160 3496 candicantem
2174 3466 2186 3493 »-

1968 3497 2122 3529 invenit,

1376 3584 1392 3614 (
1409 3593 1426 3616 a
1441 3589 1454 3613 )
1469 3585 1527 3612 Obs.
1538 3585 1612 3611 rariff.
1619 3584 1710 3612 caleni.
1723 3592 1745 3616 3.
1766 3584 1792 3616 §.
1807 3591 1831 3611 ι.
1890 3584 1905 3615 (
1915 3584 1979 3615 eje.
1989 3563 2154 3615 cicada-15,

1297 3643 1353 3675 (ἢ
1368 3645 1410 3670 eit.
1421 3647 1450 3671 ad
1459 3654 1485 3672 n.
1497 3655 1536 3677 ¹4·
1596 3645 1606 3678 (
1618 3654 1634 3672 a
1642 3646 1657 3676 )
1667 3646 1705 3671 De
1712 3645 1801 3673 ditem.
1812 3650 1874 3676 part.
1887 3646 2032 3677 comitum.
2040 3626 2156 3677 ida-43}

1319 3692 1326 3701 .
1341 3677 1425 3702 Barth.
1445 3677 1573 3704 Hoffnnn.
1631 3676 1641 3706 (
1658 3686 1670 3702 ι
1685 3677 1700 3706 )
1716 3676 1808 3706 Opust.
1825 3677 1927 3703 Pathol.
1944 3676 2005 3703 ΟΜ.
2022 3684 2062 3708 ³3·

1309 3706 1325 3731 h
1342 3708 1349 3734 )
1366 3708 1495 3738 Experim.
1510 3710 1587 3735 Amr.
1601 3707 1631 3733 de
1647 3708 1735 3736 Sanga.
1753 3712 1819 3733 mot.
1834 3715 1857 3732 e.
1873 3710 1899 3733 6.

1554 3739 1565 3770 (
1581 3745 1607 3764 m
1621 3739 1636 3770 >
1650 3735 1776 3770 smnflr.
1793 3738 1813 3765 l.
1829 3745 1854 3765 a.
1870 3739 1895 3764 S.
1910 3747 1936 3769 ⁴·
1950 3737 2014 3765 obs·
2030 3745 2074 3770 ες.

185 3600 199 3616 0
267 3598 281 3616 e

153 3586 228 3653 εί),
267 3629 279 3646 r
293 3622 309 3651 )
324 3620 388 3651 apud
405 3620 493 3644 Donat.
511 3619 541 3645 de
557 3622 627 3646 Med.
643 3620 707 3645 nist.
723 3619 783 3644 Μὴ.
798 3621 816 3645 1.
832 3627 858 3654 ⁴:
872 3626 895 3644 e.
912 3624 954 3649 30.
1014 3620 1025 3643 t
1041 3625 1059 3642 u
1073 3617 1089 3646 )

154 3653 173 3682 ζ
182 3660 201 3684 y
214 3653 229 3682 )
267 3657 389 3678 omn-ient.
403 3651 429 3675 in
437 3651 683 3677 Mun-{inmunem
698 3651 726 3675 de
742 3652 836 3680 Hepare
850 3656 877 3675 in
892 3649 936 3674 fin.
996 3649 1009 3674 <
1023 3654 1042 3677 ζ
1057 3648 1072 3677 )
1086 3646 1146 3672 Obs.
1163 3647 1238 3682 Anat·

155 3684 174 3714 (
188 3683 203 3708 b
222 3685 232 3714 )
247 3685 284 3708 De
301 3686 336 3708 Re
351 3684 425 3707 Anat.
441 3680 457 3705 1.
475 3682 524 3707 ult.
585 3686 596 3709 (
614 3690 626 3707 e
642 3686 652 3712 1
667 3681 729 3706 ΟΜ.
746 3684 822 3706 Anat.
883 3680 898 3710 (
912 3680 929 3704 d
942 3678 958 3708 )
974 3678 1116 3708 Propempt.
1131 3676 1161 3702 ad
1176 3677 1271 3703 nnffert.

156 3713 201 3744 (s
212 3713 227 3743 )
241 3721 264 3738 c.
283 3721 322 3743 ⁴²·
339 3713 413 3738 modo
427 3711 474 3736 eit.
533 3711 577 3744 (ς
592 3712 607 3742 )
622 3712 720 3738 Medic.
737 3713 796 3737 Ru.
811 3712 843 3736 T.
859 3718 885 3741 4.
902 3712 931 3735 P.
948 3717 970 3733 ².
986 3710 1011 3735 S.
1025 3716 1049 3733 a..
1065 3715 1087 3733 e.
1104 3715 1126 3738 3-
1144 3707 1167 3739 §.
1185 3715 1222 3733 η.

156 3746 175 3775 ζ
190 3744 201 3767 ι·
216 3745 231 3774 )
247 3747 389 3779 Comment-
405 3743 430 3777 in
445 3743 533 3767 Boerh.
549 3743 652 3799 Apin?
671 3750 727 3773 950·
788 3741 798 3771 (
814 3741 834 3766 k
848 3741 858 3774 2
874 3749 900 3767 n.
918 3748 955 3771 14-

160 3777 172 3806 (
186 3783 203 3800 ιι
219 3776 229 3806 J
245 3776 282 3799 De
297 3782 357 3800 rans
372 3773 482 3808 quibusd.
499 3774 577 3805 hepat-
593 3776 613 3798 Α
635 3774 679 3798 est.
694 3771 799 3798 observ.

161 3810 176 3836 c
188 3812 206 3839 p
223 3807 233 3837 )
248 3807 387 3832 commere-
403 3806 493 3832 latter.
508 3805 541 3830 Α.
558 3812 627 3836 1⁷⁴3·
643 3803 722 3830 Hebd.
738 3811 776 3834 μ.
792 3810 821 3829 n.
837 3810 862 3834 3.
876 3805 901 3829 ει
915 3800 995 3828 nobe.
1011 3803 1048 3830 36.
1065 3807 1093 3826 n.
1108 3807 1133 3830 4.

859 3772 868 3801 (
885 3781 899 3797 ο
919 3773 928 3800 )
943 3769 1040 3795 niffen.
1055 3776 1104 3799 qua
1119 3768 1208 3796 eaieul.
1221 3771 1269 3796 ax.
1286 3767 1343 3794 thes.
1360 3774 1386 3798 4.
1403 3769 1427 3794 ἃ
1446 3778 1471 3804 5.
