2498 4075
484 170 633 238 Epist.
671 173 832 226 Anat.
868 170 1077 225 Medica
1111 168 1478 223 XXV11.-Art„
1499 127 1753 232 26s&27.

113 254 182 289 tius
202 252 394 296 inspiceres,
417 251 482 296 jam
502 262 568 286 erat
589 249 740 284 inchoata
765 274 773 281 .
811 253 862 285 Sic
885 262 922 285 ne
945 250 983 284 ab
1006 251 1046 285 iis
1067 261 1115 283 re.

101 296 220 332 *cedam
241 307 322 339 quos
344 296 518 339 descriptos
542 294 635 330 habes
657 294 691 326 in
713 294 866 337 Epistolis
889 303 975 329 antea
1000 293 1112 330 misliss

112 340 214 383 relege
248 339 287 373 sis
307 341 438 380 XXIII,
460 339 545 373 idem
576 339 610 370 in
632 338 716 371 Viro
746 340 760 376 (
782 339 839 380 z)
871 350 886 371 a
909 349 958 371 me
981 338 1111 371 adnota-

114 393 186 418 tum
209 385 364 426 reperies:
387 383 558 425 praesertim
578 391 653 413 vero
675 381 708 413 in
731 382 855 414 XXVI.
869 383 1023 415 Venetam
1037 381 1113 415 Mu-

114 427 223 460 lierem
245 429 298 466 (a
319 430 334 468 )
354 426 493 464 videbis,
517 426 569 459 cui
593 423 676 457 nihil
699 425 732 457 in
755 425 859 457 Aorta
882 422 1021 464 osseum,
1045 434 1114 457 tan-

114 479 147 503 ta
169 479 273 504 autem
297 469 390 511 hujus
412 470 502 511 supra
524 468 732 502 Semilunares
754 468 892 502 valvulas
904 466 969 503 fuit
990 467 1114 502 exulce-

113 514 201 548 ratio
223 536 231 550 ‚
253 522 289 547 ut
311 514 384 547 illac
407 511 464 546 fibi
487 512 571 545 viam
597 510 708 544 fecerit
734 509 858 554 sanguis
879 522 933 554 per
963 522 1060 555 quam
1081 511 1115 542 in

114 557 331 600 pericardium
365 555 505 598 prodiret
528 580 535 586 .
572 555 644 588 Nec
668 553 750 588 mihi
784 556 840 588 uni
862 576 871 591 ‚
903 554 954 589 sed
977 557 1010 588 δε
1043 553 1114 587 aliis

113 601 256 643 contigit
289 599 402 633 similia
425 596 653 640 deprehendere
675 622 682 629 .
717 597 804 631 Vide
830 599 914 631 enim
936 622 948 639 ,
978 596 1115 639 exempli

113 645 216 687 gratia
242 667 252 682 ‚
283 652 320 678 ut
343 642 484 676 Littrius
505 644 520 681 (
541 641 560 675 b
582 645 596 681 )
617 642 651 674 in
674 641 783 676 eadem
804 639 915 674 Aortae
938 640 1005 674 sede
1027 641 1115 674 ulcus

113 688 293 726 invenerit,
314 685 458 723 causam,
481 694 517 718 ut
541 694 623 725 puto
644 707 654 723 ‚
685 696 742 719 cur
763 694 824 719 una
845 695 951 719 earum
974 684 1115 718 valvula-

116 742 209 769 rum,
231 741 301 773 quae
323 728 373 761 illi
396 736 463 762 erat
488 727 627 770 subjecta
649 728 747 762 ulceri
767 751 780 768 ,
803 724 841 760 ad
864 728 988 762 arteriae
1012 727 1115 770 parie-

115 783 182 808 tem
204 774 234 807 se
256 769 475 815 agglutinasset
497 796 504 803 .
538 771 674 805 Nullam
696 780 804 805 tamen
826 771 860 804 in
884 771 941 804 illa
964 772 1077 805 arteria
1101 793 1114 811 ,

116 818 238 852 nullam
260 817 293 849 in
315 815 450 850 valvulis
484 814 532 847 vel
557 815 725 849 minimam
746 813 861 848 osseam
883 824 1115 849 commemorat

115 860 334 904 squamulam,
359 868 395 892 ut
419 857 577 898 nesciam,
597 870 663 902 quo
685 856 757 892 casu
778 857 928 891 acciderit
958 883 966 897 ,
999 868 1036 892 ut
1060 857 1118 891 ali-

114 904 171 946 qui
196 905 280 936 inter
310 902 400 944 plura
421 902 566 944 exempla
601 900 756 935 ossearum
779 901 976 935 valvularum
1010 903 1119 944 primo

115 947 190 980 loco
209 945 372 988 posuerint
383 944 474 980 istam
497 944 597 987 ipsam
609 945 726 978 Littrii
737 943 1021 979 Observationem.
1047 942 1118 978 Etsi

114 990 217 1031 igitur
238 990 273 1021 in
297 989 420 1021 arteriis
453 998 528 1023 tunc
551 989 690 1021 maxime
712 985 869 1022 erofiones
905 987 1083 1031 speetantur
1105 1010 1118 1028 ,

115 1043 189 1066 cum
222 1033 310 1066 intus
335 1030 425 1066 offeis
459 1030 598 1075 squamis
621 1030 778 1066 distinctae
812 1031 883 1066 sunt
903 1044 913 1069 ς
937 1040 1043 1065 tamen
1081 1040 1119 1063 ne

114 1084 191 1109 tunc
214 1074 345 1118 quidem
368 1073 526 1109 erosiones
549 1075 620 1110 sunt
642 1085 752 1108 omnes
771 1072 883 1109 iisdem
907 1073 1119 1117 squamisim·

116 1119 288 1162 putandae,
312 1118 488 1161 praesertim
512 1118 568 1153 ubi
592 1117 640 1151 hae
663 1118 743 1151 leves
766 1116 862 1159 sunt,
884 1117 1042 1161 nullisque
1064 1129 1119 1151 ex-

80 1184 82 1188 v
111 1162 258 1195 rantibus
282 1162 526 1204 asperitatibus,
550 1160 601 1195 sed
624 1172 687 1195 non
710 1171 817 1203 paucae
839 1161 1044 1195 erodentibus
1064 1159 1121 1193 iis-

111 1205 184 1240 dem
215 1204 389 1239 humorum
412 1206 577 1248 particulis
600 1227 613 1245 ,
642 1215 779 1248 quorum
800 1203 930 1240 effenus
963 1205 1011 1238 vel
1033 1214 1121 1237 ante-

110 1260 208 1292 quam
231 1249 295 1282 ulla
318 1251 469 1282 oriantur
489 1248 632 1288 officula,
659 1259 724 1281 non
750 1259 822 1282 raro
832 1248 996 1290 conspici,
1017 1247 1123 1281 osten-

113 1293 183 1327 sum
205 1291 247 1327 est
265 1316 277 1332 ,
311 1294 344 1325 δε
366 1302 509 1335 quorum
533 1294 567 1326 in
592 1293 783 1325 arteriarum
807 1292 927 1326 tunicis
950 1291 1121 1333 multiplex

112 1346 234 1379 genus,
256 1338 289 1369 δε
313 1337 409 1378 origo
430 1336 506 1369 alias
527 1338 542 1375 (
563 1347 579 1369 c
600 1339 614 1376 )
638 1347 654 1368 a
677 1335 769 1368 nobis
791 1346 864 1369 cum
877 1333 1025 1368 Lancisio
1048 1334 1119 1368 sunt

112 1388 305 1413 memorata.
332 1380 482 1412 Praeterea
504 1378 526 1411 si
549 1376 634 1412 forte
646 1377 787 1419 accidat,
809 1387 845 1412 ut
868 1378 1026 1421 sanguinis
1038 1378 1120 1412 mul-

111 1422 224 1457 titudo
247 1423 358 1465 ingens
380 1423 445 1456 vim
470 1420 566 1455 faciat
588 1431 704 1456 trunco
727 1422 823 1456 alicui
855 1421 1009 1455 art'etioso
1032 1421 1122 1463 adju-

112 1474 206 1499 vante
230 1466 384 1509 peculiari
407 1466 555 1508 corporis
566 1488 579 1505 ,
602 1474 657 1499 aut
679 1465 780 1507 partis
803 1463 862 1499 situ
874 1476 885 1503 3
910 1476 972 1497 non
996 1465 1038 1498 est
1060 1465 1121 1499 du-

114 1509 230 1551 bium,
252 1510 332 1553 quin
355 1508 457 1543 adhuc
467 1510 600 1551 integris
621 1509 744 1542 caeteris
757 1509 898 1547 tunicis,
921 1509 1037 1542 intima
1048 1516 1120 1550 agat

118 1553 216 1587 rimas
241 1578 250 1592 ,
273 1553 311 1586 id
332 1551 542 1585 confirmante
564 1552 783 1593 experimento
806 1550 943 1586 Illustris
966 1551 1042 1586 Viri
1066 1553 1121 1584 Se-

111 1597 197 1630 nacii
220 1600 234 1636 <
256 1596 276 1628 d
296 1599 334 1636 ),
356 1597 389 1628 in
412 1594 567 1628 Carotide
588 1594 702 1627 habito
724 1618 732 1626 .
755 1595 788 1627 A
810 1595 902 1628 rimis
925 1604 1032 1629 autem
1055 1594 1121 1627 illis

111 1650 178 1673 non
209 1639 370 1674 sulcorum
392 1638 492 1672 modo
513 1637 715 1681 quorundam
747 1648 787 1670 ex
808 1639 849 1671 iis
871 1649 953 1681 quos
984 1637 1062 1682 saepe
1085 1638 1121 1672 in

114 1683 305 1717 arteriarum
327 1680 408 1714 facie
431 1682 588 1714 interiore
611 1681 863 1715 commemoravi
884 1703 892 1718 ,
929 1680 980 1716 sed
1004 1684 1037 1715 δε·
1061 1681 1122 1714 ali-

113 1735 251 1769 quarum
283 1724 564 1759 exulcerationum
599 1725 760 1769 originem
791 1724 944 1760 deducere
978 1725 1121 1769 proclive

115 1768 159 1803 est
172 1792 182 1802 .

157 1814 209 1844 26.
232 1809 333 1853 Qod
367 1809 390 1844 fi
414 1809 572 1845 erofiones
607 1812 712 1854 igitur
733 1812 767 1846 in
801 1813 927 1846 arteriis
962 1812 1124 1846 interdum

115 1855 190 1890 sunt
203 1878 215 1894 ,
236 1862 274 1888 ut
287 1854 450 1891 dicebam,
475 1855 658 1898 priusquam
681 1856 754 1890 ullae
763 1857 910 1890 oriantur
931 1856 1020 1890 osseae
1032 1855 1124 1899 squa-

117 1898 214 1934 mulae
239 1908 250 1936 5
274 1897 390 1932 harum
411 1899 525 1941 utique
549 1907 700 1941 poterunt
724 1900 838 1942 aliquae
861 1911 899 1932 ex
911 1910 945 1932 ea
957 1899 1125 1941 purulenta

114 1941 248 1977 materia
270 1939 362 1982 fieri,
382 1952 453 1984 quae
475 1950 643 1985 antequam
667 1942 783 1976 intima
806 1945 918 1976 tunica
940 1942 1092 1976 erodatur
1110 1965 1122 1982 ,

111 1987 200 2020 inter
221 1983 303 2018 hanc
325 1986 359 2018 &
381 1984 563 2027 proximam
586 1984 720 2019 subsistit
743 1988 887 2021 tunicam
906 2009 918 2026 ‚
942 1995 978 2020 ut
1001 1986 1040 2019 ab
1064 1997 1124 2018 no-

113 2040 162 2064 vae
185 2027 349 2062 sententiae
372 2027 425 2060 Cl.
450 2028 595 2074 ᾼιιᾶοτε
618 2028 819 2072 propositum
843 2028 886 2063 est
906 2031 921 2068 (
943 2039 959 2062 e
979 2032 1017 2069 ).
1053 2028 1124 2061 Ne-

114 2083 177 2116 que
199 2070 277 2106 huic
300 2070 393 2105 facile
413 2070 606 2112 objiciendae
629 2072 701 2105 sunt
724 2072 871 2116 quaedam
907 2080 961 2106 aut
985 2074 1125 2114 Leprot-

115 2117 165 2157 ti,
187 2124 242 2149 aut
265 2113 378 2148 nostrae
401 2113 652 2149 Observationes
675 2116 759 2149 circa
781 2115 883 2149 sedem
904 2138 917 2155 ,
950 2124 1006 2148 aut
1030 2123 1124 2147 natu-

117 2170 186 2193 ram
208 2157 429 2196 macularum,
450 2168 522 2199 quae
546 2157 662 2191 horum
686 2157 759 2192 sunt
771 2156 1124 2192 officuloruminchoa-

116 2211 245 2239 menta.
268 2202 358 2235 Nam
380 2200 470 2243 quod
492 2201 630 2235 maculas
651 2200 800 2234 describit
824 2202 1018 2242 Leprottus‚
1042 2202 1057 2238 (
1070 2196 1099 2240 f
1109 2202 1124 2238 )

118 2250 191 2292 quae
221 2245 376 2279 internam
406 2243 523 2276 Aortae
539 2241 736 2286 superficiem
768 2251 839 2277 tum
870 2241 1092 2285 exasperabant
1113 2266 1123 2280 ‚

120 2298 191 2323 tum
210 2297 266 2329 per
286 2297 354 2320 eam
376 2285 494 2328 liquido
516 2285 655 2319 exterius
674 2284 876 2327 perlucebant
890 2309 898 2325 ‚
920 2286 1028 2319 tunica
1048 2294 1123 2318 vero

118 2331 185 2375 ipsa
209 2329 331 2363 arteria
354 2329 475 2362 interna
491 2326 630 2371 seorsum
652 2327 691 2361 ab
715 2329 789 2363 aliis
812 2327 969 2372 diffociata
991 2351 1003 2368 ,
1020 2325 1122 2371 facile

119 2375 181 2411 illae
203 2369 457 2410 abradebantur3
481 2381 592 2413 nempe
603 2380 657 2404 aut
681 2369 748 2404 haec
772 2373 817 2404 ita
829 2370 1013 2412 accipienda
1027 2371 1096 2404 sunt
1112 2393 1123 2409 ,

119 2427 157 2453 ut
179 2415 375 2450 macularum
396 2415 562 2448 materiam
584 2423 770 2456 contegeret
796 2424 830 2446 ea
853 2416 960 2447 tunica
983 2437 994 2453 ‚
1016 2415 1124 2455 itaque

119 2472 175 2505 per
198 2459 282 2493 hanc
302 2456 594 2499 transpicerentur,
619 2459 650 2489 δε
673 2455 732 2490 hac
756 2456 876 2491 sublata
896 2480 908 2497 ,
932 2467 1009 2491 tunc
1031 2456 1122 2490 deni-

119 2515 181 2548 que
204 2503 260 2536 illa
281 2499 392 2533 abradi
416 2497 516 2543 posset
535 2524 547 2540 ,
578 2508 631 2533 aut
655 2499 696 2532 fic
719 2501 816 2533 etiam
839 2500 911 2534 sunt
935 2499 1062 2534 fortasse
1086 2499 1125 2531 ab

118 2549 228 2590 aliquo
250 2543 458 2585 intelligenda
487 2567 498 2584 ,
527 2552 564 2577 ut
587 2545 718 2576 materia
750 2544 805 2577 illa
828 2545 861 2577 in
885 2556 919 2577 ea
942 2545 1052 2577 tunica
1075 2543 1127 2575 in-

119 2591 273 2628 haereret‚
295 2597 425 2629 eamque
447 2586 603 2620 sublatam
626 2586 806 2629 sequeretur
830 2611 837 2618 .
871 2587 1022 2626 Quorum
1045 2584 1128 2620 illud

120 2631 255 2669 mirifice
277 2631 428 2664 convenit
449 2640 522 2663 cum
546 2629 702 2663 sententia
725 2641 829 2665 nova:
854 2630 916 2664 hoc
939 2641 1048 2665 autem
1071 2641 1125 2663 ex-

121 2676 239 2722 plicari
262 2674 303 2707 fic
327 2673 450 2715 potest,
473 2682 509 2707 ut
532 2684 606 2707 cum
631 2673 738 2708 eadem
761 2675 930 2708 conveniat
959 2698 972 2715 ,
1004 2675 1126 2718 quippe

120 2717 275 2754 celluloso
297 2725 452 2750 contexto
480 2718 514 2749 in
537 2728 604 2759 quo
626 2720 759 2751 materia
790 2718 847 2751 illa
869 2715 911 2750 est
932 2740 945 2758 ,
975 2718 1127 2751 intimam

122 2765 175 2798 cui
199 2760 339 2795 adhaeret
358 2783 370 2800 ,
402 2762 543 2794 tunicam
567 2758 659 2793 facile
684 2762 830 2804 sequente
849 2786 858 2794 .
890 2761 985 2794 Certe
1022 2770 1127 2794 autem

124 2807 215 2840 osleae
240 2803 409 2846 squamulae
436 2802 494 2837 hac
516 2804 626 2837 tunica
658 2804 805 2839 obdu&ae
829 2805 966 2837 inveniri
991 2804 1092 2838 solent
1114 2826 1128 2843 ,

124 2860 191 2884 non
214 2845 313 2882 modo
336 2845 502 2881 secundum
524 2846 737 2890 inspectiones
760 2859 843 2881 meas
863 2871 875 2888 ,
896 2858 1006 2882 verum
1029 2848 1128 2881 etiam

125 2894 286 2928 aliorum,
311 2900 366 2923 nec
387 2890 421 2923 in
445 2891 567 2924 arteriis
590 2899 716 2924 tantum
738 2915 751 2932 ,
772 2899 810 2925 ut
836 2890 1003 2924 adnotavit
1025 2892 1128 2924 Vate-

128 2947 183 2971 rus
204 2938 220 2974 (
238 2933 294 2978 g)
312 2956 325 2973 ,
358 2932 409 2967 sed
430 2934 464 2967 in
487 2934 574 2967 venis
596 2946 723 2977 quoque
748 2959 759 2974 ,
779 2943 814 2968 ut
839 2933 978 2968 Furstius
1000 2936 1014 2974 <
1037 2933 1057 2968 h
1078 2938 1092 2974 )
1115 2945 1127 2973 ς

127 2978 183 3014 hic
205 2979 290 3016 enirn
312 2977 347 3009 in
369 2976 473 3010 cordis
495 2977 581 3011 venis
603 2978 792 3011 Coronatiis
816 2976 908 3011 osseis
930 2976 1024 3012 faffis
1039 3000 1053 3018 ‚
1073 2987 1130 3011 ve-

121 3022 196 3064 stiri
219 3021 363 3062 utrinque
384 3030 417 3053 os
437 3019 522 3054 vidit
543 3022 629 3055 tenui
652 3020 885 3060 membranula3
908 3021 964 3054 ille
987 3029 1092 3054 autem
1114 3043 1128 3060 ,

128 3061 287 3107 manifesto
310 3073 454 3105 apparere
473 3087 487 3104 ,
518 3074 576 3098 non
597 3065 745 3099 intimam
767 3065 889 3098 arteriae
923 3061 1011 3097 osseae
1035 3063 1127 3097 fassae

129 3108 270 3143 tunicam
292 3106 471 3140 induratam
492 3105 546 3151 effi:
564 3132 574 3147 ,
599 3106 654 3150 sed
673 3109 806 3143 mediam
828 3133 836 3139 .
871 3107 986 3151 Neque
1008 3107 1047 3141 ab
1070 3106 1129 3140 hac

130 3152 250 3185 Vateri
270 3148 411 3183 multum
432 3149 662 3185 observationes
686 3163 762 3185 meae
784 3150 963 3193 discrepant
996 3153 1029 3184 in
1051 3150 1130 3184 dua-

130 3194 191 3228 bus
212 3192 406 3227 Mulieribus
424 3215 436 3233 ,
469 3204 604 3236 quarum
628 3196 757 3229 alterius
781 3194 929 3227 morbum
952 3219 960 3235 ,
983 3197 1016 3228 δε
1037 3192 1130 3228 disse-

132 3238 275 3271 stionem
299 3237 333 3269 in
355 3244 495 3270 extrema
518 3238 662 3280 Epistola
684 3236 832 3281 descripsi
856 3239 972 3278 XIX.(
995 3239 1008 3271 τ’
1029 3241 1064 3278 ),
1086 3237 1130 3270 al-

133 3282 231 3315 terius
253 3289 358 3314 autem
381 3280 415 3311 in
439 3279 500 3313 alia
521 3279 647 3315 fortasse
668 3280 859 3316 describam.
885 3283 922 3315 In
947 3282 1046 3324 prima
1057 3291 1131 3314 cum

135 3336 174 3359 ex
198 3323 335 3358 flexuosa
359 3322 415 3355 illa
440 3323 543 3356 Aorta
575 3323 686 3359 osseam
710 3325 906 3369 squamulam
939 3324 1097 3367 elegissem
1120 3347 1133 3364 ,

133 3367 225 3410 cujus
249 3365 349 3401 sedem
372 3367 584 3400 examinarem
602 3390 614 3406 ,
637 3367 709 3402 visae
733 3369 804 3403 sunt
826 3370 910 3402 inter
930 3368 1032 3412 ipsam
1055 3391 1068 3409 ,
1100 3369 1133 3400 &

135 3412 280 3445 tunicam
304 3412 453 3443 intimam
477 3409 563 3443 fibrae
584 3410 797 3453 intercedere,
820 3413 1021 3446 annularibus
1034 3410 1135 3444 inces-

136 3454 174 3489 su
195 3453 368 3498 persimiles
378 3477 391 3495 ,
414 3452 476 3493 sed!
489 3464 527 3487 ex
550 3453 690 3489 subflavo
705 3456 913 3497 albescentes,
936 3456 1045 3490 molles
1058 3465 1136 3497 prae—

1163 256 1247 282 terea
1270 258 1332 282 non
1366 249 1449 284 secus
1484 259 1520 282 ac
1545 248 1675 281 materia
1710 248 1766 282 illa
1797 258 1869 291 quae
1900 245 2060 280 adhaerere
2080 244 2161 289 ejus-

1162 292 1253 326 modi
1285 290 1375 326 osseis
1399 292 1536 326 lamellis
1568 290 1647 324 solet
1665 315 1674 323 .
1709 292 1748 324 In
1772 291 1870 324 altera
1900 300 2006 323 autem
2027 289 2164 323 Munere

1161 347 1235 369 cum
1259 336 1404 369 arteriam
1428 337 1577 378 Magnam
1600 346 1615 367 a
1638 332 1734 367 corde
1757 333 1795 367 ad
1809 333 1929 377 septum
1940 336 1969 367 ul
1998 342 2035 366 ue
2044 330 2166 365 Trans-

1163 378 1286 413 versum
1311 377 1492 420 aperuissem
1516 401 1529 418 ,
1552 380 1584 411 δε
1607 376 1745 411 subalbis
1768 377 1900 411 maculis
1924 384 1962 418 pa
1987 385 2031 408 im
2051 374 2164 408 distin-

1163 423 1252 455 &am
1272 421 1555 456 animadvertissem
1577 419 1750 463 majoribus
1770 442 1780 457 ,
1806 418 2020 454 minoribusve
2041 442 2051 458 ‚
2083 428 2164 461 qua-

1164 465 1208 500 les
1232 475 1292 508 pro
1313 464 1511 499 brastearum
1540 463 1693 498 ossearum
1715 464 1821 496 initiis
1853 462 1965 497 habere
1995 460 2164 495 consuevi-

1165 520 1235 544 mus
1259 533 1268 549 ,
1296 508 1456 552 majorum
1477 508 1659 550 complures
1680 504 1811 541 dissecui
1831 530 1845 548 ,
1875 506 2043 549 omnesque
2067 503 2167 538 sarstas

1164 550 1358 595 deprehendi
1388 563 1428 586 ex
1461 550 1631 585 substantia
1668 550 1800 584 minime
1821 550 1856 583 in
1877 549 1907 584 se
1930 572 1943 589 ,
1965 557 2019 583 aut
2040 549 2165 582 circum

1164 607 1237 628 oras
1261 593 1418 634 humida,
1440 593 1547 628 eadem
1573 606 1610 628 ue
1634 594 1735 638 magis
1757 592 1827 627 alba
1851 616 1864 633 ,
1893 591 2052 634 magisque
2073 600 2165 625 com-

1165 640 1256 682 pasta
1277 663 1288 678 ‚
1319 649 1418 682 quam
1440 637 1497 671 illa
1529 649 1545 671 e
1571 646 1603 670 et
1635 649 1675 672 ex
1696 648 1759 680 qua
1793 636 1857 670 sani
1881 637 2002 669 arteriae
2034 634 2168 676 parietes

1162 681 1372 716 constabant.
1398 680 1509 715 Sedem
1532 691 1606 713 vero
1630 679 1711 714 hanc
1735 679 1868 714 habebat
1888 701 1900 719 ,
1933 687 1969 711 ut
1993 677 2031 710 ab
2053 677 2169 710 intima

1166 726 1321 767 incipiens
1355 725 1478 759 arteriae
1502 723 1620 757 lamina
1641 747 1655 764 ,
1685 735 1782 767 quam
1807 721 1957 755 nonnihil
1992 718 2169 754 introrsum

1166 769 1358 809 attollebat,
1381 768 1454 802 inde
1477 765 1508 806 se
1529 766 1710 801 extenderet
1721 777 1898 800 convexam
1919 763 2023 799 versus
2046 763 2171 797 arteriae

1167 811 1282 846 faciem
1293 836 1305 852 ,
1327 823 1424 855 quam
1444 811 1556 854 utique
1578 821 1643 843 non
1667 809 1844 852 attingebat
1864 822 1873 848 3
1907 818 1971 841 non
1997 807 2173 850 plurimum

1167 865 1272 889 tamen
1295 854 1334 888 ab
1365 854 1431 897 ipsa
1452 853 1558 888 aberat
1575 878 1585 886 .
1621 854 1817 896 Quanquam
1841 861 1945 886 autem
1967 862 2005 884 ex
2027 848 2174 884 observa-

1167 899 1313 932 tionibus
1337 897 1421 932 hisce
1444 898 1600 938 intelligis
1621 921 1632 937 ,
1666 907 1731 930 non
1755 896 1871 938 semper
1903 895 2067 929 materiam
2083 890 2174 940 -unde

1169 941 1259 976 osseae
1281 942 1489 975 concrescunt
1513 941 1674 981 lamellae,
1695 941 1730 973 in
1751 947 1909 975 contexto
1933 938 1993 971 illo
2014 936 2173 985 subsistere

1171 986 1358 1020 arteriarum
1380 984 1536 1019 celluloso
1551 1008 1564 1026 ‚
1585 983 1638 1017 sed
1660 986 1692 1017 δε
1713 982 1928 1025 circumjeetae
1950 992 2072 1015 carneae
2086 988 2177 1012 tum-

1169 1041 1213 1063 cae
1237 1037 1358 1072 partem
1380 1038 1534 1070 occupare
1554 1039 1564 1066 ς
1597 1037 1663 1060 non
1686 1026 1762 1060 hinc
1797 1036 1904 1060 tamen
1936 1024 2141 1066 consequitur
2163 1043 2179 1062 ,

1168 1083 1233 1107 non
1256 1072 1359 1105 multo
1392 1070 1504 1112 saepius
1526 1072 1611 1103 intra
1642 1069 1790 1103 contexti
1823 1069 1913 1103 illius
1937 1068 2012 1101 fines
2047 1066 2076 1099 se
2099 1075 2179 1099 con-

1170 1118 1269 1150 tinere
1282 1139 1291 1147 .
1412 1113 1472 1148 Sed
1494 1113 1534 1147 ab
1557 1110 1625 1147 sede
1648 1111 1684 1146 ad
1701 1121 1846 1147 naturam
1861 1113 2056 1146 macularum
2078 1106 2181 1142 trans-¹

1167 1170 1295 1194 eamus-

1215 1213 1266 1244 27.
1291 1201 1427 1236 Dichm
1448 1199 1493 1234 est
1515 1197 1613 1234 modo
1633 1220 1644 1236 ‚
1678 1197 1883 1235 substantiam
1905 1209 1945 1231 ex
1965 1208 2026 1240 qua
2050 1195 2181 1230 maculae

1170 1244 1316 1281 constant
1341 1268 1354 1284 ,
1385 1246 1487 1288 magis
1511 1243 1570 1278 esse
1592 1243 1797 1285 compastam
1817 1266 1830 1284 ,
1853 1239 2013 1284 magisque
2038 1239 2143 1272 albam
2168 1261 2182 1279 ,

1170 1300 1267 1334 quam
1291 1288 1360 1322 sana
1383 1287 1421 1321 fit
1444 1288 1568 1322 arteriae
1592 1285 1786 1328 substantia,
1808 1284 1973 1318 exsuccam
1997 1292 2146 1326 praeterea
2171 1294 2180 1314 ε

1171 1334 1253 1377 quin
1277 1342 1359 1365 meas
1382 1331 1545 1374 Epistolas
1569 1329 1741 1372 relegendo
1765 1329 1907 1364 invenire
1929 1328 2026 1361 etiam
2039 1326 2185 1368 poteris,

1173 1376 1295 1411 indicia
1318 1372 1422 1409 suturi
1453 1376 1487 1408 in
1514 1375 1627 1408 arteria
1650 1372 1719 1406 offis
1740 1396 1753 1414 ,
1785 1372 1820 1406 id
1843 1371 1884 1405 est
1907 1371 2047 1405 maculas
2070 1393 2084 1411 ‚
2105 1367 2186 1411 saepe

1174 1420 1213 1454 ad
1239 1418 1444 1453 substantiam
1467 1416 1609 1452 accedere
1633 1416 1882 1458 ligamentorum
1905 1417 1920 1455 (
1941 1414 1961 1455 k
1983 1418 2020 1454 )‚
2044 1412 2078 1446 δι
2101 1412 2129 1446 se
2153 1412 2187 1445 in

1171 1465 1260 1496 Viro
1280 1462 1423 1506 quodam
1447 1465 1461 1502 <
1483 1461 1495 1495 l
1517 1466 1531 1501 )
1554 1457 1725 1502 prodidisse
1749 1460 1868 1495 duritie
1891 1455 1978 1501 quast
2003 1456 2150 1490 tendinea
2177 1479 2185 1488 .

1170 1508 1255 1541 Haec
1277 1515 1382 1540 autem
1405 1506 1474 1539 sane
1496 1504 1643 1538 videntur
1665 1504 1771 1537 minus
1795 1509 1971 1544 congruere
1993 1510 2067 1533 curn
2088 1509 2192 1541 puru-

1172 1551 1282 1590 lenta,
1303 1561 1344 1583 ex
1367 1560 1428 1593 qua
1453 1547 1516 1582 ossa
1548 1545 1729 1581 istiusmodi
1752 1545 1967 1580 conficiantur
1986 1567 1999 1585 ‚
2021 1544 2151 1576 materia
2178 1565 2190 1583 ,

1170 1604 1271 1636 quam
1292 1604 1368 1627 cum
1393 1591 1633 1627 Boerhaaviana
1656 1589 1712 1622 illa
1734 1591 1748 1628 <
1771 1600 1803 1623 m
1825 1592 1839 1628 )
1861 1586 2064 1621 vasculorum
2083 1610 2094 1626 ,
2118 1597 2190 1629 quae

1174 1637 1298 1671 sensum
1321 1635 1453 1678 fugiunt
1474 1657 1484 1674 ,
1522 1631 1747 1675 compressione
1772 1654 1784 1672 ,
1818 1642 1932 1666 eorum
1955 1641 2031 1665 cava
2055 1630 2190 1664 oblitte-

1173 1689 1264 1713 rante
1279 1702 1288 1717 ‚
1312 1682 1343 1712 δε
1368 1679 1458 1721 plura
1483 1679 1517 1712 in
1540 1687 1640 1711 unum
1663 1674 1805 1710 solidum
1827 1686 1945 1719 corpus
1966 1673 2096 1708 firmum
2117 1695 2127 1711 ,
2151 1683 2189 1705 ac

1174 1724 1295 1758 durum
1318 1723 1420 1765 magis
1434 1746 1447 1763 ,
1470 1720 1634 1764 magisque
1655 1719 1876 1761 constipante.
1903 1718 2004 1756 Quod
2026 1716 2085 1750 etsi
2107 1717 2193 1749 veri-

1174 1767 1337 1804 similius,
1360 1776 1453 1809 atque
1478 1766 1556 1798 adeo
1580 1773 1686 1796 verum
1699 1763 1733 1795 in
1755 1761 1867 1796 multis
1880 1761 1982 1795 videri
2006 1759 2133 1804 potests
2157 1760 2193 1793 in

1175 1811 1293 1845 multis
1316 1810 1402 1843 enim
1427 1807 1519 1842 simul
1542 1806 1672 1840 exsucca
1697 1805 1824 1848 prorsus
1858 1806 2055 1840 macularum
2079 1804 2194 1847 exigua

1174 1853 1426 1890 inchoamenta,
1449 1862 1513 1886 non
1534 1849 1634 1884 modo
1656 1850 1794 1883 maculas
1807 1874 1817 1890 ‚
1840 1847 2107 1892 deprehendimus
2123 1870 2133 1885 ‚
2154 1846 2197 1879 si·

1174 1898 1246 1932 mul
1272 1896 1387 1930 harum
1414 1897 1536 1939 aliquas
1571 1893 1690 1935 pariter
1713 1892 1857 1927 exsuccas
1879 1892 1945 1937 jam
1970 1891 2157 1927 ossescentes
2182 1914 2194 1930 ,

1174 1942 1257 1974 alias
1280 1951 1356 1973 vero
1379 1950 1418 1971 ex
1441 1947 1529 1982 parte
1552 1935 1647 1970 osseas
1671 1934 1772 1970 factas
1784 1937 2091 1976 animadvertimus,
2113 1946 2196 1978 qua-

1177 1985 1224 2017 lia
1259 1983 1404 2025 exempla
1438 1981 1522 2025 apud
1556 1979 1713 2014 Illustrem
1743 1991 1872 2023 quoque
1904 1980 2080 2014 Hallerum
2102 1981 2116 2018 (
2139 1988 2158 2011 n
2183 1981 2194 2017 )

1176 2027 1320 2060 invenies
1335 2052 1342 2066 ,
1365 2025 1465 2069 iisque
1489 2023 1623 2068 objicies
1642 2050 1650 2063 ,
1682 2022 1738 2066 qui
1762 2023 1898 2058 maculas
1915 2046 1929 2064 ,
1954 2023 2091 2066 aliasque
2112 2020 2195 2064 ejus-

1174 2069 1306 2104 cemodi
1337 2071 1526 2103 arteriarum
1560 2067 1781 2102 indurationes
1814 2079 1874 2110 pro
1894 2068 1987 2102 callis
2009 2065 2129 2100 habent
2152 2064 2194 2098 fic

1177 2112 1301 2155 semper
1327 2112 1504 2147 mansuris:
1528 2111 1585 2145 etsi
1609 2112 1711 2153 igitur
1734 2111 1767 2143 in
1793 2112 1905 2145 multis
1929 2110 1966 2145 id
1987 2110 2078 2154 quod
2104 2107 2195 2143 dixi-

1175 2166 1274 2195 mus,
1297 2167 1408 2191 verum
1430 2180 1442 2197 ‚
1474 2166 1541 2188 non
1562 2154 1660 2188 modo
1683 2152 1855 2188 verisimile
1880 2178 1891 2194 ,
1926 2153 2032 2188 videri
2055 2151 2159 2197 potest
2182 2164 2194 2192 5

1177 2200 1215 2232 in
1239 2199 1311 2231 aliis
1334 2208 1441 2233 tamen
1464 2198 1513 2232 vel
1536 2198 1649 2232 nostrae
1675 2196 1830 2240 Epistolae
1853 2197 2000 2232 indicant
2027 2196 2110 2240 posse
2134 2195 2195 2230 ali-

1178 2251 1228 2275 ter
1250 2252 1316 2276 rem
1340 2242 1369 2276 se
1394 2242 1507 2275 habere
1530 2265 1537 2273 .
1571 2240 1695 2282 Inspice
1718 2242 1804 2274 enim
1838 2243 1901 2275 111.
1925 2242 1983 2275 ubi
2007 2242 2038 2274 in
2064 2238 2196 2274 Basilari

1179 2286 1332 2319 Mulieris
1355 2284 1517 2329 cujusdam
1538 2286 1591 2332 (ιο
1615 2288 1630 2325 )
1652 2285 1764 2318 arteria
1779 2284 1883 2319 albam
1904 2284 2113 2320 describimus
2127 2296 2195 2320 ma-

1174 2328 1285 2362 culam
1303 2352 1315 2369 ,
1350 2330 1450 2371 magis
1477 2327 1517 2362 ad
1538 2339 1605 2370 ejus
1630 2327 1799 2363 interiores
1822 2350 1831 2366 ‚
1864 2341 1963 2373 quam
1985 2331 2157 2363 exteriores
2180 2354 2194 2371 ,

1179 2372 1314 2414 parietes
1335 2374 1526 2405 attinentem
1542 2395 1556 2412 ‚
1586 2382 1682 2413 quam
1704 2381 1770 2405 non
1792 2370 1917 2406 firmior
1940 2372 2096 2407 efficiebat
2119 2373 2193 2407 sub·

1178 2414 1295 2448 stantia
1320 2441 1329 2454 ‚
1357 2415 1406 2449 sed
1431 2416 1563 2448 mollior
1583 2439 1591 2446 .
1628 2414 1753 2456 Inspice
1776 2414 1892 2449 deinde
1913 2415 2094 2459 Epistolam
2128 2418 2193 2451 IV.

1177 2458 1381 2501 inveniesque
1403 2460 1437 2491 in
1461 2460 1537 2491 Sene
1559 2460 1574 2496 (
1594 2457 1650 2499 p)
1675 2458 1805 2493 arterias
1827 2458 1903 2493 duas
1925 2459 1964 2493 ad
1990 2461 2076 2495 illius
2096 2463 2191 2504 qua'rn

1177 2501 1280 2534 modo
1304 2501 1562 2539 nominavimus,
1584 2508 1723 2532 extrema
1734 2503 1946 2543 pertinentes,
1966 2515 2023 2537 cor
2047 2502 2191 2539 usculum

1178 2544 1318 2587 singulas
1340 2542 1480 2579 habuisse
1502 2543 1611 2578 album
1625 2565 1634 2579 ‚
1658 2542 1849 2586 subdurum,
1873 2548 1906 2579 &
1929 2545 1993 2589 jam
2032 2558 2191 2582 ermecar-

1180 2588 1375 2631 tilagineum
1390 2612 1402 2630 ,
1424 2587 1512 2631 quod
1535 2597 1601 2620 non
1624 2586 1666 2619 ab
1689 2590 1846 2622 exteriore
1863 2613 1875 2630 ,
1900 2589 1950 2623 sed
1974 2591 2013 2624 ab
2034 2593 2189 2626 interiore

1176 2642 1292 2666 eorum
1316 2631 1397 2666 facie
1419 2630 1644 2665 extuberabat.
1668 2630 1788 2665 Nonne
1810 2632 1977 2667 verisimile
1989 2634 2090 2669 videri
2114 2644 2191 2678 pot-

1177 2674 1243 2713 est,
1268 2686 1305 2708 ex
1327 2675 1421 2708 molli
1446 2676 1577 2708 materia
1598 2697 1611 2714 ‚
1643 2674 1747 2716 qualis
1770 2677 1803 2708 in
1827 2677 1929 2720 prima
1953 2676 2189 2713 Observatione

1170 2726 1306 2761 ‘reperta
1328 2718 1394 2756 est,
1417 2718 1581 2753 subductis
1604 2716 1824 2759 progrediente
1846 2728 1992 2763 tempore
2012 2744 2025 2762 ,
2069 2723 2189 2757 articu-

1183 2761 1266 2795 culis
1289 2763 1510 2800 tenuioribus,
1537 2758 1762 2803 corpusculum
1784 2762 1923 2797 extitisse
1948 2762 2012 2806 jam
2061 2767 2187 2809 rmi'us‚

1181 2805 1277 2848 quale
1299 2807 1332 2839 in
1357 2805 1487 2840 secunda
1511 2803 1757 2847 conspeximus?
1780 2815 1834 2840 aut
1856 2816 1940 2840 certe
1950 2830 1970 2847 ‚A
1985 2808 2008 2842 fi
2033 2808 2095 2843 hoc
2118 2819 2188 2843 ma-

1179 2849 1223 2882 lis
1247 2848 1286 2883 ad
1309 2848 1500 2883 Boerhaavii
1524 2849 1682 2880 rationem
1705 2846 1871 2891 reducere,
1895 2861 2000 2885 nonne
2022 2861 2150 2895 apparet
2175 2878 2186 2894 ,

1181 2892 1288 2934 aliqua
1322 2892 1432 2926 saltem
1457 2892 1574 2925 futurae
1607 2889 1748 2924 durioris
1769 2894 1984 2928 concretionis
2016 2896 2113 2929 initia
2145 2909 2184 2931 ex

1179 2936 1275 2969 molli
1298 2934 1363 2969 fieri
1375 2960 1387 2977 ,
1410 2937 1495 2969 inter
1518 2934 1643 2968 tunicas
1657 2936 1842 2969 arteriarum
1856 2959 1867 2976 ,
1892 2939 2049 2972 materia?
2073 2940 2184 2984 Quam

1180 2988 1218 3013 ut
1241 2980 1275 3012 in
1298 2980 1338 3012 iis
1362 2979 1463 3012 albam
1477 3003 1486 3017 ,
1507 2976 1549 3010 fic
1572 2978 1605 3009 in
1628 2978 1701 3011 aliis
1714 2988 1753 3011 ex
1775 2979 1848 3013 albo
1864 2980 2001 3023 flavam,
2023 2981 2184 3018 adhaeren.

1180 3031 1310 3065 temque
1333 3021 1424 3056 osseis
1448 3020 1604 3060 lamellis,
1628 3023 1660 3054 δε
1685 3020 1741 3055 has
1762 3021 1843 3065 ipsis
1867 3024 2042 3068 aliquando
2065 3026 2183 3068 flavas,

1179 3076 1199 3099 a
1222 3077 1272 3099 me
1295 3064 1385 3099 fuisse
1408 3074 1545 3107 repertas
1565 3089 1575 3104 ,
1608 3074 1647 3097 ex
1669 3064 1720 3098 his
1743 3068 1840 3100 etiam
1863 3068 1938 3111 ipsis
1961 3070 2094 3103 Litteris
2116 3074 2131 3111 (
2168 3075 2183 3110 )

1179 3109 1370 3150 cognoscere
1393 3108 1524 3151 potuisti
1544 3132 1551 3139 .
1580 3108 1720 3144 Crellius
1741 3121 1868 3154 quoque
1890 3115 1953 3152 (r)
1975 3123 2013 3146 ex
2035 3112 2106 3146 albo
2149 3126 2183 3146 a-

1178 3152 1348 3195 rescentem
1372 3153 1532 3185 invenerat
1555 3160 1626 3185 turn
1649 3155 1886 3188 concretionem
1901 3178 1913 3195 ‚
1935 3166 2005 3197 quae
2028 3156 2112 3188 inter
2128 3167 2181 3189 ar-

1181 3198 1268 3229 teriae
1292 3198 1417 3242 tunicas
1439 3194 1505 3238 jam
1529 3194 1749 3237 confistentiam
1772 3196 1893 3232 laminae
1914 3198 1994 3242 offeae
2005 3196 2181 3241 referebat,

1181 3247 1252 3273 tum
1275 3240 1511 3282 circumjeftam
1535 3240 1723 3281 materiam,
1746 3251 1784 3273 ex
1805 3252 1869 3284 qua
1881 3240 2091 3280 concrevisse,
2114 3252 2181 3275 non

1184 3281 1350 3316 dubitabat
1365 3305 1374 3320 ‚
1397 3283 1540 3326 hancque
1563 3281 1636 3323 illi,
1660 3295 1724 3326 quae
1745 3284 1778 3316 in
1800 3282 1995 3318 atheromate
2017 3285 2069 3319 vel
2090 3284 2180 3319 meli-

1184 3327 1282 3360 ceride
1306 3326 1387 3360 alias
1409 3328 1607 3366 continetur,
1625 3326 1780 3368 similem.
1807 3325 1906 3362 Quod
1929 3325 2055 3361 &mihi
2077 3329 2178 3370 magis

1186 3370 1382 3411 probandum
1413 3368 1540 3404 videtur
1562 3368 1726 3412 postquam
1758 3379 1856 3411 nuper
1888 3370 1951 3413 legi
1981 3370 2020 3403 ab
2051 3370 2181 3405 laudato

1186 3413 1320 3446 Hallero
1341 3416 1356 3453 (
1372 3411 1399 3454 s
1412 3416 1425 3454 )
1447 3415 1480 3446 in
1503 3412 1626 3446 callosis
1650 3415 1682 3446 δι
1705 3412 1942 3448 flavescentibus
1963 3416 2077 3447 Aortae
2101 3413 2181 3447 sedi-

1185 3456 1243 3491 bus
1268 3456 1397 3499 succum
1413 3454 1536 3499 flavum
1559 3454 1616 3490 esse
1649 3454 1855 3499 conspectum
1879 3456 2062 3501 pultaceum
2080 3480 2092 3497 ,
2123 3467 2183 3491 non

2059 3499 2140 3544 deffi-

284 3653 372 3704 ῗῐέὶιῐέ
386 3645 589 3702 ᾶυ(ῦὲει)ιτῃί.ιῖἶ
604 3676 645 3702 ch.
663 3686 686 3706 9.
703 3687 728 3704 η.
747 3688 769 3710 3.

290 3708 338 3733 loe.
355 3712 397 3738 cit.
413 3708 499 3738 supra,
515 3707 544 3733 ad
560 3715 585 3732 n.
604 3717 642 3738 ²4·

284 3739 356 3769 Epist.
373 3741 412 3767 18.
430 3746 453 3763 n.
467 3746 506 3769 ²5·
523 3739 549 3764 in

288 3777 315 3795 ι.
331 3780 368 3799 22.
386 3772 409 3797 ὅ(
425 3773 464 3795 ²6.

196 3646 271 3707 {53

198 3708 213 3736 (
226 3715 246 3738 g
261 3709 275 3737 )

199 3739 239 3797 {l
255 3739 268 3768 )
565 3738 606 3763 fin·
666 3740 674 3768 s
693 3747 717 3764 m
732 3742 747 3770 )
763 3742 821 3767 Vid.
837 3743 909 3772 Epist.
926 3742 998 3772 ejusd.
1014 3752 1038 3769 n.
1058 3750 1095 3772 3¹·
1112 3751 1150 3774 3²·

134 3794 148 3799 l
233 3778 247 3799 5
262 3777 273 3800 2
525 3771 539 3798 (
555 3777 567 3793 r
584 3767 593 3800 )
609 3769 668 3797 Obs.
685 3771 714 3796 nd
729 3780 753 3797 n.
773 3781 810 3798 ιο.
824 3771 894 3804 supra
909 3773 952 3799 cit.
971 3773 994 3805 §.
1011 3781 1031 3799 2.
1048 3776 1070 3799 δε
1086 3782 1108 3803 9.

649 3647 665 3677 (
678 3646 693 3672 b
705 3647 720 3676 )
737 3648 797 3676 nist.
813 3650 842 3675 de
858 3651 955 3676 rasead.
970 3653 1001 3676 κ.
1015 3650 1057 3676 des
1072 3652 1109 3677 sc.
1126 3653 1156 3676 Α.

832 3682 846 3712 (
861 3690 873 3707 u
888 3682 903 3710 )
918 3682 976 3707 Vid.
994 3681 1077 3712 supra,
1093 3690 1118 3706 n.
1135 3689 1174 3707 21.

703 3710 719 3738 (
732 3711 748 3735 k
765 3715 777 3739 >
792 3712 854 3742 aph.
871 3714 905 3737 Ν.
924 3714 954 3737 C.
970 3715 1030 3737 Dec.
1046 3721 1069 3737 ι,
1087 3715 1118 3738 Α,
1137 3720 1173 3738 ιο.
1189 3713 1250 3738 ΟΜ.
1269 3720 1319 3742 ι7ς.

1174 3658 1243 3682 ¹7¹3·
1258 3646 1315 3678 sDbs.
1333 3653 1407 3676 Anat.
1423 3658 1445 3681 ς.
1506 3652 1520 3681 (
1535 3659 1548 3676 c
1564 3651 1578 3680 )
1594 3650 1666 3679 Epist.
1687 3652 1723 3675 18.
1741 3658 1766 3675 n.
1784 3658 1822 3680 ²7-

1233 3679 1299 3713 (β)
1315 3684 1457 3707 Comment-
1471 3680 1501 3706 de
1517 3684 1609 3707 Bonon.
1627 3683 1665 3706 Se.
1682 3681 1758 3706 acad.
1775 3682 1852 3706 Tom.
1870 3688 1891 3706 ι.
1905 3680 1933 3707 in
1949 3682 2038 3712 Opusc.

1379 3712 1387 3741 (
1404 3713 1414 3735 ι’
1430 3712 1444 3740 )
1459 3719 1485 3736 η.
1501 3714 1537 3741 58.
1600 3713 1615 3742 ζ
1631 3712 1647 3737 k
1663 3713 1673 3745 )
1690 3712 1762 3741 Epist.
1779 3716 1817 3737 26.
1836 3720 1860 3736 n.
1876 3719 1915 3742 ²4·

1213 3744 1227 3773 (
1242 3752 1258 3768 n
1276 3743 1387 3772 )'Opusc.
1405 3742 1500 3767 Pathol.
1516 3743 1576 3769 ΟΜ.
1594 3751 1632 3773 51.

1692 3744 1707 3773 Ε
1723 3750 1736 3767 ο
1752 3743 1766 3772 )
1781 3751 1805 3768 n.
1820 3747 1843 3768 6,

1169 3775 1183 3804 (
1194 3774 1235 3804 s)
1250 3775 1341 3805 Opust.
1356 3776 1400 3799 cit.
1418 3773 1477 3799 Obs.
1492 3781 1533 3803 ⁴7,

1905 3743 2073 3777 (92n21q.
