2498 4075
375 215 467 250 ²erasus
491 233 501 252 ³
532 212 589 256 qui
623 208 757 246 fortasse
780 220 851 247 ante
876 211 981 255 ipsum
1015 224 1199 248 occurrerat
1232 214 1353 248 nemini
1378 239 1387 247 .

370 260 567 303 Stalpartius
601 259 611 295 (
634 255 654 289 h
677 259 691 295 )
714 257 801 289 enim
838 268 911 290 cum
947 256 985 287 de
1005 257 1158 303 *quodam
1202 257 1352 291 scriberet
1376 278 1388 295 ,

372 305 431 338 cui
455 313 514 346 pus
537 312 576 334 ex
599 301 717 340 iecoris
740 299 877 333 absceffii
891 311 954 332 non
968 299 1116 340 aflatim,
1140 313 1241 343 neque
1262 301 1296 334 in
1308 299 1385 333 tho-

373 348 459 380 racis
489 354 618 378 caveam
653 343 703 377 sed
739 344 863 377 modice
890 366 899 380 ‚
932 344 964 374 &
986 343 1019 375 in
1044 343 1231 385 pulmonem
1266 354 1322 385 per
1346 342 1384 376 fi-

373 390 490 424 flulam
514 386 726 429 diaphragma
751 386 990 430 perforantem,
1015 389 1145 429 utrique
1169 390 1282 421 visceri
1307 398 1385 420 con-

372 443 488 467 natum
510 454 520 470 ,
556 430 710 464 transibat
735 444 744 467 3
778 430 905 463 nullum
929 439 1042 463 contra
1075 441 1108 463 ac
1133 442 1192 473 pro
1214 430 1267 464 sua
1303 431 1385 464 mul-

373 477 483 519 tiplici
519 475 659 508 ieetione
693 474 809 507 solitus
846 483 912 506 erat
937 498 947 514 ,
982 473 1165 515 exemplum
1188 473 1312 508 addidit
1337 486 1387 508 re-

374 530 446 553 rum
471 517 631 559 ejusmodi
667 529 745 559 quas
769 517 850 550 alius
873 528 928 557 per
951 526 1124 549 anatomen
1149 516 1383 559 conspexisset:

370 562 449 596 Post
471 562 566 595 illum
589 571 694 594 autem
721 572 733 599 5
766 560 787 593 si
811 561 943 602 quidem
969 559 1044 594 fidei
1068 572 1132 594 non
1155 562 1284 595 incertae
1308 562 1384 595 Ob-

367 606 544 640 servatores
579 606 753 648 quaerimus
779 626 788 642 ,
823 613 859 636 ut
895 604 966 637 sane
999 603 1152 637 debemus
1174 616 1188 645 ,·
1220 605 1384 638 neminem

369 649 482 693 legisse
512 660 597 684 nunc
623 649 756 681 memini
783 669 792 685 ‚
824 648 881 687 qui
906 647 1014 686 idem,
1039 646 1157 680 nedum
1181 648 1268 690 quod
1302 650 1384 682 Val-

370 694 457 728 salva
481 718 490 734 ‚
523 692 791 735 deprehenderit.
816 690 887 730 Qi
912 689 1129 733 symptomata
1153 691 1285 733 quidem
1311 704 1383 736 quae

371 738 527 780 colligere
574 739 685 779 potuit
711 757 720 771 ‚
753 734 871 775 scripta
913 733 1081 776 reliquit.
1121 734 1181 767 Sed
1228 736 1315 768 inter
1346 748 1382 769 ea

370 782 484 821 vides,
508 792 575 822 quo
608 790 719 812 tumor
753 778 875 810 ventris
897 799 907 815 ,
943 778 976 814 &
1011 775 1129 818 pedum
1162 779 1289 812 oedema
1322 779 1382 812 sint

368 823 535 861 referenda
557 848 566 856 .
604 822 757 857 Difficilis
777 831 882 854 autem
908 820 1082 862 respiratio
1115 822 1159 854 fic
1192 820 1305 856 affecto
1329 821 1384 856 he-

367 878 444 913 pate
468 893 476 908 ‚
511 870 642 909 integro
686 876 794 900 autem
835 863 1082 907 diaphragmate
1137 863 1199 899 esse
1241 867 1346 909 potest
1373 889 1384 906 ‚

370 922 409 947 ut
442 912 529 946 tuffis
563 913 659 944 etiam
685 932 694 947 ‚
729 907 820 950 cujus
844 908 877 940 in
903 907 957 941 ista
984 907 1119 942 muliere
1151 918 1246 944 tanto
1281 910 1384 951 magis

368 957 524 999 ambigua
559 964 625 989 erat
656 953 854 996 significatio
878 972 888 989 ,
920 951 1009 993 quod
1041 953 1185 986 materiae
1218 953 1384 987 catarrha-

371 1001 414 1035 lis
448 1001 667 1034 excretionem
704 995 916 1038 conjunt‘tam
952 994 1092 1029 habebat
1116 1023 1123 1029 .
1166 997 1288 1030 Exstant
1331 996 1384 1030 hic

368 1046 405 1079 in
441 1043 654 1086 Sepulchreto
686 1041 768 1085 (i)
804 1036 999 1072 abscessuum
1031 1039 1155 1081 hepatis
1180 1039 1321 1074 historiae
1346 1041 1385 1074 ad

368 1090 530 1132 viginti.
563 1087 621 1120 Sed
655 1085 743 1118 nulla
790 1081 856 1116 fere
893 1080 935 1115 est
965 1085 998 1114 in
1033 1095 1095 1125 qua
1128 1094 1193 1116 non
1228 1083 1385 1126 majorem

369 1144 482 1168 curam
504 1130 657 1165 desideres
690 1131 721 1161 in
757 1126 921 1169 signorum
954 1125 1176 1160 observatione
1199 1150 1209 1165 ‚
1241 1126 1263 1160 fi
1297 1127 1387 1160 illam

369 1178 462 1217 (le)
498 1175 638 1217 excipias
672 1168 922 1211 Noribergensis
957 1171 1055 1206 viri,
1091 1181 1164 1212 quae
1198 1182 1214 1203 a
1247 1172 1387 1204 Coitero

369 1221 533 1262 descripta
556 1217 598 1251 est
622 1241 629 1248 .
667 1216 796 1249 Verum
818 1215 852 1246 in
887 1213 946 1246 illo
972 1214 1115 1263 vomica.
1139 1212 1250 1248 simam
1276 1214 1384 1264 *hepa-

365 1267 416 1299 tis
452 1270 601 1297 tenuerat
635 1269 785 1302 partem,
818 1267 854 1290 ur
885 1265 1037 1298 appareat
1060 1279 1070 1296 ‚
1106 1268 1139 1290 in
1177 1269 1299 1292 ventris
1331 1269 1385 1291 ca-

372 1319 452 1342 vum
485 1306 513 1340 se
545 1301 694 1348 aperuiffi‘
718 1326 725 1333 .
760 1303 798 1334 In
835 1298 1008 1341 eademque
1041 1298 1118 1333 sima
1151 1311 1242 1343 parte
1273 1301 1385 1344 juveni

370 1352 477 1387 fuerat
502 1361 598 1392 quem
624 1347 724 1381 secuit
749 1347 894 1378 Paawius
918 1349 928 1383 (
954 1343 966 1376 l
989 1346 999 1382 )
1025 1357 1034 1380 3
1070 1344 1120 1377 sed
1145 1344 1213 1378 haec
1237 1357 1296 1388 pus
1320 1357 1385 1379 non

370 1395 549 1434 effuderat;
573 1403 609 1426 ut
645 1390 793 1424 foramen
825 1388 901 1420 duos
930 1397 1050 1429 pugnos
1082 1388 1254 1423 admittens
1276 1412 1284 1426 ‚
1319 1401 1386 1431 quo

372 1439 586 1481 diaphragma
610 1445 663 1469 exe
680 1445 731 1468 um
756 1441 822 1465 erat
845 1441 905 1473 qua
923 1438 1017 1472 parte
1040 1431 1072 1464 in
1089 1431 1211 1474 fimflro
1233 1432 1387 1474 latereje-

370 1485 458 1520 ‘coris
481 1479 640 1515 accumbit
661 1501 673 1518 ‚
709 1488 774 1509 non
811 1487 827 1508 a
862 1475 1152 1516 puriseruptione
1177 1474 1301 1509 saecum
1335 1477 1388 1508 in-

367 1528 545 1570 *telligatur
569 1538 577 1556 z
613 1531 766 1566 praeterea
788 1518 871 1552 nihil
894 1516 1058 1550 indicatur
1081 1530 1194 1552 eorum
1217 1531 1290 1562 quae
1313 1520 1388 1552 obi-

366 1580 449 1607 *tum
462 1566 710 1605 antecesserant,
735 1572 771 1596 ut
796 1573 899 1605 neque
922 1562 955 1593 in
971 1561 1071 1595 altero
1095 1566 1153 1602 (m)
1166 1564 1198 1596 in
1221 1575 1288 1606 quo
1302 1563 1388 1597 idem

372 1616 522 1653 Paawius
554 1612 619 1645 duo
652 1610 685 1641 in
721 1606 836 1649 jecoris
868 1605 966 1646 gibba
998 1615 1088 1647 parte
1124 1608 1249 1640 invenit
1284 1607 1390 1642 ulcera

374 1657 560 1695 :introrsum
596 1650 798 1694 penetrantia
822 1673 829 1680 .
867 1649 941 1681 Nec
976 1649 1148 1689 peculiaria
1183 1650 1271 1692 signa
1305 1652 1390 1694 leges

374 1707 416 1739 'in
440 1700 537 1737 Blaiii
569 1696 807 1732 Observatione
831 1696 842 1731 (
866 1701 886 1724 n
909 1695 922 1730 )
955 1689 1081 1733 hepatis
1117 1694 1162 1726 ita
1197 1694 1391 1736 suppurati,

370 1759 412 1784 lit
446 1746 510 1780 sola
543 1741 611 1785 ejus
653 1739 765 1773 tunica
809 1747 867 1779 pus
910 1747 927 1769 a
957 1734 1202 1779 diaphragmate
1245 1737 1393 1780 sejunge-

372 1802 428 1829 xet
464 1790 549 1823 areoe
585 1785 709 1819 adnexo
732 1806 740 1814 .
774 1780 858 1813 Haec
891 1782 1185 1819 commemoravi,
1220 1792 1257 1815 ur
1289 1782 1393 1824 magis

371 1826 580 1871 fintenioeres
605 1855 613 1868 ,
647 1836 774 1871 quanto
797 1823 979 1867 optabilius
1013 1822 1089 1857 esset
1114 1848 1123 1864 ,
1166 1824 1201 1858 id
1248 1837 1265 1859 a
1310 1826 1392 1859 Val-

372 1880 467 1916 'salva
491 1862 645 1922 :potuisse
689 1869 831 1914 praestari
865 1867 956 1911 quod
987 1868 1096 1901 caeteri
1141 1878 1206 1914 tion
1238 1868 1394 1910 praestite-

373 1909 480 1962 3rant,
504 1920 663 1955 nimirum
700 1912 789 1957 quod
831 1911 870 1946 ad
905 1910 993 1954 figna
1029 1913 1151 1945 attinet
1183 1913 1303 1954 jecoris
1338 1912 1395 1945 ab-

370 1967 526 2004 ffceffibus
560 1961 624 1996 fere
657 1957 846 1993 communia
878 1966 950 1999 quae
973 1954 1160 1994 defuerint,
1186 1963 1240 1988 aut
1265 1966 1331 1988 non
1356 1966 1396 1987 ex

372 1995 425 2047 ¹:iis
459 2009 571 2044 saltem
602 2015 674 2048 quae
711 2000 883 2035 adnotavit
918 1999 1073 2033 Coiterus
1098 2021 1108 2037 ‚
1142 2008 1255 2041 praeter
1290 1997 1396 2031 tuffirn

381 2059 415 2092 δι
451 2055 538 2088 sitim
561 2074 575 2092 ,
608 2060 687 2092 quas
723 2044 875 2078 Valsalva
917 2054 1050 2086 quoque
1096 2043 1326 2076 memoravit:
1362 2052 1400 2074 ex

381 2101 482 2137 sionis
516 2105 622 2130 autem
660 2090 752 2132 rupti
786 2084 940 2122 abscessus
963 2098 1042 2120 num
1075 2099 1109 2120 ea
1131 2085 1251 2120 fuerint
1275 2096 1346 2128 quae
1384 2095 1401 2117 a

380 2129 525 2181 Cbitero
558 2138 632 2172 sunt
656 2136 690 2168 in
723 2133 811 2166 hunc
835 2129 970 2164 modum
993 2129 1158 2164 indicata.-
1183 2131 1240 2172 qui
1265 2129 1299 2162 in
1322 2128 1401 2162 dex—

383 2200 457 2226 tero
480 2179 760 2228 hypochondrio‚
785 2174 995 2217 subjectaque
1019 2176 1152 2217 regione
1175 2174 1280 2207 suerat
1301 2195 1311 2210 ,
1346 2180 1400 2221 ru-¹

384 2243 454 2270 mm·
477 2227 567 2271 dffiit
579 2249 592 2267 ,
614 2223 748 2257 durities
771 2221 924 2255 evanum
948 2220 1048 2251 eodem
1073 2219 1121 2250 die
1154 2217 1277 2259 aliquot
1301 2226 1398 2249 amma

385 2274 535 2317 deliquiis
558 2274 719 2308 correptus
743 2264 881 2296 animam
904 2261 990 2294 dedic
1013 2286 1021 2294 .
1059 2262 1147 2295 Nam
1173 2260 1323 2294 Valsalva
1349 2260 1402 2291 ni-

388 2321 438 2356 hil
472 2321 632 2350 memorat
656 2336 664 2350 ,
700 2306 758 2341 nisi
795 2305 942 2339 dolorem
967 2306 1025 2347 qui
1051 2307 1142 2347 supra
1178 2304 1401 2338 umbilicalem

388 2363 558 2406 regionem
590 2354 694 2388 fuerat
721 2375 730 2391 ‚
759 2348 872 2392 senfim
895 2346 1053 2391 defeciffe,
1079 2350 1212 2381 materia
1251 2347 1406 2382 videlicet

390 2401 533 2441 abcessus
559 2399 662 2441 magis
687 2393 849 2436 magisque
873 2403 911 2424 ex
937 2391 998 2424 hoc
1033 2395 1064 2423 in
1104 2390 1269 2425 thoracem
1295 2390 1407 2435 tradu-

389 2452 443 2486 &a
467 2474 474 2481 .
509 2443 616 2485 Cujus
657 2438 780 2472 36ὶίοηί
814 2435 892 2477 quid
927 2444 996 2467 tum
1042 2435 1232 2468 detrimenti
1277 2434 1407 2468 accesle-

381 2496 435 2533 ¹fit
502 2501 542 2524 ne
571 2484 695 2520 indicat
719 2479 874 2524 quidem3
900 2478 980 2511 nihil
1008 2478 1157 2511 videlicet
1182 2479 1343 2520 attingens
1365 2478 1405 2510 de

385 2515 573 2573 diffi’ciliori
608 2528 693 2563 faeta
728 2523 938 2568 respiratione
960 2546 974 2563 ,
1023 2533 1059 2556 ut
1097 2521 1179 2555 nihil
1224 2521 1263 2556 de
1302 2521 1403 2555 animi

388 2579 564 2623 deliquiis.
684 2615 690 2622 ·

436 2628 468 2658 6.
501 2621 585 2655 Haec
627 2616 747 2650 ultima
770 2634 780 2650 ³

386 2680 463 2715 (με
495 2666 567 2698 sunt
603 2663 636 2694 in
681 2656 885 2701 sepulchreto
931 2657 1029 2697 paulo
1075 2664 1150 2687 ante
1197 2652 1404 2694 defignatae‚

384 2723 457 2750 non
491 2707 595 2750 magis
627 2713 725 2747 quarn
758 2702 857 2733 citam
893 2708 1030 2731 mortem
1057 2721 1065 2734 ,
1101 2697 1280 2735 adnotari,
1311 2696 1403 2728 inve-

391 2759 462 2793 nies
504 2754 539 2786 in
573 2750 613 2782 iis
646 2746 766 2788 quibus
802 2742 831 2777 se
877 2744 1005 2776 vomica
1051 2741 1176 2785 hepatis
1208 2742 1242 2773 iri
1285 2741 1407 2785 vent-ris

391 2809 514 2837 cavum
538 2796 767 2828 exoneraverat
790 2789 804 2826 (
826 2786 878 2828 o)
902 2809 910 2823 ,
949 2786 971 2818 fi
999 2787 1104 2818 virum
1129 2785 1290 2827 excipias,
1314 2794 1407 2833 cujus

390 2843 504 2881 casum
545 2851 563 2872 a
594 2836 734 2869 Coitero
765 2831 966 2872 descriptum
1001 2829 1089 2872 (p)
1124 2838 1408 2861 commemoravr:

395 2892 429 2925 ὅ(
454 2892 569 2920 contra
593 2905 601 2920 ‚
636 2877 789 2921 pistorem
826 2875 910 2917 leges
943 2876 1034 2915 (q)
1067 2873 1223 2906 interdum
1253 2870 1407 2912 leipothy-

394 2934 460 2969 mia
494 2933 653 2962 tentatum
677 2946 686 2960 ,
720 2919 812 2961 cujus
846 2918 1014 2960 suppurati
1060 2916 1185 2958 hepatis
1218 2914 1336 2948 ἱηῑαὲῐα
1370 2924 1406 2947 ac

392 2978 516 3018 integra
540 2965 719 3004 membrana
754 2972 823 2996 erat
849 2987 856 2994 .
894 2962 1053 2994 Attamen
1088 2970 1262 3000 utrumque
1293 2969 1404 2991 eorum

391 3030 466 3063 (με
508 3017 543 3048 in
585 3009 732 3046 historiis
773 3006 839 3038 illis
885 3007 1018 3038 minime
1062 3003 1278 3039 scribuntur,
1326 3001 1404 3043 saepe

391 3063 472 3098 adeo
503 3056 647 3094 Medicis
672 3076 681 3091 ,
717 3053 748 3083 δέ
779 3051 812 3082 in
849 3047 898 3082 his
932 3049 1128 3090 1>raeceptori
1153 3057 1224 3080 meo
1257 3044 1406 3092 Alberti-

392 3119 438 3143 no
470 3102 614 3139 occurrit
638 3120 651 3138 ,
681 3103 718 3129 ut
755 3091 883 3125 solicite
924 3101 1070 3127 moneret
1095 3114 1107 3130 ,
1140 3101 1178 3123 ne
1209 3099 1284 3122 cum
1316 3091 1405 3130 signa

395 3151 494 3185 essent
529 3142 683 3180 abscessus
706 3140 740 3172 in
773 3136 886 3175 hepate
910 3135 975 3178 jam
1010 3134 1167 3178 perfecti,
1191 3143 1274 3175 :eger
1297 3143 1408 3182 mov-e·-

392 3203 511 3230 retur3
546 3199 612 3224 non
656 3181 746 3227 quod
791 3181 958 3222 ignoraret
982 3205 990 3218 ,
1025 3188 1152 3212 motum
1184 3177 1224 3210 ab
1266 3186 1407 3218 egregiis

396 3236 545 3279 alioquin
586 3228 793 3266 Auctoribus
841 3233 916 3257 tunc
959 3223 1018 3257 esse
1056 3231 1251 3265 praeceptum
1276 3241 1286 3257 2
1318 3220 1407 3262 quod

395 3284 427 3315 ἃ
463 3277 617 3314 memoria
652 3274 757 3305 nostra
793 3267 932 3303 feliciter
976 3265 1093 3300 ceffisle
1135 3274 1369 3305 nonnunquam
1392 3286 1405 3303 ‚

394 3325 532 3367 legimus
555 3333 565 3357 3
600 3317 650 3351 sed
678 3316 766 3358 quod
799 3312 874 3346 hinc
899 3312 1040 3345 censeret
1064 3335 1073 3350 ,
1107 3308 1239 3348 fortuna
1264 3308 1331 3341 fieri
1347 3329 1354 3342 ‚
1378 3309 1404 3342 fi

394 3380 454 3412 pus
489 3367 529 3400 sic
564 3361 702 3401 disrupti
736 3355 890 3391 abssessus
917 3379 924 3392 ‚
959 3353 1052 3386 illaesa
1084 3352 1210 3394 hep‘tis
1243 3352 1404 3401 membra-

391 3423 433 3448 na
456 3435 466 3453 ‚
499 3420 555 3454 per
588 3404 697 3440 bilarii
732 3400 845 3436 duetus
877 3410 981 3434 ramos
1016 3396 1055 3432 ad
1089 3398 1140 3430 int
1173 3396 1243 3430 {ina
1278 3395 1403 3430 deriva-

813 2611 834 2645 si
869 2609 1016 2644 historias
1063 2611 1135 2644 illas
1169 2618 1222 2643 tot
1263 2608 1404 2651 perleges

980 131 1139 185 Liber
1173 139 1255 185 111.
1292 132 1374 186 De
1410 127 1865 187 Morbis'Ventris

1440 222 1531 247 retur
1554 223 1564 250 3
1597 212 1672 245 inde
1706 223 1812 246 autem
1838 212 2054 255 perspiceret;
2088 211 2304 256 quatrirfacile
2326 225 2360 248 ea
2386 221 2449 257 poa

1438 258 1504 290 tius
1539 266 1689 299 perrupta
1714 256 1899 290 membrana
1925 278 1934 293 ,
1969 258 2003 289 in
2040 259 2161 290 ventris
2186 269 2298 291 cavum
2324 258 2446 292 effundi

1438 300 1540 340 posset
1563 323 1575 339 ‚
1605 310 1791 343 aegrumque
1824 299 1910 332 illata
1937 300 2074 343 syncope
2099 299 2265 334 confestim
2300 313 2414 336 necare
2437 326 2445 333 .

1436 344 1513 376 Hoc
1535 344 1621 376 enim
1643 367 1654 382 ,
1690 343 1719 376 se
1744 343 1966 379 adolescente,
2004 345 2189 377 meminerat
2217 345 2372 378 Bononiae
2394 357 2447 378 ac-

1436 386 1546 420 cidiss'e
1569 409 1581 426 ,
1618 397 1692 419 cum
1729 386 1876 427 ptaestans
1924 387 2103 426 Medicus,
2143 389 2292 429 idemque
2324 389 2448 422 nobilis

1437 430 1619 470 Chirurgus
1646 452 1655 468 ,
1688 428 1762 462 illos
1795 430 1918 465 secutus
1952 432 2115 465 Auc'iores
2138 452 2147 466 ‚
2183 440 2308 465 motum
2342 435 2447 473 impe-

1437 473 1528 507 rasset
1563 474 1687 515 virgini
1719 474 1772 505 cui
1804 472 1893 516 jecur
1925 484 1994 506 erat
2030 475 2277 516 suppuratum3
2314 475 2448 518 profuso

1436 519 1522 550 enim
1566 518 1598 549 in
1642 524 1788 549 ventrem
1824 529 1902 558 pure
1934 528 2053 559 aegram
2090 528 2167 551 mox
2202 518 2289 551 inter
2332 517 2450 552 mulie-

1437 571 1511 594 rum
1545 561 1663 603 quibus
1696 561 1901 594 innitebatur
1925 585 1933 599 ,
1967 573 2079 595 manus
2112 560 2271 594 interiisse
2294 586 2301 592 .
2334 563 2447 596 Postea

1438 614 1545 638 autern
1578 605 1627 637 vel
1653 602 1717 636 sine
1750 613 1842 637 motu
1866 627 1879 643 ,
1915 614 1968 638 aut
1993 615 2079 638 certe
2105 606 2141 637 ad
2166 605 2270 637 levem
2296 616 2446 642 motum,

1436 657 1472 680 ut
1509 647 1546 680 fit
1571 669 1580 683 ‚
1611 649 1645 680 in
1681 647 1766 680 leno
1791 672 1798 684 ‚
1835 656 1890 680 ant
1928 650 2005 681 dum
2029 662 2045 682 e
2067 649 2151 682 lecto
2176 647 2340 690 surgitur,
2364 649 2452 683 idem

1435 691 1607 732 contigisse
1631 716 1638 731 ,
1673 691 1942 724 antmadverterat
1965 704 2039 725 cum
2065 694 2098 725 in
2135 692 2206 726 aliis
2227 714 2239 731 ‚
2271 701 2340 725 turn
2367 703 2449 734 prae-

1434 733 1545 767 sertim
1582 735 1615 767 in
1649 734 1843 767 Marchione
1876 736 2142 776 generosissimo,
2175 735 2266 776 cujus
2301 745 2368 768 erat
2392 736 2450 769 ab·

1435 776 1547 811 sces'sus
1582 779 1616 810 in
1651 777 1727 811 sima
1766 779 1919 820 Jecinoris
1953 789 2045 821 parte
2071 804 2079 811 .
2114 780 2247 820 Qibus
2284 779 2451 812 Observa-

1436 821 1584 856 tionibus
1619 822 1773 856 adductus
1798 844 1808 859 ‚
1841 820 2062 857 suspicabatur
2085 845 2097 863 ,
2130 834 2195 856 non
2227 824 2271 856 ita
2305 822 2453 856 absimile

1435 867 1552 898 mortis
1575 876 1673 908 genus
1704 867 1737 898 in
1764 866 1868 899 nobili
1895 866 1959 898 alio
1985 866 2090 906 Viro,
2114 865 2204 907 cujus
2229 868 2337 899 morbi
2364 868 2450 908 ligna

1436 910 1549 942 omnia
1591 910 1665 942 alias
1688 911 1702 948 (
1724 913 1774 948 ν)
1807 909 1870 942 tibi
1914 910 2088 950 diligenter
2125 910 2319 952 perscribam
2353 932 2362 947 ‚
2409 910 2450 943 ab

1437 964 1502 986 non
1528 953 1607 986 adeo
1632 952 1771 986 absimili
1796 951 1887 987 causa
1911 952 1969 986 esse
1994 955 2203 994 repetendum
2225 980 2229 985 .
2265 955 2315 987 Eo
2340 963 2451 987 autern

1437 997 1545 1030 minus
1578 995 1736 1038 probabat
1780 1007 1907 1030 motum
1932 1019 1941 1034 ,
1975 995 2065 1038 quod
2111 996 2262 1030 abscessus
2286 1022 2293 1035 ‚
2343 1008 2454 1031 tantus

1437 1040 1615 1083 aliquando
1640 1064 1649 1080 ‚
1682 1050 1737 1073 aut
1771 1040 1836 1081 ejus
1868 1041 1994 1082 generis
2029 1039 2075 1073 est
2101 1066 2108 1077 ‚
2146 1049 2181 1073 ut
2215 1039 2342 1085 tametsi
2377 1040 2452 1075 casu

1434 1095 1491 1125 per
1524 1084 1658 1117 bilarios
1691 1083 1807 1118 ἀυᾶιις
1839 1087 1963 1117 exitum
1996 1085 2174 1121 inveniat;
2208 1086 2308 1117 sanari
2343 1095 2452 1117 tamen

1440 1127 1518 1169 aegri
1552 1137 1616 1159 non
1657 1127 1775 1170 poffint
1818 1139 1852 1161 ea
1885 1127 2044 1160 felicitate
2075 1139 2147 1169 quae
2193 1126 2253 1169 ipsi
2285 1128 2451 1169 obtigerat

1439 1171 1474 1203 in
1508 1171 1661 1212 primaria
1697 1171 1850 1204 Matrona
1876 1197 1883 1207 ,
1918 1173 2062 1212 itemque
2086 1174 2118 1203 in
2142 1169 2287 1209 famula,
2313 1176 2453 1213 quarum

1439 1223 1611 1256 utramque
1635 1214 1789 1248 diuturna
1813 1214 1946 1257 quidem
1978 1214 2149 1257 diligentia
2172 1240 2180 1253 ,
2215 1214 2265 1247 sed
2288 1226 2352 1247 non
2379 1216 2452 1249 aliis

1439 1258 1684 1292 medicamentis
1709 1280 1718 1295 ‚
1759 1269 1857 1300 quam
1894 1258 1993 1292 resina
2040 1257 2261 1291 terebinthina
2286 1280 2295 1295 ,
2337 1261 2368 1290 ὅ(
2406 1257 2453 1292 se-

1437 1314 1476 1337 ro
1502 1325 1512 1340 ‚
1547 1301 1662 1335 deinde
1699 1302 1800 1335 succis
1834 1301 1958 1335 hederae
1995 1301 2149 1335 terrestris
2172 1323 2181 1337 ,
2216 1304 2248 1334 ὅτ
2281 1300 2457 1335 consolidae

1439 1346 1555 1379 mediae
1582 1370 1590 1383 ,
1625 1345 1708 1379 mihi
1743 1344 1936 1379 asseverabat
1962 1370 1970 1385 ,
2005 1345 2034 1378 se
2057 1343 2236 1388 pei-curasse
2258 1369 2265 1378 .
2299 1344 2458 1389 Namque

1439 1390 1498 1423 ubi
1532 1388 1685 1431 jecinoris
1727 1391 1856 1423 vomica
1892 1389 1950 1422 sibi
1985 1389 2052 1431 ipsa
2091 1393 2212 1422 exitum
2244 1399 2369 1431 aperuit
2405 1399 2459 1431 per

1441 1433 1628 1468 abdominis
1660 1433 1821 1467 musculos
1843 1455 1853 1470 ‚
1885 1432 1977 1474 cujus
2010 1433 2055 1465 rei
2088 1434 2232 1475 exempla
2259 1438 2324 1466 duo
2349 1433 2462 1466 Bono-

1443 1479 1504 1510 ni'ae
1544 1475 1791 1517 proferebantur
1813 1502 1821 1517 ‚
1855 1478 1905 1510 vel
1940 1486 2017 1509 tunc
2042 1476 2096 1509 etsi
2123 1488 2186 1509 non
2223 1477 2360 1509 internis
2386 1489 2458 1510 mo-

1443 1520 1509 1561 do,
1534 1520 1586 1553 sed
1610 1523 1642 1553 &
1665 1523 1805 1554 externis
1827 1543 1839 1560 ‚
1874 1519 1931 1562 ipsi
1957 1519 2158 1563 apostematis
2180 1532 2261 1553 cavo
2283 1520 2465 1561 adhibitis,

1446 1564 1596 1598 remediis
1620 1564 1693 1598 data
1718 1576 1817 1607 opera
1851 1564 1893 1597 est
1917 1586 1926 1601 ,
1962 1575 1996 1597 ut
2021 1562 2110 1605 jecur
2148 1565 2331 1603 sanaretur,·
2353 1575 2463 1597 tamen

1443 1609 1477 1641 in
1512 1609 1614 1641 altero
1646 1607 1817 1642 dumtaxat
1851 1606 1882 1641 id
1915 1606 2043 1641 fuerant
2080 1608 2266 1640 consecuti.-
2290 1610 2323 1640 in
2359 1609 2462 1642 altero

1444 1662 1553 1686 antem
1577 1674 1589 1690 ‚
1623 1662 1663 1684 ex
1699 1663 1766 1694 quo
1799 1652 1931 1685 materia
1966 1651 2144 1693 aliquando
2170 1651 2279 1684 exibat
2305 1663 2394 1693 aquae
2423 1652 2462 1685 si-

1445 1696 1532 1728 milis
1557 1696 1591 1726 in
1626 1705 1689 1736 qua
1723 1706 1800 1727 caro
1835 1707 1942 1728 recens
1976 1695 2043 1728 lota
2079 1694 2122 1727 est
2149 1722 2157 1735 ‚
2195 1695 2369 1735 aliquando
2404 1695 2464 1729 fla-

1445 1739 1480 1771 vi
1525 1738 1648 1779 aliquid
1673 1761 1687 1778 ,
1727 1738 1882 1781 consequi
1917 1738 2003 1771 idem
2050 1749 2112 1770 non
2155 1748 2371 1781 potuerunt3
2410 1737 2464 1774 sed

1445 1792 1530 1824 aeger
1553 1781 1693 1825 denique
1726 1792 1874 1828 mortuus
1907 1781 1951 1814 est
1977 1795 1986 1813 z
2022 1792 2211 1823 quanquam
2244 1783 2321 1815 huic
2353 1793 2465 1816 tumo-

1445 1837 1514 1860 rem
1537 1835 1602 1859 non
1627 1836 1695 1859 tarn
1719 1825 1844 1860 naturae'
1875 1826 1922 1859 vis
1948 1848 1955 1862 ‚
1989 1836 2086 1867 quam
2118 1826 2195 1858 artis
2220 1835 2307 1858 error
2331 1838 2466 1868 apeme-

1446 1878 1497 1903 rat
1522 1893 1531 1903 .
1567 1868 1714 1902 Medicus
1746 1870 1855 1907 enim,
1878 1871 2028 1911 quamvis
2054 1871 2196 1901 nominis
2230 1867 2315 1902 haud
2348 1871 2467 1904 obscu-

1445 1914 1475 1945 ri
1498 1937 1509 1953 ‚
1549 1912 1716 1955 sociusque
1739 1911 1949 1954 Chirurgus,
1979 1913 2112 1944 mininie
2136 1913 2359 1951 attendentes,
2384 1916 2468 1947 icte-

1446 1966 1520 1989 rum
1555 1954 1771 1992 antecessisse,
1805 1957 1950 1996 itemque
1986 1957 2048 1989 alia
2082 1954 2208 1996 hepatis
2241 1957 2345 1990 labem
2379 1960 2469 1991 indi-

1449 2000 1583 2037 cantia,
1615 2000 1705 2032 tastu
1744 1998 1772 2032 se
1805 1999 1948 2041 decipi,
1984 2000 2029 2031 ob
2062 2000 2196 2033 eandem
2229 1998 2359 2034 fortasse
2390 2012 2468 2035 cau-

1451 2042 1519 2075 sam
1554 2042 1628 2084 paffi
1663 2041 1791 2075 fuerant
1819 2067 1826 2079 ,
1860 2053 1932 2085 quae
1967 2054 1985 2075 a
2026 2043 2173 2075 Fantono
2207 2054 2294 2084 patre
2317 2044 2400 2088 (s)
2433 2047 2469 2078 in

1453 2087 1686 2119 extenuatione
1709 2085 1940 2127 impositorum
1965 2085 2185 2119 musculorum
2204 2088 2388 2121 abdominis
2411 2089 2470 2123 de-

1454 2129 1607 2172 prehensa
1643 2130 1685 2163 cst
1709 2153 1717 2168 ,
1751 2138 1787 2162 ut
1819 2130 1854 2162 in
1885 2128 1937 2163 his
1969 2127 2030 2162 esse
2064 2140 2226 2164 tumorem
2250 2132 2307 2174 qui
2343 2135 2376 2165 in
2412 2133 2471 2166 he-

1454 2184 1526 2216 pate
1561 2183 1659 2213 erat,
1696 2174 1948 2211 existimarent3
1984 2173 2092 2215 itaque
2124 2174 2349 2209 mollientibus
2373 2177 2471 2211 adhi-

1452 2218 1532 2252 bitis
1567 2217 1836 2260 suppurat-ionem
1869 2217 2138 2259 importunissima
2181 2218 2347 2253 sedulitate
2389 2232 2471 2255 con-

1452 2264 1632 2296 citaverant
1657 2285 1663 2291 .
1702 2261 1867 2302 Intelligis
1889 2260 1968 2304 quid
1994 2261 2177 2302 improbem
2195 2287 2204 2294 .
2240 2262 2357 2304 Neque
2382 2269 2471 2301 enim

1455 2308 1482 2339 is
1517 2305 1587 2338 sum
1623 2305 1678 2346 qui
1714 2306 1770 2338 ubi
1806 2314 1919 2338 natura
1944 2303 2008 2345 ipsa
2034 2304 2248 2348 suppuratum
2272 2304 2392 2348 jecoris
2416 2319 2471 2344 tu-

1458 2360 1582 2382 morem
1606 2349 1643 2382 ad
1670 2348 1853 2382 abdominis
1874 2357 1988 2390 urgeat
2024 2348 2206 2389 musculos,
2231 2361 2288 2391 pus
2322 2352 2371 2386 ibi
2395 2356 2471 2387 diu-

1457 2395 1523 2426 tius
1558 2392 1724 2439 sinendum
1756 2393 1897 2426 censeam
1936 2393 2024 2435 quod
2062 2395 2095 2425 in
2127 2394 2194 2427 dies
2231 2405 2409 2437 augeatur,
2434 2400 2471 2433 &

1458 2447 1547 2470 mora
1589 2447 1683 2478 pejus
1719 2435 1840 2471 facium
1863 2458 1873 2474 ,
1907 2435 2097 2478 sanguinem
2143 2437 2267 2471 inficiat
2293 2462 2302 2478 ,
2338 2440 2471 2475 visceris

1457 2489 1562 2523 partes
1597 2483 1673 2514 alias
1696 2502 1705 2517 ‚
1749 2481 1886 2522 aliasque
1930 2483 2041 2513 erodat
2068 2505 2077 2521 ,
2120 2479 2243 2522 sibique
2279 2483 2365 2516 viam
2402 2497 2469 2527 quo

1456 2525 1563 2557 minus
1596 2524 1725 2567 expedit
1748 2546 1758 2562 ,
1795 2525 1936 2567 aperiat,
1963 2534 1999 2556 ut
2032 2534 2110 2566 puta
2145 2526 2179 2557 in
2213 2527 2430 2562 ventriculum
2457 2541 2469 2569 5

1455 2570 1490 2601 in
1521 2567 1607 2600 hunc
1643 2568 1730 2601 enim
1763 2579 1894 2610 quoque
1926 2577 1979 2610 per
2014 2568 2158 2608 amplum
2201 2566 2347 2604 foramen
2382 2574 2470 2607 irru-

1456 2611 1555 2655 pisse,
1579 2612 1633 2645 CI.
1659 2612 1820 2653 Vogelius
1844 2616 1854 2651 (
1880 2620 1895 2644 ι·
1918 2615 1928 2650 )
1954 2610 2166 2653 deprehendit
2190 2634 2198 2649 ‚
2236 2624 2290 2647 aut
2324 2617 2355 2647 in
2392 2616 2470 2650 tho.

1456 2667 1594 2695 racem,
1639 2664 1676 2689 ut
1733 2654 1824 2697 supra
1870 2654 2100 2692 ostendimus,
2132 2664 2220 2692 aut.
2266 2658 2355 2699 quod
2405 2661 2469 2693 mi-

1457 2710 1517 2734 nus
1548 2711 1622 2733 raro
1655 2699 1775 2733 accidit
1802 2723 1810 2737 ‚
1844 2699 1878 2732 in
1914 2700 2033 2731 ventris
2068 2709 2183 2731 cavum
2210 2724 2218 2736 ,
2255 2701 2339 2735 unde
2373 2705 2469 2737 mise-

1457 2755 1492 2776 ra
1518 2765 1528 2781 ,
1560 2746 1592 2777 δε
1628 2744 1714 2777 lenta
1757 2754 1843 2776 mors
1868 2767 1876 2783 ‚
1908 2741 1932 2775 fi
1967 2743 2145 2783 periculum
2180 2741 2354 2786 effugiatur
2379 2748 2468 2781 citis.

1458 2788 1536 2820 sime
1560 2808 1570 2824 ,
1602 2796 1638 2820 ut
1669 2787 1879 2820 Albertinurn
1915 2784 2025 2819 vidisse
2050 2809 2058 2823 ‚
2095 2786 2239 2821 diximus
2275 2793 2285 2828 (
2310 2801 2328 2822 u
2354 2793 2363 2829 )
2389 2814 2400 2830 ,
2434 2794 2466 2825 &

1460 2829 1596 2864 Illustris
1630 2830 1803 2864 confirmat
1827 2830 2016 2863 Swieteni'us
2041 2833 2051 2868 (
2078 2840 2099 2863 x
2122 2833 2156 2868 ).
2180 2831 2360 2867 ‘Periculum
2393 2835 2433 2874 est
2454 2859 2468 2876 ,

1457 2875 1568 2917 inquit
1591 2897 1603 2914 ‚
1635 2884 1671 2907 ne
1713 2874 1813 2907 anime¹
1842 2874 2012 2914 deliquium
2037 2896 2049 2912 ‚
2084 2874 2126 2906 (Ψ
2164 2872 2271 2916 subita
2316 2888 2397 2911 mors
2415 2879 2470 2921 se-

1458 2925 1595 2960 quantur
1617 2917 1673 2951 illo
1697 2925 1832 2959 tempore
1852 2939 1863 2955 ,
1888 2918 1959 2949 dum
1998 2914 2146 2960 absciffm
2168 2918 2320 2959 jecinoris
2345 2924 2468 2964 rumpi.

1457 2969 1541 2995 tur:
1575 2972 1657 2995 venae
1684 2968 1781 3002 portae
1803 2961 1884 2993 enim
1917 2962 1998 2993 rami
2033 2969 2123 2993 antea
2162 2972 2180 2993 a
2212 2964 2334 2995 vomica
2375 2966 2462 3009 pres-

1452 3004 1479 3047 si
1500 3028 1512 3045 ‚
1547 3015 1626 3038 nunc
1655 3014 1734 3046 pure
1767 3003 1867 3045 elapso
1890 3002 1981 3036 liberi
2002 3027 2013 3043 ,
2044 3003 2230 3047 asanguine
2262 3006 2465 3050 impetuosius

1456 3050 1594 3082 irruente
1634 3047 1738 3088 rumpi
1770 3044 1871 3090 facile
1906 3055 2078 3088 potuerunt
2102 3072 2110 3087 ,
2151 3050 2304 3090 praecipue
2346 3062 2416 3084 cum
2446 3064 2466 3086 a

1451 3102 1532 3135 pure
1565 3091 1679 3125 acriori
1712 3098 1778 3124 tam
1810 3091 1863 3122 diu
1902 3089 2098 3123 accumbente
2128 3093 2279 3125 mizcemti
2304 3091 2428 3135 fuerint
2451 3119 2465 3136 ‚

1456 3138 1500 3170 Θ
1536 3134 1618 3178 quasi
1644 3133 1725 3177 semi
1766 3133 1844 3175 exefi
1867 3160 1874 3167 .
1916 3135 2024 3174 Igitur
2068 3134 2153 3168 hunc
2196 3135 2301 3174 ipsum
2328 3162 2335 3175 ,
2371 3139 2466 3172 alios..

1456 3189 1520 3222 que
1556 3189 1668 3220 graves
1701 3178 1863 3211 Auctores
1899 3177 2026 3210 secutus
2049 3201 2059 3216 ,
2095 3178 2281 3221 priusquam
2307 3179 2374 3214 hac
2411 3194 2466 3216 ac-

1460 3222 1605 3256 ciderent
1629 3245 1642 3261 ,
1680 3232 1795 3262 aegram
1820 3245 1831 3261 ,
1880 3219 2011 3263 ejusque
2047 3220 2231 3256 necessarios
2279 3223 2425 3257 docerem
2452 3252 2465 3267 ‚

1458 3275 1602 3308 quanta,
1624 3267 1655 3297 ὃς
1678 3276 1774 3308 quam
1800 3265 1885 3298 varia
1912 3265 2052 3306 peiicula
2077 3269 2307 3303 imminerent,
2343 3266 2362 3299 fi
2389 3271 2464 3310 puri

1458 3311 1563 3343 exitus
1585 3318 1790 3350 quantocyus
1812 3320 1877 3343 non
1901 3311 2053 3341 daretur:
2077 3322 2181 3352 eoque
2206 3319 2310 3343 tamen
2332 3322 2424 3346 caute
2449 3339 2461 3355 ,

1458 3361 1494 3386 ut
1518 3364 1574 3395 par
1595 3352 1660 3391 est,
1682 3352 1759 3386 dato
1784 3375 1795 3391 ,
1830 3352 1961 3386 salutern
1988 3364 2051 3385 non
2085 3354 2204 3396 semper
2227 3376 2235 3391 ‚
2272 3353 2322 3386 sed
2358 3355 2462 3388 inter..

1456 3397 1534 3431 dum
1568 3395 1685 3438 sperari
1726 3395 1813 3439 posse
1834 3418 1843 3435 ‚
1888 3397 1986 3439 idque
2018 3396 2232 3442 Hippocratis
2266 3396 2459 3439 aphorismis

2281 3439 2348 3482 (y)
2375 3442 2415 3476 fi-

431 3560 1986 3589 „----—--—-——-——--—*--*-——-—⁶-—-—-—-—-—-——--——-

450 3668 466 3696 ιζ
481 3666 495 3689 b
511 3664 526 3693 Ἰ
541 3663 602 3688 Obs.
620 3667 664 3686 rar.
683 3663 722 3690 46.
740 3661 810 3684 Cent.
828 3665 851 3682 Ι.
914 3658 929 3688 ζ
945 3658 955 3682 ἱ
970 3657 983 3686 )
1001 3657 1061 3682 sect.
1080 3664 1115 3686 17.
1133 3654 1192 3680 ΟΜ.
1210 3661 1232 3678 2.
1294 3653 1340 3688 (k
1356 3654 1370 3683 )
1387 3652 1414 3685 §.
1429 3657 1451 3679 6.

449 3693 684 3726 (0)§·²·&5-
747 3688 900 3720 (p)§.6.
964 3688 1132 3719 (q1§.i4.
1195 3685 1507 3715 (rlEpist.40.n.28.

453 3728 469 3757 ς
482 3733 495 3750 2
507 3726 523 3756 )
538 3723 590 3750 Ast.
609 3725 641 3749 N.
658 3725 689 3749 c.
706 3723 780 3747 Tom-
798 3729 819 3751 ς.
837 3718 897 3744 Obs.
923 3725 961 3749 90.
1025 3721 1040 3749 (
1054 3718 1100 3748 u)
1119 3726 1145 3744 n.
1161 3725 1186 3747 4.

1513 3650 1784 3683 (t)1bid.§.7.8.
1846 3651 2017 3683 (m)§.8.

2082 3653 2097 3683 (
2109 3661 2125 3678 u
2142 3649 2152 3683 )
2169 3650 2193 3681 §·
2210 3653 2247 3677 16.

1570 3685 1584 3714 ζ
1596 3683 1638 3712 s)
1655 3684 1713 3708 Obs.
1729 3686 1802 3708 Anat.
1819 3683 1889 3709 Med.
1907 3690 1945 3713 13·

1248 3716 1263 3745 (
1279 3723 1294 3741 ε
1311 3717 1325 3746 )
1341 3718 1484 3743 Comi-nent.
1500 3715 1526 3741 in
1544 3715 1627 3742 ssoeih.
1644 3716 1737 3744 Aphor.
1755 3714 1779 3744 §.
1799 3720 1853 3744 939.
