2498 4075
331 230 485 297 Epist.
522 230 682 282 Anat.
720 227 937 280 Medica
973 225 1179 280 XXVI.
1212 223 1335 275 Art.
1355 237 1433 289 37.
1449 221 1596 291 38.&
1621 237 1699 285 39.

85 313 224 342 mortem
246 303 298 339 seu
320 316 394 339 cum
415 304 485 339 tuffi
497 328 510 346 ‚
540 307 573 339 δε·
603 301 804 341 convulsione
835 302 918 337 forte
948 300 1082 346 conjun-

85 348 159 389 eta,
183 347 233 381 seu
255 359 320 382 non
342 347 531 390 conJ'untfta,
561 347 730 389 inopinato
749 345 941 381 afferendam
965 370 972 378 .
1021 345 1081 378 Vi-

83 391 223 426 dendum
244 391 287 425 est
309 402 415 425 tamen
439 400 529 425 antea
550 402 620 434 quae
644 389 683 423 ab
706 391 777 424 aliis
809 400 885 424 tunc
920 388 1082 423 observata

87 435 149 473 sint
171 458 184 475 ,
214 445 288 468 cum
310 437 420 469 Aortae
444 434 508 469 suit
530 433 767 474 inflammatio,
790 444 826 466 ne
848 432 932 467 forte
955 444 993 466 eo
1025 443 1083 466 nos

88 478 161 512 solae
184 480 402 520 cogitationes
426 477 597 520 perducant
612 500 626 517 ,
647 488 713 520 quo
736 476 986 511 Observationes
1020 486 1084 509 non

86 520 303 555 consentiant.
327 524 448 556 Verum
472 520 525 555 ubi
548 520 668 555 Aretaei
693 526 703 560 (
727 532 757 555 m
774 521 791 563 )
815 520 906 553 locos
943 519 1086 562 inspexe-

85 566 128 598 ris
149 566 183 598 in
205 565 319 608 quibus
341 565 402 599 hoc
413 563 450 598 de
461 563 577 597 morbo
589 563 680 598 verba
690 562 830 604 fiunt,ut
842 564 929 598 nulla
942 564 1004 596 alia
1015 561 1086 596 sub-

90 618 141 642 eat
164 607 349 647 dubitatio,
372 617 455 642 certe
478 607 544 640 haec
569 606 714 648 subibit,
737 611 818 641 num-3
835 618 873 640 ex
904 607 1090 640 cadaverum

85 651 284 694 inspeffitione
306 664 339 685 ea
360 663 430 694 quae
454 647 577 692 profert
601 650 684 693 signa
719 650 838 684 fuerint
870 650 1057 683 confirmata
1079 673 1087 679 .

84 694 140 729 Ab
161 694 226 738 ejus
248 706 323 729 vero
345 695 383 728 ad
408 694 549 729 nostrum
572 703 698 736 tempus
721 695 775 736 qui
800 693 860 727 hoc
874 693 1006 732 fecerit,
1029 692 1092 725 mi-

88 738 123 772 hi
148 738 278 781 quidem
300 739 332 771 in
355 737 519 782 praesentia
546 748 608 770 non
655 737 807 772 succurrit
825 761 832 768 .
857 736 1091 771 Boerhaavium

90 790 216 816 tantum
238 785 253 821 (
274 780 329 824 n)
353 782 484 814 memini
506 782 538 814 in
563 781 641 813 bove
663 782 719 824 qui
743 780 1094 815 vehementiffimocur-

86 826 120 860 su
144 824 333 867 aufugerat,
357 824 544 859 scribentem
569 823 602 857 id
627 823 733 859 morbi
757 823 794 856 ab
819 822 846 855 se
870 823 974 857 visum
998 824 1092 855 itaut

89 877 178 902 aorta
223 866 296 902 effet
341 867 507 909 nigerrima
529 892 536 898 .
562 868 618 902 Tu
641 866 664 901 fi
687 867 777 910 plura
801 866 840 899 ab
862 867 955 910 ipso>
977 875 1030 900 aut
1054 863 1093 897 ab

88 913 160 947 aliis
183 911 297 953 scripta
322 911 463 948 videri53
487 922 536 944 me
560 909 754 944 admoneto:
777 918 851 945 cum
883 921 917 943 ea
950 910 1057 952 legero
1081 919 1092 946 3

88 966 159 999 quae
183 965 263 988 nunc
286 955 421 996 cogito,
445 964 497 987 aut
523 953 693 996 abjiciam,
717 963 771 987 aut
794 951 816 985 fi
839 952 1030 989 confirmare
1053 951 1093 984 li-

86 997 210 1037 cuerit,
234 997 272 1030 ad
295 1007 325 1029 te
351 996 561 1039 perscribam.
694 999 817 1031 Interea
840 996 982 1039 quaedam
1006 995 1093 1036 alia,

88 1041 128 1074 ab
150 1041 275 1074 Amicis
297 1042 330 1073 in
352 1042 471 1075 arteria
496 1043 637 1084 Magna,
663 1049 718 1074 aut
740 1042 774 1073 in
798 1040 860 1074 alia
883 1041 986 1083 aliqua
1008 1039 1094 1071 intra

89 1084 276 1124 thoracem,
299 1083 482 1122 observata,
508 1084 591 1119 unde
613 1094 666 1121 aut
690 1084 880 1126 repentina,
910 1092 965 1117 aut
1002 1089 1094 1130 'certe

88 1136 205 1171 praeter
226 1128 413 1170 opinionem
437 1129 501 1162 cita
525 1139 609 1163 mors
633 1128 835 1171 provenerit,
858 1125 922 1162 huc
956 1126 1093 1171 adjicere

86 1182 151 1205 non
174 1172 350 1205 omittam:
374 1174 406 1204 &
431 1172 598 1214 primum,
620 1169 708 1215 quod
732 1170 822 1213 supra
844 1173 858 1212 ζ
881 1181 897 1204 ο
918 1173 932 1210 )
965 1169 1094 1213 pollici-

90 1214 258 1254 russum,
281 1223 438 1258 quantum
462 1213 610 1249 videlicet
654 1214 731 1248 illuc
775 1214 911 1247 attinere
952 1213 1095 1248 crederet

87 1258 153 1291 Vir
177 1259 285 1291 Praecl.
311 1259 501 1295 Santorinus
524 1257 621 1295 osseas
643 1259 677 1290 in
699 1258 801 1292 Aorta
811 1257 974 1299 braeteas‚
996 1267 1095 1300 quas,

86 1299 150 1334 suis
174 1310 336 1344 permotus
360 1300 648 1337 Observationibus
671 1324 685 1341 ,
727 1301 775 1334 vel
799 1300 880 1333 solas
924 1311 989 1334 non
1033 1298 1094 1332 du-

74 1344 213 1386 bitabat
247 1354 371 1387 repente
406 1344 569 1380 hominem
609 1343 692 1387 posse
725 1343 900 1379 interficere
921 1368 929 1377 .
955 1344 1095 1376 Enume-

89 1387 179 1421 rabat
214 1389 300 1421 enim
338 1388 421 1423 mihi
443 1411 457 1430 ,
488 1389 670 1430 caeterisque
702 1387 828 1422 Amicis
851 1387 904 1421 sex
926 1410 940 1428 ,
973 1394 1026 1420 aut
1051 1385 1095 1419 se-

89 1439 178 1474 ptem
223 1431 264 1466 fic
308 1441 512 1466 mortuorum
558 1430 701 1472 exempla
724 1454 736 1471 ‚
782 1435 816 1463 in
859 1440 999 1473 quorum
1022 1439 1095 1462 cor-

87 1475 222 1518 poribus
247 1474 331 1509 nihil
356 1484 471 1518 praeter
494 1488 527 1509 ea
551 1474 678 1509 oslicula
702 1474 842 1508 invenire
865 1482 1014 1516 potuerat
1038 1484 1098 1506 un-

88 1520 128 1552 de
152 1519 291 1553 subitam
314 1528 467 1561 repeteret
490 1529 656 1558 mortem,
677 1518 711 1550 in
743 1518 810 1550 illis
855 1516 1097 1550 recentissimum

86 1559 153 1603 ejus
177 1563 240 1596 viri
264 1561 302 1596 de
325 1573 392 1605 quo
415 1563 490 1596 alibi
513 1565 571 1605 (p
591 1567 606 1602 )
629 1560 671 1593 ob
692 1560 891 1595 deficientem
915 1558 1100 1593 Vermifor-

87 1614 173 1681 mgni
200 1606 458 1650 Appendiculam
481 1607 679 1641 mentionem
702 1602 786 1639 feci.
811 1605 864 1639 Sic
888 1613 994 1637 autem
1024 1615 1097 1637 nar-

86 1659 117 1682 ra
144 1657 195 1682 at.

127 1703 182 1735 37.
207 1691 397 1726 SARTOR
422 1692 587 1733 Venetus,
609 1692 749 1727 strenuus
772 1699 893 1734 potor,
914 1701 1008 1734 quem
1018 1701 1098 1734 prae-

87 1744 136 1768 ter
159 1746 256 1777 quam
276 1734 316 1768 de
339 1733 450 1768 hernia
473 1736 554 1769 olim
577 1758 588 1773 ,
619 1735 684 1770 ulla
709 1734 746 1768 de
770 1746 801 1768 re
823 1735 862 1769 ad
884 1733 1100 1777 valetudinem

91 1779 248 1813 attinente
270 1777 412 1821 questum
437 1778 495 1811 esse
506 1802 519 1820 ‚
542 1789 607 1812 non
627 1777 812 1815 constabat,
835 1778 893 1813 nisi
918 1778 1005 1821 quod
1041 1790 1101 1811 no-

85 1822 205 1856 viffime
226 1822 322 1856 alicui
346 1822 469 1855 dixerat
484 1845 496 1862 ‚
519 1820 618 1856 videri
656 1820 715 1855 fibi
747 1833 812 1855 non
847 1822 924 1856 bene
957 1821 1067 1854 habere
1087 1833 1102 1863 ,-

88 1864 201 1899 eodem
224 1877 289 1908 quo
311 1863 347 1898 id
367 1864 514 1903 dixerat,
536 1865 588 1899 die
609 1876 685 1900 cum
708 1865 794 1907 apud
816 1875 910 1899 notos
946 1864 1101 1908 quosdam

88 1908 126 1943 ad
150 1910 259 1951 ignem
282 1907 410 1949 sedens,
432 1906 582 1952 cephalos
602 1907 787 1943 comedisset
808 1907 889 1943 duos
899 1932 913 1949 ,
935 1910 966 1942 ὃς
981 1919 1102 1943 novum

91 1952 219 1987 bibiss'tt
242 1952 376 1991 vinum;
397 1960 465 1985 erat
496 1953 580 1987 enim
613 1951 678 1995 jam
714 1952 836 1986 medius
868 1951 1102 1995 propemodum

91 1995 242 2030 Offeobet
264 1996 308 2029 A.
336 1995 430 2037 1708,-
454 1994 500 2028 ibi
525 2007 589 2029 non
616 1996 721 2029 multo
746 1995 814 2038 post
849 1994 931 2031 heu,
954 1995 1064 2039 inquit
1088 2017 1098 2034 ,

90 2038 177 2078 lieu,
199 2050 255 2072 nec
280 2038 397 2081 plura3
422 2039 579 2074 continuo
602 2041 686 2073 enim
711 2049 856 2073 mortuus
890 2037 933 2072 est
958 2064 965 2073 .

90 2082 333 2123 THORACE
354 2080 506 2124 postridie
528 2093 663 2125 aperto,
685 2094 750 2116 non
783 2081 931 2117 saniffimi
965 2081 1100 2125 quidem

86 2125 279 2169 pulmones;
302 2126 335 2158 in
359 2125 542 2168 peric-ardio
564 2135 670 2159 autem
693 2138 782 2171 aquae
804 2127 897 2168 copia
921 2125 1027 2167 aliqua
1051 2135 1099 2157 re-

86 2178 174 2212 perta
198 2168 258 2203 est.
285 2167 345 2201 Sed
364 2179 440 2203 cum
462 2168 588 2204 evidens
610 2168 682 2203 esset
693 2192 707 2210 ,
729 2177 838 2202 neutra
860 2180 899 2202 ex
922 2168 1012 2201 causa
1036 2166 1099 2200 ho-

87 2213 209 2246 minem
231 2212 272 2246 fic
295 2211 387 2245 obire
409 2211 569 2255 potuisse,
591 2224 648 2245 cor
672 2220 802 2249 autem,
823 2214 856 2245 &
879 2219 990 2245 caetera
1013 2210 1098 2243 nihil

87 2255 296 2291 adnotatione
320 2254 456 2298 dignum
478 2255 626 2289 haberent
639 2267 650 2294 5
674 2256 792 2295 Magna
815 2254 927 2287 arteria
950 2265 966 2286 a
987 2264 1099 2286 curva-

88 2308 162 2333 tura
186 2298 225 2332 ad
249 2297 374 2332 lumbos
397 2297 495 2342 usque
517 2297 643 2332 crebras
685 2296 780 2333 offeas
824 2297 911 2330 intus
960 2296 1100 2330 ostendit

88 2341 291 2385 squar-mulas,
314 2352 384 2383 quae
408 2342 443 2374 in
466 2351 597 2384 utraque
620 2342 719 2375 etiam
742 2339 897 2374 Carotide
920 2340 960 2373 ad
990 2339 1101 2372 modi-

87 2395 158 2419 cam
180 2385 277 2428 usque
302 2383 508 2418 altitudinem
522 2406 532 2422 ‚
556 2395 618 2417 non
635 2385 766 2418 ulterius
781 2406 790 2421 ,
815 2382 991 2425 conspectae
1002 2382 1074 2415 sunt
1088 2406 1099 2416 .

220 2430 381 2462 Caeterum
405 2427 531 2470 sanguis
554 2437 620 2460 erat
644 2426 760 2463 fluidus
775 2448 785 2463 ‚
808 2425 896 2468 jecur
918 2425 1100 2467 pulcherri-

92 2484 206 2509 mum,
228 2481 265 2505 ut
289 2471 434 2514 reliqua,
458 2469 514 2504 nifi
538 2470 625 2512 quod
649 2469 867 2510 ventriculus,
889 2477 925 2503 ut
961 2469 1100 2511 plerum—

90 2527 152 2560 que
175 2516 209 2548 in
232 2513 429 2558 potoribus,
461 2512 552 2546 valde
583 2514 708 2556 amplus
742 2512 806 2548 fuit
830 2536 842 2553 ,
875 2511 1099 2546 intestinorum

88 2568 196 2594 autem
239 2569 312 2600 quae
354 2555 580 2600 Appendicula
623 2555 752 2591 caruisse
795 2555 939 2590 diximus
970 2579 984 2596 ‚
1026 2567 1098 2599 pars

87 2614 161 2638 cum
209 2601 327 2634 annexi
370 2600 547 2634 mesenterii
594 2602 748 2643 portione
791 2601 825 2633 in
869 2599 990 2633 herniae
1032 2598 1098 2633 sac-

88 2658 128 2681 co
172 2645 275 2678 inerat
297 2666 311 2685 ,
353 2643 444 2687 cujus
467 2642 631 2677 orificium
655 2643 735 2679 duos
759 2643 862 2678 tresve
880 2644 1005 2687 digitos
1029 2652 1097 2678 erat

88 2691 191 2724 latum
204 2712 213 2719 -

133 2733 187 2777 38.
211 2733 297 2765 Cum
323 2731 391 2766 haec
413 2729 564 2765 narrasset,
584 2730 757 2774 diligenter
774 2755 783 2771 ,
806 2741 863 2764 nos
886 2739 993 2766 autern
1015 2754 1027 2772 ,
1059 2740 1098 2766 ut

92 2775 130 2810 fit
154 2777 238 2809 inter
265 2776 418 2814 Amicos,
443 2775 522 2809 alius
546 2774 633 2808 aliud
657 2775 694 2808 de
718 2774 800 2815 ista,
822 2773 861 2808 ab
884 2774 956 2817 ipso
979 2786 1099 2818 propo-

93 2819 149 2854 fita
165 2844 173 2859 ‚
198 2818 311 2851 mortis
334 2816 525 2860 ejuscemodi
549 2818 638 2852 causa
662 2818 837 2853 diceremus
858 2840 867 2855 ,
900 2829 999 2861 neque
1033 2818 1100 2852 illae

94 2862 301 2895 reticerentur
322 2860 418 2895 causae
441 2873 511 2905 quae
534 2862 646 2895 oculos
656 2863 926 2896 Anatomicorum
937 2859 1098 2903 effugiunt

93 2905 158 2940 five
180 2906 288 2943 intra,
310 2903 368 2937 slve
379 2914 467 2938 extra
478 2906 643 2939 cerebrum
657 2929 670 2946 ‚
694 2906 851 2945 memini,
874 2916 923 2939 me
935 2904 1098 2938 subriden-

95 2959 162 2990 tem
184 2948 225 2982 ab
246 2948 286 2980 iis
310 2947 503 2990 quaesivisse,
526 2959 604 2984 num
627 2951 710 2982 inter
729 2960 780 2982 eas
811 2949 907 2981 etiam
940 2958 1096 2990 ponerent

96 3003 196 3034 quam
220 2990 481 3026 Piccolhominus
504 2995 515 3032 (
538 3003 557 3035 q
581 2996 592 3032 )
615 2992 772 3026 indicavit
796 2991 851 3026 ubi
875 2990 904 3024 se
935 2991 1065 3033 opinari
1087 3015 1103 3032 2

97 3036 230 3079 inquit,
251 3033 377 3067 nervuli
398 3045 454 3068 cor
477 3034 620 3069 adeuntis
642 3035 872 3076 obstruffionem
894 3042 1016 3076 repente
1042 3033 1101 3078 fa-

98 3079 203 3117 etam,
228 3078 260 3111 in
283 3076 373 3119 causa
396 3075 450 3120 effe
473 3086 509 3112 ut
530 3078 671 3113 nonnulli
692 3079 852 3121 inopinato
874 3078 916 3111 ΰ·
937 3078 1100 3120 derepente

99 3132 139 3156 cx
160 3120 218 3156 hac
238 3121 310 3154 vita
333 3119 491 3166 migrent?
515 3124 602 3164 atqui
625 3132 707 3156 certe
718 3146 732 3163 ,
755 3125 905 3165 inquam,
930 3118 1101 3165 nonign'o-

97 3167 201 3207 ratis,
224 3164 271 3196 vel
297 3163 426 3196 abscissis
449 3164 483 3197 in
504 3165 590 3198 collo
612 3167 737 3205 nervis,
758 3176 814 3198 cor
837 3165 970 3198 adituris
992 3187 1001 3203 ,
1036 3176 1102 3198 non

98 3211 257 3243 continuo
283 3208 365 3240 mori
389 3207 531 3247 anima13
555 3218 590 3242 ut
625 3208 717 3251 poffit
758 3208 889 3251 quidem
933 3219 1102 3242 nervorum

100 3251 210 3286 cordis
233 3250 430 3286 obstruetur,
454 3251 491 3284 ad
516 3251 589 3285 alias
617 3250 724 3287 causas
744 3252 878 3292 addita,
902 3261 1041 3286 mortem
1052 3252 1102 3286 su-

101 3296 204 3330 bitam
229 3293 356 3333 afferre,
380 3293 446 3327 sola
470 3301 575 3329 autem
598 3305 661 3328 non
686 3295 800 3338 poffit,
823 3294 881 3329 nisi
904 3294 990 3328 forte
1012 3295 1105 3329 fimul

101 3337 237 3373 universi
261 3337 483 3376 obstruantur5
506 3336 549 3372 fic
569 3339 653 3371 enim
676 3349 781 3372 veram
803 3338 895 3373 fuisse
927 3338 1104 3381 Herophili

103 3382 315 3422 sententiam,
338 3381 509 3424 intelligo,
530 3382 605 3424 qui,
629 3390 664 3415 ut
688 3382 771 3426 apud
795 3383 933 3417 Caeliurn
956 3383 1105 3416 Aurelia-

105 3438 184 3461 num
209 3430 219 3466 (
244 3437 258 3457 r
275 3425 292 3468 )
317 3423 470 3459 habemus
491 3447 505 3465 ,
533 3425 724 3467 repentinam
754 3434 884 3460 mortem
907 3449 917 3465 ‚
950 3424 1037 3459 nulla
1068 3430 1119 3461 ex*

106 3467 268 3512 manififfsta
289 3467 379 3510 causa
400 3468 575 3503 venientem
596 3490 609 3508 ‚
635 3466 711 3509 fier-i
730 3490 742 3506 ‚
784 3468 897 3503 docuit
915 3493 930 3510 ,
968 3469 1106 3512 paralysi

106 3513 238 3546 cordis‘.
274 3513 365 3546 Tum
408 3512 597 3546 Santorinus
627 3510 678 3545 fex
720 3512 778 3545 illa
809 3514 929 3556 reliqua
960 3514 1105 3555 exempla

106 3555 272 3600 protulit,
294 3565 394 3598 nuper
416 3553 572 3598 propofiti
594 3553 734 3596 fimilia,
756 3559 789 3589 &
812 3567 968 3600 quantum
992 3556 1021 3589 se
1044 3556 1108 3590 mi-

1963 220 2057 280 285

1133 306 1277 332 raturum
1298 296 1356 331 elle
1370 321 1379 335 ,
1402 300 1470 339 ait,
1491 297 1514 332 fi
1530 299 1563 331 in
1585 296 1635 331 his
1657 296 1807 332 omnibus
1818 295 1929 340 presto
1951 292 2058 330 fuisset
2081 295 2132 329 in-

1135 340 1268 376 visibilis
1290 342 1446 384 quaepiam
1469 341 1580 382 eausa,
1601 351 1674 384 quae
1696 351 1772 373 cum
1803 338 1964 385 manifesta
1983 361 1997 378 ,
2026 337 2060 372 id
2090 337 2135 371 est

1134 395 1209 419 cum
1229 384 1322 418 osseis
1346 385 1379 417 in
1400 387 1502 420 Aorta
1526 383 1695 426 squamulis
1708 407 1721 424 ,
1744 384 1772 418 se
1792 379 2029 426 conjunxisset,
2061 389 2134 413 tan-

1135 438 1205 473 tum
1226 426 1385 468 ostendit,
1407 427 1465 460 sibi
1498 427 1627 472 quidem
1657 426 1743 461 nihil
1786 425 1844 462 ess'e
1887 425 2100 461 dubitationis
2123 447 2134 462 0

1134 472 1214 514 quin
1237 470 1276 503 ab
1300 469 1349 504 his
1372 471 1446 507 solis
1468 483 1553 506 mors
1576 473 1737 513 repentina
1763 471 1943 512 proveniret
1967 478 2044 502 tunc
2055 477 2134 509 prae-

1136 514 1247 550 sertim
1288 525 1363 548 curn
1387 514 1425 546 ab
1447 516 1561 549 arteria
1575 540 1583 554 ‚
1606 512 1763 557 ejusmodi
1786 512 1870 547 vitio
1892 511 2000 546 affeeta
2020 535 2034 554 ,
2066 509 2135 544 san-

1135 558 1207 602 guis
1250 555 1324 591 esset
1368 557 1600 599 promovendus
1645 567 1698 592 aut
1739 556 1835 599 copia
1880 557 1989 591 mistus
2032 562 2138 588 recen-

1141 603 1184 635 tis
1206 600 1296 644 chyli
1320 624 1333 641 ,
1363 610 1416 634 aut
1439 598 1534 644 hujus
1556 601 1710 645 qualitate
1733 609 1862 642 turgens
1884 622 1897 640 ,
1928 608 1980 634 aut
2003 597 2139 646 denique

1141 646 1246 678 calore
1270 644 1420 686 expansus
1436 668 1448 684 ,
1468 656 1537 687 quae
1560 644 1708 679 videlicet
1730 670 1738 682 ,
1778 652 1814 678 ut
1839 644 1875 679 in
1909 644 2035 675 Sartore
2070 651 2141 674 uni-

1142 688 1252 728 versa³
1275 689 1321 721 ita
1346 688 1405 721 alia
1427 689 1461 721 in
1485 688 1556 721 aliis
1579 686 1819 721 convenissent.
1858 688 1927 719 Cur
1958 695 2063 718 autem
2096 681 2139 715 sic

1143 733 1257 765 vitiata
1280 733 1393 766 arteria
1417 730 1636 774 promovendo
1660 741 1736 764 tunc
1759 729 1905 773 sanguini
1929 728 2033 770 impar
2065 725 2103 761 fit
2130 747 2142 762 2

1142 775 1222 852 glibli
1244 774 1287 809 est
1315 786 1331 807 a
1354 775 1467 813 nobis,
1490 778 1522 808 &
1546 773 1636 817 supra
1657 776 1756 809 etiarn
1777 776 1811 809 in
1835 773 1894 809 hac
1917 770 2062 818 Epistola
2085 767 2144 813 (s)

1159 831 1198 852 *ec
1216 829 1356 852 aratum.

1208 875 1239 903 9.
1264 861 1324 895 Sed
1348 860 1432 896 faeta
1455 860 1700 897 desideratiffimi
1723 861 1835 895 Amici
1858 860 1982 893 mentio
2013 856 2144 891 alterius

1144 907 1189 939 mi
1217 906 1228 938 i
1259 906 1445 938 memoriam
1470 915 1624 947 renovat,
1647 905 1815 939 Sebastiani
1849 902 1988 938 Antonii
2020 902 2147 950 Trom-

1144 948 1234 984 bellii
1258 946 1465 983 Bononiensis
1489 948 1631 991 Medici,
1654 953 1685 984 &
1709 947 1865 991 Chirurgi
1879 943 2148 980 Praestantiffimi:

1147 991 1238 1036 cujus
1259 992 1455 1034 inopinatae,
1477 993 1609 1035 citaeque
1633 993 1747 1026 mortis
1777 1002 1874 1035 genus
1907 989 1952 1025 ob
1981 989 2016 1023 id
2050 988 2150 1021 etiam

1147 1037 1238 1070 nobis
1263 1034 1398 1070 flebilius
1421 1034 1563 1075 accidit,
1583 1036 1671 1078 quod
1695 1047 1760 1069 non
1783 1034 1887 1077 ipsum
1910 1031 2030 1072 modo,
2053 1029 2150 1065 sed&

1146 1079 1214 1122 ejus
1237 1079 1379 1112 Fratrem
1398 1079 1555 1123 Joannem
1578 1078 1846 1121 Chrysostomum
1859 1100 1870 1117 ,
1892 1075 2072 1124 Abbatem,
2090 1118 2098 1124 .
2116 1075 2150 1106 δε

1148 1122 1378 1163 Theologum‚
1400 1120 1488 1163 quod
1512 1121 1578 1163 eJ'us
1603 1124 1729 1164 Scripta
1752 1120 1921 1157 ostendunt
1935 1144 1944 1160 ,
1967 1115 2152 1166 Eruditisii-

1146 1177 1237 1200 mum
1259 1164 1411 1208 fingulari
1434 1176 1540 1198 amore
1563 1165 1845 1207 prosequebamur,
1869 1171 1961 1204 atque
1985 1160 2153 1204 prosequi-

1148 1220 1239 1245 mur.
1263 1209 1372 1246 Quam
1397 1209 1577 1251 repentinus
1591 1234 1603 1249 ‚f
1624 1208 1722 1242 saevus
1733 1231 1747 1248 ,
1769 1208 1869 1242 brevis
1900 1206 1989 1240 illius
2023 1204 2153 1254 morbus

1147 1251 1331 1288 noviffimus
1354 1252 1473 1293 fuerit,
1497 1254 1529 1285 &
1552 1263 1648 1294 quam
1671 1252 1765 1285 variae
1788 1250 1973 1286 Dostorum
1992 1249 2154 1298 yll'orum

1148 1297 1189 1332 de
1213 1308 1251 1328 eo
1274 1295 1457 1336 sententiae,
1479 1297 1624 1337 ignorare
1648 1306 1714 1328 non
1738 1304 1847 1337 potes.
1873 1291 1965 1336 Qd
1988 1290 2075 1334 ipse»
2099 1299 2156 1322 21¹-

1151 1351 1279 1384 tequam
1301 1339 1340 1373 de
1363 1339 1414 1373 his
1435 1338 1613 1383 quidquam
1637 1339 1799 1376 audirem,
1824 1336 1882 1372 sim
1915 1335 2066 1378 opinatus
2089 1356 2102 1373 ,
2132 1329 2157 1365 si

1152 1384 1239 1418 forte
1260 1384 1397 1426 quaeris5
1424 1384 1531 1425 paucis
1553 1382 1680 1423 dicam,
1704 1391 1740 1415 ut
1763 1379 1877 1415 habeas
1900 1390 1965 1413 non
1976 1376 2063 1421 quod
2073 1387 2157 1420 prae-

1150 1427 1256 1466 feras,
1280 1425 1331 1460 sed
1353 1426 1439 1469 quod
1462 1426 1635 1469 diligenter
1658 1428 1756 1461 etiam
1778 1435 1875 1468 atque
1907 1423 2006 1457 etiam
2039 1429 2155 1462 expen-

1149 1473 1229 1511 das,
1252 1469 1439 1512 videasque,
1463 1481 1539 1504 num
1564 1469 1649 1504 forte
1670 1471 1698 1503 is
1722 1469 1853 1504 morbus
1876 1466 1916 1501 ad
1960 1477 1994 1498 ea
2036 1463 2161 1514 spectet

1150 1527 1223 1558 ‹quae
1248 1514 1348 1556 paulo
1369 1523 1440 1547 ante
1462 1516 1476 1552 (
1498 1522 1513 1547 t
1534 1517 1547 1553 )
1571 1512 1773 1555 promisimus
1795 1537 1803 1542 .
1839 1512 1929 1544 Nam
1972 1507 2080 1555 statim
2124 1516 2160 1556 ac

1153 1560 1279 1591 litteras
1306 1557 1499 1600 perlegeram
1518 1555 1655 1602 Josephi
1679 1558 1727 1590 M.
1753 1553 1960 1594 Verlicchii,
1982 1561 2074 1601 culus
2099 1561 2162 1600 m}-

1152 1602 1190 1638 ,lii
1215 1600 1405 1643 diligentia,
1427 1602 1617 1642 ingenium,
1649 1602 1683 1633 δε
1715 1598 1868 1634 assiduum
1898 1597 1933 1630 in
1968 1593 2162 1644 Disciplinis

1152 1643 1295 1682 Medicis
1318 1643 1455 1678 studium
1478 1655 1517 1677 ex
1540 1655 1579 1676 eo
1599 1643 1696 1686 usque
1720 1651 1865 1685 tempore
1886 1651 1953 1684 quo
1977 1650 2026 1673 me
2039 1637 2092 1671 hic
2109 1648 2165 1671 au-

1151 1690 1286 1727 diebat,
1311 1687 1486 1730 spectatum
1509 1686 1571 1726 est,
1595 1688 1710 1730 quibus
1733 1686 1853 1720 litteris
1876 1695 1940 1720 non
1963 1683 2070 1717 minus
2091 1692 2163 1732 quae

1156 1734 1192 1766 in
1214 1741 1371 1772 mortuO,
1394 1732 1433 1765 ab
1456 1730 1486 1764 se
1508 1730 1641 1765 dissefto
1655 1756 1663 1769 ,
1686 1729 1978 1767 animadverterat,
1999 1736 2095 1769 quam
2127 1735 2165 1758 m

1153 1787 1268 1819 aegro,
1288 1776 1342 1807 cui
1367 1773 1521 1814 affuerat,
1544 1773 1758 1816 perscribebat
1782 1786 1793 1812 ς
1824 1772 1888 1806 visa
1925 1771 2008 1805 mihi
2042 1780 2090 1802 res
2122 1766 2167 1801 est

1154 1830 1231 1853 cum
1254 1830 1291 1851 eo
1313 1817 1384 1851 casu
1406 1829 1502 1861 quem
1523 1816 1728 1859 descripserat
1752 1817 1815 1850 Vir
1839 1815 2069 1852 Doffiffimus,
2110 1823 2168 1862 cu·
2192 1827 2193 1830 ¹

1156 1864 1207 1906 jus
1229 1873 1356 1905 quoque
1380 1863 1587 1896 immaturam
1611 1869 1749 1894 mortem
1770 1859 1978 1899 deflevimus,
2000 1858 2168 1891 Antonius

1158 1909 1336 1949 Leprottns
1360 1906 1449 1948 (u),
1470 1904 1527 1939 esse
1552 1903 1771 1946 quadantenus
1794 1901 2008 1945 comparanda
2030 1913 2038 1933 ε
2071 1898 2168 1941 idque

1157 1949 1198 1984 ad
1221 1948 1445 1982 Verlicchium
1472 1947 1634 1990 rescripsi:
1659 1947 1751 1990 cujus
1781 1948 1971 1989 opinionem
1996 1955 2068 1978 cum
2100 1952 2169 1976 mea

1153 1992 1361 2032 consentire,
1385 2004 1423 2026 ex
1447 1992 1518 2025 aliis
1533 2015 1543 2031 ‚
1566 2003 1643 2033 quas
1665 1990 1771 2034 postea
1795 1989 1905 2030 misit,
1928 1989 2070 2028 litteris,
2097 1997 2169 2028 per-

1157 2037 1264 2079 spicue
1286 2035 1395 2069 omnia
1420 2035 1677 2078 explicantibus,
1700 2034 1795 2069 facile
1827 2032 1974 2067 intellexi
1994 2056 2002 2064 .
2039 2030 2181 2065 Scilicet.c

1156 2090 1194 2114 ut
1219 2084 1251 2113 in
1274 2091 1312 2112 eo
1335 2079 1372 2112 de
1395 2090 1462 2121 quo
1484 2083 1590 2113 narrat
1615 2080 1791 2122 Leprottus
1807 2100 1819 2118 ‚
1841 2076 1881 2110 ab
1904 2075 1998 2122 ipso,
2023 2077 2057 2125 ὃς
2079 2086 2095 2108 a
2113 2073 2170 2108 Cl.

1149 2124 1237 2169 Jano
1262 2123 1379 2155 Planco
1402 2125 1568 2160 inventum
1591 2120 1634 2155 est
1653 2146 1666 2163 ,
1712 2121 1896 2164 sanguinem
1939 2130 1979 2155 ex
2024 2117 2170 2161 disrupta

1157 2165 1344 2200 Brouchiali
1368 2167 1483 2199 arteria
1506 2164 1640 2205 effusum
1662 2165 1718 2200 sub
1742 2165 1965 2206 membranas,
1997 2165 2030 2198 δε
2054 2173 2107 2206 per
2130 2160 2170 2195 fi-

1155 2211 1284 2243 brarum
1307 2207 1498 2248 interstitia,
1522 2208 1637 2253 quibus
1659 2211 1774 2245 arteria
1798 2209 1941 2252 Aspera,
1963 2210 1996 2242 δι
2022 2208 2168 2249 Magna,

1157 2256 1191 2285 &
1213 2250 1428 2294 oesophagus,
1449 2262 1635 2295 caeteraeque
1672 2254 1829 2295 proximae
1874 2261 1978 2296 partes
2011 2251 2171 2293 colligan-

1156 2307 1211 2330 tur
1226 2317 1237 2334 ,
1259 2298 1345 2329 viam
1369 2293 1427 2329 fibi
1452 2296 1548 2339 longe
1583 2297 1709 2340 lateque
1742 2294 1848 2330 fecisse
1873 2320 1885 2337 ‚
1916 2302 2169 2337 concretumque

1156 2351 1207 2373 eas
1228 2337 1428 2372 membranas
1452 2340 1486 2372 in
1510 2340 1646 2374 tumoris
1679 2339 1814 2374 modum
1847 2337 2022 2376 extulisse·,
2055 2339 2101 2372 ita
2133 2338 2169 2370 in

1155 2382 1367 2417 Trombellio
1389 2394 1427 2416 ex
1449 2382 1593 2427 disrupta
1618 2385 1733 2417 arteria
1757 2384 1817 2417 alia
1841 2384 1947 2427 aliqua
1971 2380 2086 2417 effusus
2099 2380 2169 2416 san-

1154 2428 1228 2469 guis
1250 2426 1333 2458 inter
1356 2426 1489 2459 laminas
1513 2424 1701 2468 oppositas,
1723 2425 1758 2460 id
1791 2426 1834 2461 est
1866 2426 2034 2460 anterioris
2067 2427 2169 2469 partis

1155 2468 1359 2509 mediastini,
1383 2480 1438 2511 per
1460 2469 1644 2504 cellulosam
1667 2469 1765 2511 hujus
1789 2469 1992 2505 substantiam
2015 2469 2074 2504 fibi
2098 2469 2167 2505 adi-

1153 2522 1227 2546 tum
1250 2512 1376 2545 videtur
1387 2511 1561 2554 aperuisse,
1584 2524 1678 2556 eaque
1700 2513 1793 2555 copia
1816 2513 1865 2547 ibi
1888 2514 2066 2557 praesertim
2088 2525 2166 2558 vquc>

1154 2555 1271 2598 suopte
1295 2554 1435 2598 pondere
1458 2554 1639 2596 ferebatur,
1662 2556 1852 2591 concrevisse
1873 2582 1884 2598 ‚
1917 2567 1954 2592 ut
1987 2568 2085 2601 prope
2118 2559 2166 2592 se-

1153 2609 1248 2643 ptum
1271 2597 1501 2633 Transversum
1525 2598 1626 2633 solida
1649 2599 1827 2634 mediastini
1850 2600 2019 2636 crasiitudo
2041 2601 2165 2644 digitos

1151 2641 1390 2687 propemodum
1412 2651 1476 2676 tres
1498 2652 1655 2687 aequaret.
1682 2644 1734 2677 Sic
1757 2653 1862 2679 autem
1884 2647 1993 2679 onmia
2017 2654 2166 2689 tumquae

1152 2684 1368 2728 praecesserant
1387 2710 1400 2727 ,
1424 2695 1496 2720 tum
1543 2699 1589 2721 uae
1614 2686 1804 2727 abfuerant,
1829 2697 1900 2723 tum
1922 2700 1993 2732 quae
2017 2691 2050 2724 in
2072 2688 2168 2723 cada-

1153 2740 1223 2763 vere
1245 2730 1373 2763 inventa
1396 2729 1468 2764 sunt
1485 2755 1495 2771 ‚
1535 2731 1673 2765 acillime
1697 2731 1846 2765 videntur
1869 2733 2011 2776 intelligi
2036 2757 2045 2765 .
2081 2734 2165 2776 Qae

1150 2781 1189 2808 ut
1213 2771 1334 2816 singula
1359 2774 1492 2807 minime
1515 2775 1705 2818 persequar,
1737 2775 1929 2809 brevitatem
1961 2776 2130 2819 pollicitus
2152 2788 2165 2815 ς

1151 2825 1186 2849 at
1211 2816 1321 2850 saltem
1344 2828 1415 2861 quae
1437 2817 1619 2860 corpuscula
1643 2820 1677 2851 in
1711 2820 1821 2862 amplo
1838 2841 1852 2859 ‚
1884 2814 2164 2862 molestiffimoque

1151 2859 1279 2903 herpete
1302 2871 1409 2894 cutem
1433 2871 1521 2894 antea
1544 2862 1742 2895 corroserant
1755 2884 1766 2901 ‚
1790 2862 1898 2898 eadem
1922 2862 2080 2906 repressa,
2111 2861 2165 2896 di-

1150 2914 1224 2936 cam
1237 2927 1247 2943 ,
1273 2905 1421 2938 arteriam
1445 2905 1535 2937 illam
1558 2904 1697 2939 erofisse:
1720 2914 1887 2939 exeuntem
1910 2916 2015 2941 autem
2038 2907 2167 2949 sanguin

1151 2957 1246 2987 nem,
1268 2948 1345 2982 dum
1368 2947 1546 2981 mediastini
1583 2948 1728 2982 celeriter
1762 2949 1947 2984 distraheret
1991 2951 2130 2984 laminas
2153 2975 2162 2991 ,

1153 2990 1371 3025 acerbiffinum
1393 2991 1489 3024 illum
1513 2991 1551 3025 ad
1574 2991 1711 3027 sternum
1732 2992 1905 3033 dolorem,
1927 3005 2023 3037 quem
2053 2993 2161 3030 divul-

1152 3033 1254 3070 fivum
1277 3045 1359 3077 aeger
1381 3033 1537 3075 vocabat,
1561 3033 1696 3071 effecisse
1707 3060 1721 3077 ,
1753 3046 1785 3070 at
1807 3045 1920 3070 caetera
1941 3063 1949 3077 ,
1982 3050 2053 3081 quae
2089 3037 2162 3072 abe-

1152 3087 1224 3112 rant
1239 3105 1247 3119 ,
1271 3079 1461 3113 inflammati
1486 3077 1666 3113 mediastini
1690 3078 1811 3114 indicia
1834 3079 1937 3114 facere
1948 3092 2015 3115 non
2036 3081 2165 3116 debuis-

1154 3121 1207 3155 se:
1231 3121 1359 3155 tandem
1383 3122 1467 3153 inter
1489 3121 1566 3156 duas
1589 3121 1684 3166 hujus
1706 3124 1840 3157 laminas
1872 3133 2002 3158 tantum
2034 3125 2163 3167 sangui-

1155 3167 1226 3204 nis,
1249 3167 1284 3199 in
1305 3175 1439 3207 grumos
1462 3167 1587 3206 coacti,
1612 3176 1678 3202 tam
1702 3167 1791 3201 brevi
1826 3166 2003 3209 praesertim
2022 3176 2161 3210 ‘tempo-

1154 3220 1206 3245 re,
1230 3209 1356 3243 aliunde
1381 3210 1478 3250 repeti
1502 3220 1599 3252 quam
1623 3221 1662 3244 ex
1684 3210 1808 3254 pertusa
1832 3211 1936 3253 aliqua
1959 3212 2073 3244 arteria
2096 3221 2163 3244 non

1154 3249 1259 3295 posse.
1286 3252 1344 3285 Sed
1368 3253 1515 3296 pleraque
1538 3251 1679 3295 horum,
1703 3265 1768 3288 non
1791 3253 1890 3288 modo
1912 3254 2034 3297 reliqua
2057 3277 2070 3294 ,
2103 3255 2162 3288 lit-

1159 3305 1235 3329 terae
1258 3294 1440 3330 Verlicchii
1463 3295 1662 3331 declarabant
1677 3321 1691 3338 ‚
1712 3310 1783 3340 quae
1806 3308 1917 3331 eorum
1949 3304 2077 3341 quoque
2108 3298 2160 3331 in-

1158 3340 1368 3382 terrogationi
1391 3339 1623 3382 occurrebant,
1644 3342 1726 3385 qui,
1761 3352 1836 3375 cum
1878 3342 2033 3383 Leprotti
2078 3352 2162 3383 aeger

1158 3383 1225 3417 dies
1249 3384 1374 3426 aliquot
1399 3385 1498 3416 vitam
1521 3383 1684 3424 traxisset,
1706 3384 1833 3418 causam
1863 3393 2039 3427 quaererent
2064 3408 2078 3425 ‚
2108 3396 2163 3420 cur

1159 3426 1381 3460 Trombellius
1405 3426 1444 3459 sit
1467 3427 1551 3460 intra
1574 3428 1777 3470 undeviginti
1790 3427 1885 3461 horas
1898 3426 2037 3462 sublatus
2051 3428 2161 3463 .Nam

1157 3479 1371 3514 praeterquam
1394 3469 1484 3514 quod
1505 3471 1561 3504 illa
1583 3480 1671 3505 tanta
1703 3470 1867 3505 inferioris
1899 3469 2076 3505 mediastini
2108 3471 2162 3507 di-
2188 3502 2190 3504 .

1157 3513 1312 3547 stentione
1333 3524 1390 3547 cor
1411 3513 1607 3557 urgebatur,
1630 3513 1763 3548 modico
1786 3514 1878 3558 supra
1902 3515 1966 3548 hoc
1989 3515 2168 3550 intervallo

1158 3565 1224 3591 erat
1257 3558 1290 3589 in
1320 3558 1441 3592 tunicis
1474 3558 1604 3601 Magnae
1636 3558 1759 3592 arteriae
1791 3560 1940 3593 innatum
1975 3566 2047 3592 ante
2070 3558 2158 3594 hunc

2037 3612 2125 3637 mor-

237 3762 246 3792 )
286 3770 299 3788 e
314 3762 375 3790 enus.
391 3763 416 3788 ἃ
429 3761 489 3792 sign.
504 3762 584 3788 morb.
602 3764 675 3789 Aeut.
692 3764 709 3788 Ι.
724 3769 750 3788 2.
764 3768 789 3789 e.
803 3763 827 3787 8.
843 3764 866 3788 δε
881 3762 910 3788 de
924 3765 1024 3789 eoi-und.
1041 3768 1121 3791 curat.
1139 3765 1156 3789 l.
1173 3772 1195 3788 ι.
1212 3772 1233 3790 c.
1249 3774 1274 3795 7.

630 3796 639 3824 (
657 3803 672 3824 q
686 3794 701 3823 )
718 3795 736 3818 l.
754 3801 776 3824 ς.
791 3796 857 3819 Am:
880 3794 987 3819 Proelest.
1008 3799 1029 3821 6.
1047 3799 1070 3821 δε
1087 3797 1104 3820 l.
1120 3804 1143 3825 4.
1161 3797 1265 3823 Praelest.
1281 3807 1306 3828 ⁴·

396 3825 407 3857 (
424 3832 440 3849 u
456 3824 469 3853 2
485 3824 625 3850 comment.
642 3825 673 3851 de
686 3826 783 3852 Borion.
800 3826 839 3851 Se.
856 3824 928 3850 Aend.
944 3827 1020 3851 Tem.
1040 3835 1060 3852 1.
1077 3827 1103 3852 in
1118 3827 1232 3857 opuscul.

169 3759 240 3822 ξς.)
256 3793 328 3823 Epist.
345 3797 417 3821 Anat.
439 3800 474 3820 ιο.
491 3800 515 3818 n.
529 3797 570 3818 62.

173 3823 189 3853 ζ
202 3829 213 3848 ο
229 3824 242 3853 )
256 3831 280 3848 n.
298 3828 334 3854 36.

1444 3764 1529 3792 raelest.
1547 3766 1576 3791 ad
1594 3766 1672 3796 I-nstit.
1691 3766 1715 3798 §.
1730 3765 1784 3793 827.

1425 3767 1442 3789 Ρ
1846 3766 1861 3796 (
1878 3774 1892 3789 ο
1907 3769 1917 3792 )
1933 3773 1956 3790 n.
1975 3775 2011 3798 3²·

1421 3797 1435 3826 )
1451 3799 1534 3824 Morb.
1550 3799 1644 3825 Chron.'
1657 3801 1677 3823 l.
1693 3806 1717 3822 2.
1733 3804 1756 3822 ο.
1778 3804 1800 3822 ι.

1335 3766 1410 3827 (ῗὲ
1864 3796 2030 3828 (Nn-³²·
