2498 4075
423 183 523 237 206

361 270 501 301 ⁴²utem,
522 273 540 295 a
562 268 595 294 te
618 257 799 305 expeffi‘cari,
833 266 869 294 ut
900 258 934 292 in
967 257 1027 298 hac
1057 267 1145 293 tanta
1177 260 1356 293 Anatomes

358 306 430 341 luce
453 308 487 339 in
510 313 649 338 errorem
674 313 739 343 lam
761 302 817 337 diu
841 301 1028 344 explosum,
1052 301 1253 344 ejeetumque
1276 302 1355 334 reia-.-

354 348 433 390 bar,
455 352 487 381 &
509 353 584 383 cum·
606 345 802 381 mulierculis
825 346 898 379 illos
920 345 1045 386 credam
1068 346 1107 378 ad
1119 345 1240 387 septum
1252 344 1355 378 trans-

351 393 506 431 versum,
528 392 560 422 &
584 387 751 435 adrauces
774 389 875 431 ipsas,
899 386 921 423 fi
944 389 1072 430 Superis
1094 389 1221 430 placet,
1245 387 1353 422 ascen-

351 433 425 469 dere
442 460 450 468 .
473 434 545 466 Sive
567 432 735 473 Majorum
760 431 881 474 aliqui,
905 431 1068 465 Galenum
1092 433 1141 474 (t
1161 436 1198 471 )‚
1222 432 1279 474 qui
1312 430 1352 463 ab

352 476 510 520 ejusmodi
532 475 695 510 erroribus
718 473 838 509 alienus
861 473 949 514 fuit,
972 485 1008 508 ut
1041 475 1154 516 saepius
1186 473 1352 513 solebant,

351 521 471 557 secuti,
496 518 601 552 verbis
625 518 724 560 magis
745 529 842 559 quam
865 530 917 554 re,
941 527 1034 551 utero
1056 517 1215 551 ascensum
1232 518 1351 551 tribue-

352 573 449 599 runt,
473 562 536 596 five
560 561 614 594 alii
648 572 663 593 a
695 560 824 594 flatibus
845 584 858 600 ,
890 561 1034 594 convulsi
1071 561 1216 593 intestini
1248 562 1351 593 laxam

348 616 472 649 partem
497 607 640 647 aliquam
663 605 695 637 in
720 604 810 646 globi
827 602 965 638 formam
977 603 1254 644 distendentibus,
1276 615 1352 637 curn

346 651 497 687 Fernelio
520 651 535 688 (
555 659 574 680 u
596 651 610 687 )
633 647 779 688 decepti,
804 657 929 681 uterum
954 648 989 679 in
1015 647 1231 680 ventriculum
1263 646 1353 680 effer-

343 694 396 734 ri,
421 690 562 736 propriis
586 691 614 724 se
639 691 785 724 manibus
808 702 917 724 revera
939 687 1196 731 deprehendisse,
1220 689 1354 724 affirma-

345 746 446 776 runt;
468 747 526 768 nos
550 743 634 767 certe
657 734 905 774 Hippocraticis
927 734 1060 767 retentis
1084 733 1216 766 vocibus
1249 742 1351 767 utero-

346 791 416 816 rum
440 780 523 812 intro
546 778 719 811 cedentium
734 798 744 814 ,
767 788 830 811 non
856 787 986 811 uterum
1010 776 1130 810 sursum
1144 776 1351 814 tendentem,

345 822 398 857 sed
420 823 663 857 irritamentum
686 820 856 853 dumtaxat
881 820 920 853 ab
943 830 1037 853 utero
1060 842 1069 857 ,
1105 830 1172 862 quo
1216 822 1348 853 nomine

342 866 435 900 tubas
481 875 612 905 noque,
634 866 665 898 ὅ(
688 865 797 896 ovaria
820 863 873 896 hic
897 863 1166 906 compleffimur,
1188 873 1245 904 per
1280 874 1351 896 ner-

337 920 424 948 ,vos‚
484 906 690 940 embranasve
713 905 753 940 ad
776 907 935 949 superiora
960 906 1126 940 ascendens
1149 916 1233 939 nunc
1254 906 1350 939 intel-

344 953 495 994 ligimus.
522 949 585 986 Sed
608 960 794 992 quanquam
818 949 982 991 Hystericae
1005 948 1182 984 affectionis
1207 950 1349 983 vocabu-

344 997 378 1030 lo
401 994 482 1029 hanc
506 1004 723 1042 unamquam
746 993 846 1026 modo
869 992 1010 1027 diximus
1026 1019 1035 1033 ‚
1060 995 1189 1035 proprie
1210 992 1350 1035 defigna-

345 1040 377 1075 ri
401 1036 507 1081 posse,
532 1037 714 1073 credimu53
739 1047 803 1070 non
828 1045 934 1070 tamen
960 1038 1090 1079 vulgari
1123 1035 1351 1069 consuetudini

343 1081 423 1116 adeo
448 1082 672 1123 refragamur,
696 1089 732 1114 ut
756 1090 830 1114 cum
854 1081 893 1113 iis
915 1081 1063 1114 altercari
1096 1079 1228 1113 velimus
1249 1104 1259 1118 ‚
1291 1080 1350 1123 qui

342 1124 470 1159 aliunde
493 1134 584 1159 ortos
607 1125 712 1157 varios
735 1122 813 1165 saepe
836 1146 846 1162 ,
881 1135 916 1157 ac
951 1121 1168 1157 multiformes
1200 1122 1354 1156 foemina-

343 1179 417 1204 rum
440 1169 573 1202 morbos
598 1167 705 1201 eadem
729 1168 784 1199 illa
809 1167 1024 1209 appellatione
1046 1164 1350 1208 comprehendunt:

347 1210 626 1254 quemad-modum
650 1221 750 1252 neque
774 1221 848 1242 cum
871 1211 912 1244 iis
936 1211 1128 1244 altercamur
1151 1210 1208 1251 qui
1239 1219 1353 1242 vocare

342 1254 403 1289 hos
426 1255 551 1290 malunt
575 1253 900 1296 hypochondriac053
922 1252 1047 1287 tametfi
1080 1251 1165 1286 haud
1198 1251 1352 1285 rariffime

343 1309 410 1332 non
433 1299 535 1340 magis
557 1298 591 1330 in
614 1298 708 1338 culpa
732 1295 792 1329 fint
816 1295 1065 1338 hypochondria
1088 1296 1199 1329 inillis
1210 1307 1250 1329 ex
1263 1305 1352 1329 utro-

341 1342 421 1376 libet
445 1340 521 1375 sexu
543 1352 626 1382 quos
648 1339 955 1381 hypochondtiacos
978 1341 1092 1373 dicunt
1106 1363 1116 1379 ‚
1140 1350 1246 1382 unam
1280 1348 1352 1373 ute-

342 1396 396 1420 rus
419 1386 452 1418 in
476 1384 526 1419 his
548 1394 626 1426 quas
647 1382 822 1425 hystericas
855 1383 915 1416 alii
949 1385 1121 1416 nominant
1144 1407 1151 1415 .
1197 1383 1230 1415 Si
1274 1380 1354 1424 quid

341 1427 486 1472 utrisque
507 1437 678 1463 commune
701 1426 768 1467 est,
791 1426 912 1460 vitium
937 1426 1134 1468 potissimum
1159 1425 1201 1459 est
1226 1426 1260 1457 in
1284 1435 1354 1458 ner-

339 1483 424 1510 veo,
448 1481 484 1505 ut
509 1480 654 1510 vocant,
679 1469 870 1511 systemate:
895 1471 1045 1513 re&eque
1068 1468 1177 1504 secisse
1207 1469 1261 1502 cl.
1286 1469 1356 1502 Fle-

345 1517 518 1558 rnyngium
542 1517 611 1555 (x)
635 1514 820 1552 credimus,
842 1514 900 1555 qui
923 1512 1095 1556 utriusque
1119 1514 1243 1555 generis
1267 1522 1355 1545 mor-

343 1560 402 1594 bos
428 1570 495 1593 uno
519 1558 699 1600 eodemque
723 1556 847 1598 accepit
882 1556 1044 1590 vocabulo
1076 1555 1320 1599 Neuropathiae
1346 1577 1355 1586 .

344 1605 462 1645 Itaque
487 1613 550 1635 non
575 1601 755 1638 miramur,
778 1611 853 1633 cum
876 1600 956 1643 saepe
979 1599 1266 1640 eoruminsultus,
1290 1609 1356 1632 non

342 1648 383 1681 ab
407 1655 521 1687 utero,
543 1654 598 1678 aut
623 1644 662 1679 ab
685 1641 968 1686 hypochondriis5
993 1643 1045 1677 sed
1079 1655 1096 1676 a
1130 1653 1253 1676 terrore
1272 1663 1282 1680 ,
1315 1642 1356 1677 ab

341 1690 588 1732 indignatione,
612 1688 652 1723 ab
674 1689 774 1721 odore
796 1688 895 1720 etiam
918 1687 1028 1728 aliquo
1051 1696 1182 1728 repente
1204 1689 1356 1720 cooriun-

342 1745 398 1770 tur
414 1758 421 1767 .
447 1734 497 1768 Sic
520 1734 640 1774 pariter
664 1729 902 1771 intelligimus,
937 1728 1106 1771 quomodo
1136 1729 1264 1762 eosdem
1294 1740 1356 1771 op-

343 1787 486 1823 portune
509 1776 589 1809 dato
610 1774 691 1816 opio
715 1771 856 1808 feliciter
880 1773 1161 1815 praeverterimus.
1186 1772 1275 1805 Nam
1298 1770 1356 1805 etsi

345 1823 385 1856 ab
408 1823 477 1854 imo
501 1828 636 1859 ventre,
662 1825 754 1860 atque
778 1817 855 1850 adeo
879 1816 920 1850 ab
944 1814 1204 1858 hypochondriis
1248 1813 1325 1858 ipsis
1344 1836 1354 1852 ‚

343 1870 375 1901 &
399 1866 441 1899 ab
463 1873 557 1898 utero
580 1861 762 1895 insultuum
785 1861 880 1902 origo
904 1857 963 1893 esse
987 1858 1171 1897 videretur3
1198 1870 1357 1901 propaga·

340 1912 392 1944 tio
415 1918 524 1942 tamen
548 1906 639 1941 noxii
665 1913 774 1938 motus
797 1915 854 1946 per
879 1913 995 1937 nervos
1007 1912 1115 1943 certe,
1139 1901 1356 1936 membranas-

343 1966 383 1991 ve
407 1952 524 1987 fiebat.
552 1949 748 1991 Exemplum
771 1947 807 1980 in
839 1946 1137 1990 hypochondriaco
1181 1946 1352 1979 Sacerdote

341 2003 576 2042 praeoccupatae
598 1994 678 2035 opio
701 1992 894 2026 recurrentis
925 1988 1083 2033 epilepfiae
1127 2001 1144 2022 a
1180 2000 1230 2023 me
1276 1989 1350 2022 alias

340 2041 424 2087 (s)
449 2037 608 2074 habuisti.
634 2036 735 2069 Nunc
767 2033 897 2077 preffius
928 2032 1203 2076 quemadmodum
1229 2032 1352 2066 auxilio

345 2085 460 2120 eodem
488 2084 522 2118 in
546 2080 696 2114 foeminis
719 2078 843 2112 duabus
866 2077 1066 2120 hystericOS,
1090 2087 1171 2120 quos
1202 2084 1321 2110 vocant
1345 2099 1356 2116 ‚

340 2127 554 2174 pairoxysmos
579 2122 795 2166 praeverterim
811 2143 821 2158 ,
845 2120 1104 2155 commemorabo
1117 2145 1128 2154 .

391 2173 440 2208 18.
468 2171 622 2206 Matrona
647 2175 713 2200 erat
738 2164 881 2205 nobilis,
906 2164 957 2198 sed
982 2165 1094 2206 inopia
1107 2162 1221 2204 fimuI,
1244 2166 1354 2198 &ma-

348 2220 406 2253 riti
432 2215 573 2251 absentia
597 2210 739 2247 afflitfta,
763 2209 817 2241 cui
841 2209 945 2250 plures
969 2208 1034 2250 jam
1068 2207 1154 2241 filios
1188 2216 1353 2250 pepererat

348 2261 520 2298 floridiore
545 2264 661 2290 aet—ate.
687 2254 767 2289 Earn
792 2249 894 2286 febres
919 2250 1156 2294 prehenderant
1190 2252 1356 2285 intermit-

352 2314 479 2343 tentes,
500 2311 636 2345 quarum
659 2298 794 2330 initium
819 2294 936 2337 majori
960 2297 994 2329 in
1018 2296 1085 2329 dies
1107 2293 1231 2338 frigore
1254 2296 1357 2328 mole-

348 2350 426 2384 stius
450 2347 567 2383 fiebat,
593 2344 675 2383 Ecce
697 2350 807 2374 autern
830 2339 1004 2383 frigentem
1029 2347 1120 2373 tanta
1143 2338 1283 2381 spirandi
1297 2337 1362 2371 dif-

348 2393 480 2428 ficultas
500 2396 658 2430 occupat,
682 2393 717 2419 ut
743 2395 806 2419 non
832 2382 890 2418 nisi
913 2383 1017 2418 erefia
1039 2383 1165 2417 cervice
1188 2382 1221 2416 id
1246 2381 1362 2423 poffit,

348 2449 407 2472 nee
422 2434 485 2469 fine
498 2433 630 2467 stertore
644 2457 655 2472 ‚
678 2441 776 2473 eaque
791 2429 927 2471 peeoris
938 2425 1164 2461 constriffione
1177 2451 1186 2465 ,
1210 2434 1247 2459 ut
1259 2426 1287 2458 se
1298 2426 1362 2458 rni-

347 2482 411 2518 sere
422 2487 641 2521 contorquens
652 2498 664 2515 ,
676 2475 741 2516 jam
752 2473 817 2515 jam
828 2472 940 2505 instare
952 2481 1090 2504 mortem
1103 2496 1112 2510 ‚
1124 2471 1210 2503 dicat
1222 2494 1230 2501 .
1242 2468 1359 2501 Credi-

349 2526 399 2560 dit
413 2534 490 2557 tunc
501 2533 582 2565 aegra
595 2543 603 2557 ‚
617 2522 646 2552 δέ
657 2520 713 2561 qui
725 2528 817 2559 aegrae
828 2515 992 2549 adstabant
1002 2537 1010 2552 ,
1025 2523 1060 2547 ut
1071 2511 1174 2556 frigus
1185 2534 1195 2549 ,
1209 2511 1250 2545 fic
1262 2513 1359 2545 etiam

352 2577 468 2604 caetera
488 2577 559 2608 quae
583 2563 671 2597 dieta
694 2561 788 2598 sunt,
813 2559 988 2601 incipienti
1021 2557 1104 2591 febri
1139 2565 1268 2598 accepta
1299 2555 1358 2589 esse

353 2610 539 2647 referenda.
565 2609 692 2641 Verum
714 2615 789 2638 cum
811 2603 944 2641 eadem,
977 2606 1009 2634 &
1045 2601 1192 2644 graviora
1223 2598 1358 2641 quidem

353 2657 404 2691 vel
428 2663 518 2688 extra
540 2651 574 2685 id
598 2659 726 2691 tempus
751 2647 828 2688 saepe
851 2655 1050 2680 recurrerent
1073 2666 1083 2682 ‚
1127 2643 1328 2677 creberrimis
1352 2664 1364 2680 ,

356 2695 582 2738 citiffirnisque
605 2696 708 2727 totius
731 2691 880 2731 corporis
914 2688 1171 2723 concuffionibus
1216 2686 1327 2727 stipata
1352 2708 1363 2724 ,

357 2754 456 2786 eaque
500 2738 631 2781 insuper
679 2735 716 2769 ad
740 2744 855 2777 guttur
878 2733 1131 2767 constrictione,
1156 2738 1193 2763 ut
1215 2730 1363 2772 quamvis

358 2784 552 2821 acerbissime
574 2788 803 2823 torqueretur,
826 2777 963 2811 clamare
986 2786 1050 2808 non
1063 2774 1185 2816 posset3
1208 2773 1363 2814 quorsum

359 2842 409 2865 res
433 2829 607 2872 speetaret,
632 2825 671 2858 ab
694 2822 847 2856 omnibus
871 2821 1076 2854 intellestum
1098 2818 1143 2851 est
1158 2818 1175 2851 .'
1190 2817 1261 2850 Vix
1283 2816 1362 2849 dili-

360 2875 474 2917 genti,
495 2882 552 2903 nec
575 2869 688 2907 brevi,
711 2866 879 2899 curatione
901 2863 1037 2897 insultus
1063 2863 1213 2904 'primum
1232 2882 1244 2900 ,
1274 2859 1365 2893 deni-

359 2929 423 2961 que
446 2919 477 2949 &
499 2912 602 2947 febres
625 2911 738 2952 abegi.
765 2908 965 2947 Ιηῑεπὶεᾶο,
990 2907 1109 2948 opinor
1132 2929 1145 2946 ,
1175 2915 1259 2938 anno
1290 2914 1365 2936 curn

360 2961 434 2994 aliae
458 2962 574 2991 iterum
598 2955 723 2993 febres,
747 2954 777 2985 δέ
801 2952 925 2994 aliquot
949 2949 1020 2993 post
1042 2948 1156 2982 diebus
1180 2948 1301 2990 priores
1324 2946 1365 2978 il-

359 3004 386 3038 li
410 3003 511 3037 redire
532 2997 709 3042 gravissimi
732 2994 867 3028 insultus
878 2992 1071 3036 coepissent,
1095 2991 1146 3026 sed
1162 2991 1270 3025 eadem
1284 3000 1367 3031 quo·

359 3047 443 3081 tidie
465 3045 569 3080 hora,
593 3039 760 3075 confilium
784 3039 854 3079 cepi
878 3048 952 3074 eos,
976 3035 998 3069 fi
1034 3034 1155 3078 possem
1181 3058 1191 3073 ,
1226 3043 1363 3077 praever-

359 3089 470 3126 tendi.
495 3087 608 3129 Itaque
632 3095 693 3118 una
717 3091 790 3115 ante
814 3080 903 3115 illam
927 3079 1039 3113 horula
1085 3077 1214 3112 laudaui
1259 3076 1364 3118 opiati

362 3134 599 3170 dimidiatum,
620 3124 705 3162 haud
731 3125 886 3167 amplius,
908 3134 1044 3166 granum
1065 3121 1159 3156 dedi.
1183 3120 1302 3154 Nullus
1325 3131 1364 3152 eo

360 3178 419 3213 die
438 3175 596 3213 insultus,
619 3170 725 3205 nullus
746 3168 872 3201 duobus
895 3167 1011 3210 quibus
1033 3166 1120 3200 idem
1145 3163 1301 3198 auxilium
1316 3174 1365 3195 re-

361 3222 503 3265 petitum
526 3217 590 3255 est,
611 3212 854 3256 insequentibus
876 3210 1011 3244 diebus.
1036 3210 1189 3253 Quarto,
1213 3218 1253 3240 ne
1285 3205 1366 3248 quid

362 3263 577 3298 diffimulem3
602 3257 734 3292 morbus
758 3253 901 3288 remedio
923 3253 1063 3287 validior
1087 3250 1177 3291 fuit,
1204 3261 1243 3283 an
1275 3248 1366 3291 quod

363 3308 444 3342 huic
465 3314 577 3340 natura
602 3297 767 3335 assueffet?
790 3301 954 3331 Caeterum
977 3308 1051 3330 cum
1075 3296 1129 3329 ille
1152 3293 1259 3327 fuisset
1294 3292 1367 3325 bre-

363 3352 437 3384 vior
447 3373 463 3390 ,.
484 3359 586 3390 neque
610 3344 745 3386 amplius
768 3340 933 3377 rediisset,
957 3340 1102 3383 viresque
1125 3339 1230 3372 minus
1240 3333 1368 3368 afflietae

360 3394 487 3433 essent;
508 3391 603 3432 longe
626 3389 724 3422 citius
740 3407 749 3422 ,
773 3394 867 3428 atque
899 3381 1025 3417 facilius
1068 3393 1164 3425 quam
1207 3379 1368 3422 superiore

365 3448 472 3474 anno,
495 3434 614 3468 febrim
637 3427 832 3475 profligavi.

410 3491 459 3520 19.
483 3480 552 3511 Cur
574 3476 733 3511 dixerim,
760 3484 796 3506 an
820 3469 907 3514 quod
931 3471 958 3504 ei
993 3467 1137 3503 remedio
1173 3475 1286 3500 natura
1319 3463 1367 3514 as-

364 3523 473 3559 suesset
489 3544 497 3560 ,
521 3519 702 3562 exemplum
729 3517 863 3550 alterum
889 3513 1100 3548 monstrabit.
1125 3510 1271 3557 Gracilis
1284 3509 1365 3557 Vir-

361 3579 405 3610 go
425 3564 613 3602 „contumaci
635 3561 761 3605 hepatis
784 3559 924 3596 duritie,
949 3559 981 3589 &
1003 3568 1078 3590 curn
1101 3555 1160 3589 hac
1181 3551 1364 3595 comana-1⁵

984 180 1140 233 Liber
1172 179 1277 233 ΙΙΙ.
1312 180 1396 233 De
1433 178 1640 232 Morbis
1678 177 1888 230 Ventris

1405 267 1456 292 tot
1470 281 1479 296 ,
1505 267 1571 292 tam
1594 256 1713 296 variis,
1738 258 1768 288 &
1791 265 1856 288 tam
1878 253 2040 289 diuturnis
2062 251 2278 287 incommodis
2307 249 2400 285 laboss

1406 313 1496 339 rans,
1522 310 1558 334 ut
1580 298 1704 334 credere
1728 299 1828 340 posset
1853 309 1948 332 nemo
1971 299 2056 331 intra
2078 296 2323 331 adolescentiam
2334 303 2399 327 non

1407 343 1465 378 esse
1488 345 1686 387 perituram,
1712 343 1826 376 nedum
1851 341 1888 375 ad
1910 340 2105 382 decrepitam
2128 349 2276 378 aetatem5
2299 347 2398 379 nuper

1402 389 1490 421 enim
1515 386 1618 421 adhuc
1641 385 1791 423 vivebat5
1815 393 2037 428 perventuram
2051 408 2061 424 ‚
2080 382 2191 417 iisdem
2214 383 2302 426 annis
2324 382 2399 423 qui-

1401 431 1460 464 bus
1502 430 1558 463 illa
1583 430 1758 468 Matrona,
1780 439 1796 460 a
1820 439 1870 460 me
1893 437 1971 459 tunc
2006 426 2174 460 Medicum
2214 427 2249 459 in
2291 424 2400 459 Patria

1403 483 1516 516 agente
1531 498 1539 511 ,
1563 471 1712 516 quotidie
1734 470 1968 514 propemodum
1993 469 2189 502 invisebatur
2213 494 2220 502 .
2253 469 2305 502 Ad
2338 478 2400 500 cae-

1402 527 1468 550 tera
1491 518 1580 551 enim
1603 515 1708 556 mala,
1732 517 1766 547 in
1787 515 1905 556 quibus
1928 512 2020 546 fuisse
2043 513 2176 547 memini
2199 513 2304 545 multo
2317 522 2400 544 acer-

1401 561 1506 594 biores
1528 570 1625 603 quarn
1647 559 1681 590 in
1706 558 1858 591 Matrona
1872 579 1882 595 ,
1903 556 2029 591 dolores
2050 556 2185 598 capitis,
2209 557 2240 588 &
2274 555 2401 596 sangui-

1401 615 1475 637 nem
1521 603 1569 635 vel
1617 603 1724 634 minus
1772 601 1851 633 bene
1894 612 1993 642 quarn
2036 600 2069 633 in
2114 599 2171 632 illa
2199 620 2211 637 ,
2254 609 2292 630 ex
2335 607 2402 630 ute-

1405 659 1444 681 ro
1466 644 1711 688 respondentem
1725 666 1735 682 ‚
1759 642 1857 677 febris
1881 642 2044 677 accesserat
2066 654 2139 685 quae
2162 651 2305 683 tempore
2336 641 2403 673 ves-

1405 690 1534 733 pertino
1557 701 1631 722 curn
1655 687 1775 731 frigore
1797 686 1943 728 quotidie
1965 686 2087 720 redibat
2101 711 2108 718 .
2133 684 2183 718 Eo
2204 695 2279 718 curn
2301 683 2403 726 frigo.

1404 745 1438 766 re
1462 734 1565 775 postea
1588 734 1691 772 coepit
1715 730 1817 764 sensus
1841 729 1990 772 angustiae
2016 728 2177 772 perstetis,
2201 730 2231 761 δι
2264 726 2403 769 respira-¹

1401 777 1504 809 tionis
1525 774 1694 809 difficultas
1715 775 1886 815 ingruere.
1912 773 1996 809 Quae
2019 775 2104 806 intra
2128 781 2302 814 perpaucos
2332 770 2400 802 dies

1401 820 1480 853 adeo
1502 818 1593 851 aneta
1617 817 1676 856 est,
1703 827 1737 850 ut
1763 816 1865 850 sedere
1885 826 2004 858 aegram
2025 824 2180 859 cogeret,
2202 818 2233 848 &
2256 814 2287 847 se
2322 823 2403 846 con-

1400 873 1573 906 torquere,
1597 864 1628 895 &
1652 858 1784 895 brachia
1806 859 1950 899 versare,
1974 862 2004 892 &
2029 858 2241 893 miserandum
2264 859 2296 890 in
2330 868 2403 890 mo-

1399 906 1478 940 dum
1500 906 1676 948 conqueri,
1698 916 1772 938 curn
1796 912 1945 944 poterat3
1968 901 2102 937 subinde
2124 903 2210 935 enim
2233 899 2318 934 haud
2340 910 2401 942 po-

1403 958 1506 982 terat.
1531 948 1659 982 Frustra
1682 947 1811 981 fuerunt
1835 947 1973 981 remedia
1996 957 2110 980 caetera
2134 947 2274 988 primurn
2297 955 2335 976 ne
2347 949 2403 976 au*

1403 1002 1530 1036 geretur
1540 991 1825 1027 insultus,deinde
1838 1002 1875 1023 ne
1886 990 2023 1029 rediret,
2047 989 2147 1023 donec
2172 989 2210 1022 ad
2233 988 2405 1021 laudanum

1402 1036 1547 1078 opiatum
1571 1034 1726 1076 confugi,
1749 1033 1836 1075 cujus
1857 1045 1917 1075 ope
1942 1033 2034 1066 illum
2057 1031 2204 1075 quotidie
2235 1030 2371 1064 arcendo
2392 1050 2403 1066 ,

1403 1078 1475 1122 post
1497 1078 1623 1120 aliquot
1645 1079 1712 1111 dies
1735 1086 1885 1119 expertus
1910 1075 1999 1113 sum,
2023 1076 2073 1109 vel
2097 1075 2233 1109 laudano
2254 1073 2370 1107 omiffo
2393 1096 2404 1113 ‚

1404 1133 1471 1155 non
1494 1123 1632 1154 reverti.
1654 1122 1719 1155 Die
1742 1119 1856 1154 exinde
1880 1119 2034 1161 vigesimo
2056 1128 2174 1162 quarto
2196 1129 2269 1152 cum
2294 1127 2403 1151 rever-

1403 1164 1455 1198 sus
1479 1164 1554 1198 esset
1578 1165 1720 1205 iterum,
1743 1174 1881 1205 cumque
1904 1174 1968 1205 ego
1990 1162 2098 1196 eadem
2123 1162 2250 1195 ratione
2276 1171 2405 1197 arcere,

1404 1207 1456 1241 scd
1479 1218 1544 1241 non
1568 1207 1679 1241 eodem
1703 1208 1817 1247 exitu,
1840 1215 1972 1239 conatus
1996 1206 2110 1244 essem3
2133 1206 2221 1239 venit
2245 1206 2278 1237 in
2315 1214 2406 1237 men-

1406 1261 1492 1288 tem,
1517 1261 1582 1284 non
1607 1251 1807 1287 remedium,
1831 1248 1883 1283 sed
1907 1250 2039 1283 remedii
2064 1247 2203 1282 formam
2247 1257 2371 1282 mutare
2395 1270 2405 1277 -

1401 1295 1519 1338 Itaque
1542 1305 1603 1327 una
1626 1295 1744 1335 pariter
1768 1304 1840 1329 ante
1863 1291 1977 1327 horula
2000 1302 2050 1326 tot
2061 1293 2163 1334 guttis
2174 1290 2303 1325 laudaui
2313 1291 2406 1334 opia-

1405 1340 1433 1371 ti
1458 1337 1666 1379 Sydenhamii
1690 1338 1775 1372 datis
1803 1360 1814 1377 ,
1847 1346 1928 1379 quot
1963 1336 2140 1370 dimidiato
2172 1345 2274 1378 grano
2309 1333 2407 1368 solidi

1407 1382 1525 1424 prioris
1548 1381 1676 1414 laudani
1698 1380 1945 1423 responderent,
1967 1380 2038 1413 voti
2069 1389 2203 1422 compos
2245 1380 2291 1412 ita
2336 1377 2416 1411 sum*

1407 1425 1526 1462 faetus,
1556 1434 1592 1457 ut
1615 1436 1688 1457 cum
1710 1425 1834 1458 caeteris
1856 1422 1970 1456 deinde
1993 1422 2085 1457 malis
2105 1445 2115 1461 ,
2153 1421 2239 1455 velut
2283 1431 2374 1455 antea
2396 1444 2408 1460 ‚

1407 1479 1471 1501 non
1495 1479 1568 1501 cum
1592 1467 1655 1500 illo
1678 1468 1817 1510 amplius
1838 1466 1961 1500 insultu
1985 1462 2321 1509 pugnandumfuerit.
2345 1463 2408 1498 Sed

1407 1511 1512 1545 minus
1535 1512 1568 1543 in
1595 1510 1653 1544 hac
1677 1512 1818 1553 Virgine
1842 1513 1961 1543 mirum
1995 1509 2058 1543 fuit
2079 1532 2089 1548 ‚
2123 1511 2238 1550 opium
2271 1506 2407 1551 abegisse

1408 1554 1621 1598 paroxysmos
1643 1553 1808 1588 evidenter
1831 1553 2057 1593 convulsivos,
2089 1564 2185 1594 quam
2229 1553 2282 1584 in*
2307 1553 2409 1585 altera.

1409 1597 1492 1642 apud
1515 1598 1686 1631 Riverium
1712 1602 1722 1637 (
1746 1609 1770 1641 z
1791 1601 1805 1637 )
1827 1596 1985 1637 hysterica
2009 1597 2148 1638 Virgine
2171 1593 2301 1629 eosdem
2334 1606 2408 1629 cum

1408 1642 1498 1685 gravi
1522 1640 1675 1683 soporoso
1698 1640 1815 1675 affeetu
1838 1639 2054 1682 conjunGtos;
2078 1642 2144 1672 imo
2167 1650 2264 1681 quam
2288 1641 2322 1673 in
2347 1638 2408 1671 alia

1407 1696 1473 1719 non
1497 1685 1595 1718 modo
1620 1696 1692 1717 cum
1715 1683 1831 1717 affe&u
1854 1682 2028 1724 soporoso,
2052 1694 2163 1716 verum
2196 1683 2293 1716 etiarn
2334 1693 2409 1716 cum

1407 1729 1498 1762 brevi
1521 1737 1652 1760 artuum
1676 1726 1809 1768 paralyfi
1830 1725 2038 1760 invadentes.
2064 1726 2135 1759 Hos
2168 1728 2252 1758 enim
2276 1750 2287 1766 ,
2332 1736 2409 1759 cum

1407 1781 1521 1805 caetera
1546 1771 1665 1804 auxilia
1689 1780 1753 1802 non
1778 1768 1981 1811 prodessent,
2004 1769 2113 1802 eadem
2136 1779 2199 1810 qua
2231 1770 2410 1806 Riverius,

1409 1817 1538 1849 ratione
1562 1814 1687 1847 sustulit
1712 1812 1815 1845 Solers
1838 1811 2059 1846 Feltriensium
2093 1811 2242 1845 Medicus
2276 1812 2412 1844 Gulier·

1408 1860 1493 1892 mius
1517 1869 1626 1891 meus.
1653 1858 1806 1891 Attamen
1831 1858 1864 1888 in
1889 1856 2018 1889 Riverii
2043 1866 2124 1897 aegra
2170 1865 2235 1887 non
2279 1854 2412 1888 deerant

1408 1901 1594 1936 convulsiva
1618 1903 1857 1943 symptomata;
1882 1901 1914 1932 in
1939 1899 2001 1933 hac
2022 1909 2128 1932 autem
2151 1898 2265 1931 ultima
2300 1897 2414 1931 saltem

1404 1945 1604 1988 periodicum
1628 1946 1732 1978 totius
1755 1944 1900 1987 corporis
1923 1940 2045 1984 frigus⁷
2073 1940 2173 1976 Quod
2217 1941 2269 1974 vel
2312 1952 2413 1975 unum

1406 2000 1466 2031 pro
1487 1989 1677 2022 convulsivo
1701 1989 1843 2029 accipere
1866 1997 1931 2019 non
1953 1984 2126 2020 dubitabat
2150 1985 2182 2017 in
2207 1984 2280 2028 ipsis
2301 1985 2407 2018 inter—

1409 2032 1617 2067 mittentibus
1639 2031 1783 2065 fsbribus
1808 2030 1989 2071 Experiens
2013 2029 2077 2062 Vir
2102 2028 2241 2070 Berryat
2265 2030 2278 2070 (
2300 2031 2353 2066 a)
2377 2031 2411 2061 &

1406 2088 1467 2119 pro
1490 2074 1580 2109 causa
1603 2074 1719 2108 habere
1742 2084 1855 2108 eorum
1881 2084 1953 2115 qua:
1977 2072 2037 2105 alia
2061 2072 2095 2104 in
2130 2071 2200 2104 aliis
2244 2070 2412 2113 sequeren-

1405 2130 1482 2159 tur,
1505 2127 1541 2152 ut
1567 2117 1589 2150 si
1614 2127 1805 2160 praevertere
1828 2115 1911 2150 illud
1934 2116 2062 2158 posset,
2085 2114 2152 2148 haec
2174 2125 2304 2157 quoque
2328 2127 2416 2148 arce-

1406 2173 1471 2202 ret,
1496 2162 1529 2196 id
1551 2162 1641 2204 quod
1663 2161 1741 2195 dato
1764 2172 1826 2195 una
1849 2168 1922 2193 ante
1945 2157 2076 2201 frigoris
2100 2159 2233 2192 initium
2257 2158 2334 2191 hora
2347 2170 2417 2192 me·-

1407 2208 1592 2240 dicamento
1615 2206 1730 2247 opium
1753 2204 1889 2238 habente
1913 2202 1942 2236 se
1966 2203 2173 2236 consecutum
2187 2200 2417 2245 esseinquam-

1408 2251 1578 2293 plurimis,
1603 2248 1800 2283 testabatur.
1825 2248 2014 2289 Congruere
2038 2255 2146 2280 autem
2167 2266 2178 2282 ,
2212 2246 2379 2288 intelliges
2401 2267 2413 2282 ,

1408 2304 1548 2337 quatuor
1571 2291 1609 2325 de
1632 2293 1751 2335 quibus
1774 2304 1791 2325 a
1814 2291 1910 2324 nobis
1933 2290 2060 2323 dietum
2093 2288 2137 2322 est
2160 2312 2170 2328 ,
2195 2287 2418 2323 foeminarum

1412 2338 1614 2375 curationes,
1639 2346 1812 2378 antequam
1837 2334 1891 2367 ille
1916 2333 2089 2372 scriberet,
2115 2332 2153 2366 ad
2176 2331 2312 2366 eundem
2345 2344 2418 2365 mo—

1412 2380 1490 2414 dum
1516 2380 1675 2421 per-astas,
1698 2377 2016 2413 fianimadverteris‚
2038 2378 2146 2417 gravia
2169 2375 2322 2418 cujusque
2333 2376 2420 2418 syrn-

1414 2433 1562 2466 ptomata
1586 2420 1650 2455 fere
1675 2432 1727 2456 aut
1751 2433 1825 2456 cum
1849 2420 1972 2463 frigore
1995 2419 2084 2465 quod
2107 2418 2224 2453 febrim
2257 2419 2418 2462 praecede-

1411 2477 1482 2505 ret,
1507 2475 1583 2502 aut,
1611 2467 1693 2499 ficut
1718 2467 1753 2499 in
1779 2466 1916 2504 ultima,
1940 2464 2014 2496 loco
2039 2462 2136 2497 febris
2170 2461 2272 2496 redire
2304 2473 2418 2505 perge-

1410 2519 1483 2549 ret,
1505 2518 1590 2543 certa
1612 2509 1761 2551 quotidie
1783 2506 1864 2542 hora
1886 2504 2072 2541 recurrisse.
2442 2546 2444 2548 ‚

1457 2564 1507 2586 20.
1534 2551 1628 2594 Qid
1651 2552 1734 2586 mihi
1758 2553 1793 2585 in
1816 2550 2045 2585 affectionibus
2080 2548 2247 2590 hystericis
2278 2560 2419 2591 praever-

1415 2595 1520 2632 tendis
1542 2594 1681 2629 feliciter
1705 2593 1850 2632 cesserit,
1873 2591 2054 2636 expofitum
2077 2594 2119 2627 est
2139 2617 2146 2623 .
2178 2593 2238 2627 Sed
2268 2604 2382 2626 contra
2407 2616 2418 2631 ‚

1416 2652 1472 2683 per
1493 2650 1565 2682 quae
1588 2640 1653 2673 illae
1674 2638 1838 2672 interdum
1863 2641 2014 2670 excitatae
2042 2635 2124 2672 fint,
2170 2637 2420 2671 observantibus

1416 2683 1607 2727 Hippolyto
1631 2682 1797 2716 Francisco
1823 2681 2018 2727 Albertin0‚
2041 2681 2071 2711 &
2089 2679 2216 2723 Joanne
2250 2680 2418 2723 Hierony.

1416 2739 1471 2761 mo
1495 2726 1720 2763 Zanichellio,
1742 2734 1778 2760 ut
1803 2725 1843 2758 ab
1867 2725 1940 2766 iphs
1963 2724 2093 2764 accepi,
2117 2735 2181 2757 non
2206 2733 2237 2757 te
2268 2724 2382 2757 celabo
2407 2750 2416 2757 .

1415 2770 1582 2804 Narrabat
1606 2771 1754 2811 primus,
1778 2769 1817 2801 ab
1841 2766 2021 2804 infusione,
2044 2778 2141 2808 quam
2164 2776 2306 2804 vocant,
2344 2767 2417 2801 sen-

1414 2826 1463 2848 nae
1487 2812 1706 2847 convulfiones
1719 2812 1888 2855 hystericas
1903 2833 1912 2847 ‚
1935 2821 1991 2843 nec
2002 2809 2097 2843 semel
2111 2834 2119 2848 ,
2134 2811 2246 2844 vidisse
2260 2811 2413 2844 obortas:

1415 2856 1504 2900 quod
1527 2856 1621 2890 facile
1642 2856 1770 2897 credes,
1795 2867 1811 2889 a
1834 2854 1989 2889 vellicatis
2012 2853 2164 2888 videlicet
2186 2853 2414 2890 intestinis‚&

1417 2900 1614 2934 torminibus
1637 2901 1828 2942 concitatis.
1853 2896 2047 2931 Testabatur
2069 2897 2173 2937 alter,
2196 2897 2284 2939 quod
2309 2897 2416 2930 nisiin

1416 2944 1549 2978 odorem
1564 2968 1573 2983 ‚
1597 2955 1700 2985 neque
1723 2954 1795 2976 eum
1821 2952 1923 2975 tamen
1941 2950 2090 2979 acutum,
2116 2951 2169 2974 aut
2182 2939 2419 2978 suavissimum,

1418 2988 1567 3028 rejicias,
1591 2988 1697 3020 minus
1721 2986 1813 3020 facile
1836 2984 2020 3025 intelligas,
2044 2993 2129 3017 certe
2153 2985 2213 3018 fibi
2245 2985 2418 3026 cognitum

1415 3031 1495 3071 esse,
1517 3030 1693 3065 balsamum
1716 3030 1754 3063 de
1776 3028 1922 3071 Copaibe
1947 3028 2089 3060 uterinos
2112 3026 2239 3061 ass-‘estus
2249 3028 2421 3061 vehemen-

1417 3085 1467 3109 ter
1491 3073 1646 3108 movisse.
1672 3073 1739 3107 Hic
1763 3069 1892 3105 fortasse
1916 3082 1964 3104 me
1988 3071 2228 3113 interpellabrs‚
2253 3082 2419 3113 quaerens‚

1417 3130 1497 3152 num
1517 3117 1579 3151 hoc
1606 3118 1639 3150 in
1664 3115 1957 3159 hypochondriacis
1979 3125 2108 3156 quoque
2132 3116 2207 3147 viris
2231 3113 2267 3147 fit
2277 3114 2421 3148 animad-

1416 3161 1564 3195 versum?
1587 3159 1609 3193 si
1634 3172 1709 3193 vero
1732 3170 1795 3192 non
1821 3158 1879 3195 fit;
1901 3169 1998 3200 quare
2021 3159 2123 3198 igitur
2148 3157 2365 3199 hystericam,
2386 3160 2419 3190 &

1417 3203 1741 3247 hypochondriacum
1772 3202 1924 3236 morbum
1955 3212 2057 3234 unum
2091 3203 2288 3241 eundemque
2327 3199 2386 3234 esse
2406 3224 2419 3240 ‚

1418 3248 1552 3290 plurimi
1578 3246 1639 3281 hoc
1664 3257 1808 3288 tempore
1832 3244 2051 3279 contendant?
2182 3244 2382 3278 Pedetentim
2401 3265 2416 3282 ,

1417 3291 1545 3334 quaeso.
1571 3290 1689 3332 Neque
1712 3291 1797 3322 enim
1822 3289 1871 3321 vel
1904 3290 1938 3321 in
1982 3285 2056 3328 ipfis
2099 3285 2263 3329 hystericis
2308 3286 2416 3320 eadem

1421 3335 1542 3378 semper
1564 3343 1619 3367 aut
1643 3332 1807 3376 prodesse,
1832 3341 1886 3366 aut
1911 3342 2026 3365 nocere
2049 3330 2284 3371 inveniuntur,
2314 3340 2413 3371 neque

1419 3376 1530 3411 eadem
1553 3378 1586 3410 in
1610 3377 1763 3410 omnibus
1784 3385 1959 3410 occurrunt
1982 3375 2221 3416 symptomata,
2243 3382 2280 3408 ut
2312 3383 2413 3414 neque

1418 3422 1453 3454 in
1486 3419 1779 3463 hypochondriacis
1803 3443 1811 3450 .
1847 3419 1925 3459 Qo
1958 3419 2063 3451 minus
2094 3418 2206 3461 urgeri
2236 3429 2253 3450 a
2283 3414 2412 3458 quibus-

1418 3464 1494 3497 dam
1539 3463 1739 3498 Doffiffimis
1782 3463 1929 3503 alioquin
1972 3460 2065 3493 Viris
2107 3463 2164 3503 qni
2209 3472 2247 3493 ex
2300 3458 2415 3492 adver-

1418 3506 1453 3540 so
1500 3517 1645 3549 pugnant
1671 3531 1679 3546 ‚
1723 3516 1774 3540 tot
1820 3507 1903 3538 inter
1948 3514 2123 3546 utrumque
2167 3503 2316 3537 morbum
2361 3501 2412 3535 di..

1416 3550 1565 3584 {crimina
1608 3547 1803 3593 oportuisset
1825 3571 1836 3588 ,
1881 3546 1968 3592 quasi
2015 3547 2070 3580 illa
2113 3558 2185 3589 quae
2206 3555 2414 3594 memora-nt,

2261 3598 2373 3624 omnia

359 3676 2400 3711 Μω-

424 3764 465 3793 (33
480 3763 494 3791 )
509 3765 544 3786 De
558 3762 605 3785 loc.
623 3761 661 3785 aff.
680 3762 695 3785 1.
712 3765 735 3785 6.
754 3768 774 3784 c.
793 3768 813 3789 ς.
876 3759 890 3787 (
905 3766 920 3781 u
939 3757 946 3784 )
964 3755 1092 3783 Patholog.
1109 3754 1125 3778 1.
1143 3756 1164 3778 6.
1183 3760 1204 3778 ο.
1219 3754 1243 3778 6.

423 3796 436 3827 s
452 3802 467 3818 a
482 3793 496 3822 )
512 3794 590 3818 Mem.
606 3791 720 3822 presentes
736 3791 749 3815 ὲ
762 3789 865 3820 ὶἈςιά,
879 3791 910 3815 R.
927 3787 967 3813 des
983 3788 1020 3814 Sc·
1037 3787 1112 3812 Tem.
1128 3792 1151 3809 a.
1182 3811 1204 3817 >a

1305 3751 1320 3780 ί
1334 3759 1349 3776 x
1363 3751 1377 3781 )
1394 3751 1421 3776 in
1437 3747 1618 3780 Neuropathia.

1681 3746 1726 3779 (y
1742 3747 1756 3777 )
1771 3746 1844 3777 Epist.
1864 3753 1888 3775 9.
1914 3752 1938 3770 n.
1954 3752 1978 3775 7·
2040 3745 2051 3771 (
2069 3750 2086 3773 z
2101 3743 2116 3773 )
2132 3744 2204 3769 cent.
2220 3749 2243 3767 2.
2259 3740 2319 3768 obs.
2335 3745 2379 3772 ιε.
