2498 4075
353 230 548 263 correptus,
569 218 634 253 levi
668 217 799 255 demum
821 218 909 254 febre
943 220 1132 262 accedente,
1166 221 1276 258 sensim
1308 222 1350 258 est

352 273 524 301 mortuus.
550 262 659 296 Mense
682 262 745 296 hoc
767 262 888 299 ultimo
922 263 1021 296 urinae
1045 263 1177 299 fuerunt
1210 265 1316 300 crasse
1339 290 1349 307 ‚

352 307 535 347 sedimento
556 303 645 349 quasi
670 304 797 345 laam,
821 305 874 339 sed
909 305 1050 341 inodoro
1070 331 1078 340 .
1112 307 1350 351 Respirationi‘s

354 352 475 386 vitium
498 349 623 384 nullum
638 371 647 386 ,
670 357 705 381 ut
727 358 829 390 neque
853 347 1001 391 pulsuum
1024 372 1038 390 ,
1070 350 1127 384 nisi
1162 352 1252 393 quod
1273 363 1349 388 curn

349 404 443 429 antea
464 392 598 430 molles,
621 391 654 423 δι
684 390 764 439 sicut
796 399 871 424 aetas
894 412 906 430 ‚
926 392 1138 441 'morbusque
1168 394 1314 430 ferebant
1337 417 1348 434 ‚

349 437 514 475 humiles,
538 436 570 467 &
592 434 685 475 parvi
715 432 866 470 fuissent,
890 434 996 469 tribus
1017 437 1170 471 extremis
1192 439 1268 472 vitaz
1282 438 1350 473 die.

348 480 409 516 bus
432 479 600 513 imminuti
626 485 714 510 erant
736 475 838 517 adeo,
861 486 897 511 ut
920 479 1056 513 minime
1079 481 1317 524 perciperentur
1339 507 1347 515 .

483 519 750 555 CADAVERE
771 520 804 552 in
814 520 1028 562 Gymnafiurn
1048 522 1164 561 illato,
1189 524 1244 558 ubi
1266 526 1355 559 Ana-

351 575 463 602 tomen
487 563 676 601 tradebam
700 563 892 596 adventabat
917 565 1002 598 enirn
1022 565 1171 609 Januarii
1203 563 1279 603 finis
1311 570 1352 603 A.

350 621 448 653 1754;
472 606 541 642 haec
562 608 596 640 in
619 607 746 640 Ventre
769 606 1002 642 animadverti.
1025 608 1119 644 Intra
1142 612 1245 645 imum
1268 611 1353 646 inte-

348 653 470 689 stinum
494 650 637 685 Ressum
659 648 948 685 haemorrhoidalia
972 652 1140 687 tumebant
1177 653 1269 688 vasa.
1295 654 1352 688 ln‘-

348 696 467 731 'testina
490 694 636 737 reliqua,
658 702 695 727 ut
726 694 925 728 ventriculus
947 706 1101 738 quoque,
1124 699 1155 731 δι
1177 708 1350 740 pancreas.

349 742 384 774 δι
421 740 512 777 lien,
537 737 631 771 sana.
655 738 694 769 In
726 735 878 771 mesaraeo
908 738 1039 780 quidem
1072 739 1232 782 glandulae
1261 750 1352 775 erant

349 782 478 825 aliquot
514 791 573 824 pro
605 780 661 814 illa
685 788 785 826 aetate
800 790 866 813 non
889 782 1034 823 exiguae,
1056 793 1116 817 nec
1139 792 1245 817 tamen
1265 795 1351 818 mor.

348 826 456 861 bidae.
480 825 598 858 Sanum
620 833 750 866 quoque
772 833 862 863 Jecur
885 848 895 864 ,
928 827 1077 867 quamvis
1099 827 1135 860 in
1170 826 1200 861 se
1222 836 1352 861 contra-

349 869 464 906 ἂιιπι,
486 869 520 901 &
542 876 700 909 parvum,
723 865 859 900 vesicula
895 876 1000 902 autem
1025 867 1117 903 valde
1154 880 1170 903 a
1203 870 1268 904 bile
1299 871 1349 905 di-

347 912 474 947 stenta.
499 911 626 947 Renes,
649 905 673 944 si
696 910 889 943 exteriorem
913 909 1030 945 faciem
1062 912 1214 954 aspiceres
1236 935 1247 952 ,
1281 924 1348 947 non

345 958 472 1000 optime
503 952 703 988 constituti.
742 951 857 987 Vesica
891 963 998 988 autem
1032 957 1157 998 optime
1177 980 1188 991 .
1221 957 1349 991 Interea

342 1000 509 1036 scrotum,
530 997 569 1032 de
589 1007 657 1039 quo
690 1005 855 1039 nunquam
879 1005 947 1031 tam
969 997 1069 1042 longo
1091 1008 1238 1041 tempore
1270 1011 1349 1043 que-

346 1041 414 1077 stus
434 1042 469 1076 in
500 1040 709 1075 Nosocomio
741 1039 844 1074 Senex
878 1039 1003 1081 fuerat,
1027 1042 1286 1077 animadversum
1309 1043 1350 1078 est

347 1085 506 1129 utrinque
537 1083 656 1118 morbo
679 1092 745 1116 non
769 1094 880 1118 vacare
904 1108 912 1116 .
946 1086 978 1118 A
1001 1085 1124 1120 dextris
1156 1087 1242 1120 enim
1264 1087 1351 1120 intra

347 1128 548 1172 Vaginalem
579 1127 747 1167 tunicam,
769 1137 842 1170 quae
874 1137 940 1161 non
965 1129 1068 1171 magis
1100 1140 1168 1163 erat
1201 1129 1350 1167 madida,

348 1183 449 1215 quarn
483 1171 655 1206 secundum
689 1179 842 1204 naturam
864 1192 875 1208 ,
907 1170 1047 1217 calculos
1080 1171 1351 1215 deprehendimus

347 1217 431 1251 duos
445 1241 455 1257 ,
478 1214 621 1258 undique
633 1213 753 1247 solutos
769 1235 779 1252 ,
801 1215 939 1248 alterum
951 1214 1162 1255 majusculum
1176 1238 1187 1255 ,
1211 1217 1350 1250 alterum

345 1261 522 1295 minimum
546 1281 556 1297 ,
590 1266 764 1298 utrumque
794 1256 912 1291 durum
936 1281 945 1290 .
980 1257 1115 1292 Sinistra
1139 1268 1246 1293 autem
1279 1260 1352 1293 Va-

348 1302 468 1347 ginalis
482 1325 491 1340 ‚
514 1301 641 1336 craffior
666 1299 774 1340 faRa,
796 1300 922 1334 nullum
945 1300 1109 1334 calculum
1124 1324 1134 1340 ,
1158 1301 1211 1337 sed
1236 1314 1349 1346 aquam

349 1345 541 1382 continebat
576 1343 714 1378 multam
736 1364 746 1381 ‚
786 1343 895 1376 colore
939 1343 1093 1377 lixivium
1138 1345 1349 1380 referentem.

345 1388 491 1424 Craffior
514 1398 647 1431 quoque
670 1394 795 1432 eratjea
819 1397 890 1429 pars
901 1387 981 1420 vasis
1005 1388 1111 1421 semen
1134 1388 1324 1424 Deferentis
1339 1412 1349 1428 ‚

345 1445 420 1477 quae
444 1434 529 1467 intra
554 1441 670 1473 aquam
691 1431 766 1463 eratv
785 1455 794 1471 ‚
829 1438 864 1463 ut
899 1432 996 1464 etiarn
1027 1431 1213 1474 Albuginea
1235 1454 1246 1471 ,
1278 1445 1350 1475 quae

346 1474 566 1511 convestiebat
589 1472 860 1516 Epididymidem
876 1494 886 1510 ‚
908 1473 1024 1516 majori
1045 1473 1099 1509 hic
1123 1477 1231 1510 trustu
1254 1476 1291 1510 ad
1304 1485 1349 1510 te·

341 1520 499 1555 sticulum
522 1517 606 1553 arete
628 1517 659 1551 se
682 1517 927 1557 annectentem,
945 1528 1043 1560 quarn
1068 1517 1169 1553 solet.
1195 1519 1265 1554 Nec
1277 1531 1352 1563 pro-

344 1575 386 1608 pe
408 1563 496 1598 illius
517 1561 712 1605 superiorem
736 1560 871 1602 globum
896 1559 1123 1604 corpusculum
1146 1563 1252 1597 deerat
1277 1563 1352 1597 sub-

310 1624 313 1625 ⁷
345 1606 532 1642 ,rotundum
547 1627 556 1644 ,
580 1615 619 1638 ex
642 1603 826 1646 Albuginea
849 1603 970 1638 exstans
984 1628 992 1643 ,
1015 1605 1111 1647 quale
1133 1606 1167 1639 in
1194 1606 1256 1641 hoc
1292 1606 1353 1650 hy-

346 1650 495 1685 droceles
515 1658 629 1692 genere
662 1647 809 1680 invenire
833 1657 891 1680 nos
923 1646 1039 1681 solitos
1060 1646 1142 1686 esse,
1167 1649 1238 1683 aliis
1261 1650 1299 1684 ad
1321 1660 1354 1685 te

348 1694 488 1728 Litteris
508 1696 523 1732 (
539 1701 565 1735 y
581 1691 600 1733 )
621 1687 824 1731 scripfimus.
958 1689 1097 1723 Thorax
1115 1692 1283 1731 pulmones
1297 1693 1355 1727 ha-

349 1737 427 1771 buit
451 1735 544 1770 sanos
570 1745 578 1767 ε
614 1733 721 1766 cordis
745 1742 854 1766 autem
887 1731 1088 1776 superficiem
1116 1733 1217 1769 ferme
1249 1745 1355 1770 totam

343 1780 479 1818 multa,
503 1779 645 1820 duraque
677 1775 872 1817 pinguedine
894 1785 1061 1817 opertam.
1086 1778 1188 1812 Venae
1223 1780 1355 1814 Pulmo.

342 1824 436 1858 maris
458 1823 551 1857 Sinus
573 1832 607 1854 ea
631 1817 694 1853 fuit
716 1818 952 1860 amplitudine,
977 1830 1135 1854 utomnes
1157 1830 1281 1856 tantam
1304 1823 1356 1857 di-

343 1867 542 1904 Jatationem
575 1865 772 1898 mirarentur
796 1884 807 1901 ‚
839 1863 962 1897 carneis
984 1862 1076 1898 fibris
1109 1875 1164 1906 per
1194 1867 1354 1901 internam

343 1910 417 1954 ejus
440 1907 557 1945 faciem
578 1904 780 1941 exstantibus
803 1931 812 1940 .
849 1907 889 1939 In
915 1905 1053 1940 valvulis
1077 1907 1207 1950 Magnae
1232 1911 1356 1944 arteriae

342 1955 500 1991 omnibus
523 1951 656 1985 Arantii
678 1948 907 1992 corpusculum
928 1950 962 1982 in
996 1949 1157 1985 modicam
1190 1952 1323 1994 quidem
1343 1976 1357 1994 ‚

342 1997 402 2036 {ed
425 1996 640 2039 inaequalem,
664 1996 696 2027 &
718 2004 757 2026 ex
780 2002 870 2034 parte
892 1990 1008 2027 osseam
1020 1994 1269 2029 exere-scentiam
1283 2008 1356 2031 mu-

343 2051 462 2078 tatum
485 2039 627 2074 vidimus
655 2059 665 2076 ,
698 2037 732 2069 in
766 2035 852 2070 facie
886 2046 992 2071 autem
1025 2038 1182 2071 interiore
1213 2039 1355 2082 ejusdem

344 2087 479 2121 arteriae
489 2093 563 2118 roto
586 2093 625 2116 eo
640 2080 749 2115 traRu
760 2090 828 2122 quo
850 2079 891 2114 ab
914 2091 1005 2114 arcus
1023 2080 1108 2119 fine,
1132 2081 1170 2115 ad
1181 2081 1357 2128 diaphrag-

348 2141 404 2166 ma
427 2127 524 2171 usque
546 2123 755 2160 descendebat
769 2144 780 2161 ‚
798 2120 896 2157 offeas
922 2122 1032 2167 passim
1056 2124 1218 2166 bra-Pteas,
1241 2138 1357 2170 quam-

352 2175 405 2207 vis
429 2182 493 2205 non
518 2179 669 2212 magnas,
691 2168 725 2200 &
750 2166 915 2200 tenuiores
930 2180 942 2200 .·
964 2167 1037 2202 inde
1061 2179 1140 2202 vero
1159 2169 1198 2203 ad
1223 2168 1356 2205 divisio-

349 2227 428 2253 nem
450 2214 549 2257 usque
582 2214 616 2245 in
641 2211 777 2248 Iliacas,
800 2211 831 2242 δι
855 2210 888 2243 in
922 2209 1029 2244 Iliacis
1052 2212 1126 2254 ipfis
1160 2212 1230 2246 alba
1261 2213 1357 2247 dum-

353 2268 445 2295 taxat
467 2257 597 2292 illarum
621 2253 819 2288 bra'c'tearum
842 2252 1069 2288 inchoamenta
1083 2279 1092 2294 ,
1117 2254 1166 2289 sed
1186 2255 1358 2290 consertis-

352 2304 459 2341 sima,
481 2303 512 2335 &
535 2302 697 2334 internam
712 2296 802 2330 illam
826 2294 942 2330 faciem
966 2297 1157 2341 inaequalem
1169 2298 1357 2334 reddentia.

487 2345 623 2387 Caput,
644 2339 767 2384 quippe
791 2340 864 2374 aliis
885 2340 1036 2385 deinceps
1060 2340 1105 2377 usi
1129 2342 1359 2384 cadaveribus,

355 2401 424 2426 non
449 2389 618 2431 attigimus
636 2409 644 2416 -

400 2434 431 2468 8.
457 2434 564 2474 Igitur
578 2441 590 2469 3
612 2437 648 2462 ut
671 2435 808 2467 caetera,
831 2428 862 2461 δε
886 2427 935 2461 vel
957 2427 1030 2462 istas
1054 2429 1257 2463 valvularum
1281 2430 1360 2464 Ma-

353 2489 427 2522 gnae
440 2476 565 2510 arteriae
577 2471 811 2507 excrescentias
834 2472 1119 2513 praetermittamus
1131 2484 1143 2511 5
1167 2471 1241 2507 satis
1253 2474 1340 2507 vides
1350 2498 1361 2513 ‚

356 2534 400 2557 ne
423 2532 440 2554 a
472 2528 562 2552 tanta
593 2515 727 2559 quidem
759 2515 852 2548 Sinus
884 2525 971 2548 venae
1008 2514 1214 2551 Pulmonaris
1242 2517 1362 2550 dilata-

353 2567 451 2600 tione
487 2560 645 2603 peculiare
690 2557 795 2592 ullum
827 2558 862 2590 in
895 2557 1038 2600 pulsibus
1079 2559 1202 2594 vitium
1233 2558 1325 2595 fuisse
1348 2584 1360 2600 ,

356 2619 436 2644 cum
460 2614 568 2639 tamen
602 2600 725 2635 sinister
764 2599 873 2634 cordis
904 2601 1102 2636 ventriculus
1124 2625 1136 2642 ,
1167 2604 1199 2636 &
1223 2627 1234 2643 ,
1271 2603 1362 2646 quod

355 2650 592 2692 consequitur,
616 2656 655 2679 ex
675 2643 739 2678 hoc
761 2642 905 2686 profe&
930 2645 1044 2678 arteria
1059 2644 1182 2688 Magna
1205 2656 1270 2680 non
1296 2648 1363 2687 ita,

353 2704 394 2730 ut
419 2704 474 2737 par
499 2689 567 2729 est,
592 2688 727 2731 justam,
751 2689 784 2720 &
817 2687 972 2730 aequalem
997 2687 1119 2729 semper
1141 2689 1271 2730 copiam
1295 2688 1363 2723 san-

354 2737 465 2783 guinis
488 2746 528 2769 ex
551 2731 629 2767 adeo
653 2729 852 2774 amplificato
877 2730 956 2764 Sinu
989 2729 1128 2774 potuisse
1150 2733 1292 2775 accipere
1314 2734 1365 2766 vi-

356 2783 522 2817 deantur,
545 2776 639 2811 ficuti
659 2785 716 2808 nec
740 2773 833 2807 Sinus
855 2772 922 2815 ipse
945 2785 983 2808 ex
1009 2774 1220 2816 pulmonibus
1243 2775 1362 2810 admit-

356 2835 450 2862 tere,
472 2823 593 2865 quippe
615 2818 659 2852 ob
680 2817 905 2852 dilatationem
916 2817 1000 2851 haud
1012 2817 1150 2860 amplius
1174 2818 1250 2852 satis
1273 2829 1364 2861 aptus

356 2868 402 2904 ad
426 2866 455 2901 se
478 2867 525 2898 ita
549 2860 852 2904 constringendum,
877 2869 915 2895 ut
938 2860 1058 2895 alterne
1081 2871 1210 2896 tanturn
1236 2861 1364 2905 sangui-

362 2913 415 2946 nis
437 2920 476 2944 ex
499 2908 529 2941 se
552 2906 710 2947 ejiceret,
742 2913 903 2947 quantum
926 2904 1056 2947 praecise
1080 2904 1118 2939 ad
1141 2916 1265 2940 naturae
1287 2916 1364 2939 nor-

360 2965 452 2990 mam
473 2949 698 2992 requirebatur
721 2969 733 2986 ‚
766 2958 804 2981 ne
828 2947 917 2981 locus
951 2946 1102 2981 videlicet
1124 2948 1240 2983 deesset
1277 2959 1363 2983 novo

357 3011 382 3034 ς
405 2994 619 3041 pulmonibus
643 2990 821 3025 adventure
844 3014 852 3021 .
888 2990 946 3024 Sed
972 3002 1073 3034 neque
1095 2993 1130 3024 in
1153 2992 1364 3033 respiratione

356 3042 487 3077 vitium
508 3045 575 3070 erat
599 3034 723 3068 ullum:
746 3034 834 3076 quod
859 3043 965 3068 tamen
977 3032 1035 3068 esse
1047 3034 1266 3076 consuevisse,
1289 3036 1363 3070 alias

355 3089 420 3130 (ξ
441 3087 457 3125 )
480 3079 691 3123 agnovimus.
717 3078 808 3110 Licet
832 3076 1044 3118 igitur-hinc
1078 3079 1258 3122 intelligere
1283 3104 1292 3119 ,
1325 3090 1364 3113 ne

357 3127 532 3165 consuetas
553 3121 685 3165 quidem
709 3130 808 3153 noxas
832 3120 977 3162 semper,
1001 3123 1032 3154 δε
1055 3121 1227 3156 necessario
1259 3121 1364 3157 succe-

358 3174 432 3208 dere
457 3166 611 3205 vasorum
634 3164 836 3206 Magnorum
862 3163 1136 3204 dilatationibus,
1159 3165 1276 3199 nedum
1312 3167 1363 3198 in-

361 3208 659 3258 frequentiffimam
701 3207 791 3240 illam
827 3207 975 3248 pulsuum
1016 3209 1184 3242 raritatem
1216 3230 1224 3245 ‚
1272 3209 1364 3251 cujus

355 3254 521 3294 occasione
576 3252 658 3287 hanc
711 3250 774 3284 tibi
823 3248 987 3285 historiam
1032 3251 1092 3286 esse
1139 3252 1333 3287 mittendam
1351 3274 1364 3292 ‚

437 3309 490 3333 vlt

355 3312 433 3388 puga.
463 3345 552 3377 Cum
584 3338 625 3375 de
657 3336 877 3380 inaequalitate
902 3361 912 3377 ‚
945 3339 977 3371 δι
1021 3337 1250 3372 intermissione
1291 3339 1363 3382 pul-

357 3390 451 3426 suum
485 3383 524 3420 ad
558 3393 590 3418 te
621 3381 792 3416 scriberem
812 3384 828 3419 ·(
851 3391 870 3413 a
891 3382 906 3419 )
928 3402 939 3419 ‚
973 3383 1004 3415 &
1039 3392 1077 3414 an
1111 3383 1192 3416 vitia
1224 3381 1362 3425 ejusmo-

355 3434 390 3468 di
425 3443 443 3466 a
475 3429 606 3473 polypis
633 3451 642 3465 ,
676 3433 713 3458 ut
744 3424 927 3466 complures
959 3422 1101 3458 fecerant
1125 3446 1136 3463 ,
1168 3427 1267 3467 repeti
1292 3424 1362 3468 pos-

358 3477 428 3510 sent
458 3496 476 3514 a,
518 3471 729 3512 disquirerem
753 3479 765 3506 3
813 3468 998 3501 memineris
1019 3490 1032 3508 ‚
1070 3477 1108 3501 ut
1152 3477 1233 3512 puto
1257 3490 1266 3505 ‚
1311 3480 1360 3502 me

358 3515 487 3554 tanturn
521 3510 787 3550 dubitationibus
818 3510 897 3544 Viri
929 3511 983 3545 Cl.
1007 3511 1145 3547 Andreae
1170 3512 1268 3546 Pastae
1299 3513 1360 3545 tri-

780 143 940 206 Liber
973 146 1041 200 va
1075 145 1160 200 De
1179 147 1450 202 addendis
1483 149 1551 203 ad
1583 148 1768 207 Libros
1799 149 2081 218 superiores

1400 221 1502 257 buisse
1525 246 1537 263 ,
1569 232 1605 258 ut
1638 224 1740 259 donec
1772 224 1836 258 Vir
1871 225 1951 260 alter
1987 225 2151 270 experiens
2175 246 2185 263 ›
2215 226 2391 273 doctusque

1399 265 1544 300 existeret
1577 267 1635 310 qui
1666 265 1830 310 perspicue
1852 289 1863 306 ,
1898 267 2048 303 &solide
2079 270 2209 310 cuntstas
2240 270 2310 306 illas
2334 283 2394 306 no-

1398 307 1450 342 bis
1479 310 1636 344 eximeret
1669 310 1888 344 dubitationes
1909 333 1921 350 ,
1956 322 2005 345 me
2026 312 2160 355 quidem
2182 312 2294 347 tandiu
2317 326 2392 350 curn

1398 352 1487 386 Pasta
1511 363 1549 385 an
1574 353 1690 395 polypi
1722 362 1793 388 ante
1825 363 1986 391 mortem,
2009 354 2066 390 diu
2093 355 2298 400 'praesertim‚
2323 357 2394 391 for-

1398 404 1585 437 marentur,
1604 396 1828 431 dubitaturum
1842 421 1852 437 ,
1874 408 1932 432 nec
1964 407 2070 432 tamen
2092 399 2164 434 illas
2186 400 2326 433 eximere
2347 401 2394 435 ita

1400 437 1494 472 facile
1517 437 1577 473 esse
1591 463 1602 479 ,
1624 438 1784 473 dixerim.
1807 441 1910 479 Quod
1931 440 2043 475 dixisse
2065 452 2150 476 nunc
2172 451 2265 476 tanto
2288 444 2393 478 minus

1400 491 1452 514 me
1493 483 1630 523 poenitet
1664 481 1832 524 postquam
1866 485 1900 517 in
1933 484 2015 518 duos
2046 485 2149 519 incidi
2180 486 2359 527 Scriptores
2380 509 2391 527 ‚

1402 534 1543 567 quorum
1566 527 1674 559 neutri
1707 525 1768 560 esse
1799 535 1911 560 notam
1925 525 2031 561 ‘1³2stae
2062 528 2152 563 illam
2183 528 2361 572 Epistolam
2383 554 2395 570 ,

1401 567 1461 600 nisi
1493 569 1632 602 citarent
1653 590 1664 607 ‚
1697 568 1918 604 credidissem.
1950 572 1997 603 At
2028 580 2115 606 certe
2147 571 2312 615 perlegisse
2346 581 2396 606 at>—

1401 619 1507 649 tente‚
1530 620 1595 644 non
1618 619 1700 653 puto
1721 636 1731 646 .
1761 611 1910 655 Uterque
1940 614 2026 647 enim
2056 617 2209 657 quaedam
2242 613 2359 657 objicit
2381 638 2395 656 ‚

1399 664 1472 696 quae
1505 653 1546 687 ab
1577 666 1615 688 eo
1646 653 1778 689 fuerunt
1810 655 1884 689 satis
1914 655 2068 700 superque
2099 657 2274 692 dissoluta.
2297 659 2396 693 Alter

1399 695 1530 739 insuper
1561 707 1623 731 una
1646 718 1657 734 ‚
1688 708 1785 740 quam
1817 702 1972 741 proponit
1997 724 2006 738 ‚
2035 699 2294 740 observatione,
2314 711 2395 735 cun-

1401 740 1461 775 Etis
1493 739 1590 774 1³⁸stae
1613 741 1793 775 rationibus
1817 741 1892 776 satis
1915 743 1976 777 esse
1998 741 2143 782 factum,
2167 752 2284 786 putat,
2306 743 2395 787 quasi

1402 793 1478 816 vero
1502 783 1689 827 perdifficile
1707 783 1782 817 esset
1803 796 1893 823 earn,
1916 796 1981 820 non
2004 786 2111 828 posito
2132 786 2189 821 diu
2211 796 2284 820 ante
2309 797 2396 821 mor-

1389 834 1467 860 „tem
1485 827 1652 876 polypo,
1680 827 1859 868 explicare.
1895 829 1947 862 At
1977 829 2084 864 saltem
2123 831 2150 863 is
2187 830 2325 879 polypus
2357 841 2396 864 ex

1401 879 1511 912 paucis
1541 871 1608 903 illis
1639 868 1744 903 fuisset
1766 892 1776 907 ‚
1809 882 1891 913 quos
1924 882 1984 914 ego
2027 884 2158 916 quoque
2193 872 2397 915 excipiendos

1399 912 1479 952 esse,
1505 912 1704 947 existimavi.
1740 913 1799 948 Sed
1834 922 1936 956 neque
1967 914 2006 949 ad
2038 926 2136 958 genus
2166 916 2298 950 illorum
2330 916 2397 959 spe.

1399 956 1488 996 etat,
1510 966 1612 999 neque
1641 955 1677 990 ad
1711 968 1763 990 eos
1786 958 1909 997 accedit
1938 959 1994 1000 qui
2025 958 2170 994 difficiles
2192 959 2311 993 habent
2342 970 2398 992 ex-

1401 999 1538 1041 plicatus
1560 1023 1569 1032 .
1605 999 1698 1041 Qos
1719 1000 1876 1034 habuisset
1900 999 2028 1035 fortasse
2050 1002 2104 1036 ille
2125 1002 2163 1036 de
2186 1014 2251 1047 quo
2275 1003 2399 1037 litteras

1401 1042 1505 1076 adhuc
1540 1041 1650 1082 servo,
1672 1044 1715 1077 A.
1743 1054 1836 1086 1707.
1860 1044 2013 1086 postridie
2036 1044 2151 1079 Nonas
2173 1046 2262 1089 Junii
2285 1045 2324 1080 ad
2348 1057 2398 1079 me

1401 1085 1492 1118 datas
1526 1086 1566 1120 ab
1602 1087 1732 1129 egregio
1753 1109 1764 1126 ,
1798 1088 1876 1120 dum
1913 1090 2062 1129 viveret,
2096 1087 2288 1123 Bononiensi
2320 1090 2398 1123 Pro-

1400 1126 1531 1166 sessore,
1554 1130 1736 1172 Amicoque
1769 1131 1899 1172 optimo
1924 1130 2052 1174 Joanne
2084 1132 2234 1166 Antonio
2266 1133 2399 1166 Stanca-

1400 1172 1452 1205 rio
1475 1195 1484 1203 .
1521 1173 1688 1206 Scribebat
1711 1174 1761 1212 is,
1786 1172 1877 1207 fuisse
1901 1172 1959 1207 sibi
1991 1186 2029 1208 eo
2050 1173 2102 1208 die
2124 1176 2165 1210 ab
2185 1177 2294 1210 nostro
2316 1176 2399 1209 Lau-

1402 1214 1510 1248 rentio
1541 1215 1722 1250 Bonazolio
1761 1214 1920 1251 ostensum
1962 1217 2128 1252 muliebris
2169 1229 2255 1252 venae
2299 1219 2399 1253 Cavae

1400 1256 1598 1300 segmentum
1623 1258 1685 1293 suis
1705 1270 1779 1293 cum
1804 1260 2077 1303 Emulgentibus‚
2100 1272 2171 1304 quae
2195 1272 2282 1295 venae
2305 1270 2396 1297 etant

1401 1312 1511 1335 omnes
1544 1302 1684 1336 multum
1718 1301 1862 1337 dilatatae
1885 1326 1896 1343 ,
1929 1304 2047 1339 tunicis
2081 1304 2241 1338 instruetae
2274 1315 2393 1348 magna

1402 1355 1443 1378 ex
1473 1353 1564 1387 parte
1596 1346 1838 1388 cartilagineis,
1862 1357 1901 1380 ex
1933 1347 2039 1390 aliqua
2072 1349 2173 1381 etiarn
2196 1347 2309 1389 osseis,
2331 1347 2398 1391 ple-

1401 1397 1450 1421 nae
1474 1397 1582 1422 autem
1607 1388 1779 1424 substantia
1801 1389 1880 1424 dura
1902 1410 1914 1427 ‚
1945 1392 1976 1423 &
2001 1389 2155 1435 polyposa
2178 1391 2225 1424 ita
2248 1400 2285 1426 ut
2307 1401 2400 1434 pror-

1403 1429 1454 1464 sus
1477 1431 1641 1466 obturatae
1674 1431 1880 1466 viderentur.-
1912 1434 2072 1476 quandam
2107 1436 2267 1468 attentius
2300 1433 2400 1477 inspi—

1401 1473 1539 1514 ciendo,
1561 1474 1644 1509 finus
1676 1475 1793 1519 aliquis
1824 1477 1857 1509 in
1894 1487 1928 1510 ea
1964 1477 2136 1511 substantia
2168 1476 2402 1511 animadverte-

1401 1516 1497 1563 batur
1520 1540 1531 1555 ‚
1568 1530 1622 1561 per
1652 1530 1747 1563 quern
1769 1518 1896 1562 sanguis
1919 1528 2067 1563 poterat,
2086 1522 2238 1563 quamvis
2260 1521 2401 1555 difficul-

1402 1569 1478 1601 ter,
1500 1561 1650 1596 transire.
1682 1561 1735 1596 Ad
1768 1566 1966 1606 eundemque
1997 1564 2130 1597 modum
2163 1563 2272 1598 eadem
2306 1564 2402 1608 poly-

1403 1603 1479 1647 posa
1511 1605 1653 1649 duraque
1685 1605 1857 1640 substantia
1892 1617 1986 1640 venas
2015 1617 2145 1649 quoque
2187 1607 2303 1642 Iliacas
2331 1630 2341 1647 ‚
2371 1609 2402 1641 &

1406 1647 1594 1688 pudendas,
1619 1652 1650 1683 δι
1676 1649 1734 1695 vel-
1748 1649 1910 1691 capillares
1940 1661 1995 1692 per
2017 1650 2218 1683 Abdominis
2240 1650 2402 1686 musculos

1405 1688 1500 1724 fuisse
1533 1693 1640 1734 plenas
1663 1717 1672 1732 ,
1711 1692 1771 1726 s1bi
1803 1691 1861 1726 esse
1896 1704 1914 1726 a
1947 1692 2127 1726 Bonazolio
2159 1692 2367 1728 asseveratum
2390 1719 2400 1727 .

1405 1733 1475 1775 Qi
1498 1744 1573 1767 curn
1592 1744 1738 1769 ventrem
1760 1734 1827 1777 ejus
1846 1735 1990 1768 soeminae
2014 1744 2241 1778 properanter,
2264 1737 2403 1770 nullam-

1405 1787 1469 1818 que
1490 1777 1587 1811 aliam
1624 1778 1668 1812 ob
1699 1777 1826 1811 causam
1859 1777 2029 1820 aperuisset
2053 1800 2062 1816 ,
2100 1778 2156 1811 nisi
2191 1788 2227 1812 ut
2259 1791 2332 1821 quae
2363 1780 2403 1813 ad

1405 1822 1624 1861 generationis
1647 1823 1754 1854 Partes
1778 1821 1816 1855 ad
1849 1822 2036 1864 requisitam
2058 1821 2100 1855 ab
2122 1821 2151 1855 se
2173 1822 2403 1861 ostensionem,

1404 1872 1442 1896 ut
1476 1862 1514 1896 fit
1531 1887 1544 1904 ,
1568 1864 1788 1908 praeparandas
1824 1864 2006 1899 extraheret
2028 1887 2039 1904 ‚
2073 1865 2128 1898 vix
2157 1875 2270 1906 praeter
2293 1865 2406 1908 plenas

1405 1905 1478 1939 illas
1502 1909 1669 1950 capillares
1700 1908 1828 1942 venulas
1851 1932 1861 1949 ,
1893 1908 2018 1951 aliquid
2040 1907 2099 1942 seri
2131 1909 2215 1941 inter
2247 1908 2406 1943 musculo-s

1407 1948 1498 1984 effusi
1513 1975 1523 1992 ,
1546 1954 1578 1985 &
1609 1951 1698 1994 quasi
1723 1950 1836 1985 saniosi
1872 1952 2167 1988 animadverterat,
2191 1953 2225 1986 in
2249 1963 2329 1986 cavo
2349 1964 2406 1987 au-

1406 2001 1472 2026 tem
1496 1996 1618 2028 ventris
1649 1995 1819 2028 minimam
1852 2006 1946 2036 aquae
1974 1995 2125 2037 copiam.
2152 1997 2256 2030 Serius
2289 2006 2367 2029 vero
2392 2021 2405 2038 ,

1406 2035 1535 2079 jamque
1557 2037 1694 2071 humato
1717 2037 1889 2076 cadavere,
1911 2039 2180 2080 praeparationem
2203 2038 2408 2080 inchoando,

1406 2091 1441 2113 ea
1473 2091 1546 2122 quae
1580 2080 1620 2115 de
1651 2081 1763 2122 Cava,
1786 2080 1919 2123 aliisque
1951 2081 2016 2114 illis
2049 2082 2137 2114 venis
2182 2081 2254 2116 sunt
2284 2083 2371 2115 dieta
2393 2104 2405 2122 ,

1405 2121 1616 2166 perspexisse,
1639 2133 1676 2157 ut
1699 2134 1781 2166 aegre
1803 2124 1936 2162 tulerit,
1963 2123 1992 2157 se
2015 2135 2117 2167 neque
2141 2124 2304 2159 thoracem
2319 2148 2331 2165 ,
2353 2135 2409 2159 ne-

1405 2176 1470 2208 que
1503 2176 1601 2209 caput
1631 2166 1777 2201 reserasse
1800 2193 1810 2209 ‚
1845 2170 1877 2201 &
1898 2168 2173 2210 quemadmodum
2195 2168 2225 2201 se
2247 2168 2295 2202 ibi
2320 2179 2408 2204 venae

1406 2207 1587 2249 haberent,
1609 2212 1639 2244 &
1662 2210 1804 2253 reliqua,
1829 2210 2068 2253 perquisivisse.
2094 2211 2153 2245 Sed
2184 2220 2221 2245 ut
2256 2214 2294 2245 de
2319 2223 2411 2246 mor—

1408 2261 1464 2287 tua
1484 2253 1566 2287 nihil
1591 2253 1678 2288 aliud
1701 2253 1774 2287 sciri
1798 2255 1932 2297 potuit,
1956 2254 1999 2288 sic
2022 2254 2061 2288 de
2082 2255 2212 2289 vivente
2224 2255 2307 2289 nihil
2319 2267 2411 2289 com-

1409 2306 1536 2339 pertum
1556 2295 1635 2336 esse,
1657 2295 1715 2330 nisi
1738 2299 1773 2332 in
1796 2299 1827 2331 S.
1852 2298 1966 2331 Mariae
1987 2298 2025 2332 de
2049 2298 2160 2331 Morte
2183 2296 2410 2339 Nosocomio,

1410 2341 1469 2373 ubi
1503 2340 1696 2377 decesserat,
1717 2351 1776 2383 pro
1810 2340 1992 2383 hydropica
2015 2339 2109 2375 fuisse
2140 2341 2283 2376 habitam
2299 2364 2309 2380 ,
2333 2353 2409 2375 cum

1410 2390 1482 2417 tota
1513 2382 1586 2418 esset
1609 2382 1756 2425 tumida,
1778 2384 1885 2418 colore
1909 2394 2015 2418 autem
2037 2386 2157 2427 ubique
2179 2385 2306 2423 livido,
2329 2396 2411 2428 qua-

1410 2427 1435 2460 li
1470 2427 1512 2461 est
1536 2428 1621 2460 cutis
1652 2427 1710 2461 ubi
1737 2428 1843 2470 plures
1878 2426 1938 2470 ipsi
1970 2439 2057 2462 venae
2090 2427 2244 2471 sanguine
2267 2429 2410 2472 turgidae

1411 2468 1652 2512 subjiciuntur:
1679 2471 1800 2505 summa
1823 2483 1896 2506 cum
1918 2470 2109 2505 difficultate
2132 2471 2313 2515 respirasse,
2339 2472 2410 2514 pul-¹

1411 2513 1523 2555 susque
1546 2513 1683 2547 humiles
1715 2514 1839 2557 semper
1871 2512 2012 2548 habuisse
2037 2539 2047 2554 ‚
2084 2517 2115 2548 δε
2150 2527 2263 2558 parum
2295 2515 2410 2557 digitis

1409 2558 1608 2598 explorantis
1632 2557 1754 2593 Medici
1778 2557 1970 2592 resistentes.
1994 2558 2089 2592 Hanc
2111 2558 2175 2592 tibi
2208 2558 2376 2593 historiam
2399 2583 2409 2598 ,

1412 2600 1534 2642 quippe
1557 2610 1723 2639 mancam,
1746 2611 1811 2636 non
1844 2611 1880 2635 ut
1915 2600 2135 2644 explicarem,
2155 2600 2331 2643 descripsi3
2357 2601 2410 2635 sed

1414 2652 1485 2677 tum
1509 2645 1584 2685 quia
1615 2654 1657 2678 ex
1689 2653 1780 2688 parte
1813 2643 1851 2679 ad
1873 2644 1964 2678 illam
1998 2644 2123 2679 accedit
2158 2644 2409 2679 Praestantiffimi

1413 2686 1561 2726 Halleri,
1582 2698 1679 2730 quam
1702 2688 1778 2721 alias
1800 2687 1854 2731 (b
1874 2691 1889 2728 )
1910 2697 2042 2722 conatus
2054 2686 2121 2721 sum
2134 2689 2313 2730 explicare,
2338 2697 2411 2723 turn

1413 2731 1488 2771 quia
1510 2741 1548 2763 ex
1570 2730 1731 2764 rarissimis
1741 2740 1851 2769 certe,
1875 2741 1930 2765 nec
1942 2742 2002 2764 una
2025 2730 2065 2765 de
2076 2731 2165 2764 causa
2181 2756 2190 2770 ‚
2213 2732 2257 2767 est
2272 2756 2280 2765 .
2332 2763 2334 2766 .

1414 2773 1477 2808 Sed
1501 2773 1542 2807 ab
1563 2774 1604 2806 iis
1625 2785 1699 2815 quae
1722 2773 1762 2807 de
1796 2775 1928 2816 Polypis
1949 2774 2097 2816 Epistola
2119 2774 2243 2809 XXIV.
2268 2773 2375 2817 scripsi
2395 2798 2409 2814 .‚

1414 2817 1453 2850 ad
1476 2828 1512 2850 ea
1536 2827 1607 2859 quae
1630 2816 1669 2850 de
1692 2818 1933 2851 vehementibus
1955 2819 2143 2852 arteriarum
2167 2819 2314 2852 omnium
2339 2818 2413 2860 pul-

1415 2859 1595 2894 sationibus
1617 2861 1651 2893 in
1674 2869 1817 2896 extrema
1841 2860 1947 2895 cadem
1976 2859 2122 2904 Epistola
2154 2861 2204 2902 (c
2226 2865 2241 2902 )
2275 2861 2373 2903 attigi
2395 2884 2409 2901 ‚

1415 2902 1611 2937 transeamus
1622 2928 1632 2938 .

1461 2956 1510 2980 ιο.
1536 2947 1601 2981 Eas
1621 2948 1811 2981 cumameri
1835 2947 1952 2985 abusu,
1977 2955 2046 2981 tum
2070 2946 2249 2990 praesertim
2274 2947 2313 2981 ab
2339 2959 2413 2982 ner-

1414 3001 1528 3024 vorum
1561 2990 1746 3025 irritatione
1777 2992 1944 3034 provenire
1958 3015 1967 3030 ,
1988 2998 2066 3028 tunc
2089 3001 2154 3024 non
2187 2990 2313 3033 conjeci
2336 3002 2411 3025 mo-

1413 3035 1478 3074 do,
1512 3033 1564 3067 sed
1594 3035 1625 3066 &
1660 3035 1851 3068 Mercatoris
1880 3032 2047 3074 cuiusdam
2081 3035 2228 3078 exemplo
2261 3045 2311 3068 me
2345 3035 2410 3068 tibi

1414 3077 1464 3110 vel
1502 3077 1604 3119 magis
1633 3077 1703 3117 essev
1724 3077 1802 3111 alibi
1844 3076 2108 3112 confirmaturum
2133 3100 2146 3118 ,
2181 3076 2312 3120 promisi
2337 3102 2344 3110 .
2382 3078 2414 3111 Is

1412 3122 1469 3164 qui
1497 3130 1567 3159 me,
1591 3121 1695 3154 etiam
1712 3120 1783 3163 post
1804 3120 1837 3155 id
1860 3130 2009 3163 ternpus,
2033 3132 2091 3154 nec
2115 3120 2209 3154 semel
2232 3119 2413 3159 consuluit,

1414 3176 1432 3198 a
1464 3173 1552 3206 patre
1584 3165 1710 3205 genitus
1737 3163 1861 3200 fuerat,
1886 3163 1983 3206 usque
2007 3163 2085 3198 adeo
2106 3162 2415 3207 hypochondriaca,

1414 3207 1465 3241 vel
1488 3206 1598 3248 potius
1630 3206 1862 3241 melancholica
1885 3207 2036 3241 moestitia
2062 3205 2176 3241 affec-*to
2197 3229 2208 3245 ,
2243 3217 2280 3242 ut
2305 3208 2414 3241 mole-

1413 3250 1543 3284 stiarum
1567 3247 1662 3284 finem
1698 3261 1754 3292 per
1784 3249 1974 3284 devoratum
1996 3251 2112 3293 opium
2147 3250 2357 3293 quaefiverit,
2381 3253 2414 3284 &

1414 3293 1564 3336 quamvis
1588 3294 1684 3334 paulo
1710 3291 1780 3333 post
1794 3292 1962 3327 ‘devorasse
1986 3295 2201 3336 poenituerit,
2225 3291 2339 3328 frustra
2360 3302 2417 3327 ta-

1414 3347 1488 3370 men
1520 3337 1649 3371 vomitu
1683 3334 1797 3378 ejicere
1826 3345 1983 3374 conatus,
2008 3336 2096 3381 illius
2128 3337 2161 3370 vi
2195 3337 2411 3380 interemptus

1413 3379 1472 3413 fit.
1498 3379 1565 3417 Qi
1589 3379 1675 3413 casus
1697 3379 1840 3412 animum
1863 3379 1944 3416 filii,
1973 3382 2050 3416 tunc
2072 3378 2319 3421 adolescentuli,
2346 3391 2414 3414 non

1412 3421 1619 3457 mediocriter
1645 3421 1799 3466 perculit.
1825 3422 1964 3456 Accessit
1987 3422 2102 3456 deinde
2124 3422 2320 3462 Bacchss&
2346 3424 2414 3464 Vc,-

1413 3467 1497 3500 neris
1520 3464 1631 3500 abusus
1664 3466 1781 3499 nimius
1803 3490 1810 3498 .
1845 3466 1954 3507 Qem
1987 3474 2182 3508 exceperunt
2213 3466 2409 3501 convulsivae

1412 3509 1528 3547 tusses,
1553 3510 1585 3541 &
1607 3508 1742 3552 stuporis
1764 3508 1869 3543 sensus
1889 3510 1923 3543 in
1948 3509 2119 3549 manibus,
2143 3508 2237 3543 simul
2260 3507 2407 3586 ''g-aff*

2314 3564 2361 3593 is,

366 3639 2399 3659 ww

420 3706 427 3733 s
445 3712 463 3734 y
477 3704 492 3732 2
507 3704 579 3729 xxl.
595 3710 622 3728 n.
638 3709 675 3732 ¹9·
690 3704 714 3729 ἃ
729 3702 828 3729 xuu.
844 3707 871 3727 n.
889 3704 925 3727 16.
943 3700 966 3726 δι
982 3701 1046 3733 seqq.

1108 3701 1157 3731 (z
1170 3700 1185 3729 )
1201 3698 1272 3730 Erist-
1291 3705 1329 3730 24·
1344 3706 1369 3725 ¹·-
1385 3704 1425 3730 30·

1487 3700 1501 3729 (
1517 3706 1533 3724 a
1545 3696 1640 3729 21bid.
1655 3704 1681 3721 n.
1698 3703 1739 3727 30·
1797 3694 1842 3729 1⁵
1855 3695 1954 3725 )1bid.
2012 3698 2030 3728 ζ
2043 3705 2055 3724 c
2068 3698 2084 3728 )
2098 3704 2122 3723 n.
2139 3705 2178 3729 35·
2196 3699 2219 3724 Be
2234 3696 2295 3728 seqq.
