2498 4075
362 200 513 269 Epist.
550 199 712 252 Anat.
746 198 963 254 Medica
998 199 1144 252 xm.
1183 198 1306 250 Art.
1342 201 1415 251 16.
1455 214 1528 264 17.
1562 200 1618 252 &
1656 197 1727 250 18.

29 277 110 321 q'uid
129 290 161 312 ea
184 279 388 318 continet-ur,
410 270 506 310 illaesa
528 284 614 309 erant
635 288 646 315 3
669 275 727 309 nifi
749 275 837 320 quod
859 277 1023 310 cerebrum

28 321 168 363 rigidum
192 323 318 364 penitus
342 333 375 354 ac
398 320 533 358 durum,
558 331 672 362 aquam
695 329 800 354 autern
819 344 830 360 3
863 333 934 364 quac
958 319 1023 363 ejus

27 367 223 399 ventriculos
246 364 616 406 Lateralesimpleverat,
638 360 756 396 offendi
767 363 838 405 gelu
862 363 938 397 adeo
948 375 1024 396 con-

28 417 171 449 cretam3
193 418 230 443 ut
254 407 447 451 apprehensa
470 417 596 439 manum
619 414 688 439 tota
711 405 801 441 fimul
827 406 1022 450 sequeretur,

29 452 279 485 ventriculorum
312 450 450 484 formam
482 450 618 482 retinens
650 460 713 482 non
744 450 825 483 secus
857 462 890 483 ac
921 461 988 483 cera
1011 473 1024 489 3

30 506 100 537 quae
135 496 257 538 liquata
281 496 313 527 in
348 505 456 526 cavum
480 491 639 534 quoddam
673 490 791 535 injeet'a
811 517 823 533 ,
855 493 1023 537 postquam

29 536 158 571 refrixit
184 564 192 578 ‚
215 538 368 571 eximitur
389 560 395 567 .
431 537 476 568 Et
499 544 603 568 tamen
627 534 731 578 frigus
754 537 930 579 complures
960 534 1024 579 jam

28 582 95 617 dies
127 582 227 624 magis
249 579 409 622 magisque
440 578 601 611 remiserat
622 602 635 618 3
667 588 762 621 caput
785 590 888 613 autem
918 579 1022 623 ipsum

28 623 114 661 haud
148 625 262 667 procul
285 635 301 656 a
326 622 401 656 foco
438 621 555 664 semper
578 620 679 655 fuerat
702 633 711 660 3
744 624 822 664 quin
846 632 936 656 antea
958 634 1022 655 non

27 668 120 702 semel
143 680 215 701 curn
239 667 387 699 videlicet
411 665 622 700 existimarent
641 689 652 705 3
682 676 759 699 mox
782 664 847 699 else
874 666 1025 700 dissecan-

28 710 106 745 dum
130 735 143 752 3
179 710 229 745 sed
252 722 289 742 eo
323 708 496 752 praesertim
518 720 584 750 quo
616 707 743 742 demum
766 708 930 743 diffedum
963 709 1024 749 est,

28 754 80 788 die
103 755 206 789 multo
229 754 361 796 propius
389 751 427 784 ad
450 753 556 794 ignem
579 750 802 785 admoverant.
829 752 930 791 Quod
943 764 1025 786 nun-

31 809 149 841 quam,
171 797 230 831 nifi
252 806 326 830 tunc
349 794 431 828 mihi
454 797 596 838 contigit
617 796 743 835 videre,
766 795 820 829 hic
843 796 932 828 volui
956 798 1022 828 Ita-

30 842 79 876 lus
102 841 138 875 ad
163 842 280 874 Italum
303 839 452 873 scribere:
477 850 658 882 quanquam
680 839 713 871 in
737 838 800 880 ipsa
822 840 994 872 Germania
1010 863 1022 879 3

34 890 64 918 δέ
89 885 202 927 hyeme
236 882 364 926 quidem
388 882 493 915 multo
522 893 617 925 quarn
640 882 687 915 ibi
710 881 807 915 soleat
828 905 841 922 3
873 883 1022 923 saeviore,

31 932 64 961 &
86 930 119 961 in
144 929 193 960 via
208 950 219 967 3
242 930 271 961 δε
296 927 329 958 in
353 927 439 968 pueri
463 924 597 959 infantis
626 927 731 968 capite
754 924 838 958 idem
861 926 988 958 cerebro
1012 948 1024 965 3

30 974 175 1014 &pauco
184 969 313 1003 humori
326 970 383 1012 qui
406 972 438 1001 in
459 968 528 1009 ipso
550 978 638 1006 erat,
666 967 830 1009 accidiss‘e,
854 968 1025 1002 Schneide-

31 1026 83 1048 rus
106 1024 280 1047 memorare
303 1023 366 1045 non
389 1011 520 1052 omisit,
542 1021 578 1045 ut
601 1013 635 1044 in
658 1012 805 1054 proxima
828 1012 1025 1054 Sepulchreti

30 1059 144 1092 XVII.
170 1058 315 1090 Seetione
338 1059 352 1095 (
374 1057 393 1088 ci
413 1059 427 1096 )
448 1054 513 1099 jam
534 1054 667 1088 videris.
695 1054 809 1096 Scripsi
832 1057 928 1088 etiam
953 1079 966 1095 3
989 1064 1025 1089 ut

30 1102 149 1141 scires,
171 1111 234 1133 non
257 1098 356 1132 modo
379 1098 447 1141 post
470 1099 625 1141 plurimos
648 1110 663 1131 a
686 1106 790 1132 morte
804 1097 869 1132 dies
885 1124 893 1137 ,
916 1110 1025 1133 verum

33 1148 65 1178 ἃ
90 1143 159 1187 post
182 1144 284 1186 plures
307 1155 323 1175 a
347 1140 469 1184 frigore
492 1141 746 1184 congelationes,
769 1144 802 1174 &
824 1153 840 1174 a
863 1145 966 1177 calore
977 1154 1026 1175 re-

30 1188 206 1232 gelationes
221 1210 230 1225 ,
252 1187 362 1219 oculos
385 1196 442 1218 nos
469 1184 597 1219 demum
619 1184 760 1218 incidere
783 1196 846 1219 non
870 1185 1028 1228 potuisse,

30 1230 88 1265 nisi
115 1229 178 1271 jam
200 1229 372 1268 flaccidos,
394 1239 490 1271 atque
512 1229 591 1262 adeo
614 1229 648 1261 in
673 1228 701 1262 se
711 1227 930 1262 concidentes.
956 1231 1029 1262 Un-

30 1274 69 1307 de
92 1273 175 1307 illud
199 1273 331 1316 quidem
353 1272 552 1306 incommodi
576 1271 716 1312 accidit3
738 1272 826 1315 quod
849 1273 929 1306 olim
943 1273 1032 1306 Ana-

30 1319 174 1351 tomicos
198 1340 210 1356 3
242 1317 360 1359 quippe
384 1316 496 1349 solitos
529 1316 679 1350 ultimam
701 1317 847 1349 omnium
877 1316 1034 1349 cadaveris

31 1363 174 1404 partium
196 1360 350 1398 oculum,
372 1358 541 1392 necessario
564 1358 734 1393 flaccidum
758 1382 770 1398 3
792 1359 973 1396 consecare,
997 1370 1035 1393 eo

33 1404 170 1438 adduxit
194 1426 204 1441 ,
244 1412 280 1436 ut
303 1404 419 1435 Vitreo
442 1402 572 1436 humori
597 1402 699 1436 sedem
722 1402 828 1436 multo
859 1413 954 1446 quam
979 1413 1034 1443 par

32 1446 98 1488 iit,
119 1448 277 1481 minorem
299 1445 474 1480 tribuerint
493 1468 502 1484 3
524 1445 756 1488 crystallinum
778 1447 811 1478 in
833 1455 945 1479 centro
967 1444 1032 1478 fere

35 1491 123 1525 oculi
147 1490 243 1533 ipsius
265 1489 479 1526 collocante-53
505 1489 546 1522 fic
569 1490 655 1522 enim
677 1493 708 1523 δε
733 1490 849 1529 nobis,
872 1490 1033 1522 alteruma

35 1535 142 1568 fronte
165 1533 297 1567 oculum
320 1531 535 1566 incidentibus
558 1542 605 1565 res
629 1533 658 1566 se
690 1533 832 1565 obtulere
855 1545 865 1564 .·
895 1543 1034 1576 quapro-

29 1586 101 1621 pter
124 1578 261 1610 alterum
283 1588 299 1608 a
323 1586 413 1618 tergo
434 1575 602 1609 incidimus
628 1599 636 1607 .
672 1575 728 1609 Sed
752 1575 833 1608 nihil
858 1586 1007 1618 praeterea
1032 1599 1040 1614 ,

29 1631 68 1656 ut
92 1623 232 1663 opinor,
256 1619 398 1653 multum
420 1617 529 1659 obfuit
553 1618 664 1652 nostrae
687 1617 923 1653 observationi.
950 1621 1039 1653 Nam

35 1666 178 1707 primum
212 1663 354 1705 Opticos
378 1672 491 1694 nervos
524 1671 593 1695 turn
618 1663 702 1695 intra
724 1663 896 1696 calvariam
917 1686 929 1702 3
968 1672 1039 1696 tum

31 1717 120 1740 extra
143 1706 292 1750 praeclare
314 1704 609 1751 vidimus‘cmnino
632 1706 716 1739 inter
739 1706 767 1738 se
790 1705 928 1746 similes,
953 1708 985 1738 δε
999 1705 1038 1738 si-

32 1751 125 1784 miles
148 1750 231 1783 sanis
254 1772 268 1788 3
299 1749 355 1780 nili
382 1747 469 1791 quod
496 1750 581 1781 intra
605 1749 725 1783 orbitas
748 1760 823 1782 cum
846 1748 1038 1784 transversos

30 1792 249 1827 dissecaremus
265 1815 278 1832 3
300 1791 496 1825 crassioribus
519 1801 650 1835 uterque
672 1794 791 1835 pariter
815 1794 932 1826 tunicis
957 1795 1034 1825 ami.

30 1838 77 1871 eti
102 1844 334 1879 apparuerunt.
359 1836 472 1868 Sanam
495 1846 644 1878 quoque,
672 1839 703 1870 &
727 1835 789 1869 sine
816 1837 885 1870 ullo
907 1837 1036 1869 cicatri-

32 1881 79 1914 cis
101 1879 236 1923 vestigio
259 1888 424 1921 utramque
447 1881 606 1912 Corneam
627 1902 641 1919 3
663 1882 696 1913 &
713 1880 924 1914 Scleroticam
948 1881 1037 1912 inve-

30 1925 137 1958 nimus
153 1949 161 1958 .
187 1924 240 1957 Ne
263 1922 377 1958 multis
400 1934 411 1961 3
443 1923 560 1955 vitium
584 1934 678 1955 omne
711 1922 754 1956 est
775 1925 808 1956 in
831 1923 1034 1965 Crystallinis

28 1966 224 2001 humoribus
246 1965 521 2003 animadversum
545 1965 565 1999 si
588 1966 622 1998 in
646 1967 772 2000 Vitreis
804 1968 944 2008 excipias
967 1967 1035 1999 len-

28 2020 134 2044 torem
156 2008 313 2053 quendam
337 2020 404 2052 quo
425 2009 540 2051 digitis
564 2009 767 2043 adhaerebant
781 2034 791 2048 ,
817 2012 849 2043 in
868 2011 971 2052 longa
996 2009 1035 2043 fi-

28 2055 59 2088 la
83 2054 213 2097 pituitae
236 2052 332 2085 instar
352 2075 361 2090 ,
395 2051 425 2086 se
449 2052 624 2086 formantes
644 2076 656 2092 3
678 2052 890 2096 diduetosque
911 2053 1034 2096 digitos

28 2097 212 2140 sequentes:
235 2095 323 2139 quod
347 2107 384 2128 ne
408 2107 504 2129 morae
525 2119 538 2136 ,
560 2096 742 2139 caeterisque
765 2097 862 2130 caulis
885 2109 961 2141 quas
984 2107 1039 2129 an-

28 2150 79 2173 tea
101 2140 378 2180 commemoravi,
398 2141 535 2172 omnino
558 2139 732 2173 tribuerem
749 2163 761 2180 3
795 2140 965 2173 discrimen
990 2138 1037 2172 fe-

29 2186 76 2217 cit
100 2182 234 2226 majoris
268 2184 301 2215 in
325 2193 391 2216 uno
411 2194 506 2225 quam
531 2184 564 2214 in
588 2184 691 2215 altero
712 2205 720 2219 ‚
755 2183 910 2216 observati
934 2184 1037 2215 lento-

29 2228 73 2261 ris
89 2250 97 2258 .
124 2227 261 2260 Lentior
283 2227 369 2270 enim
392 2227 419 2259 is
443 2226 506 2259 fuit
526 2249 538 2265 ,
569 2227 622 2257 cui
645 2224 857 2267 Crystalli-nus
880 2225 1036 2259 insidebat

26 2270 138 2304 colore
160 2269 246 2308 flavo
268 2268 435 2305 obsolet0;
458 2267 510 2301 sed
535 2270 639 2301 minus
670 2268 703 2300 in
728 2267 892 2310 superficie
916 2269 1002 2302 flavo
1027 2281 1036 2301 :

57 2325 103 2347 uae
128 2316 161 2345 δε
185 2312 320 2344 mollior
341 2320 408 2344 erat
433 2325 441 2348 ;
475 2321 659 2353 quanquam
690 2322 745 2344 nec
778 2310 874 2345 durus
907 2312 1035 2346 nucleus

53 2357 101 2390 uit
117 2381 124 2389 .
148 2356 243 2388 Alter
263 2365 340 2386 vero
362 2353 575 2396 Crystallinus
598 2366 637 2387 ex
661 2354 763 2387 albida
787 2356 820 2386 in
845 2355 967 2388 ambitu
980 2354 1033 2387 fie-

33 2400 90 2434 bat
115 2398 307 2435 substantia3
331 2398 364 2429 in
390 2397 576 2430 meditullio
599 2405 705 2430 autem
728 2408 766 2431 ex
790 2396 872 2430 fusca
895 2410 903 2430 .·
925 2398 993 2431 liaec
1017 2410 1033 2430 a

29 2441 217 2478 meditullio
250 2440 289 2474 ad
312 2439 453 2474 medium
485 2439 581 2473 faciei
604 2440 767 2482 utriusque
800 2442 997 2483 perveniebat
1023 2467 1032 2483 ,

29 2485 166 2521 mollior
187 2495 282 2528 quam
307 2482 436 2522 albida,
463 2494 533 2525 quae
556 2493 662 2516 tamen
685 2494 740 2516 nec
766 2484 831 2526 ipsa
843 2494 909 2517 erat
933 2484 1010 2517 dura
1026 2510 1033 2517 .

29 2532 184 2564 Praeterea
207 2527 262 2561 hic
285 2535 375 2560 totus
397 2526 608 2568 Crystallinus
632 2538 695 2559 non
719 2526 822 2562 solum
844 2528 949 2562 multo
972 2529 1034 2560 rni-

25 2584 87 2607 nus
110 2580 177 2605 erat
200 2568 339 2610 crassus,
363 2581 458 2612 quam
479 2580 604 2612 aequum
628 2570 667 2603 sit
686 2581 697 2608 3
732 2570 783 2604 sed
807 2573 905 2604 etiam
937 2570 976 2604 ad
999 2584 1036 2605 u-

28 2627 105 2650 num
129 2615 212 2648 latus
235 2613 372 2657 quadam
395 2612 441 2646 sui
465 2623 551 2655 parte
572 2624 699 2654 carens,
722 2626 816 2658 eaque
835 2626 898 2648 non
922 2626 1037 2658 parvu-

32 2660 81 2697 la,
106 2668 141 2692 ut
165 2658 315 2691 circulari
341 2655 464 2691 ambitu
487 2666 551 2690 non
575 2656 647 2691 esset
669 2681 677 2689 .
703 2658 775 2691 Nec
799 2659 918 2699 aliasin
943 2668 1035 2691 utro-

28 2704 76 2736 vis
99 2702 197 2735 oculo
219 2712 288 2743 quae
311 2710 425 2744 praeter
445 2708 588 2734 naturam
620 2700 649 2734 se
675 2701 825 2735 haberent
843 2728 854 2744 ‚
892 2702 1035 2735 animad-

27 2756 200 2781 velumus.

78 2792 125 2820 151⁷.
152 2790 184 2820 Si
209 2798 266 2829 pro
287 2796 375 2821 certo
400 2787 476 2821 scire
500 2786 636 2821 licuisset
659 2811 668 2826 ,
701 2789 854 2831 exiguum
878 2789 912 2822 id
945 2789 1033 2832 quod

28 2834 130 2871 homo
155 2843 170 2863 a
195 2831 313 2872 latere,
336 2841 370 2864 ut
394 2831 520 2864 dietum
545 2831 607 2869 est,
630 2831 780 2872 videbat,
808 2843 945 2875 utroque
956 2845 1033 2866 ocu-

26 2877 88 2916 lo,
113 2886 150 2908 an
175 2874 298 2915 altero,
320 2877 351 2907 δε
374 2886 390 2906 a
413 2885 477 2917 quo
500 2875 594 2907 latere
617 2875 762 2914 videret3
787 2877 962 2917 proclivius
986 2878 1033 2909 es-

29 2921 74 2954 set
96 2919 198 2952 dicere
228 2940 240 2956 3
272 2929 310 2950 an
333 2915 405 2950 ideo
427 2916 549 2951 videret
581 2917 669 2960 quod
693 2920 821 2953 alterius
842 2919 1032 2961 Crystallini

29 2963 174 2997 humoris
197 2961 335 2995 ambitus
357 2959 427 2994 esset
451 2960 586 2994 dilutius
610 2960 711 2996 flavus
731 2987 744 3003 3
778 2973 817 2995 an
841 2963 929 3006 qnod
955 2964 1032 2996 alte-

29 3009 95 3041 rius
119 3016 189 3048 pars
211 3004 266 3036 illa
289 3015 384 3045 opaca
407 3016 422 3037 a
446 3004 541 3038 latere
563 3004 675 3039 deesset
699 3032 705 3038 .
739 3007 839 3040 Nunc
864 3018 895 3040 re
915 3005 974 3040 hac
998 3009 1032 3040 in

29 3049 139 3086 medio
160 3047 294 3087 reuera,
317 3046 399 3081 illud
421 3047 510 3090 quod
533 3047 654 3082 constat
675 3073 688 3089 3
719 3049 861 3083 dicemus
887 3076 897 3091 ,
922 3051 1028 3085 multo

29 3091 273 3137 morbidiorem-
294 3101 365 3123 eum
387 3090 616 3132 Crystallinum
649 3091 740 3126 fuisse
763 3105 857 3136 quem
893 3094 1027 3128 secundo

29 3139 105 3171 loco
127 3135 369 3175 descripsimus3
391 3136 509 3177 quippe
533 3145 641 3169 totum
663 3138 767 3179 magis
790 3149 926 3179 opacum
949 3161 961 3177 ,
994 3141 1025 3172 δε

28 3180 77 3215 ibi
102 3179 283 3212 molliorem
307 3177 363 3210 ubi
387 3176 464 3212 solet
487 3179 660 3220 praesertim
684 3182 718 3213 in
732 3181 960 3215 senescentibus
984 3181 1030 3215 es-

28 3225 58 3257 se
81 3222 193 3256 durior
214 3233 223 3255 ς
245 3233 340 3264 βεςμιο
370 3230 516 3262 praeterea
540 3224 720 3257 tenuiorem
739 3248 752 3265 ,
787 3234 881 3268 atque
905 3224 1031 3267 insuper

30 3267 237 3300 mutilatum.
262 3266 339 3298 Hoc
363 3272 466 3297 autem
498 3276 572 3299 num
594 3268 670 3309 quia
704 3279 771 3301 earn
792 3280 863 3311 quae
888 3268 993 3302 deerat
1015 3292 1029 3309 3

30 3310 151 3353 partem
174 3308 259 3342 idem
282 3306 434 3341 invafisset
458 3309 610 3349 morbus3
633 3310 685 3343 sed
710 3314 814 3345 acrior
834 3338 843 3353 ‚
876 3313 933 3355 qui
957 3323 1028 3354 par-

29 3363 94 3387 tem
115 3352 251 3387 mediam
277 3361 346 3387 tum
370 3351 549 3384 molliorem
572 3351 689 3388 fecerat
713 3378 722 3393 ,
756 3367 852 3398 quam
876 3367 932 3398 par
954 3355 993 3388 sit
1015 3379 1028 3396 3

29 3406 99 3431 tum
122 3396 263 3435 fuscam,
291 3395 325 3428 id
348 3394 391 3428 est
413 3392 497 3436 quasi
522 3394 788 3441 semicorruptam
808 3398 821 3432 ?
845 3399 944 3434 Nihil
969 3399 1028 3433 ho-

30 3452 98 3475 rum
122 3442 155 3473 in
178 3439 376 3482 Crystallino
399 3438 501 3471 altero
525 3449 534 3470 :
568 3438 668 3474 flavus
691 3452 795 3476 autem
819 3455 885 3486 quo
907 3442 1030 3475 inficie-

29 3483 143 3525 batur,
165 3484 254 3519 color
276 3483 355 3525 saepe
379 3482 414 3515 in
437 3480 665 3518 senescentibus
691 3512 702 3528 ,
726 3489 757 3521 ὃ(
781 3486 828 3519 ibi
853 3486 1028 3530 praesertim

1909 215 2003 267 103

1074 275 1130 310 ubi
1152 275 1185 307 in
1208 272 1270 306 hoc
1293 274 1511 316 Crystallino,
1535 271 1800 307 animadvertitur
1821 276 1834 311 (
1857 283 1872 306 e
1894 277 1908 313 )
1929 286 1938 312 3
1972 284 2072 315 quan-

1073 329 1169 362 quam
1191 316 1245 350 hic
1276 315 1365 351 fuisse
1388 319 1481 361 longe
1505 319 1609 351 minus
1639 315 1782 350 dilutum
1806 338 1817 356 3
1848 317 1928 350 visio
1949 317 1983 348 in
2007 315 2069 349 hoe

1073 372 1200 404 quoquc
1223 359 1319 393 oculo
1341 361 1385 394 ita
1411 370 1447 397 ut
1468 360 1610 394 diximus
1626 385 1633 398 ‚
1657 360 1812 401 impedita
1826 358 1901 392 satis
1924 359 2080 392 indicat.·

1074 407 1236 438 Caeterum
1258 402 1323 436 duo
1346 416 1415 446 quae
1439 406 1471 436 in
1495 405 1601 446 priore
1614 403 1833 435 adnotavimus
1847 424 1856 440 ‚
1878 404 2068 439 mutilatio,

1075 451 1106 482 ὃ(
1132 446 1236 481 fuscus
1260 447 1393 480 interius
1416 448 1506 479 color
1527 473 1535 486 ,
1569 445 1723 488 ejusmodi
1758 446 1827 479 sunt
1855 467 1864 482 ‚
1900 456 1936 480 ut
1961 447 2073 489 prirnae

1074 490 1257 532 exemplum
1279 491 1312 522 in
1336 490 1556 523 observatione
1578 489 1690 523 habeas
1712 489 1765 521 Cl.
1792 489 1941 522 Mox-andi
1966 487 2072 533 (f),

1074 535 1132 578 qui
1157 533 1415 575 Crystallinum3
1438 534 1581 577 quamvis
1603 531 1764 566 duriffimo
1788 531 1894 573 lapide
1917 543 1982 564 non
2006 533 2071 565 mi-

1073 590 1130 611 nus
1154 577 1292 616 durum3
1315 576 1475 621 superiore
1505 586 1610 610 tamen
1634 575 1758 609 ambitu
1779 573 1862 616 quali
1887 576 2036 609 attritum
2058 598 2071 615 3

1075 624 1168 659 imo,
1189 629 1225 653 ut
1247 621 1324 653 icon
1348 620 1401 662 (g
1422 623 1436 659 )
1458 619 1619 660 ostendit,
1642 617 1784 662 quodam
1806 617 1979 659 praesertim
2000 619 2073 651 loco

1075 663 1433 701 deficienteminvenit,
1457 663 1552 705 idque
1577 673 1639 695 non
1663 660 1847 701 achirurgi
1872 672 1955 699 acu3
1977 672 2075 703 quam

1076 709 1193 750 semper
1215 705 1315 740 homo
1339 706 1494 739 aversatus
1517 716 1580 738 non
1605 705 1687 738 secus
1713 716 1746 737 ac
1770 703 1871 737 noster
1896 726 1905 741 3
1939 703 2041 737 fuerat
2066 718 2074 736 2

1076 751 1195 785 coloris
1219 759 1323 783 autern
1345 750 1433 783 intus
1457 759 1522 782 non
1545 748 1646 782 solum
1658 747 1760 786 fusci,
1784 746 1833 779 sed
1859 749 1887 780 δε
1902 747 2078 790 nigrescen-

1076 796 1118 828 tis
1141 793 1206 835 ipse
1229 793 1292 826 tibi
1317 793 1391 826 alias
1413 796 1427 831 (
1449 792 1469 826 h
1490 796 1504 833 )
1527 793 1708 834 exemplum
1733 789 1816 824 dabo
1831 814 1838 822 .

1125 848 1172 879 17.
1199 837 1446 876 ANICULAE,
1466 835 1556 878 cujus
1579 835 1617 868 de
1641 834 1755 867 morbo
1777 834 1896 867 ultimo
1913 856 1926 873 3
1959 835 1991 866 δι
2014 830 2078 865 dis-

1075 881 1212 915 seetione
1236 882 1307 913 aliis
1321 881 1454 913 Litteris
1477 883 1491 918 (
1512 879 1526 912 i
1547 881 1561 917 >
1584 878 1718 912 scribam
1734 901 1746 917 3
1768 888 1843 911 cum
1854 887 1969 911 caecam
1995 873 2076 908 fuis-

1076 925 1128 964 se,
1151 923 1290 957 dicerent
1308 945 1318 960 ,
1342 923 1451 956 oculos
1477 922 1574 954 eximi
1598 921 1667 965 jussi
1689 946 1695 952 .
1732 921 1825 958 Quos
1848 931 1922 953 cum
1955 917 2081 952 incide-

1077 978 1165 1004 rem,
1188 968 1221 999 in
1245 968 1345 1000 altero
1368 965 1451 999 nihil
1475 966 1548 998 vitii
1570 988 1582 1004 3
1617 964 1675 998 nisi
1699 965 1894 1006 opacitatem
1930 964 1963 996 in
1988 970 2078 1004 parte

1077 1014 1234 1050 Gorneae,
1256 1011 1383 1043 inveni.
1409 1008 1468 1042 Sed
1491 1009 1591 1047 alter,
1614 1008 1668 1040 etsi
1693 1008 1840 1049 pleraque
1862 1007 1937 1040 bene
1961 1005 2080 1039 habuit

1078 1052 1250 1087 constituta
1273 1076 1285 1093 3
1321 1051 1489 1085 humorem
1513 1061 1619 1084 tamen
1644 1050 1880 1092 Crystallinum
1911 1048 2080 1083 secundum

1078 1108 1187 1130 omnes
1211 1094 1418 1129 dimensiones
1442 1095 1519 1127 adeo
1540 1095 1752 1127 imminutum
1775 1093 1911 1127 ostendit
1932 1115 1941 1130 3
1965 1093 2022 1124 vix
2045 1100 2083 1124 ut

1080 1139 1203 1183 aliquid
1226 1139 1262 1173 de
1285 1151 1323 1171 eo
1348 1135 1538 1180 superesset3
1560 1137 1657 1179 idque
1680 1136 1788 1170 album
1809 1158 1819 1174 ‚
1853 1139 1886 1169 ὃ(
1910 1145 2049 1177 opacum
2073 1156 2083 1170 ‚

1080 1185 1223 1228 quamvis
1254 1182 1389 1217 interius
1423 1183 1522 1213 etiam
1555 1189 1623 1214 turn
1655 1178 1827 1213 humidum
1849 1202 1857 1211 .
1889 1177 2086 1211 Adhaerebat

1082 1237 1188 1261 autem
1211 1238 1284 1260 cum
1308 1224 1393 1258 Iride
1416 1224 1454 1257 ad
1478 1226 1638 1257 Corneam
1661 1236 1668 1254 .·
1691 1223 1746 1257 ubi
1770 1222 1837 1256 haec
1860 1224 1961 1264 magis
1985 1231 2086 1263 opaca

1086 1280 1173 1309 erat,
1198 1273 1229 1303 &
1252 1268 1401 1302 nonnihil
1425 1276 1571 1300 excavata
1592 1268 1625 1307 in
1650 1265 1809 1300 foveolam
1833 1264 1959 1308 ellypfis
1983 1264 2087 1298 ambi-

1086 1324 1123 1348 tu
1141 1338 1153 1355 3
1189 1313 1298 1347 colore
1322 1321 1427 1346 autem
1451 1310 1603 1344 infeetam
1635 1310 1721 1344 flavo
1742 1309 1887 1343 obsoleto
1908 1320 1916 1342 :
1950 1308 2013 1342 hoc
2036 1308 2089 1340 vi-

1086 1359 1171 1391 tium
1204 1358 1242 1391 ad
1277 1357 1465 1390 exteriorem
1496 1355 1631 1387 Corneae
1675 1352 1790 1387 faciem
1816 1364 1890 1392 vnon
1926 1352 2089 1396 pervenie-

1086 1401 1161 1434 bat.

1132 1445 1179 1477 18.
1205 1443 1385 1478 Verisimile
1406 1442 1447 1476 est
1466 1464 1479 1481 3
1510 1441 1591 1474 mala
1614 1440 1682 1474 haec
1699 1465 1712 1482 3
1745 1440 1827 1474 olim
1850 1438 1977 1473 fortasse
2007 1450 2090 1482 prae-
2142 1474 2144 1476 r

1085 1486 1211 1529 gressae,
1235 1489 1366 1520 internae
1389 1486 1477 1519 oculi
1500 1485 1746 1519 inflammationi
1764 1482 1855 1517 fuisse
1878 1483 2068 1524 imputanda
2078 1487 2096 1516 ι’

1085 1526 1178 1565 ‘Illud
1202 1540 1348 1568 certum,
1372 1539 1487 1572 praeter
1509 1529 1704 1570 opacitatem
1717 1522 1908 1562 Ci'vstallini
1920 1525 2090 1567 humoris,

1092 1577 1126 1607 in
1150 1586 1209 1618 qua
1234 1574 1296 1607 fere
1320 1571 1507 1607 Suffusionis
1536 1581 1647 1605 natura
1668 1565 1808 1605 consistit
1825 1595 1833 1609 ‚
1868 1569 2091 1611 consumptio-

1091 1630 1163 1652 nem
1186 1629 1313 1660 quoque
1336 1627 1457 1658 magnae
1479 1615 1566 1648 illius
1590 1618 1689 1657 partis
1710 1636 1720 1651 ,
1744 1619 1774 1647 δι’
1801 1614 1936 1647 alienam
1956 1613 2059 1647 sedem
2079 1636 2097 1655 3,

1092 1673 1127 1695 ac
1151 1661 1351 1694 immobilem
1375 1658 1460 1702 ipsi,
1484 1667 1576 1701 atque
1599 1659 1681 1691 Iridi
1696 1656 1884 1700 contigisse.
2016 1658 2093 1690 Cae-

1091 1715 1196 1739 terum
1218 1715 1318 1747 neque
1342 1702 1418 1743 hic,
1439 1713 1538 1745 neque
1562 1703 1594 1735 in
1619 1702 1722 1735 Fabro
1746 1701 1784 1735 de
1806 1713 1872 1745 quo
1894 1699 2013 1744 su'pra(
2035 1699 2054 1741 l<
2077 1704 2097 1740 )

1090 1749 1215 1782 diffisum
1239 1747 1303 1788 est,
1325 1746 1462 1780 durities
1484 1767 1494 1783 ‚
1526 1748 1557 1778 δε
1582 1744 1705 1779 siccitas
1729 1755 1802 1779 cum
1825 1745 2092 1786 opacitate.Cry-

1089 1793 1206 1826 stallini
1230 1790 1526 1832 conjungebantur;
1548 1798 1584 1822 ut
1606 1788 1663 1823 has
1686 1799 1796 1823 omnes
1819 1788 1954 1822 libenter
1965 1786 2096 1822 Valsal-

1089 1848 1125 1868 va
1150 1836 1205 1875 (l)
1227 1833 1333 1868 fuisset
1356 1833 1541 1866 Catarac‘tas
1564 1833 1779 1876 appellaturus
1801 1857 1808 1864 .
1833 1832 2015 1866 Catarat‘tas
2037 1841 2099 1864 au--

1087 1889 1154 1914 tem
1176 1877 1332 1920 ejusmodi
1359 1876 1398 1910 ad
1422 1887 1526 1909 veram
1551 1878 1771 1911 maturitatem
1794 1875 1918 1909 tardius
1950 1875 2096 1918 perv-eni-

1089 1924 1142 1963 ιε’,
1166 1933 1228 1955 non
1252 1920 1368 1954 dubito
1391 1933 1400 1952 :
1430 1919 1520 1961 cujus
1543 1922 1665 1962 generis
1687 1920 1725 1953 dc
1751 1919 1875 1954 duabus
1896 1931 1967 1962 qusae
1990 1919 2019 1953 se
2044 1919 2098 1951 ina

1088 1977 1137 2000 tra
1160 1972 1261 1999 annos
1285 1965 1408 2007 aliquot
1433 1962 1671 1997 manifestarunt
1694 1965 1727 1996 in
1750 1964 1838 1997 illius
1861 1964 2014 1996 Foeminae
2027 1963 2096 1995 Pri-2

1089 2012 1196 2044 mariae
1221 2009 1287 2052 (m
1310 2012 1323 2049 )
1345 2008 1448 2041 oculis
1467 2032 1475 2047 3
1510 2007 1543 2040 in
1566 2008 1684 2050 quibus
1707 2008 1788 2040 olim
1820 2016 1921 2040 certas
1944 2005 2103 2050 quasdam*

1089 2053 1177 2087 strias
1199 2051 1446 2094 conspexeram,
1469 2049 1600 2085 alteram
1622 2050 1752 2095 quidem
1775 2049 1867 2085 fuisse
1880 2051 1995 2091 video,
2018 2050 2103 2083 alte*

1090 2108 1157 2130 ram
1180 2105 1284 2128 autem
1308 2097 1340 2127 &
1363 2103 1453 2127 antea
1476 2093 1581 2128 censui
1603 2118 1614 2134 ‚
1645 2098 1676 2128 δε
1700 2094 1802 2129 adhuc
1835 2094 1945 2128 censeo
1966 2119 1973 2125 .
2006 2095 2101 2127 Nam>

1091 2141 1187 2173 altera
1210 2150 1248 2171 ex
1270 2149 1337 2181 quo
1361 2139 1394 2171 in
1417 2147 1503 2171 certa
1516 2137 1703 2181 Crystallini
1727 2148 1815 2182 parte
1838 2149 1894 2180 per
1916 2137 2097 2171 albedinem

1090 2182 1249 2226 quandam
1272 2183 1301 2214 le
1325 2181 1496 2228 prodidit3
1518 2182 1564 2215 ita
1589 2181 1715 2224 prorsus
1737 2182 1799 2216 fine
1822 2182 1890 2215 ullo
1914 2183 2093 2214 incremen-

1092 2236 1128 2259 to
1151 2234 1312 2269 permanet
1334 2236 1398 2265 Jam
1433 2236 1530 2259 annos
1553 2225 1655 2266 plures
1675 2251 1682 2257 .
1717 2227 1863 2259 Alteram
1886 2234 1991 2259 autem
2023 2236 2095 2268 quae

1089 2269 1268 2304 universum
1290 2268 1420 2315 quidem
1442 2267 1674 2311 Crystallinum
1686 2268 1902 2306 dealbaverat,
1925 2279 2024 2311 neque
2048 2277 2096 2300 ta-

1093 2324 1163 2346 men
1189 2314 1289 2355 longo
1310 2323 1378 2354 Jam
1401 2312 1553 2355 temporis
1584 2311 1689 2355 spatio
1711 2324 1848 2356 opacum
1879 2321 2033 2355 quantum
2056 2324 2098 2344 o-

1093 2356 1241 2400 portebat
1256 2381 1265 2396 ,
1292 2355 1472 2389 reddiderat
1486 2379 1499 2396 ,
1521 2367 1595 2389 cum
1618 2357 1723 2389 caeteri
1746 2354 1974 2390 deturbandam
1997 2355 2095 2391 susci„

1089 2412 1161 2444 pere
1185 2411 1247 2433 non
1272 2399 1420 2433 auderent
1436 2424 1448 2440 3
1472 2399 1578 2433 nescio
1600 2401 1673 2442 quis
1695 2411 1828 2442 magnus
1852 2398 2093 2443 promissoradw

1087 2456 1189 2484 vena,
1212 2443 1266 2485 qui
1285 2451 1464 2485 properaret
1485 2466 1497 2482 ,
1528 2451 1564 2476 ut
1587 2443 1632 2475 ait
1654 2445 1773 2477 Cicero
1805 2446 1819 2482 ζ
1841 2455 1861 2477 n
1882 2447 1920 2484 ),
1954 2443 2005 2477 cui
2020 2441 2095 2486 fora

1086 2487 1188 2522 multa
1210 2486 1355 2525 restarent
1372 2509 1384 2526 3
1417 2485 1525 2519 insciis
1547 2486 1696 2520 omnibus
1720 2509 1728 2524 ,
1763 2488 1946 2522 deturbavit
1969 2487 2062 2522 illico
2084 2513 2094 2528 ‚

1087 2541 1152 2563 non
1175 2529 1216 2562 sic
1240 2539 1346 2562 tamen
1369 2530 1447 2571 quin
1472 2529 1583 2571 aliquo
1604 2530 1773 2573 interjeffilo
1797 2541 1965 2575 tempore,
1991 2532 2095 2567 albida

1088 2576 1204 2607 iterum
1227 2584 1307 2615 pone
1344 2572 1499 2615 pupillam
1521 2575 1664 2614 opacitas
1688 2584 1852 2618 appareret
1874 2598 1884 2614 ‚
1918 2587 1983 2610 non
2008 2584 2095 2610 tanta

1089 2617 1221 2660 quidem
1244 2616 1321 2655 illa,
1345 2626 1462 2657 quanta
1486 2628 1502 2649 a
1528 2627 1577 2649 me
1601 2618 1677 2651 alias
1712 2621 1726 2657 C
1749 2630 1764 2652 ο
1788 2622 1801 2658 )
1832 2620 1866 2653 in
1890 2619 2094 2653 Nobiliffima

1089 2661 1229 2703 Virgine
1251 2669 1424 2693 memorata
1447 2659 1509 2698 est3
1534 2659 1585 2693 sed
1608 2672 1642 2693 ea
1666 2671 1771 2694 tamen
1794 2674 1863 2706 quae
1876 2674 1941 2696 non
1964 2663 2037 2696 satis
2048 2662 2093 2697 fe-

1089 2704 1184 2737 licem
1207 2704 1405 2737 curationem
1430 2706 1462 2736 &
1483 2703 1640 2747 testetur,
1663 2708 1696 2738 δε
1719 2703 1817 2739 faciat
1839 2731 1846 2737 .
1874 2707 1955 2740 Non
1981 2706 2023 2740 sic
2047 2708 2094 2739 al-

1087 2750 1171 2788 teri,
1192 2748 1353 2780 Matronae
1376 2747 1465 2780 illius
1489 2747 1590 2781 sorori
1611 2771 1624 2788 3
1655 2748 1775 2792 quippe
1797 2751 1850 2782 cui
1867 2759 2005 2787 amatura
2028 2749 2092 2784 suf-

1086 2790 1168 2825 fufio
1189 2789 1326 2834 depressa
1349 2789 1392 2823 est
1412 2816 1418 2821 .
1451 2790 1541 2823 Nam
1563 2792 1672 2824 Sorori
1695 2794 1798 2826 tertiae
1819 2816 1832 2832 3
1863 2793 1898 2825 in
1920 2804 1982 2836 qua
2005 2793 2092 2827 idern

1084 2835 1202 2868 advena
1225 2831 1410 2877 depresserat
1432 2858 1445 2874 3
1478 2834 1583 2867 multo
1606 2835 1704 2868 citius
1727 2834 1856 2869 fuerunt
1879 2838 1971 2870 malae
2003 2848 2091 2871 cura-

1084 2879 1186 2911 tionis
1211 2879 1352 2912 indicia.
1379 2880 1461 2911 Tres
1484 2877 1641 2920 intelligis
1663 2889 1734 2912 cum
1758 2877 1852 2912 essent
1876 2881 2030 2919 Sorores,
2051 2893 2089 2914 o-

1085 2933 1172 2955 mnes
1196 2921 1299 2955 eidem
1324 2921 1455 2957 morbo,
1478 2924 1529 2954 cui
1554 2932 1648 2954 nemo
1670 2923 1772 2956 trium
1795 2923 1996 2965 Inclytorum
2011 2925 2090 2957 Fra-

1085 2974 1191 3005 trum,
1212 2965 1371 2997 obnoxias
1393 2963 1503 2997 fuisse.
1531 2964 1583 2996 Sic
1606 2965 1681 2998 alias
1704 2967 1759 3008 (p
1780 2968 1795 3005 )
1827 2965 1962 3000 scribam
1984 2992 1993 3008 ,
2026 2979 2088 3002 una

1085 3021 1123 3041 ex
1146 3018 1245 3043 matre
1269 3006 1480 3054 surdas-natas
1502 3005 1651 3042 foerninas
1675 3020 1808 3049 omnes,
1831 3021 1932 3043 mares
1956 3010 2084 3045 nullos.

1215 3053 1315 3084 Nunc
1338 3052 1487 3092 Virginis
1510 3050 1598 3084 illius
1621 3052 1839 3086 Nobiliffimae
1862 3052 1947 3088 faeta
1964 3056 2089 3088 mentio

1079 3095 1118 3129 ad
1141 3095 1328 3141 memoriam
1351 3093 1466 3136 redigit
1490 3095 1577 3136 quod
1599 3094 1638 3128 de
1661 3107 1728 3129 mea
1751 3097 1784 3129 in
1807 3095 1873 3139 ejus
1897 3098 1999 3131 oculis
2023 3098 2086 3131 ob-

1079 3141 1255 3173 servatione
1277 3137 1436 3180 judicium
1459 3136 1631 3171 fueritcCl.
1658 3140 1733 3173 Viri
1756 3141 1880 3174 Gunzii
1898 3142 1938 3173 'in
1952 3141 2085 3181 libello,
2116 3166 2119 3167 ν

1080 3184 1182 3217 multa
1206 3184 1317 3225 utique
1342 3180 1433 3214 laude
1456 3180 1582 3223 dign03
1602 3183 1677 3225 qui,
1700 3183 1770 3226 ipso
1788 3183 1943 3224 Praefide,
1966 3183 2084 3226 Lipsiae

1081 3226 1205 3270 prodiit
1228 3227 1270 3259 A.
1298 3235 1389 3268 1750.
1415 3229 1429 3265 (
1451 3235 1470 3267 q
1489 3228 1503 3264 >
1535 3225 1652 3259 Raram
1675 3229 1761 3260 enim
1786 3226 1882 3270 usque
1905 3226 1983 3260 adeo
2006 3238 2082 3261 cen-

1081 3271 1144 3304 suit
1156 3295 1168 3312 3
1192 3279 1229 3304 ut
1251 3279 1302 3302 tot
1325 3269 1408 3301 inter
1430 3279 1501 3310 quae
1525 3279 1564 3300 eo
1586 3269 1741 3312 opusculo
1756 3279 1996 3311 memorantur,
2018 3282 2081 3305 una

1079 3315 1136 3346 illa
1160 3314 1280 3350 fretus,
1304 3312 1436 3345 tertium
1461 3308 1648 3346 Suffusionis
1670 3325 1766 3356 genus
1788 3312 2009 3348 constituerit.
2034 3315 2083 3348 13-

1079 3357 1209 3400 quidem
1233 3368 1291 3399 ego
1314 3366 1442 3398 quoque
1464 3366 1538 3388 cum
1561 3366 1626 3389 rem
1648 3366 1754 3390 mente
1785 3357 1818 3389 in
1842 3367 1952 3391 omnes
1973 3367 2080 3401 partes
2100 3359 2104 3363 “

1079 3400 1252 3439 versarem,
1274 3399 1343 3433 sieri
1368 3396 1473 3440 posse,
1495 3398 1636 3432 indicavi
1661 3402 1713 3442 (r
1734 3402 1747 3438 )
1774 3422 1783 3437 ,
1813 3408 1850 3433 ut
1873 3399 1946 3435 hinc
1980 3402 2078 3434 etiam

1080 3442 1260 3487 Suffufionis
1282 3443 1388 3484 aliqua
1404 3441 1522 3482 species
1546 3450 1635 3477 extra
1658 3443 1827 3477 humorem
1840 3445 1862 3474 C
1864 3443 2055 3485 ryfi‘allinum
2068 3467 2082 3484 3

1079 3487 1200 3530 ejusque
1225 3487 1364 3520 tunicam
1385 3484 1458 3519 esset
1468 3484 1670 3528 agnoscenda.
1696 3485 1755 3520 Sed
1764 3497 1862 3530 neque
1886 3487 2078 3564 raramdctdeo

1938 3540 1988 3562 cre
2012 3542 2039 3562 1-

173 3701 234 3726 Obs.
251 3709 273 3727 ι.
293 3702 316 3732 §.
333 3702 416 3728 ultim.

176 3733 250 3762 Epist.
266 3736 304 3761 63.
322 3740 346 3756 n.
361 3736 386 3757 6.

174 3765 247 3798 Orat.
262 3770 306 3792 pro
322 3764 419 3788 eluent.
484 3763 498 3792 (
513 3773 526 3788 ο
543 3772 552 3794 )
568 3765 641 3793 Epist.
660 3765 734 3789 modo
750 3765 824 3791 indie.
842 3774 866 3790 n.
883 3774 920 3791 22.
938 3774 978 3796 ²3·

175 3793 340 3820 Animadvers.
357 3795 386 3820 de
402 3793 529 3820 suffufion.
547 3800 632 3822 natura
643 3812 651 3825 ,
667 3797 689 3821 δε
705 3802 784 3821 curat.
799 3804 819 3821 c,
839 3803 858 3820 ι.
876 3797 899 3829 §.
918 3806 954 3827 15·
1017 3798 1027 3821 (

88 3699 158 3792 {Z}
447 3732 462 3762 (
477 3733 488 3756 i
501 3734 515 3762 )
527 3734 653 3768 EPlst·,35·
671 3743 696 3761 n.
717 3743 754 3760 12.

89 3793 134 3825 <a
152 3797 159 3824 )

477 3702 487 3729 (
503 3711 514 3727 e
529 3703 540 3733 )
557 3703 613 3728 Vid.
632 3704 706 3734 Epist.
723 3707 796 3730 Anat.
815 3707 851 3729 18.
868 3713 892 3730 n.
910 3709 948 3731 26.
1011 3704 1055 3736 (f

814 3736 828 3765 (
844 3735 860 3760 k
878 3738 886 3768 )
904 3745 927 3761 n.
946 3744 982 3765 ις.
1039 3737 1060 3795 (ζ

1043 3804 1055 3821 r

1097 3707 1127 3729 Ξ

1130 3713 1177 3739 em.
1194 3706 1224 3730 de
1240 3706 1256 3729 l'
1272 3707 1348 3730 Acad.
1367 3709 1398 3731 R.
1418 3708 1460 3732 des
1476 3709 1513 3732 Sc.
1531 3710 1560 3733 A.
1580 3716 1649 3738 ¹⁷30-

1132 3736 1187 3759 de.
1204 3736 1278 3765 Epist.
1296 3739 1367 3760 Anat.
1388 3739 1422 3762 18.
1438 3747 1463 3763 n.
1481 3747 1518 3768 27.

1130 3766 1205 3799 Epist.
1222 3768 1261 3796 48.
1277 3775 1302 3791 n.
1319 3770 1358 3795 48.

1118 3796 1170 3825 pist„
1186 3800 1259 3822 Anat.
1278 3800 1314 3822 18.
1330 3806 1354 3822 n.
1372 3805 1409 3829 ²4·
1428 3807 1482 3830 25..

1711 3708 1752 3742 (g
1767 3708 1780 3736 3
1795 3708 1866 3738 Plag.
1882 3710 1922 3734 28.
1940 3708 2006 3734 Litta
2024 3711 2047 3734 D

1579 3740 1593 3769 (
1610 3747 1634 3763 m
1650 3739 1664 3768 2
1681 3738 1744 3764 xbid.
1761 3746 1785 3764 n.
1800 3746 1837 3768 ¹9-

1095 3735 1115 3820 Μυυ
