2498 4075
397 145 495 194 250

315 212 394 258 suas
414 212 510 252 vestes
533 210 672 245 induerit
694 235 701 243 .
736 212 852 245 Fuerat
877 211 903 245 is
933 210 1065 253 quidem
1089 223 1127 244 eo
1158 210 1333 255 quatriduo

323 266 415 291 totus
438 254 561 297 gelidus
580 277 593 294 ‚
625 265 681 287 nec
705 256 805 288 urinae
827 254 1005 298 quidquam
1028 254 1207 290 reddiderat
1230 280 1236 286 .
1273 254 1334 288 Sed

322 299 624 342 perfrigerationes‚
648 300 680 331 &
704 298 850 332 ischuriae
874 298 990 331 renales
1012 308 1101 332 erant
1121 300 1267 341 alioquin
1292 300 1333 333 il-

322 344 363 384 lis
385 345 419 376 in
441 343 572 383 aegrotis
589 340 673 382 satis
687 339 871 383 frequentes
893 344 906 381 <
929 340 948 381 l<
968 344 982 380 )
1002 353 1008 373 :
1036 343 1249 384 neutrasque,
1273 341 1331 375 nifi

323 385 407 420 forte
428 386 512 420 circa
536 384 699 428 asphyxiae
725 384 818 417 finem
838 408 849 424 ‚
873 386 906 417 in
930 384 1085 429 plerisque
1110 385 1254 420 historiis
1275 386 1333 419 ad-

321 439 447 464 notatas
472 430 629 467 memini,
651 437 737 461 certe
760 428 793 459 in
805 428 886 461 Cive
910 427 968 460 illo
982 440 1076 470 meo,
1098 441 1194 473 quem
1217 430 1249 462 in
1263 429 1332 462 Ad-

319 473 464 507 versariis
486 475 500 512 (
520 473 533 506 l
553 476 567 514 )
590 472 841 505 commemoravi
863 495 875 511 ‚
909 470 1189 514 perfrigerationes
1213 475 1329 506 ultima

320 516 450 552 tandem
474 516 568 550 noete
591 513 777 549 accesserunt
795 537 808 554 ,
841 524 979 557 tuncque
1002 517 1110 550 urinas
1133 515 1198 559 jam
1223 517 1328 558 nigre-

320 560 441 594 scentes
464 560 616 603 quidem3
640 569 703 592 non
729 557 899 599 suppressas
912 569 926 598 ,·
947 558 1036 592 vidi.
1167 561 1244 604 Jam
1270 571 1329 601 po-

319 615 357 638 ne
379 615 477 647 quam
500 603 646 637 malueris
670 600 832 643 asphyxiae
856 601 980 635 causam
992 614 1030 636 ex
1052 604 1093 636 iis
1116 614 1187 646 quae
1204 602 1326 643 solent,

320 651 352 684 δε
377 659 449 691 quae
473 646 565 689 supra
588 649 602 685 (
624 657 655 679 m
680 648 690 683 )
715 654 898 679 memoratae
911 644 1004 679 sunt:
1030 657 1162 689 quaero,
1186 657 1242 679 cur
1264 648 1328 681 ces-

319 694 404 729 sante
429 692 618 725 arteriarum
643 696 735 721 motu
750 709 757 723 ‚
781 699 845 721 non
869 691 1029 725 continuo
1055 714 1063 728 ,
1097 699 1134 723 ut
1157 691 1190 722 in
1214 688 1328 731 synco-

319 749 380 781 pe,
403 733 518 768 cessent
542 741 672 769 motus,
697 734 729 765 &
753 730 937 765 funffiones
949 733 1092 776 partium
1116 733 1328 768 caeterarum?

318 782 438 818 Dices,
461 778 550 820 quod
572 779 604 809 δε
628 774 693 817 ipse
716 773 879 816 agnosm,
902 776 936 807 in
961 774 1117 818 asphyxia
1141 787 1205 809 non
1230 777 1329 811 modo

318 835 374 859 cor
400 832 470 861 ,non
493 819 651 861 quiescere
675 829 685 857 3
721 827 793 849 nam
818 820 849 850 &
883 817 1027 853 Piffinius
1054 821 1110 863 (n
1131 824 1145 863 )
1178 821 1213 852 in
1234 822 1329 854 Clara

319 865 422 910 Spada
446 863 565 898 fatetur
583 886 596 903 ,
626 871 720 895 manu
737 858 866 902 sintstrae
888 861 1028 899 thoracis
1046 865 1138 905 parti
1171 865 1295 898 admota
1318 888 1330 905 ‚

311 907 534 958 subobscurum
557 906 707 948 quendam
729 904 832 950 cordis
854 913 975 939 motum
998 906 1192 951 apparuiffes
1217 918 1327 942 verum

316 967 356 989 ne
378 953 506 987 arterias
528 949 661 993 quidem
681 971 693 987 ,
726 958 862 989 majores
885 948 1062 990 praesertim
1084 975 1094 990 ,
1126 954 1160 985 &
1191 953 1328 984 interio-

317 1011 384 1035 res,
409 996 461 1031 sed
484 990 711 1028 tantummodo
734 991 847 1024 leviter
867 993 984 1026 micare
998 1019 1005 1027 .
1030 994 1109 1028 Non
1132 1004 1236 1027 tamen
1258 1006 1328 1038 pcr-

315 1043 421 1087 spicue
444 1037 584 1073 ostendes
599 1061 609 1076 ,
633 1036 690 1079 qui
715 1033 771 1068 fiat
792 1059 804 1074 ‚
835 1045 872 1069 ut
897 1037 931 1070 in
955 1046 1044 1071 tanta
1070 1047 1177 1072 motus
1202 1038 1325 1081 sangui.

315 1088 364 1121 nis
389 1083 642 1121 imminutione,
664 1091 698 1112 ea
722 1078 836 1120 poffint
859 1082 937 1122 aegri
961 1092 1031 1124 quae
1043 1082 1140 1123 paulo
1166 1091 1236 1115 ante
1249 1094 1324 1124 pro.

313 1128 419 1174 posita
442 1126 537 1167 sunt,
559 1136 614 1158 nec
638 1123 762 1166 pallor,
786 1121 889 1165 frigus
905 1147 916 1163 ,
939 1123 1121 1165 hebetudo,
1145 1125 1322 1167 loquendi,

313 1172 424 1208 edendi
446 1194 458 1213 ,
492 1173 523 1204 &
546 1169 575 1202 se
611 1164 763 1201 movendi
788 1167 982 1208 impotentia
1007 1168 1039 1200 in
1064 1179 1102 1200 eo
1125 1179 1220 1210 quem
1253 1168 1321 1203 vidi

311 1216 400 1260 ipse,
421 1215 580 1248 continuo
604 1210 803 1244 accesserint:
829 1212 897 1243 imo
921 1212 1068 1253 potentia
1091 1212 1124 1243 in
1157 1213 1320 1246 nonnullis

311 1260 402 1297 restet
426 1282 439 1300 ‚
471 1266 508 1291 ut
532 1254 697 1298 postquam
729 1253 872 1286 vixerint
905 1255 945 1287 ad
961 1253 1071 1295 plures
1107 1255 1172 1288 dies
1197 1257 1319 1290 omnino

308 1303 428 1349 gelidi,
455 1300 581 1337 rursus,
605 1307 642 1332 ut
666 1297 887 1331 Ramazzinus
911 1298 963 1339 (o
985 1300 999 1335 )
1023 1297 1205 1331 observavit
1229 1321 1240 1337 ,
1263 1310 1318 1333 ex-

311 1346 482 1391 calefiant3
504 1343 584 1387 quin
608 1341 707 1379 etiam
729 1348 765 1373 ut
789 1338 957 1382 postquam
980 1339 1033 1374 sex
1056 1341 1181 1375 dierum
1215 1341 1321 1384 spatio

310 1391 405 1435 pulsu
427 1389 609 1425 caruerint,
633 1385 758 1427 optime
781 1382 1024 1423 convalescant,
1048 1386 1320 1428 quemadmodum

309 1446 351 1469 ex
375 1432 571 1467 Bartholino
593 1430 627 1465 in
650 1424 851 1461 Adversariis
875 1430 930 1474 (p
955 1431 965 1466 )
991 1430 1191 1464 memoravi.

310 1477 373 1513 Sed
395 1477 462 1512 haec
486 1485 545 1516 tu,
569 1476 601 1509 δε
626 1470 740 1514 posteri
772 1468 900 1505 fortasse
923 1470 1099 1512 videritis,·
1130 1473 1214 1506 mihi
1248 1484 1322 1506 nec-

310 1522 388 1557 dum
412 1521 469 1558 hac
492 1522 525 1556 in
550 1529 581 1551 re
605 1516 675 1558 plus
699 1516 819 1559 liquere
838 1538 851 1555 ,
883 1526 979 1561 quam
1003 1516 1052 1548 ibi
1077 1520 1086 1555 (
1111 1517 1165 1559 q)
1191 1514 1321 1559 scripse.

312 1568 397 1605 rim,
421 1565 557 1606 ingenue
581 1559 704 1595 fateor.
839 1558 907 1591 Hic
930 1559 1060 1593 sortasse
1081 1559 1192 1600 dices,
1216 1561 1321 1593 multo

310 1609 476 1644 difficilius
500 1604 641 1646 intelligi
665 1599 749 1645 posse
773 1627 782 1641 ‚
814 1602 983 1644 quomodo
1006 1604 1041 1636 in
1064 1604 1105 1637 iis
1132 1605 1198 1637 vita
1223 1603 1322 1636 serve-

308 1662 363 1687 tur
381 1675 394 1692 ,
415 1652 471 1694 qui
495 1648 551 1683 sub
575 1647 663 1689 aquis
686 1645 810 1679 diutius
832 1643 924 1678 merfi
950 1667 960 1683 ‚
994 1649 1129 1680 mortuis
1164 1647 1323 1681 simillimi

308 1697 504 1731 educuntur.
532 1694 570 1727 In
595 1688 752 1732 asphyxia
776 1689 862 1721 enim
888 1688 1152 1731 respirationem,
1176 1693 1208 1725 δε
1233 1690 1321 1733 quod

308 1738 518 1781 consequitur
530 1759 542 1777 ‚
565 1734 751 1769 interiorem
763 1731 874 1766 saltem
898 1733 1059 1774 quandam
1073 1733 1321 1768 circulationem

309 1783 470 1826 sanguinis
494 1779 649 1824 perstare,
671 1787 740 1820 quae
764 1777 798 1811 in
822 1775 888 1810 illis
920 1774 1012 1812 simul
1036 1789 1109 1811 cum
1135 1775 1322 1820 respiratio.

308 1839 346 1862 ne
370 1826 505 1860 omnino
529 1820 782 1863 intercipiatur,
813 1815 928 1853 necesse
951 1820 994 1853 est
1017 1830 1184 1863 propterea
1202 1843 1212 1858 ‚
1244 1824 1320 1865 quia

307 1872 370 1905 sine
403 1881 469 1904 aere
493 1868 612 1903 alterne
644 1861 930 1909 pulmonumyasa
963 1864 1146 1906 explicante
1165 1885 1174 1901 ,
1208 1875 1247 1896 ex
1270 1864 1321 1900 his

308 1915 393 1948 nihii
429 1911 588 1951 sanguinis
612 1906 740 1944 transire
774 1907 807 1939 in
832 1905 990 1940 hnistrum
1022 1906 1126 1942 cordis
1159 1908 1323 1941 ventricu-

309 1960 377 1993 lum
402 1950 505 2000 potest
525 1978 537 1995 ,
560 1964 626 1995 quo
649 1950 733 1984 nihil
758 1950 791 1983 in
816 1951 947 1983 arterias
970 1950 1155 1985 extrudente
1174 1974 1183 1989 ,
1218 1953 1324 1984 circu-

310 2003 392 2036 latio
417 1998 544 2043 prorsus
567 1996 653 2030 nulla
678 1994 738 2028 est.
872 1994 959 2037 Quis
992 2005 1068 2027 vero
1091 2004 1183 2038 neget
1210 2017 1219 2033 ,
1254 1993 1323 2027 haec

308 2056 439 2090 quoque
463 2041 519 2078 esse
542 2039 709 2075 intelleRu
732 2034 901 2072 difficilia?
927 2037 986 2072 Sed
1010 2047 1115 2072 tamen
1139 2042 1325 2074 iimortuo-

309 2101 382 2124 rum
405 2087 521 2121 similes
544 2085 647 2128 jacent
670 2094 678 2118 .·
714 2078 869 2123 asphyxia
893 2090 998 2115 autern
1022 2084 1164 2125 correpti
1188 2094 1221 2114 ea
1246 2093 1324 2123 prae-

308 2133 386 2167 stare
412 2139 549 2175 pergunt
573 2140 642 2171 quae
666 2126 808 2159 diximus
832 2149 840 2164 ‚
874 2133 911 2158 ut
935 2126 1073 2160 valentes
1104 2125 1253 2159 homines
1277 2123 1325 2157 so-

310 2178 375 2211 lent
397 2200 407 2215 ,
440 2185 505 2208 non
528 2171 629 2206 modo
652 2178 687 2204 ut
711 2170 851 2202 viventes
876 2179 884 2200 .·
918 2167 1014 2210 idque
1037 2169 1140 2210 ipsum
1163 2168 1205 2203 est
1239 2166 1326 2211 quod

311 2220 509 2264 potissimum
534 2213 771 2251 admirabamur
795 2234 802 2242 .
838 2212 935 2244 Olim
958 2211 1086 2247 fortasse
1108 2212 1239 2246 obscura
1262 2211 1323 2245 hac

310 2268 344 2298 in
372 2275 403 2297 re
427 2262 558 2296 luminis
582 2256 706 2301 aliquid
731 2253 840 2291 existet
863 2279 873 2295 ,
906 2253 929 2287 fi
953 2257 1097 2291 mulieris
1128 2268 1199 2300 quae
1222 2257 1322 2289 Lute-

312 2310 368 2342 tice
394 2305 587 2341 Parisiorum
621 2301 724 2335 adhuc
748 2297 857 2332 forsan
890 2299 973 2331 vivit
999 2303 1013 2340 (
1036 2312 1051 2334 r
1073 2303 1086 2341 )
1109 2322 1119 2339 ,
1153 2299 1289 2332 cadaver
1309 2322 1322 2339 ,

311 2363 375 2395 qua
400 2362 456 2393 par
480 2347 545 2388 est,
569 2350 600 2380 ἃ
624 2357 685 2386 qua
709 2343 758 2376 ibi
782 2341 860 2374 solet
882 2365 892 2380 ,
925 2341 1096 2387 diligentia
1120 2342 1325 2385 perlustrabi-

312 2405 387 2429 tur:
411 2402 594 2437 quanquam
618 2388 709 2421 illius
734 2383 887 2429 asphyxia>
911 2385 953 2418 ab
975 2395 1053 2419 ortu
1076 2387 1172 2428 usque
1195 2386 1236 2419 est
1256 2409 1268 2426 ,
1292 2389 1324 2422 ἅς

313 2438 335 2472 fi
359 2435 541 2482 cujusmodi
563 2432 601 2466 fit
625 2430 769 2474 corporis
793 2428 900 2461 calore
921 2451 933 2468 ,
969 2432 1002 2463 &
1025 2429 1134 2462 colore
1153 2454 1162 2469 ,
1184 2432 1216 2463 &
1240 2440 1327 2461 men-

312 2482 408 2517 struis
432 2475 701 2524 purgationibus,
725 2475 757 2510 &
780 2470 963 2507 valetudine
980 2496 992 2513 ,
1015 2474 1154 2518 itemque
1176 2471 1198 2505 fi
1225 2472 1327 2514 prolis

314 2527 418 2560 unicae
442 2516 599 2561 maciem,
623 2518 881 2560 parvitatemque
905 2515 1081 2557 spectemus
1107 2540 1119 2557 ,
1144 2515 1241 2559 paulo
1263 2517 1328 2548 mi..²

314 2581 374 2604 nus
397 2566 560 2601 videbitur
583 2562 640 2598 esse
667 2557 873 2608 mirandum,
896 2558 983 2601 quod
1005 2560 1093 2595 nulla
1117 2559 1251 2603 usquam
1274 2570 1326 2592 ar-

315 2614 407 2647 teriae
430 2610 529 2645 ullius
549 2632 563 2649 ,
595 2605 752 2648 ipsiusque
775 2600 885 2634 cordis
910 2602 1049 2647 pulsatio
1071 2613 1111 2638 ne
1134 2604 1201 2646 post
1229 2602 1328 2636 vehe-

314 2654 519 2691 mentiffimas
540 2650 674 2695 quidem
696 2645 943 2685 exercitationes
969 2667 978 2682 ‚
1013 2656 1068 2681 aut
1091 2648 1125 2679 in
1151 2645 1291 2680 febrium
1316 2670 1328 2687 ‚

339 2699 430 2735 uibus
462 2695 543 2741 saepe
575 2693 720 2730 obnoxia
751 2689 794 2726 est
818 2715 828 2731 ,
860 2690 1006 2725 maximo
1038 2691 1145 2727 calore
1180 2700 1327 2734 percepta

331 2754 412 2821 lt1‘0.
438 2785 591 2819 Proxima
614 2781 656 2816 est
677 2776 854 2822 Asphyxiae
879 2777 1001 2813 summa
1024 2776 1173 2820 pulsuum
1198 2778 1330 2812 exilitas

321 2841 395 2866 cum
417 2827 586 2864 debilitate
608 2822 802 2867 commeta,
828 2833 845 2857 a
866 2829 980 2855 natura
1005 2821 1193 2862 interdum,
1216 2821 1331 2864 saepius

319 2885 337 2908 a
360 2871 475 2908 morbo
494 2897 503 2903 .
535 2871 568 2906 A
591 2877 702 2904 natura
724 2863 781 2899 esse
802 2890 813 2907 ,
835 2864 939 2901 censui
965 2867 999 2898 in
1023 2865 1154 2899 muliere
1177 2866 1332 2898 exercita-

319 2926 377 2957 ta,
399 2918 432 2951 βε
455 2913 579 2948 robusta
593 2937 601 2952 ‚
624 2920 720 2955 quam
745 2910 861 2952 angina
883 2908 1055 2943 vehemens
1078 2908 1212 2951 urgebat
1238 2920 1246 2941 :
1271 2910 1332 2941 ita-

320 2971 383 3003 que
405 2958 445 2994 ab
466 2959 508 2991 iis
533 2954 674 2999 pulsibus
697 2953 832 2986 minime
857 2951 1038 2987 absterritus
1060 2952 1129 2987 sum
1153 2951 1331 2987 adolescens

320 3015 387 3046 quo
411 3002 517 3035 minus
540 3008 669 3034 tantum
692 2996 853 3038 sanguinis
877 2996 1005 3030 detrahi
1029 2994 1170 3039 juberem
1190 3020 1199 3036 ,
1231 3007 1333 3039 quan-

320 3057 394 3083 tum
418 3044 548 3081 morbus
571 3039 757 3085 flagitabat.
785 3039 840 3073 Me
862 3050 937 3072 vero
962 3051 1025 3073 non
1048 3038 1106 3073 esse
1131 3040 1300 3082 deceptum
1322 3061 1334 3078 ‚

321 3090 442 3126 servata
464 3087 579 3123 mulier
601 3082 826 3126 comprobavit
848 3106 861 3123 ,
886 3084 920 3115 in
943 3094 1004 3125 qua
1028 3082 1134 3126 postea
1155 3105 1165 3120 ‚
1197 3095 1272 3116 cum
1297 3095 1333 3115 o-

323 3136 428 3178 ptime
451 3132 593 3168 valeret,
618 3126 747 3162 eosdem
769 3126 844 3159 illos
867 3126 975 3168 pulsus
997 3125 1215 3170 deprehendi,
1238 3129 1270 3159 &
1295 3126 1334 3159 ab

323 3177 511 3211 arteriarum
533 3185 604 3219 quae
627 3171 775 3218 proxime
798 3170 865 3204 cuti
890 3169 1019 3205 subsunt
1040 3192 1050 3208 ,
1073 3171 1211 3204 naturali
1238 3170 1332 3202 exili-

325 3230 393 3254 tate
415 3218 557 3254 deduxi.
690 3215 720 3250 A
744 3214 863 3247 morbo
888 3222 995 3247 autem
1018 3225 1092 3248 cum
1118 3213 1153 3248 hi
1177 3215 1307 3248 suerunt
1324 3238 1333 3252 ,

324 3265 359 3298 in
383 3263 455 3298 aliis
477 3260 565 3295 aliud
588 3257 708 3294 accidit
731 3284 740 3299 ‚
772 3267 809 3291 ut
833 3258 1009 3290 invenirem
1033 3281 1041 3295 ‚
1076 3258 1164 3292 velut
1186 3269 1229 3291 eae
1263 3268 1332 3299 quse

327 3308 527 3351 sequuntur,
547 3315 586 3338 ex
610 3312 698 3346 parte
723 3299 944 3336 monstrabunt
968 3300 1110 3335 historiae
1130 3314 1136 3334 :
1162 3312 1200 3333 ex
1225 3310 1334 3342 parte,

326 3353 481 3393 inquam
505 3358 578 3383 nam
599 3358 670 3389 quae
691 3371 700 3386 ,
734 3344 874 3387 exempli
898 3343 989 3377 causa
1012 3370 1020 3384 ‚
1054 3344 1209 3378 summam
1242 3343 1333 3376 exhi-

328 3394 402 3428 bent
427 3393 576 3427 fibrarum
597 3388 705 3424 cordis
729 3390 898 3422 laxitatem
924 3409 932 3423 ‚
965 3400 1005 3421 eae
1030 3387 1069 3422 ad
1101 3398 1133 3422 te
1166 3389 1242 3421 alias
1279 3396 1334 3421 aut

331 3436 429 3472 missae
453 3436 524 3472 sunt
545 3433 647 3476 (s),
674 3442 727 3468 aut
749 3433 925 3467 mittentur
949 3435 960 3470 (
985 3440 1000 3465 τ
1021 3435 1051 3472 >,

899 131 1056 184 Liber
1092 129 1158 184 11.
1193 131 1279 184 De
1314 131 1523 184 Morbis
1557 132 1816 189 Thoracis

1430 220 1478 243 11.
1504 212 1627 244 VIRO
1651 223 1748 245 annos
1772 222 1847 245 nato
1870 210 1909 245 ad
1931 213 2145 257 quadraginta
2161 216 2217 250 sub
2237 226 2312 252 cute
2324 227 2395 261 quoe

1383 254 1465 288 latus
1490 254 1624 288 alterum
1648 257 1800 296 occipitis
1814 253 1930 295 vestit,
1953 260 2247 294 tussmorincreverat
2263 287 2275 304 ,
2297 271 2396 305 quem

1383 298 1505 339 talpam
1527 321 1539 337 ,
1571 300 1603 330 &
1627 298 1816 343 testudinem
1848 309 1964 333 vocant
1985 325 1993 332 .
2031 302 2099 335 Hic
2124 314 2197 337 cum
2219 306 2255 336 in
2277 303 2396 338 absces-

1384 341 1451 375 sum
1474 341 1682 383 degeneraslet
1703 365 1715 381 ,
1748 341 1915 376 hominem
1938 343 2067 378 tandem
2091 345 2214 387 sustulit
2242 370 2249 378 .
2283 349 2395 384 Nullae

1386 396 1524 427 unquam
1549 383 1676 417 fuerant
1698 384 1746 430 de⁴
1759 384 1889 419 thorace
1913 388 2048 428 querelae
2067 412 2079 428 ,
2112 391 2198 424 nulla
2222 389 2396 429 difficultas

1383 427 1605 470 respirationis
1628 452 1635 459 .
1670 428 1782 463 Pulsus
1803 431 1861 463 ‘nec
1885 431 1930 462 ita
1963 429 2143 474 frequentes
2166 456 2176 473 ,
2215 448 2272 471 nec
2295 440 2358 472 rari
2383 458 2393 474 ,

1384 483 1483 513 neque
1506 472 1777 510 intermittentes,
1802 483 1902 517 neque
1925 475 1989 507 ulla
2011 487 2150 519 unquam
2173 480 2295 514 ratione
2316 484 2397 516 inae-

1385 516 1513 558 quales,
1537 517 1572 549 in
1595 526 1634 547 eo
1656 514 1826 550 dumtaxat
1849 528 2051 558 peccaverant
2075 543 2087 559 ,
2110 521 2197 563 quod
2220 522 2316 558 essent
2337 525 2394 559 de-

1385 559 1485 595 biles,
1509 561 1542 592 &
1567 559 1720 598 perexiles
1744 583 1751 590 .
1787 559 1871 601 Qae
1894 563 2003 594 omnia
2029 562 2111 596 mihi
2135 564 2309 608 diligenter
2334 568 2395 602 sci-

1380 603 1508 637 scitanti
1533 601 1713 648 asseveravit
1735 603 1792 645 qui
1817 613 1888 636 eum
1913 604 2072 648 saepiffime
2090 607 2262 647 inviserat,
2286 612 2395 645 Medi-

1378 657 1435 681 cus
1459 671 1467 685 ‚
1500 657 1572 679 cum
1597 645 1682 678 sorte
1715 646 1749 678 in
1772 646 1951 688 Gymnasio
1974 648 2089 683 adesset
2111 676 2120 690 ‚
2151 651 2228 686 dum
2249 654 2393 688 hominis

1382 690 1500 723 thorax
1524 688 1742 729 incideretur,
1764 692 1796 722 &
1821 688 1915 734 hujus
1941 692 2059 726 viscera
2084 706 2133 728 me
2158 696 2365 737 perlustrante
2379 719 2394 737 ,

1381 733 1447 776 ipse
1477 744 1606 775 quoque
1638 731 1816 774 {pestaret-
1952 736 2212 773 PULMONES
2247 741 2392 785 undique

1379 788 1453 810 cum
1478 777 1586 818 pleura
1608 776 1813 822 cohaerebant
1834 800 1847 817 ,
1879 777 1947 811 laxi
1971 801 1980 816 ‚
2003 782 2035 814 &
2061 779 2256 817 foetidiffimi
2280 809 2287 818 .
2322 788 2394 819 Cor

1381 831 1533 863 quoque,
1557 822 1588 853 ἂν
1611 830 1678 897 <gns
1701 820 1851 853 auriculae
1865 844 1875 859 ‚
1897 824 2043 863 quamvis
2064 823 2114 858 hae
2138 826 2305 868 aliquanto
2329 830 2393 861 mi·-

1381 875 1441 898 nus
1457 887 1470 905 ,
1493 864 1612 906 pericar
1637 864 1704 899 ium
1728 861 1871 906 undique
1895 863 2052 900 habebant
2075 867 2225 904 adnatum
2245 896 2252 902 .
2285 873 2392 907 Aorta

1380 919 1441 951 qua
1475 905 1643 943 secundum
1678 906 1819 941 thoracis
1850 906 2008 942 vertebras
2031 908 2235 947 descendebat
2260 938 2272 955 ‚
2304 917 2392 951 intus

1380 962 1494 993 magna
1527 949 1581 984 hic
1604 951 1675 983 illic
1710 949 1876 993 cujusdam
1899 949 1988 994 quafi
2024 954 2220 997 incipientis
2237 957 2391 994 erofionis

1379 993 1516 1028 ostendit
1539 993 1685 1034 indicia,
1709 998 1836 1028 minora
1859 1004 1986 1036 autem,
2011 996 2062 1030 sed
2086 1000 2175 1040 plura
2199 999 2319 1035 futurae
2341 1001 2393 1037 os-

1378 1037 1582 1072 sificatiouis.
1610 1038 1712 1071 Nihil
1723 1047 1872 1080 praeterea
1896 1039 2017 1073 vitiiin
2040 1040 2170 1077 thorace
2194 1045 2392 1079 animadver-

1377 1080 1445 1115 sum
1469 1080 1529 1115 est.
1665 1083 1789 1118 Caetera
1821 1091 1925 1114 autem
1950 1081 2014 1116 fere
2047 1087 2155 1120 omnia
2180 1109 2192 1126 ,
2225 1090 2258 1121 &
2282 1090 2315 1121 jn
2339 1089 2392 1124 his

1372 1127 1482 1167 Caput
1504 1147 1512 1161 ‚
1546 1135 1611 1157 non
1645 1134 1710 1158 tam
1743 1125 1786 1159 ob
1816 1124 1969 1160 foetorem
2004 1126 2106 1163 secare
2151 1130 2351 1174 negleximus
2378 1158 2390 1174 ,

1372 1180 1469 1210 quam
1492 1167 1535 1200 ob
1558 1169 1703 1201 melioris
1720 1192 1729 1205 ‚
1752 1169 1872 1201 interea
1899 1170 2010 1209 allati,
2034 1172 2195 1207 cadaveris
2218 1175 2389 1210 incidendi

1371 1211 1583 1246 necessitatem
1604 1235 1616 1252 ,
1636 1221 1687 1245 rut
1713 1212 1879 1245 Publicam
1898 1236 1910 1252 ,
1944 1211 2008 1254 jam
2032 1219 2241 1257 provecflmm,
2264 1221 2393 1253 Anam-

1371 1267 1442 1289 men
1476 1266 1514 1289 eo
1559 1267 1642 1290 anno
1665 1279 1678 1296 ,
1723 1257 1779 1297 qui
1827 1255 1891 1290 fuit
1937 1267 2032 1299 1727,
2075 1259 2235 1295 absolvere
2287 1262 2392 1308 posse·

1372 1311 1464 1334 mus.

1418 1354 1466 1376 12.
1491 1343 1592 1376 Nunc
1616 1343 1760 1377 cranium
1782 1353 1910 1385 quoque
1935 1343 2000 1386 ejus
2024 1346 2139 1388 vellem
2163 1346 2309 1383 hominis
2333 1351 2390 1384 in-

1372 1385 1556 1428 trospexisse
1574 1410 1587 1427 ,
1609 1386 1630 1419 si
1656 1385 1740 1419 forte
1765 1387 1953 1428 proximum
1976 1392 2101 1423 tumori
2125 1414 2137 1431 ‚
2174 1396 2206 1425 &
2229 1393 2386 1429 abscessui

1372 1430 1567 1465 cerebellum
1590 1430 1712 1472 aliquid
1736 1429 1868 1463 haberet
1896 1431 1975 1478 labis
2001 1457 2010 1471 ‚
2036 1444 2072 1466 ut
2095 1445 2170 1468 cum
2194 1437 2236 1469 iis
2260 1436 2390 1471 confer-

1374 1485 1440 1507 rem
1468 1485 1538 1517 quae
1563 1473 1655 1516 supra
1688 1477 1778 1513 (u)
1814 1472 1853 1506 de
1878 1486 1943 1515 ejus
1977 1477 2010 1508 in
2035 1477 2188 1520 asphyxia
2224 1491 2287 1513 non
2321 1491 2390 1516 tam

1373 1516 1597 1559 compreffione
1620 1516 1761 1550 indicavi
1779 1540 1791 1557 ,
1824 1528 1923 1559 quam
1946 1520 2031 1552 vitio
2066 1531 2105 1554 ex
2127 1532 2203 1562 pure
2234 1524 2325 1568 quod
2351 1526 2391 1559 ab

1373 1561 1533 1595 exteriore
1557 1559 1691 1594 abscessu
1714 1571 1768 1602 per
1791 1562 1892 1593 cranii
1916 1563 2034 1595 cariem
2060 1564 2099 1598 ad
2122 1564 2226 1606 ipsum
2240 1578 2392 1609 pervene-

1374 1614 1445 1642 rat,
1472 1604 1749 1643 commemoravi,
1775 1612 1828 1636 aut
1853 1615 1924 1639 cum
1948 1606 1988 1638 iis
2013 1617 2086 1649 quae
2110 1609 2144 1641 in
2169 1610 2232 1642 alia
2257 1612 2391 1654 Episto-

1375 1649 1405 1682 la
1428 1653 1441 1688 (
1464 1659 1484 1681 x
1506 1651 1520 1686 )
1544 1647 1581 1681 de
1602 1648 1735 1680 muliere
1759 1646 1865 1688 scripfi
1888 1647 1995 1690 pulsus
2010 1649 2171 1691 humiles,
2197 1655 2393 1690 cerebellum

1375 1701 1480 1726 autem
1511 1690 1702 1723 laxiffimum
1734 1689 1869 1722 habente
1895 1703 1904 1722 :
1936 1703 2120 1735 quanquam
2157 1696 2218 1728 tibi
2260 1697 2393 1734 fortasse

1373 1736 1538 1769 causarum
1562 1733 1635 1767 satis
1659 1734 1695 1766 in
1719 1731 1851 1767 thorace
1874 1732 1940 1776 ejus
1963 1734 2000 1768 de
2022 1748 2090 1779 quo
2114 1739 2304 1783 loquimur,
2328 1745 2394 1777 Vi-

1374 1780 1401 1812 ri
1426 1780 1592 1811 inventum
1617 1776 1783 1811 videbitur
1806 1800 1814 1807 .
1850 1777 1908 1809 Sed
1934 1779 2100 1819 pulmonis
2136 1782 2280 1827 undique
2312 1797 2389 1819 curn

1374 1823 1483 1865 pleura
1506 1819 1719 1854 cohaefionem
1752 1818 1789 1853 ad
1814 1830 1881 1853 rem
1903 1819 1986 1855 nihil
2014 1821 2113 1857 facere
2135 1847 2144 1863 ,
2178 1835 2229 1860 tot
2254 1828 2315 1861 alia
2340 1840 2394 1862 ca..

1373 1865 1485 1898 davera
1510 1864 1729 1898 demonstrant
1746 1887 1756 1903 ‚
1782 1863 1820 1896 de
1844 1864 1960 1906 quibus
1984 1866 2033 1900 vel
2059 1868 2093 1900 in
2116 1869 2234 1903 nostris
2257 1872 2393 1915 Episto-

1377 1910 1415 1941 lis
1438 1909 1570 1948 legeris.
1597 1907 1749 1950 Ejusdem
1774 1915 1880 1940 autern
1913 1908 2042 1942 visceris
2065 1914 2320 1952 graveolentiam
2345 1915 2392 1949 sa-

1376 1953 1441 1985 tius
1464 1951 1592 1984 fortasse
1626 1950 1668 1984 est
1693 1964 1707 1983 a
1733 1950 1815 1985 sanie
1847 1949 2001 1987 deducere
2025 1954 2106 1988 illuc
2137 1959 2291 1991 extremis
2324 1958 2396 1993 die.

1375 1995 1434 2028 bus
1458 2006 1496 2028 ex
1520 1992 1652 2031 abscessu
1676 2006 1728 2035 per
1752 1994 1936 2035 sauguinem
1959 1998 2114 2031 convesta
2135 2021 2145 2036 ,
2172 2011 2210 2034 ne
2233 2001 2321 2044 quod
2346 2012 2395 2036 et-

1376 2039 1442 2071 iarn
1466 2046 1556 2071 antea
1589 2039 1759 2080 peccabant
1786 2037 1922 2079 pulsus,
1954 2038 1989 2072 id
2021 2051 2038 2073 a
2070 2041 2221 2083 pulmone
2253 2055 2394 2089 repetere

1376 2091 1530 2117 conemur
1552 2106 1559 2113 .
1595 2082 1893 2129 Denique-Aortae
1928 2082 2048 2117 vitium
2083 2085 2153 2121 illic
2177 2087 2243 2122 fuit
2265 2113 2278 2129 ,
2311 2089 2394 2123 unde

1378 2125 1500 2159 arteriae
1534 2134 1600 2157 non
1634 2132 1826 2171 proveniunt
1848 2134 1963 2166 carpos
1986 2128 2133 2162 adeuntes
2154 2155 2162 2163 .
2196 2131 2306 2168 Restat
2330 2135 2395 2175 igi·-

1379 2179 1432 2203 tur
1455 2168 1513 2202 illa
1536 2166 1646 2201 cordis
1670 2169 1807 2201 univer-11
1834 2166 1872 2200 ad
1896 2170 2111 2209 pericardium
2137 2173 2275 2209 adhaefio
2294 2199 2306 2216 ,
2331 2188 2394 2219 qua

1378 2213 1502 2248 fastum
1526 2221 1618 2255 putes
1642 2233 1650 2248 ,
1686 2220 1723 2244 ut
1746 2210 1828 2247 illud
1851 2211 1936 2244 intra
1959 2212 2022 2247 hoc
2047 2215 2260 2251 constristum
2285 2222 2391 2254 minus

1378 2254 1553 2297 expandere
1586 2253 1617 2303 se
1640 2254 1740 2296 posset
1762 2279 1775 2295 ,
1806 2265 1904 2299 quam
1929 2257 1968 2290 ad
2001 2256 2115 2299 justam
2141 2259 2301 2304 sanguinis
2333 2276 2392 2297 co-

1376 2300 1463 2342 piam
1487 2298 1730 2340 excipiendam,
1754 2301 1807 2335 &‚
1834 2298 1922 2342 quod
1947 2301 2182 2345 consequitur,
2204 2307 2238 2339 in
2263 2309 2394 2341 arterias

1377 2341 1607 2388 extrudendarn
1630 2342 1805 2384 requiritur
1822 2365 1835 2380 ,
1858 2343 2036 2384 praesertim
2060 2357 2134 2382 cum
2158 2349 2290 2383 alteram
2315 2352 2394 2385 alias

1378 2389 1433 2427 (y
1454 2389 1468 2425 )
1490 2384 1553 2418 tibi
1578 2384 1635 2419 sim
1662 2383 1831 2420 historiam
1855 2384 2033 2428 scripturus
2055 2391 2089 2423 in
2112 2402 2173 2433 qua
2197 2394 2265 2434 post
2290 2396 2393 2429 exiles

1380 2428 1489 2471 pulsus
1514 2430 1546 2460 δε
1568 2426 1690 2461 debiles
1714 2428 1929 2471 pericarclium
1952 2430 2059 2466 inveni
2084 2433 2249 2477 undique,
2276 2445 2394 2471 tamet-

1378 2472 1400 2505 si
1428 2483 1490 2506 non
1516 2470 1681 2507 aristiffime
1704 2492 1715 2509 ,
1750 2471 1841 2505 cordi
1866 2483 2023 2508 annexum
2047 2498 2057 2513 ,
2090 2478 2124 2510 in
2148 2476 2312 2522 superiore
2336 2493 2395 2515 au-

1380 2524 1446 2548 tem
1471 2514 1619 2564 Epistola
1643 2517 1656 2553 (
1679 2526 1702 2557 z
1723 2518 1740 2563 ).
1763 2517 1917 2564 Peyerurn
1941 2538 1950 2553 ‚
1985 2521 2017 2553 δε
2043 2521 2215 2557 Lowerum
2251 2535 2395 2559 comme-

1381 2568 1574 2592 moraverim
1598 2581 1610 2598 ,
1643 2560 1699 2600 qui
1732 2569 1765 2590 m
1798 2561 1840 2591 iis
1874 2570 2013 2602 quorum
2048 2564 2143 2598 cordi
2181 2567 2396 2608 pericardium

1379 2602 1444 2636 fuit
1469 2601 1644 2640 adnatum,
1667 2600 1792 2644 pulsum
1817 2600 1871 2637 hic
1898 2614 2037 2645 parvum
2064 2632 2072 2644 ,
2109 2608 2163 2641 ille
2196 2610 2328 2647 debilem
2362 2616 2396 2648 &

1376 2656 1514 2692 parvunq
1539 2644 1749 2680 adnotavere.
1775 2646 1836 2680 Sed
1861 2646 1994 2681 viciffim
2018 2650 2169 2685 oblivisci
2195 2665 2258 2686 non
2282 2653 2395 2697 decet,

1381 2690 1570 2724 Dionisrum
1594 2712 1606 2727 ,
1627 2687 1838 2724 >⁷Freindium
1863 2712 1872 2728 ,
1916 2692 2037 2733 Fayutn
2059 2718 2072 2735 ,
2111 2706 2192 2737 quos
2224 2697 2271 2731 ibi
2305 2701 2318 2738 (
2341 2711 2359 2732 a
2382 2705 2396 2740 )

1383 2734 1500 2776 pariter
1525 2731 1648 2766 laudavi
1678 2756 1686 2772 ‚
1717 2733 1750 2768 in
1774 2732 1929 2776 ejustnodi
1962 2735 2033 2770 casu
2072 2738 2199 2782 pulsum
2222 2741 2397 2776 vehemen-

1383 2788 1451 2812 tem
1487 2801 1495 2817 ‚
1540 2777 1715 2810 incitatum
1742 2802 1751 2817 ,
1791 2780 1824 2811 &
1869 2778 2079 2820 palpitationi
2105 2803 2114 2819 ‚
2160 2794 2234 2825 quae
2279 2796 2396 2827 magna

1383 2831 1449 2853 erat
1473 2843 1485 2860 ,
1540 2818 1782 2867 respondentem
1837 2821 2019 2856 memorasse
2045 2849 2053 2857 .
2111 2826 2254 2861 Videtur
2292 2831 2396 2871 igitur

1382 2863 1549 2909 quidpiam
1583 2862 1670 2896 aliud
1695 2862 1907 2905 adjiciendum
1934 2888 1946 2904 ,
1979 2875 2031 2901 aut
2055 2878 2120 2903 non
2153 2869 2397 2914 adjiciendum,

1383 2917 1419 2941 ut
1449 2909 1540 2941 causa
1585 2907 1619 2938 in
1653 2906 1788 2948 speciem
1834 2908 1943 2942 eadem
1975 2909 2075 2944 modo
2119 2913 2206 2948 huuc
2239 2938 2251 2956 ,
2297 2916 2397 2950 modo

1383 2951 1460 2998 huic
1494 2949 1679 2993 oppositum
1711 2950 1829 2996 efficiat
1853 2951 1977 2993 pulsum
2000 2978 2008 2987 .
2041 2957 2093 2988 An
2115 2968 2193 2989 vero
2215 2981 2225 2996 ,
2260 2961 2292 2992 δε
2315 2960 2396 3003 quid

1384 2994 1545 3038 adjeftum
1577 2992 1678 3026 fuerit
1712 2995 1746 3026 in
1781 2995 1879 3028 trium
1911 3007 1992 3037 quos
2027 2999 2190 3034 noviffime
2220 3001 2363 3038 diximus
2387 3030 2397 3045 ,

1384 3038 1591 3086 Doetorumu
1616 3038 1775 3072 Virorum
1819 3037 2107 3076 Observationibus
2130 3067 2143 3085 ‚
2187 3056 2225 3079 ex
2256 3047 2297 3081 iis
2341 3059 2398 3092 po-

1385 3083 1462 3114 teris
1504 3091 1662 3123 conjicere
1685 3104 1698 3121 ,
1734 3093 1803 3124 quae
1835 3083 1867 3114 in
1910 3084 2049 3126 ipsarum
2073 3088 2218 3121 examine
2251 3089 2398 3126 suntin-

1385 3126 1494 3158 dicata
1518 3150 1526 3158 .
1683 3125 1765 3158 Non
1810 3137 1890 3160 unus
1945 3140 2074 3173 quoque
2099 3131 2203 3174 ‘apud
2236 3134 2397 3170 Illustrern

1384 3170 1561 3203 Auctorem
1586 3169 1753 3203 Seuacium
1792 3169 1880 3203 locus
1904 3171 1946 3205 est
1970 3196 1981 3213 ,
2013 3185 2111 3221 quem
2143 3183 2265 3211 attente
2297 3180 2399 3220 perle-

1385 3223 1482 3258 gens,
1507 3212 1620 3261 melius
1645 3211 1735 3254 poffis
1758 3212 1796 3247 de
1813 3212 1909 3248 causis
1933 3218 2253 3259 oppositoruminter
2277 3222 2305 3255 se
2329 3222 2400 3264 pul·

1385 3260 1476 3289 suum
1500 3254 1678 3305 existimare
1701 3278 1711 3294 ‚
1745 3267 1781 3290 ut
1805 3257 1859 3290 ubi
1885 3262 1898 3297 (
1921 3259 1940 3292 b
1962 3264 1976 3300 )
2000 3261 2033 3293 in
2068 3262 2281 3304 palpitatione
2313 3264 2400 3298 indi-

1384 3309 1460 3339 cat,
1483 3309 1539 3341 qui
1565 3298 1631 3331 herl
1658 3299 1748 3345 posfit
1769 3323 1781 3339 ,
1818 3312 1851 3334 ut
1876 3314 1948 3336 cum
1983 3304 2223 3340 vehementibus
2259 3308 2399 3351 magnis-

1386 3355 1448 3386 que
1492 3341 1597 3391 cordis
1636 3343 1872 3389 pulsationibus
1917 3346 2031 3388 saepius
2064 3348 2196 3391 quidem
2241 3352 2399 3394 pulsatio-

1392 3397 1445 3419 nes
1470 3395 1660 3418 arterlarum
1690 3398 1863 3430 jungantur
1887 3390 1984 3424 exiles
2003 3414 2016 3430 ,
2050 3403 2106 3424 nec
2139 3391 2287 3433 validae5
2319 3405 2400 3429 non-

1392 3440 1557 3473 nunquam
1579 3438 1685 3463 tamen
1709 3433 1742 3464 δε
1763 3432 1877 3467 validae
1892 3457 1902 3475 ,
1924 3435 1958 3467 δε
1979 3445 2102 3478 magnae
2121 3449 2130 3468 .·
2153 3438 2208 3470 a'ut
2232 3437 2287 3470 ubi
2312 3441 2400 3480 (c),

2250 3478 2358 3515 absen-

394 3655 437 3686 (k
455 3655 462 3683 l
483 3656 546 3680 nra.
565 3665 590 3680 n.
609 3665 645 3687 53.
709 3654 829 3684 (1311.
848 3653 965 3687 Animae.
983 3661 1043 3687 44„
1086 3653 1100 3681 (
1116 3660 1138 3675 m
1155 3652 1169 3680 )
1186 3659 1212 3676 n.
1231 3658 1252 3680 3.
1272 3660 1292 3679 4
1311 3660 1333 3680 7·
1394 3649 1464 3686 sn)
1481 3651 1538 3677 vra.
1558 3651 1644 3681 supra,
1660 3660 1686 3677 n.
1702 3661 1725 3681 7.
1788 3652 1826 3679 (ο
1844 3655 1853 3684 l
1870 3655 1971 3680 eonstit.
1989 3655 2032 3681 cit.
2050 3663 2074 3680 n.
2091 3664 2127 3687 33.

395 3687 404 3716 (
422 3695 437 3718 ρ
457 3687 469 3714 )
487 3687 598 3711 Animad.
616 3686 734 3710 indicata.
797 3684 804 3713 s
826 3693 840 3714 q
857 3685 869 3711 )
887 3684 941 3708 vid.
958 3686 980 3707 ἅ
997 3685 1109 3708 Animad.
1128 3690 1219 3716 4²2⁴}
1285 3683 1298 3710 (
1313 3691 1323 3705 r
1340 3683 1352 3710 )
1368 3682 1429 3707 Hist.
1448 3683 1476 3706 de
1494 3683 1591 3707 l'Acad.
1610 3685 1638 3707 R.
1655 3683 1696 3708 des
1711 3685 1747 3708 Sc.
1768 3687 1794 3709 Α.
1814 3686 1880 3714 1748.

397 3718 465 3748 (s)
482 3717 554 3746 Epist.
574 3725 609 3741 11.
626 3725 649 3740 n.
668 3725 704 3747 ¹3·
721 3716 744 3740 ἃ
759 3715 832 3745 Epist.
851 3722 886 3738 21.
904 3722 928 3738 n.
946 3721 977 3742 49
1051 3715 1064 3742 (
1080 3714 1119 3746 ².)
1137 3713 1208 3741 Epist.
1230 3720 1260 3740 30
1286 3721 1309 3735 n.
1330 3721 1364 3742 ις.
1427 3714 1473 3742 <u
1490 3714 1498 3743 )
1515 3722 1537 3737 n.
1554 3722 1578 3743 7.
1642 3717 1652 3737 ζ
1669 3722 1684 3737 x
1701 3715 1713 3742 )
1730 3716 1783 3738 XV.
1803 3723 1826 3738 n.
1843 3716 1865 3738 8.
1929 3716 1973 3744 (y
1991 3716 2000 3746 )
2019 3716 2094 3746 Epist.
2113 3726 2149 3747 35.
2168 3727 2188 3742 n.
2212 3727 2244 3744 η,

397 3749 411 3774 C
426 3757 443 3778 ζ
459 3748 472 3776 >
489 3755 513 3771 n.
535 3755 568 3776 17.
586 3749 607 3771 δι
625 3749 660 3771 18.
722 3747 764 3775 (a
784 3757 791 3776 J
809 3754 832 3769 n.
852 3747 888 3770 18.
951 3747 964 3774 (
982 3743 995 3767 [7
1011 3745 1025 3772 >
1041 3745 1124 3768 'stane
1140 3745 1170 3768 du
1188 3745 1268 3767 Coeur
1284 3744 1300 3766 l.
1318 3750 1329 3765 a
1358 3743 1395 3768 ch.
1416 3751 1448 3768 11r
1467 3752 1489 3767 n¹
1508 3752 1530 3773 9.
1595 3743 1602 3772 ζ
1622 3745 1661 3773 c)
1679 3746 1695 3768 l.
1715 3753 1734 3774 3.
1752 3753 1787 3769 cn.
1807 3748 1830 3770 8.
1846 3753 1869 3770 n.
1886 3754 1906 3775 9.
1992 3752 1994 3754 ’
