2498 4075
544 262 696 327 Epist.
732 265 892 316 Anat.
926 264 1141 318 Medica
1177 260 1337 315 XIX.
1375 263 1492 315 Art.
1515 279 1595 330 24.

88 349 112 386 ,;
133 355 314 389 quanquam
332 345 448 381 Ruffus
461 344 615 387 Ephefius
628 368 637 382 ,
661 345 719 389 qui
731 346 915 388 anteipsum
932 346 1018 379 vixit
1030 372 1036 383 ,
1048 345 1087 379 de

86 413 110 430 ‚‚
132 386 243 422 iisdem
256 388 318 431 jam
330 389 444 423 fecerat
467 389 660 422 mentionem
673 412 680 420 .
696 412 714 426 „
731 389 857 422 Scilicet
870 390 1014 422 Clericus
1026 400 1088 421 non

86 431 226 465 attendit
242 456 255 472 ,
277 445 348 467 cum
373 434 539 475 propiores
562 444 659 474 quam
683 433 918 474 Recurrentes,
940 434 1006 465 illis
1039 443 1089 464 ar-

85 476 175 508 teriis
198 478 304 509 trunci
329 475 411 512 sint,
436 476 517 509 unde
541 473 575 507 hi
600 476 713 508 ramuli
740 476 875 509 inferius
907 477 1056 509 oriuntur
1074 498 1087 515 ,

85 528 254 564 nervorum
279 521 470 562 Vagorum7·
505 530 557 550 eos
592 528 724 552 truncos
760 518 895 552 Ruffum
926 519 1086 562 designare

82 561 234 599 volume,
259 574 337 605 quos
358 572 440 596 certe
463 559 548 595 haud
571 562 653 595 dicit
678 562 732 596 suo
756 562 871 596 saeculo
894 562 951 596 effe
985 572 1086 605 reper-

82 614 157 642 tos;
183 605 231 639 sed
254 617 365 639 eorum
386 603 499 644 (fimul
523 610 596 639 cum
620 606 742 638 arteriis
766 604 862 639 facile
873 607 1084 644 vin&orum)

80 648 306 690 compreffione
328 648 362 682 id
386 647 528 681 accidere
550 649 637 691 quod
660 647 696 682 ad
719 650 852 683 arterias
875 659 967 681 antea
1003 647 1085 681 refe-

80 691 231 732 rebatur,
255 692 289 725 id
313 703 386 724 vero
409 690 466 724 suo
490 691 606 726 saeculo
630 702 829 734 compertum
853 692 937 725 dicit
964 716 969 723 .
1006 693 1081 724 Huc

80 744 185 770 autem
210 735 347 777 spectant
371 746 444 769 cum
468 736 548 774 alii,
572 744 641 770 tum
663 733 699 768 hi
722 737 877 777 praecipue
902 735 1083 769 Galenilo-

79 781 131 817 ci,
155 790 234 822 quos
259 779 357 811 miror
367 779 530 812 Clericum
545 777 790 820 praeterfugisse.
817 780 951 818 Vocare,
975 779 1083 820 inquit

79 826 93 862 (
114 834 135 866 q
156 826 188 863 )‚
211 821 334 856 vocales
357 832 467 857 nervos
489 821 632 864 consuevi
653 832 724 862 eos,
751 833 826 864 quos
849 821 910 863 ipse
941 822 1045 855 inveni
1070 834 1078 854 .-

78 876 151 900 nam
169 872 372 908 praeceptores
396 865 457 899 mei
480 876 530 898 eos
552 867 718 899 dumtaxat
750 865 804 907 qui
834 865 914 906 apud
947 864 1081 897 arterias

73 909 151 952 sunt
164 931 176 948 ,
197 907 414 950 cognoscebant
428 932 526 943 .....
549 913 605 941 At
628 919 664 941 ue
686 909 767 941 idem
789 907 828 947 esl
850 909 957 941 modus
978 930 990 947 ,
1023 919 1081 948 quo

76 951 220 995 gutturis
242 951 377 993 musculi
397 951 549 984 laedantar
562 975 573 991 ,
592 920 660 993 sique
681 957 872 984 recurrentes
895 952 1002 989 nervi,
1017 950 1085 991 sive

78 995 113 1028 hi
134 994 188 1036 qui
195 994 292 1036 juxta
303 996 436 1028 arterias
443 994 521 1036 sunt
535 1019 544 1032 ‚
566 995 742 1033 vitientur,
764 994 938 1033 nimirum,
962 1002 996 1026 ut
1008 1004 1085 1034 pau·

78 1039 114 1071 lo
136 1046 208 1070 ante
231 1036 343 1078 dixit,
365 1037 416 1070 vel
437 1037 523 1080 incisi
538 1058 548 1074 ,
570 1040 621 1070 vel
644 1036 752 1079 laqueo
774 1037 956 1078 intercepti.
983 1038 1085 1069 Item-

78 1093 139 1125 que
163 1081 241 1114 alibi
272 1084 286 1120 ζ
308 1081 358 1123 r)
382 1092 457 1113 cum
480 1077 674 1113 memorasset
698 1090 809 1112 nervos
820 1103 833 1119 ,
856 1080 910 1121 qui
932 1079 1082 1113 carotidi-

82 1126 142 1159 bus
166 1125 295 1158 arteriis
319 1124 433 1157 annexi
449 1147 460 1163 ,
484 1132 577 1166 atque
599 1123 739 1166 associati
753 1122 856 1164 sunt,
880 1134 919 1155 ex
951 1134 1081 1156 eorum-

82 1181 143 1211 que
166 1178 360 1206 nervorum,·
380 1178 449 1205 non
468 1179 507 1199 ex
531 1167 739 1204 arteriarum5
762 1165 990 1198 constrifflone
1012 1178 1080 1199 mu-

82 1221 150 1245 tum
167 1210 280 1250 statim
301 1208 377 1254 effici
400 1210 541 1249 animal,
565 1210 791 1252 experimentis
814 1207 931 1247 fretus,
969 1209 1078 1243 admo-

75 1253 188 1288 nuiffet
203 1277 211 1292 ,
238 1252 375 1296 denique
398 1252 466 1286 haec
491 1252 634 1296 scripsit:
659 1251 805 1295 Plerique
827 1264 902 1287 vero
924 1253 1078 1286 &Medi-

74 1299 105 1331 ci
127 1300 169 1332 &¹
193 1296 377 1340 ‘Philosophi
400 1306 460 1330 una
484 1308 552 1330 cum
575 1296 702 1330 arteriis
723 1306 834 1329 nervos
857 1298 954 1330 etiam
965 1297 1078 1329 vincu-

78 1342 121 1375 tis
144 1340 274 1380 conflrin
298 1339 412 1378 ebant,
435 1348 527 1382 atque
550 1340 620 1373 inde
641 1350 711 1371 cum
734 1349 839 1372 vocem
862 1340 948 1373 illico
979 1341 1078 1372 conci-

59 1386 143 1419 ·dere
166 1383 299 1417 animai
320 1383 485 1423 viderent,
509 1383 636 1416 arteriis
658 1380 867 1423 ascribendam
891 1392 1003 1415 noxam
1036 1382 1078 1416 il-

73 1428 138 1461 lam
161 1425 363 1468 censuerunt.-
381 1424 581 1468 soporemque
604 1424 805 1467 appellarunt
823 1446 833 1463 ,
869 1436 927 1458 non
961 1425 1040 1458 reete
1063 1450 1076 1467 ‚

72 1470 130 1513 nifi
150 1469 253 1503 velini
267 1467 399 1512 fortaffe
423 1468 694 1509 obmutescentiam
710 1467 853 1509 soporem
885 1469 1042 1502 nominare
1067 1482 1077 1507 3

71 1525 147 1547 nam
172 1512 397 1555 praeter³vocis
422 1511 600 1544 editionem
622 1510 709 1544 nulla
732 1509 796 1543 alia
820 1509 950 1554 funffio
983 1522 1077 1553 neque

72 1565 147 1590 tune
171 1555 257 1589 illico
271 1579 281 1595 ,
306 1565 402 1597 neque
421 1556 485 1596 post
506 1554 667 1597 aliquanto
690 1563 803 1587 noxam
835 1554 974 1596 aliquam
1006 1566 1077 1588 con-

72 1599 177 1633 trahit
188 1621 201 1638 ,
224 1607 258 1631 ut
282 1596 375 1640 supra
397 1597 544 1635 dixerat,
563 1597 592 1639 si
615 1597 707 1629 nervi
729 1597 783 1637 qui
804 1598 932 1630 arteriis
964 1600 1078 1631 annexi

64 1643 164 1685 sunt,
187 1642 286 1674 etiam
306 1640 531 1682 praesecentur.
556 1639 615 1673 Sed
638 1647 675 1672 tu
697 1639 815 1671 interea
839 1652 899 1683 qua
923 1642 956 1673 in
980 1652 1012 1674 re
1034 1641 1084 1675 di-

70 1687 188 1727 screpet
213 1684 252 1717 ab
275 1682 398 1722 Ruffo,
422 1685 454 1716 δε
476 1682 518 1716 ab
541 1684 582 1716 iis
604 1684 661 1726 qui
686 1681 781 1725 hujus
805 1682 918 1717 saeculo
932 1685 1081 1719 vivebant

67 1729 208 1763 Medicis
231 1738 265 1759 ac
289 1725 518 1768 philosophis,
542 1725 692 1769 praeclare
717 1726 805 1760 vides
827 1751 835 1760 .
860 1726 962 1762 Vides
994 1730 1082 1771 pari-

68 1780 137 1812 ter,
159 1779 314 1814 quatenus
337 1771 532 1809 conveniat,
556 1779 612 1803 aut
636 1780 701 1802 non
725 1772 894 1804 conveniat
929 1783 1003 1805 cum
1040 1774 1081 1806 iis

70 1817 128 1859 qui
152 1812 256 1857 postea
281 1814 342 1847 hoc
366 1812 452 1846 idem
464 1814 721 1855 experimentum
734 1814 890 1847 iterarunt
905 1838 917 1854 ,
941 1826 1081 1858 quorum

68 1858 227 1900 quidem,
250 1861 282 1890 &
305 1855 468 1890 Valsalvae
494 1856 669 1898 praesertim
687 1879 702 1897 ‚
735 1856 974 1891 observationes
1007 1870 1080 1894 cum

67 1902 134 1936 fuse
159 1902 235 1934 alias
257 1899 339 1942 (s)
365 1900 625 1942 proposuerimus
648 1899 709 1932 five
731 1901 817 1942 quod
843 1901 882 1934 ad
907 1913 1018 1936 nervos
1031 1913 1081 1937 at-

67 1947 153 1979 tinet
175 1942 390 1979 Carotidibus
414 1945 562 1985 proxime
587 1942 705 1990 adsitos
727 1943 790 1977 fine
803 1942 1079 1987 hisligatos.,aut

67 1989 195 2028 festos,
217 1986 278 2021 five
300 1986 392 2029 quod
416 1986 453 2020 ad
479 1986 606 2020 eosdem
629 1986 721 2020 simul
760 1999 836 2021 cum
873 1987 923 2022 his
956 1993 1079 2025 arteriis

66 2032 256 2066 constristos
279 2033 292 2069 (
316 2039 329 2064 t
350 2034 385 2070 );
410 2041 474 2063 non
508 2030 550 2064 est
585 2030 654 2063 sane
690 2041 746 2064 cur
779 2030 834 2065 hic
868 2042 1044 2074 repetamus
1070 2062 1078 2069 .

64 2076 138 2110 Nec
162 2076 237 2117 quia
261 2073 331 2117 post
353 2074 424 2107 illas
446 2073 546 2107 editas
569 2073 833 2115 observationes,
859 2077 912 2109 Cl.
928 2077 1078 2111 Abraha-

67 2131 125 2153 mo
149 2118 249 2152 Enfio
271 2120 285 2157 (
310 2128 329 2150 u
352 2121 365 2157 )
388 2116 534 2158 accidit,
557 2127 592 2152 ut
615 2119 649 2151 in
672 2116 797 2156 iuniore
821 2120 953 2161 catulo,
977 2121 1020 2152 iis
1039 2123 1079 2154 li-

67 2163 154 2206 gatis
178 2162 304 2198 nervis,
323 2161 427 2202 perire
450 2169 602 2196 momento
618 2160 741 2202 flensum
752 2185 765 2201 ,
788 2163 908 2196 videret
920 2175 931 2201 5
956 2163 1082 2198 idcirco

67 2206 245 2249 plurimum
271 2204 380 2237 mirari
402 2212 559 2245 oportet,
582 2203 709 2246 quando
744 2207 777 2236 ec
811 2206 883 2238 aliis
915 2205 1079 2241 interdurn

68 2249 238 2290 contigit3
261 2257 457 2289 quaecunque
480 2245 545 2287 ejus
568 2248 611 2279 rei
635 2246 726 2280 causa
752 2246 873 2288 fuerit5
897 2259 932 2281 ut
966 2250 1079 2291 idem,

65 2296 136 2325 imo
158 2288 431 2334 quemadmodum
455 2289 503 2321 ibi
530 2290 587 2332 (x
609 2292 623 2328 )
647 2290 836 2328 retulimus,
863 2292 958 2325 illico
990 2305 1077 2327 mor-

65 2344 135 2368 tem
148 2333 232 2367 ,inde
246 2334 387 2367 secutam
400 2331 618 2373 conspicerent
634 2346 641 2365 :
669 2332 719 2366 sed
730 2335 818 2376 quod
831 2336 925 2378 longe
939 2336 1052 2379 saepius
1064 2360 1076 2376 5

67 2388 165 2421 atque
188 2377 267 2411 adeo
289 2375 352 2410 fere
376 2374 496 2417 semper
519 2376 723 2410 observatum
747 2376 807 2416 iit,
832 2378 866 2411 id
889 2389 963 2411 vero
986 2379 1075 2413 decet

67 2418 266 2456 meminisse.
291 2419 384 2459 Qn
406 2419 504 2451 etiam
527 2430 599 2453 cum
616 2421 673 2464 Jo.
699 2420 998 2456 Henr.Brunnerus
1010 2426 1076 2465 (y)

66 2464 186 2498 Illustri
211 2465 286 2497 Avo
308 2461 445 2503 dignm,
469 2461 537 2494 haec
560 2473 623 2494 non
647 2464 692 2495 ita
717 2462 839 2502 pridem
863 2467 1077 2507 experimenta

65 2510 100 2541 in
123 2518 217 2545 cane,
243 2509 274 2538 δε
299 2505 458 2538 cuniculis
482 2514 657 2547 repeteret;
679 2505 762 2539 nihil
797 2520 936 2552 unquam
970 2511 1074 2543 illius-

64 2550 182 2590 modi,
206 2548 257 2583 sed
281 2550 342 2581 alia
367 2550 476 2589 potius
499 2547 750 2582 animadvertit:
776 2563 845 2593 quae
871 2563 944 2586 cum
969 2554 1073 2596 plero-

62 2605 214 2635 rumque.
238 2594 271 2625 δε
294 2591 489 2625 nominatim
513 2592 670 2625 Valsalvae
693 2593 970 2630 observationibus
993 2608 1071 2630 con-

64 2638 146 2672 feras
170 2637 288 2673 velim,
315 2638 347 2668 &
370 2645 444 2668 cum
468 2636 508 2668 iis
533 2647 605 2678 qua:
630 2636 668 2668 ad
704 2636 760 2670 has
792 2638 942 2672 adnotavi
966 2663 975 2677 ‚
1008 2640 1070 2673 five

65 2693 141 2715 cum
163 2679 291 2713 vincula
315 2678 432 2721 quibus
455 2681 539 2712 nervi
562 2679 845 2722 constringuntur,
869 2693 934 2715 non
959 2685 1068 2717 omnia

64 2725 152 2759 idem
174 2723 318 2762 efficere,
342 2721 522 2763 admonui,
544 2721 605 2755 five
628 2734 700 2756 cum
724 2725 847 2761 diutius
871 2725 982 2760 vixisse
1006 2729 1073 2760 ani-

64 2769 129 2803 mal
151 2767 204 2800 cui
229 2766 317 2798 nervi
340 2764 476 2807 disciffi‚
500 2777 598 2810 quam
629 2768 682 2800 cui
706 2767 808 2802 vinffi
829 2768 954 2803 fuerant
969 2795 979 2811 ‚
1004 2772 1074 2804 ani-

66 2810 243 2846 madverti.
269 2808 353 2841 Illud
377 2820 503 2852 quoque
524 2810 834 2853 demonstraveram,
857 2812 928 2846 falli
963 2814 1071 2856 paffim

65 2857 144 2900 qui,
169 2861 205 2886 ut
231 2853 265 2884 in
288 2851 442 2893 homine,
465 2853 506 2886 fic
530 2855 563 2886 in
587 2853 690 2887 brutis
713 2867 841 2899 quoque
855 2858 1070 2891 animantibus

65 2906 182 2943 putant
205 2897 316 2937 vagos
339 2907 447 2929 nervos
472 2898 509 2929 ab
534 2898 792 2932 Intercostalibus
826 2898 983 2942 sejunctos
1016 2913 1071 2945 per

65 2942 188 2977 collum
212 2938 417 2985 descendere,
440 2949 475 2973 ut
500 2941 551 2974 illi
576 2940 637 2973 fine
660 2942 712 2975 his
735 2944 852 2975 vinciri
865 2943 977 2985 possint
996 2955 1069 2983 ‚aut

66 2984 192 3020 scindi:
217 2993 307 3024 cujus
332 2984 450 3015 moniti
474 2995 538 3017 non
564 2983 678 3025 valde,
703 2984 725 3017 fi
748 2998 859 3021 verum
891 2987 1067 3022 dicendum

66 3029 133 3069 est,
155 3026 307 3060 videntur
329 3024 418 3059 fuisse
443 3038 595 3061 memores
620 3029 761 3072 plerique
772 3042 883 3064 eorum
896 3032 951 3073 qui
966 3032 1070 3074 postea

65 3072 163 3123 hujus
186 3070 307 3113 generis
329 3069 561 3112 experimenta,
585 3071 883 3116 disquisitionesque
910 3082 964 3107 aut
974 3087 1070 3117 expo.

67 3117 198 3150 suerunt
210 3138 222 3154 ‚
247 3122 301 3146 aut
319 3124 609 3148 commemorarunt
623 3140 630 3147 .
656 3118 777 3150 Verum
800 3117 867 3151 haec
881 3118 1046 3153 mittamus
1058 3145 1067 3153 .

68 3161 151 3194 Satis
174 3159 259 3191 enim
285 3158 318 3188 in
343 3156 505 3201 prgesentia
529 3158 590 3198 est,
612 3157 635 3191 fi
660 3160 821 3202 propofiti
854 3172 919 3194 non
953 3162 1068 3196 imme-

66 3212 196 3241 mores,
217 3211 287 3243 quae
310 3199 346 3232 ad
372 3200 545 3242 {anguifera
566 3204 728 3245 pertinent
750 3205 819 3237 vasa
843 3205 876 3237 in
898 3204 1005 3244 collo,
1031 3206 1069 3238 fi-

67 3259 104 3280 ne
128 3246 202 3279 ullis
225 3244 350 3281 nervis,
374 3242 539 3285 adstricta,
562 3247 703 3282 Galerii,
727 3246 927 3291 aliorumque
951 3250 1074 3289 experi-

67 3297 170 3324 menta
195 3287 387 3329 spestemus.
413 3287 530 3320 Galeni
554 3298 658 3322 autem
682 3290 772 3331 dixi5
797 3302 831 3326 ut
856 3292 966 3326 solitus
982 3293 1073 3333 sum,

67 3335 145 3377 quia
170 3331 191 3365 si
217 3332 250 3364 ui
276 3329 386 3371 forte,
409 3331 624 3365 animadverso
647 3333 711 3374 jam
735 3346 839 3368 errore
859 3358 868 3372 ,
892 3335 963 3368 vasa
998 3345 1070 3369 ante

66 3377 172 3420 ipsum
194 3343 257 3408 line
279 3374 353 3407 ullis
378 3376 483 3407 nervis
505 3373 764 3418 obstrinxerunt,
797 3390 907 3413 eorum
941 3379 979 3413 ad
1012 3390 1070 3413 nos

68 3421 201 3455 minime
227 3426 435 3459 pervenerunt
458 3417 693 3453 observationes
711 3447 718 3453 .

110 3475 160 3505 24.
188 3463 294 3504 Igitur
316 3461 458 3494 Galenus
482 3462 536 3494 ubi
558 3461 595 3495 de
619 3466 722 3498 nervis
755 3465 788 3499 id
827 3464 950 3507 scripsit
985 3466 1069 3508 quod

68 3507 165 3549 paulo
188 3514 259 3538 ante
284 3505 474 3544 retulimus,
498 3504 544 3537 ibi
570 3509 580 3545 (
604 3518 629 3550 z
652 3511 662 3546 )
688 3511 807 3549 pariter
841 3509 955 3543 docuit
988 3511 1067 3552 quid

66 3548 275 3583 observaverit
299 3547 436 3581 seorsum
458 3549 575 3582 vinetis
598 3552 744 3592 arteriis,
779 3562 832 3587 aut
866 3554 953 3586 venis
985 3554 1069 3586 inter

67 3604 146 3634 cor,
171 3596 203 3626 &
224 3591 385 3625 cerebrum
409 3590 538 3631 duffis,
562 3593 596 3625 id
618 3593 659 3627 est
682 3596 916 3634 Carotidibus‚
951 3598 983 3629 δε
1014 3599 1067 3629 In-

152 3636 319 3677 Morgagni
329 3636 364 3669 de
374 3636 441 3668 Sed.
458 3636 596 3678 &faust
611 3637 712 3670 Morb.
728 3641 827 3673 Tom.
844 3642 870 3673 I.

124 3730 140 3759 (
155 3737 169 3759 q
184 3730 200 3759 )
215 3732 251 3764 De
267 3730 314 3753 loc.
330 3729 369 3753 aff.
385 3731 403 3753 1.
422 3736 441 3753 ι.
459 3734 480 3752 c.
497 3732 519 3753 6.
583 3728 592 3756 (
609 3737 620 3753 r
637 3729 645 3758 )
662 3731 697 3754 De
714 3731 828 3761 Hippou.
848 3733 871 3756 ἃ
887 3733 950 3757 ΡΙιῑ.
965 3735 1036 3757 Decr-
1054 3733 1073 3757 1.
1089 3741 1112 3756 2.
1130 3739 1151 3756 e.
1167 3736 1191 3757 6.

124 3761 139 3789 (
154 3766 164 3784 t
182 3760 189 3788 )
206 3760 271 3785 Ibid.
288 3767 312 3783 n.
330 3767 367 3790 30.
385 3759 408 3783 δι
426 3766 462 3789 31.
526 3758 535 3789 (
553 3767 569 3783 u
584 3764 594 3786 )
610 3760 669 3794 Diis.
684 3760 714 3785 de
730 3764 813 3787 Cauffa
831 3763 964 3788 vicescord.
974 3764 1048 3787 altera
1056 3762 1153 3792 produc.
1164 3772 1213 3793 n.4.

126 3795 139 3819 ἱ
153 3791 196 3819 z)
210 3798 231 3814 c.
249 3795 271 3815 6.
289 3790 306 3813 l.
325 3798 346 3814 2.
364 3790 446 3818 supra,
465 3790 494 3813 ad
512 3797 533 3813 n.
552 3796 589 3819 23.
606 3796 647 3814 cit.
709 3793 724 3821 (
739 3800 755 3816 a
770 3793 783 3821 )
798 3796 834 3818 De
850 3794 926 3818 utilit.
943 3793 1012 3823 Resp.
1029 3802 1049 3817 c.
1069 3802 1088 3824 ς.

128 3821 194 3849 (ά)
211 3821 289 3849 quaest-
308 3829 344 3850 35·
358 3822 400 3845 cit·
420 3819 488 3848 surra
500 3836 509 3849 ‚
525 3820 553 3844 ad
570 3829 592 3844 n·
610 3828 646 3846 21·
708 3824 722 3852 c
736 3831 748 3846 e
762 3823 777 3852 ³
793 3832 832 3853 qu.
851 3826 903 3848 108.
920 3824 978 3848 ibid.
994 3824 1035 3848 cit.

127 3851 135 3879 (
152 3858 170 3880 g
186 3850 200 3878 )
215 3853 332 3875 Tantam.
349 3851 377 3875 de
396 3850 476 3875 Morb.
494 3853 554 3880 Cap.
572 3860 595 3875 n.
614 3860 649 3880 30-
713 3856 725 3878 (
741 3854 781 3880 h)
801 3860 853 3878 not.
875 3863 890 3878 a
905 3855 933 3879 ad
952 3863 976 3878 n.
996 3863 1030 3883 33.

133 3882 147 3910 (
163 3881 173 3903 ί
189 3882 249 3909 )De
264 3882 351 3907 diffefi.
370 3888 431 3912 pan.
449 3885 512 3911 corp·
530 3882 599 3907 hum.
617 3885 635 3910 l.
654 3892 675 3909 ι.
692 3891 712 3908 c-
729 3886 768 3909 88.
829 3886 844 3914 (
860 3893 882 3909 m
897 3890 907 3913 )
924 3886 997 3915 Epist.
1016 3889 1087 3910 Anat.
1109 3893 1144 3914 13.
1162 3894 1186 3910 n¹
1206 3895 1244 3917 30.

1985 283 2074 330 Η79

1140 345 1238 378 ternis
1267 342 1497 388 Jugularibus.
1530 346 1576 378 Et
1609 343 1733 375 arteriis
1764 343 1893 385 quidem
1925 344 2105 377 constrietis
2125 365 2135 380 ‚

1139 385 1257 421 animal
1279 396 1372 427 neque
1394 395 1539 427 mutum,
1563 397 1657 428 neque
1673 386 1809 427 sopitum
1833 389 1958 421 evadere
1972 400 1981 418 :
2006 389 2038 421 id
2060 387 2138 428 quod

1134 431 1298 474 plerique,
1322 429 1376 470 qui
1392 430 1457 469 post
1482 432 1705 472 Hippocratem
1716 427 1885 472 diffecho'ne
1895 430 1975 464 male
1986 430 2134 472 illisum,

1138 472 1289 508 memoriae
1307 473 1526 513 prodiderunt:
1554 474 1653 506 Venis
1670 472 1981 513 autemconstric‘tis)
1998 471 2138 515 smuf‘t'io-

1138 527 1206 549 nem
1229 514 1389 548 evidenter
1411 516 1540 550 interire
1568 515 1692 552 ,nullam
1706 528 1716 546 .-
1739 516 1968 558 concluditque
1992 518 2038 549 ita
2050 540 2062 556 ,
2101 525 2137 548 ut

1136 559 1245 597 dicat,
1267 557 1386 590 animal
1405 568 1459 591 nec
1482 560 1588 592 nervis
1598 559 1844 600 qaiastmjkffis,
1868 560 1976 592 nedum
1988 560 2115 592 arteriis
2129 583 2138 598 ,

1136 602 1249 642 (omni
1274 611 1380 633 tamen
1405 600 1573 642 prohibito
1600 602 1761 643 sanguinis
1784 601 1965 643 profluvio)
1993 602 2137 643 sopitum

1140 644 1216 690 cffici
1229 659 1238 677 :
1259 643 1314 685 sed
1330 643 1359 685 fi
1382 645 1473 677 nervi
1494 644 1666 681 laedantur,
1692 643 1917 686 obmutescere:
1938 645 1966 687 si
1991 646 2111 678 arteria
2125 668 2136 684 ‚

1139 697 1328 730 nequaquam
1351 687 1383 719 id
1399 687 1494 730 fieri:
1512 687 1540 729 fi
1563 698 1644 721 venae
1656 711 1668 727 ‚
1691 687 1790 721 multo
1811 689 1905 721 etiarn
1929 688 2049 720 minus.

1139 731 1241 764 Porro
1262 730 1477 772 obligatarum
1499 730 1692 764 Carotidum
1721 729 1799 772 sape
1831 731 2072 772 experimentum
2111 729 2139 763 se

1133 772 1262 817 feciſje,
1287 774 1364 806 alibi
1386 776 1400 813 (
1422 785 1440 806 a
1462 778 1475 814 )
1497 774 1690 813 confirmat,
1714 773 1851 815 nihilque
1871 771 1989 816 passum
2020 772 2139 807 animal

1135 828 1229 859 neque
1247 816 1377 856 statim,
1403 827 1499 859 neque
1517 816 1642 859 postea,
1666 819 1744 860 quin
1771 816 1799 848 se
1823 816 1987 858 aliquando
2011 816 2070 849 hoc
2080 816 2139 849 ob-

1133 858 1258 893 servasse
1282 867 1384 894 totum
1407 861 1511 900 diem,
1536 863 1568 893 &
1591 862 1630 893 ad
1647 858 1835 903 profundam
1854 861 1922 901 jam
1944 859 2061 893 nouem
2074 872 2139 894 ma-

1137 903 1263 947 c‘t‘aviffe
1277 928 1286 942 ‚
1310 911 1348 936 ut
1370 903 1426 945 qui
1441 911 1593 945 putaret,
1627 912 1692 936 tam
1727 903 1884 936 diutinam
1916 904 2139 944 experientiam

1135 957 1193 979 non
1216 945 1352 988 amplius
1368 945 1494 988 fidelem
1517 959 1552 978 ac
1575 954 1679 979 tutam
1708 944 1781 989 effe:
1803 945 1881 989 ροβε
1904 947 1984 979 enirn
2009 947 2140 980 intanto

1135 989 1283 1030 temporis
1299 989 1405 1031 spatio
1419 1012 1426 1025 ‚
1451 1000 1509 1031 quo
1530 989 1635 1031 laquei
1658 991 1783 1023 arteriis
1793 990 1983 1022 circumnexi
1984 987 2141 1031 fuerant,

1135 1032 1261 1074 aliquod
1284 1042 1321 1065 ex
1340 1031 1571 1073 principalibus
1595 1032 1743 1066 membris
1764 1043 1819 1074 per
1844 1031 2018 1073 consensum
2031 1031 2137 1074 lasum

1134 1073 1209 1118 effe.
1339 1075 1487 1117 Denique
1512 1075 1576 1107 alio
1599 1075 1672 1107 loco
1695 1079 1709 1115 (
1731 1075 1749 1109 b
1773 1079 1783 1114 )
1808 1074 1972 1117 postquam
1994 1074 2141 1109 assevera-

1133 1121 1203 1156 vit,
1227 1117 1270 1151 fic
1287 1126 1344 1159 per
1370 1119 1527 1158 integrum
1551 1118 1612 1151 diei
1629 1118 1794 1159 spatium,
1817 1125 1854 1151 ut
1880 1119 1960 1160 saepe
1991 1126 2141 1160 expertus

1123 1159 1262 1204 fuerat,
1286 1161 1404 1193 animal
1420 1160 1486 1203 fine
1510 1170 1590 1193 noxa
1607 1162 1777 1201 perdurare
1793 1186 1805 1201 ,
1828 1160 1891 1193 hoc
1915 1172 2012 1194 unum
2050 1161 2140 1194 addi-

1128 1205 1200 1243 dit,
1222 1215 1297 1239 cum
1322 1204 1406 1237 idem
1429 1215 1553 1236 currere
1576 1204 1724 1246 coegisset
1738 1225 1747 1240 ‚
1774 1206 1825 1238 diu
1846 1202 1938 1245 probe
1950 1215 2069 1238 currere
2092 1205 2143 1237 vi-

1129 1248 1201 1292 diJJe
1216 1273 1225 1287 ‚
1248 1248 1317 1281 dein
1340 1247 1539 1290 languidius,
1564 1247 1663 1288 putea
1687 1258 1809 1281 currere
1832 1247 2048 1291 nonpotuiffi:
2066 1258 2142 1289 por-

1128 1302 1165 1324 ro
1187 1302 1261 1325 cum
1283 1290 1390 1324 rursus
1412 1289 1564 1333 coegisset
1578 1316 1585 1330 ,
1608 1301 1662 1324 nec
1685 1290 1791 1332 rursus
1822 1291 1979 1323 diutinum
2015 1290 2138 1332 curfizm

1128 1333 1335 1379 continuaffi’,
1353 1334 1409 1377 sed
1433 1345 1502 1368 euin
1518 1333 1630 1373 statim
1655 1332 1814 1378 remistffe.
1843 1334 1952 1376 Atque
1977 1333 2143 1367 haecsum-

1129 1390 1182 1411 ma
1204 1377 1246 1411 est
1269 1388 1382 1411 eorum
1405 1389 1475 1420 quae
1500 1378 1665 1417 Galenus,
1690 1378 1798 1420 ligatis
1822 1376 2058 1417 Carotidibus‚
2084 1378 2143 1410 ob-

1131 1420 1258 1455 servasse
1283 1421 1335 1461 se,
1358 1421 1465 1461 dicit,
1488 1422 1595 1454 tribus
1615 1431 1633 1453 a
1658 1432 1707 1453 me
1731 1433 1802 1464 quae
1827 1422 1858 1453 in
1895 1422 1978 1453 calce
2012 1422 2144 1464 pagina-

1130 1477 1202 1498 rum
1225 1464 1393 1505 indicavi,
1418 1464 1483 1507 ejus
1507 1464 1660 1506 inspeetis
1684 1466 1788 1502 ioci53
1813 1476 1885 1497 nam
1909 1464 1994 1507 quod
2030 1474 2144 1508 praete-

1130 1520 1180 1541 rea
1204 1521 1220 1540 a
1245 1509 1335 1542 Viris
1358 1510 1479 1543 Dostis
1504 1508 1623 1541 librum
1648 1509 1682 1540 in
1707 1507 1787 1541 hanc
1812 1519 1877 1540 rem
1910 1509 2003 1541 citari
2040 1508 2138 1541 video

1130 1552 1275 1584 culmum
1298 1552 1334 1585 de
1356 1550 1527 1591 administr.
1547 1573 1556 1588 ,
1582 1550 1666 1583 nihil
1693 1550 1794 1584 adhuc
1808 1550 1896 1593 quod
1910 1563 1947 1583 eo
1958 1555 2118 1594 pertineat
2133 1578 2146 1592 ,

1130 1597 1164 1628 in
1187 1594 1249 1628 hoc
1274 1596 1366 1637 potui
1391 1596 1550 1627 invenire.
1638 1624 1640 1626 .
1686 1595 1814 1628 Habuit
1849 1595 1991 1628 Galenus
2026 1595 2145 1638 astipu-

1135 1639 1251 1671 latores
1276 1639 1402 1681 plures,
1426 1640 1457 1671 ὃς
1484 1639 1517 1671 in
1541 1637 1627 1670 hisce
1651 1649 1689 1670 cx
1711 1639 1753 1671 iis
1775 1639 1828 1680 qui
1856 1640 2145 1681 experimentaite-

1135 1691 1268 1721 rarunt,
1290 1681 1512 1721 Columbum,
1537 1681 1571 1714 id
1593 1681 1682 1723 quod
1705 1693 1743 1714 ex
1768 1681 1859 1724 supra
1883 1683 1935 1724 (c
1959 1686 1969 1721 )
1993 1683 2145 1717 diffisu-

1134 1735 1184 1758 cet
1208 1725 1375 1768 intelligi,
1396 1728 1428 1758 &
1458 1725 1662 1758 &initorum
1685 1725 1740 1767 (d
1763 1728 1801 1764 ),
1824 1725 1880 1768 qui
1904 1726 2068 1767 vidimus,
2093 1729 2145 1760 in„

1133 1772 1227 1811 quit,
1253 1779 1377 1808 can-em,
1402 1769 1454 1801 cui
1470 1767 1606 1811 fuerunt
1629 1768 1731 1811 ligatae
1754 1769 1935 1809 carotides,
1958 1771 2011 1812 qui
2035 1771 2146 1812 spatio

1134 1814 1227 1846 unius
1250 1812 1328 1844 hora
1346 1819 1472 1853 poterat
1488 1811 1525 1853 se
1549 1822 1670 1844 movere
1683 1834 1696 1850 ³
1720 1812 1761 1844 Θ
1777 1810 1919 1853 sentire.-
1943 1815 2057 1847 etenim
2078 1814 2145 1856 posi

1134 1855 1253 1889 multas
1277 1854 1368 1887 horas
1392 1866 1451 1887 non
1476 1854 1514 1894 [sl
1537 1852 1666 1887 dubium
1683 1881 1692 1895 ,
1716 1856 1790 1896 quin
1813 1854 1849 1887 ob
1874 1856 2050 1890 mirabilem
2074 1870 2144 1891 con»

1127 1899 1251 1942 sensum
1276 1899 1329 1940 qui
1352 1898 1390 1936 (st
1413 1899 1496 1931 inter
1519 1909 1570 1931 cor
1592 1899 1634 1932 θ’
1657 1897 1815 1931 cerebrum
1827 1921 1845 1937 9·
1872 1900 1994 1933 tandem
2028 1902 2144 1934 moria-s

1131 1951 1208 1975 tur:
1235 1945 1267 1974 δι’
1293 1953 1329 1973 ne
1355 1941 1449 1974 facile
1472 1950 1589 1983 putes,
1614 1941 1683 1983 post
1706 1940 1793 1974 horae
1827 1941 1965 1983 spatium
1998 1942 2146 1978 dest-:isse

1131 1986 1202 2018 cani
1226 1994 1374 2024 motum,
1400 1987 1431 2017 &
1457 1983 1598 2024 sensum;
1623 1983 1746 2018 causam
1780 1996 1837 2018 cur
1869 1986 1913 2018 ita
1951 1986 2110 2030 scripserit
2132 2012 2143 2026 ρ

1130 2026 1260 2062 fortasse
1283 2029 1443 2069 intelliges
1466 2041 1504 2061 ex
1529 2029 1594 2061 alio
1616 2027 1754 2070 ejusdem
1776 2029 1934 2062 Sanetorii
1959 2031 2032 2064 luco
2055 2036 2068 2071 (
2094 2045 2107 2066 e
2131 2038 2145 2067 *i

1130 2073 1186 2106 ubi
1212 2073 1258 2105 ait
1275 2085 1284 2103 .·
1306 2073 1446 2105 vidimus
1469 2083 1599 2110 canem,
1622 2074 1674 2105 cui
1698 2072 1801 2115 ligata
1818 2069 1954 2114 fuerunt
1965 2077 2150 2116 cai-otides

1131 2116 1236 2149 deinde
1260 2125 1298 2148 ex
1320 2123 1385 2149 toto
1409 2115 1511 2156 incisae
1524 2139 1536 2155 ,
1556 2117 1614 2158 'qui
1634 2126 1691 2157 per
1714 2115 1840 2157 aliquod
1867 2117 2009 2159 spatium
2042 2119 2145 2153 adhue.

1124 2166 1255 2201 poterat
1280 2159 1401 2191 moveri·
1410 2181 1423 2198 ,
1447 2160 1553 2192 deinde
1576 2157 1613 2192 ob
1630 2158 1796 2201 sanguinis
1818 2160 1959 2201 arteriofi
1982 2161 2145 2204 defluxum

1129 2203 1234 2234 vitam
1258 2200 1385 2242 amisit.-
1409 2213 1504 2244 quem
1529 2201 1551 2235 fi
1575 2202 1711 2237 eundem
1734 2213 1845 2235 canem
1870 2202 1982 2245 fuisse,
2005 2206 2107 2240 credis
2129 2219 2146 2244 >3¹

1129 2256 1186 2277 cur
1210 2244 1334 2278 diutius
1358 2243 1479 2278 senium
1503 2254 1692 2288 motumque
1716 2256 1779 2277 non
1803 2247 1973 2280 retinuerit
1989 2272 2002 2289 ,
2027 2250 2115 2284 vides
2129 2262 2142 2283 ι·

1129 2287 1175 2320 fin
1199 2288 1320 2328 alium,
1343 2287 1392 2320 bis
1416 2299 1476 2330 pro
1500 2289 1629 2322 Galeno
1655 2287 1844 2331 respondisse
1869 2291 2025 2334 intelligis
2046 2306 2143 2336 expe·

1130 2332 1324 2365 timentum.
1350 2334 1438 2364 Inter
1459 2343 1510 2364 eos
1536 2341 1642 2366 autem
1664 2333 1720 2374 qni
1745 2341 1839 2366 aetate
1872 2335 1974 2368 nostra
2009 2335 2141 2380 scripse-

1129 2384 1227 2412 runt,
1253 2376 1405 2409 Eximius
1428 2374 1603 2409 Archiater
1628 2377 1815 2410 Swietenius
1839 2375 1924 2420 (f)
1948 2381 2018 2413 cani
2041 2405 2054 2422 ‚
2088 2384 2138 2414 in-

1130 2419 1203 2460 quit
1217 2442 1230 2459 ‚
1251 2417 1352 2468 ligavi
1375 2428 1545 2463 utramque
1572 2420 1740 2454 carotidem
1757 2443 1766 2459 ‚
1789 2423 1943 2464 necporui
1954 2422 2116 2465 observare
2130 2452 2138 2464 ‚

1129 2462 1221 2495 illum
1244 2462 1368 2503 aliquid
1389 2462 1466 2496 mali
1488 2464 1559 2496 inde
1578 2464 1671 2505 pati:
1697 2464 1805 2498 inveni
1827 2467 1909 2500 enirn
1933 2467 1988 2501 hoc
2021 2470 2140 2505 animal

1124 2504 1192 2546 post
1214 2505 1280 2550 osto
1304 2506 1369 2538 aies
1392 2506 1512 2548 elapsos
1536 2515 1681 2549 vegetum
1705 2508 1748 2540 Φ
1772 2508 1894 2544 alacre.
1932 2512 2018 2546 Eum
2052 2526 2134 2557 qun-

1125 2560 1189 2591 que
1214 2547 1305 2581 tuisse
1322 2558 1382 2590 per
1404 2548 1524 2591 aliquot
1540 2550 1737 2591 septimanas
1760 2553 1878 2593 optima
1894 2554 2035 2596 sanitate
2060 2582 2068 2595 ,
2094 2561 2137 2593 ΕΞ»

1124 2593 1327 2631 vivacitate,
1349 2593 1402 2625 Cl.
1428 2594 1578 2627 Emettus
1602 2597 1656 2636 (g
1679 2598 1693 2634 J
1718 2594 1851 2634 scribit,
1878 2599 1912 2630 in
1946 2611 2013 2641 quo
2046 2602 2134 2636 idem

1122 2636 1188 2677 ipse
1213 2646 1373 2677 peregerat
1391 2660 1404 2676 ,
1428 2637 1497 2683 imo
1521 2639 1551 2669 δέ
1569 2638 1737 2684 Jugulares
1761 2651 1854 2673 venas
1878 2640 2135 2679 simulconstrin-

1121 2688 1234 2718 xerat,
1257 2679 1348 2721 quod
1370 2681 1403 2712 in
1429 2681 1486 2713 luo
1511 2691 1574 2713 non
1600 2682 1657 2713 nih
1683 2684 1751 2723 post
1774 2684 1851 2716 ouo
1874 2686 2024 2721 illosdies
2037 2691 2134 2724 Swie-

1127 2723 1233 2755 tenius
1258 2722 1396 2756 fecerat.
1421 2723 1526 2757 Addit
1551 2733 1656 2757 tamen
1680 2729 1693 2764 (
1715 2726 1791 2768 h),
1815 2727 1893 2770 ssepe
1917 2733 2057 2772 repetito
2079 2746 2133 2767 ex-

1125 2767 1329 2808 perimento‚
1354 2766 1411 2800 etsi
1434 2768 1539 2801 nullus
1563 2768 1730 2810 apoplexia
1754 2780 1887 2813 captus,
1911 2774 2014 2808 nullus
2046 2788 2133 2809 mor-

1125 2819 1201 2843 tuus
1225 2812 1313 2843 canis
1337 2810 1402 2850 fit,
1425 2811 1588 2853 aliquando
1611 2811 1780 2854 accidisse,
1803 2824 1838 2847 ut
1857 2825 1914 2856 per
1937 2815 2130 2862 bihoriispa-

1122 2854 1204 2886 tium
1221 2853 1410 2895 somnolenti
1431 2865 1520 2887 canes
1543 2857 1764 2895 apparuerint.
1787 2858 1888 2897 Qod
1902 2858 2041 2901 spatium
2057 2864 2130 2896 lon-

1122 2898 1194 2939 gius
1219 2896 1405 2930 adnotatum
1430 2897 1544 2930 videris
1570 2899 1603 2929 in
1627 2910 1665 2930 eo
1687 2909 1786 2940 cane,
1808 2896 1859 2934 cui
1885 2902 1992 2945 ligatae
2004 2905 2130 2941 fuerant

1122 2941 1223 2973 ambae
1247 2940 1418 2974 Carotides
1441 2942 1524 2982 apud
1549 2940 1735 2975 Dioniiium
1757 2947 1770 2983 (
1793 2945 1805 2977 i
1825 2946 1842 2986 )
1864 2969 1875 2984 ,
1899 2949 2021 2989 quippe
2056 2951 2129 2985 inde

1120 2983 1271 3028 nonnihil
1295 2984 1406 3026 sopito
1429 2983 1467 3017 ad
1492 2985 1617 3026 aliquot
1640 2983 1728 3025 dies3
1752 2987 1874 3021 tamen}
1901 2991 1970 3031 post
1993 2992 2050 3026 hos
2063 2996 2129 3036 pri-

1121 3027 1240 3061 stinum
1263 3028 1406 3070 vigorem
1421 3050 1430 3066 ,
1456 3028 1487 3060 &
1511 3029 1800 3071 promptitudinem
1824 3032 1861 3065 ad
1885 3033 2026 3069 acftiones
2042 3049 2130 3072 recu-

1123 3072 1266 3115 peravit.
1295 3073 1339 3103 Et
1362 3070 1480 3104 horum
1504 3071 1654 3113 quidem3
1679 3073 1699 3105 fi
1715 3074 1980 3115 postremosduos
1991 3092 2028 3112 ex
2040 3091 2129 3122 parre

1124 3116 1231 3157 aliqua
1252 3115 1411 3157 excipias,
1433 3114 1665 3149 observationes
1688 3128 1760 3150 cum
1774 3119 1938 3153 Galenicis
1950 3132 2039 3163 potes
2050 3136 2127 3158 con-

1124 3158 1255 3201 jungere
1268 3183 1275 3189 .
1410 3157 1468 3190 Sed
1480 3168 1589 3191 contra
1603 3161 1743 3203 plerique
1755 3162 1810 3194 alii
1824 3165 1954 3196 minime
1966 3167 2126 3202 Calenum

1126 3202 1227 3235 secuti
1252 3202 1347 3241 sunt,
1371 3210 1406 3235 ut
1430 3202 1617 3244 Avicenna,
1638 3205 1714 3245 qui,
1749 3214 1784 3237 ut
1816 3206 1858 3240 est
1890 3207 1970 3248 apud
2004 3210 2124 3245 Salium

1124 3249 1138 3285 <
1159 3244 1177 3286 l<
1205 3249 1239 3285 ),
1262 3247 1352 3278 venis
1374 3244 1594 3287 apopleffliciffi
1621 3246 1661 3279 fic
1684 3249 1769 3280 enim
1791 3249 1959 3283 Carotides
1969 3253 2124 3288 vocabant

1124 3289 1270 3328 Arabes;
1291 3289 1422 3330 ligatis,
1446 3289 1644 3330 deperditur,
1666 3291 1793 3333 inquit,
1809 3293 1921 3331 statim
1955 3304 2059 3328 motus
2082 3300 2123 3332 (φ

1116 3332 1243 3375 J‘ensus:
1268 3342 1411 3374 quocum
1435 3329 1539 3365 fecisse
1562 3332 1831 3369 videtui-Carolus
1843 3336 2019 3378 Stephanus
2039 3341 2122 3381 (l),

1124 3379 1156 3410 &
1179 3387 1217 3408 ex
1240 3375 1469 3408 recentioribus
1492 3376 1641 3417 Baglivus
1664 3389 1700 3410 eo
1724 3378 1795 3411 loco
1818 3390 1911 3420 quem
1935 3381 2010 3414 alias
2044 3388 2122 3424 (m)

1125 3420 1338 3461 protulimus.
1366 3420 1417 3451 Ex
1440 3419 1480 3451 iis
1512 3429 1616 3452 autem
1649 3422 1704 3463 qui
1737 3423 1914 3463 periculum
1947 3422 2087 3459 fecerunt
2109 3451 2124 3468 ³

1123 3463 1245 3496 laudari
1269 3462 1362 3495 video
1385 3462 1642 3496 Drelincurtium
1670 3468 1680 3503 (
1705 3474 1724 3495 n
1746 3465 1786 3504 )‚
1809 3464 1899 3507 cujus
1924 3469 2122 3508 experimen-

1122 3515 1193 3540 tum
1217 3507 1271 3540 etsi
1295 3517 1417 3545 unum,
1440 3506 1590 3549 brevique
1615 3515 1756 3550 tempore
1779 3510 1976 3550 protractum
1988 3511 2050 3552 est3
2075 3522 2121 3546 ta-

1120 3561 1190 3583 men
1216 3549 1288 3584 satis
1310 3550 1436 3582 Galeno
1461 3549 1639 3583 adversatur
1663 3575 1672 3582 .
1709 3551 1760 3584 Sic
1783 3553 1869 3585 enim
1893 3552 1987 3587 habet
2010 3567 2020 3588 :
2050 3560 2122 3590 ,Αν-

1118 3596 1208 3628 reriis
1231 3594 1378 3628 caroticis
1400 3590 1593 3635 constrictis,
1616 3595 1742 3628 necdum
1764 3595 1913 3638 reclusis,
1931 3598 2122 3639 penduloque

1711 3649 1724 3662 Ἴ
1969 3641 2081 3685 moloffi

1711 3662 1727 3669 a

1251 3732 1261 3763 (
1277 3733 1311 3763 Γ)
1328 3732 1402 3760 Epist·
1419 3733 1494 3757 Anat.
1514 3741 1547 3762 13.
1567 3742 1588 3756 ι-ι,
1606 3740 1641 3760 27.
1660 3735 1682 3756 δι
1699 3732 1761 3763 seqq.
1779 3733 1826 3762 usq.
1845 3733 1873 3757 ad
1890 3741 1930 3761 40.

1276 3764 1402 3792 (Ἀθη-30.
1466 3762 1498 3793 (γ
1508 3768 1519 3790 >
1529 3764 1649 3791 Experim.
1662 3764 1828 3794 circangatur.
1840 3771 1933 3788 nervor.
1946 3764 1959 3794 §
1973 3773 2010 3793 25.
2022 3763 2115 3793 &seqth

1150 3792 1191 3820 (b
1204 3795 1217 3822 )
1235 3797 1271 3819 De
1289 3794 1349 3818 Puls.
1368 3792 1418 3817 Usu
1434 3801 1455 3817 c.
1473 3802 1494 3817 2.
1556 3795 1570 3823 ζ
1585 3803 1596 3818 c
1614 3797 1621 3823 )
1638 3801 1660 3817 n.
1678 3802 1715 3817 22.

1102 3823 1143 3853 (f
1158 3823 1165 3854 J
1181 3827 1280 3849 Comm.
1299 3825 1323 3848 in
1341 3824 1424 3848 Boerh.
1443 3824 1532 3853 Api-ior.
1554 3825 1575 3855 §.
1592 3832 1641 3853 '7⁰·
1663 3833 1686 3848 n.
1704 3832 1725 3853 ς.

1094 3857 1104 3879 (
1120 3856 1130 3877 i
1147 3855 1160 3883 )
1178 3855 1283 3880 L'Anat.
1301 3856 1466 3879 del'Homme
1479 3855 1719 3885 EdqiDemonsti-J.
1784 3854 1880 3884 (k)De
1890 3855 1975 3881 Affee‘t,
1984 3854 2070 3880 Panic.
2080 3863 2118 3879 cra

1309 3888 1316 3916 ζ
1335 3895 1351 3909 n
1368 3887 1377 3916 )
1395 3887 1517 3915 Experim.
1540 3890 1612 3911 Aaat.
1631 3886 1741 3911 Canicid.
1762 3892 1783 3910 ι.
1802 3894 1826 3909 n.
1848 3894 1882 3911 10.
