<?xml version="1.0" encoding="UTF-8"?>
<!DOCTYPE html PUBLIC "-//W3C//DTD XHTML 1.0 Transitional//EN"
    "http://www.w3.org/TR/xhtml1/DTD/xhtml1-transitional.dtd">
<html xmlns="http://www.w3.org/1999/xhtml" xml:lang="en" lang="en">
 <head>
  <title>
</title>
<meta http-equiv="Content-Type" content="text/html;charset=utf-8" />
  <meta name='ocr-system' content='tesseract 3.04.00' />
  <meta name='ocr-capabilities' content='ocr_page ocr_carea ocr_par ocr_line ocrx_word'/>
</head>
<body>
  <div class='ocr_page' id='page_1' title='image "./desedibusetcausi00morg_0468.png"; bbox 0 0 2498 4075; ppageno 0'>
   <div class='ocr_carea' id='block_1_1' title="bbox 386 106 452 152">
    <p class='ocr_par' dir='ltr' id='par_1_1' title="bbox 386 106 452 152">
     <span class='ocr_line' id='line_1_1' title="bbox 386 106 452 152; baseline 0 -10"><span class='ocrx_word' id='word_1_1' title='bbox 386 106 452 152; x_wconf 88' lang='lat'>70</span> 
     </span>
    </p>
   </div>
   <div class='ocr_carea' id='block_1_2' title="bbox 312 164 1335 559">
    <p class='ocr_par' dir='ltr' id='par_1_2' title="bbox 312 164 1335 559">
     <span class='ocr_line' id='line_1_2' title="bbox 316 164 1335 212; baseline -0.003 -12"><span class='ocrx_word' id='word_1_2' title='bbox 316 174 374 200; x_wconf 79' lang='lat' dir='ltr'>aut</span> <span class='ocrx_word' id='word_1_3' title='bbox 408 167 565 206; x_wconf 80' lang='lat' dir='ltr'>craffioris</span> <span class='ocrx_word' id='word_1_4' title='bbox 588 164 646 204; x_wconf 83' lang='lat' dir='ltr'>seri</span> <span class='ocrx_word' id='word_1_5' title='bbox 669 165 836 212; x_wconf 63' lang='lat' dir='ltr'>depreffi),</span> <span class='ocrx_word' id='word_1_6' title='bbox 857 165 921 200; x_wconf 87' lang='lat' dir='ltr'>tibi</span> <span class='ocrx_word' id='word_1_7' title='bbox 945 165 1020 199; x_wconf 83' lang='lat' dir='ltr'>alias</span> <span class='ocrx_word' id='word_1_8' title='bbox 1044 165 1098 207; x_wconf 81' lang='lat' dir='ltr'>(y</span> <span class='ocrx_word' id='word_1_9' title='bbox 1117 166 1134 208; x_wconf 91' lang='lat'><em>)</em></span> <span class='ocrx_word' id='word_1_10' title='bbox 1158 167 1335 200; x_wconf 84' lang='lat' dir='ltr'>monstravi</span> 
     </span>
     <span class='ocr_line' id='line_1_3' title="bbox 314 209 1334 252; baseline 0 -9"><span class='ocrx_word' id='word_1_11' title='bbox 314 210 503 252; x_wconf 79' lang='lat' dir='ltr'>duritiem,</span> <span class='ocrx_word' id='word_1_12' title='bbox 529 222 583 246; x_wconf 84' lang='lat' dir='ltr'>aut</span> <span class='ocrx_word' id='word_1_13' title='bbox 606 212 751 246; x_wconf 89' lang='lat' dir='ltr'>dolorem</span> <span class='ocrx_word' id='word_1_14' title='bbox 778 212 813 244; x_wconf 91' lang='lat' dir='ltr'>in</span> <span class='ocrx_word' id='word_1_15' title='bbox 837 209 1057 252; x_wconf 80' lang='lat' dir='ltr'>superioribus</span> <span class='ocrx_word' id='word_1_16' title='bbox 1083 212 1203 243; x_wconf 88' lang='lat' dir='ltr'>ventris</span> <span class='ocrx_word' id='word_1_17' title='bbox 1226 210 1334 252; x_wconf 81' lang='lat' dir='ltr'>regio-</span> 
     </span>
     <span class='ocr_line' id='line_1_4' title="bbox 314 252 1333 291; baseline 0.003 -6"><span class='ocrx_word' id='word_1_18' title='bbox 314 254 414 291; x_wconf 80' lang='lat' dir='ltr'>nibus</span> <span class='ocrx_word' id='word_1_19' title='bbox 437 264 582 291; x_wconf 84' lang='lat' dir='ltr'>creatum</span> <span class='ocrx_word' id='word_1_20' title='bbox 606 253 667 288; x_wconf 84' lang='lat' dir='ltr'>effe</span> <span class='ocrx_word' id='word_1_21' title='bbox 684 279 692 286; x_wconf 88' lang='lat'><strong>.</strong></span> <span class='ocrx_word' id='word_1_22' title='bbox 720 254 820 288; x_wconf 86' lang='lat' dir='ltr'>Nunc</span> <span class='ocrx_word' id='word_1_23' title='bbox 845 264 952 291; x_wconf 87' lang='lat' dir='ltr'>autem</span> <span class='ocrx_word' id='word_1_24' title='bbox 977 263 1015 285; x_wconf 86' lang='lat' dir='ltr'>ne</span> <span class='ocrx_word' id='word_1_25' title='bbox 1041 252 1081 286; x_wconf 89' lang='lat' dir='ltr'>ab</span> <span class='ocrx_word' id='word_1_26' title='bbox 1105 254 1258 289; x_wconf 81' lang='lat' dir='ltr'>renibus,</span> <span class='ocrx_word' id='word_1_27' title='bbox 1292 254 1333 288; x_wconf 89' lang='lat' dir='ltr'>ab</span> 
     </span>
     <span class='ocr_line' id='line_1_5' title="bbox 314 294 1333 342; baseline 0.001 -13"><span class='ocrx_word' id='word_1_28' title='bbox 314 296 426 334; x_wconf 79' lang='lat' dir='ltr'>aliisve</span> <span class='ocrx_word' id='word_1_29' title='bbox 449 310 520 341; x_wconf 78' lang='lat' dir='ltr'>quae</span> <span class='ocrx_word' id='word_1_30' title='bbox 546 297 806 342; x_wconf 79' lang='lat' dir='ltr'>hypochondriis</span> <span class='ocrx_word' id='word_1_31' title='bbox 830 296 978 339; x_wconf 68' lang='lat' dir='ltr'>lubje&amp;ae</span> <span class='ocrx_word' id='word_1_32' title='bbox 1001 294 1093 335; x_wconf 87' lang='lat' dir='ltr'>sunt,</span> <span class='ocrx_word' id='word_1_33' title='bbox 1117 297 1261 338; x_wconf 82' lang='lat' dir='ltr'>partibus</span> <span class='ocrx_word' id='word_1_34' title='bbox 1284 307 1333 330; x_wconf 81' lang='lat' dir='ltr'>re—</span> 
     </span>
     <span class='ocr_line' id='line_1_6' title="bbox 312 339 1333 383; baseline -0.003 -7"><span class='ocrx_word' id='word_1_35' title='bbox 312 340 464 379; x_wconf 83' lang='lat' dir='ltr'>cedamus</span> <span class='ocrx_word' id='word_1_36' title='bbox 484 356 493 378; x_wconf 64' lang='grc' dir='ltr'>ς</span> <span class='ocrx_word' id='word_1_37' title='bbox 526 342 589 376; x_wconf 90' lang='lat' dir='ltr'>huc</span> <span class='ocrx_word' id='word_1_38' title='bbox 613 341 675 375; x_wconf 91' lang='lat' dir='ltr'>tibi</span> <span class='ocrx_word' id='word_1_39' title='bbox 709 340 886 377; x_wconf 77' lang='lat' dir='ltr'>addendam</span> <span class='ocrx_word' id='word_1_40' title='bbox 909 339 1071 375; x_wconf 81' lang='lat' dir='ltr'>censemus</span> <span class='ocrx_word' id='word_1_41' title='bbox 1093 341 1147 372; x_wconf 87' lang='lat' dir='ltr'>Cl.</span> <span class='ocrx_word' id='word_1_42' title='bbox 1174 341 1333 383; x_wconf 80' lang='lat' dir='ltr'>Bonfiglii</span> 
     </span>
     <span class='ocr_line' id='line_1_7' title="bbox 312 383 1332 434; baseline 0.001 -16"><span class='ocrx_word' id='word_1_43' title='bbox 312 384 410 434; x_wconf 65' lang='lat' dir='ltr'>(z)</span> <span class='ocrx_word' id='word_1_44' title='bbox 435 385 731 425; x_wconf 85' lang='lat' dir='ltr'>Observationem,</span> <span class='ocrx_word' id='word_1_45' title='bbox 754 396 852 428; x_wconf 84' lang='lat' dir='ltr'>quarn</span> <span class='ocrx_word' id='word_1_46' title='bbox 878 385 902 416; x_wconf 84' lang='lat' dir='ltr'>fi</span> <span class='ocrx_word' id='word_1_47' title='bbox 937 393 1062 417; x_wconf 83' lang='lat' dir='ltr'>attente</span> <span class='ocrx_word' id='word_1_48' title='bbox 1086 383 1170 425; x_wconf 79' lang='lat' dir='ltr'>legas</span> <span class='ocrx_word' id='word_1_49' title='bbox 1192 395 1204 422; x_wconf 80' lang='lat'>‚‘</span> <span class='ocrx_word' id='word_1_50' title='bbox 1237 383 1332 419; x_wconf 82' lang='lat' dir='ltr'>facile</span> 
     </span>
     <span class='ocr_line' id='line_1_8' title="bbox 314 424 1331 470; baseline 0 -9"><span class='ocrx_word' id='word_1_51' title='bbox 314 428 478 469; x_wconf 67' lang='lat' dir='ltr'>intelliges</span> <span class='ocrx_word' id='word_1_52' title='bbox 498 451 506 466; x_wconf 93' lang='lat'>,</span> <span class='ocrx_word' id='word_1_53' title='bbox 541 430 762 465; x_wconf 85' lang='lat' dir='ltr'>inveteratum</span> <span class='ocrx_word' id='word_1_54' title='bbox 783 449 793 464; x_wconf 86' lang='lat'>‚</span> <span class='ocrx_word' id='word_1_55' title='bbox 827 428 885 468; x_wconf 78' lang='lat' dir='ltr'>qui</span> <span class='ocrx_word' id='word_1_56' title='bbox 910 424 990 460; x_wconf 84' lang='lat' dir='ltr'>olim</span> <span class='ocrx_word' id='word_1_57' title='bbox 1014 427 1049 459; x_wconf 89' lang='lat' dir='ltr'>in</span> <span class='ocrx_word' id='word_1_58' title='bbox 1074 425 1331 470; x_wconf 87' lang='lat' dir='ltr'>hypochondrio</span> 
     </span>
     <span class='ocr_line' id='line_1_9' title="bbox 313 468 1332 516; baseline 0 -12"><span class='ocrx_word' id='word_1_59' title='bbox 313 470 450 510; x_wconf 79' lang='lat' dir='ltr'>dextero</span> <span class='ocrx_word' id='word_1_60' title='bbox 478 472 734 514; x_wconf 74' lang='lat' dir='ltr'>percipiebatur,</span> <span class='ocrx_word' id='word_1_61' title='bbox 760 479 926 516; x_wconf 73' lang='lat' dir='ltr'>rumorem</span> <span class='ocrx_word' id='word_1_62' title='bbox 951 471 996 505; x_wconf 87' lang='lat' dir='ltr'>nil</span> <span class='ocrx_word' id='word_1_63' title='bbox 1021 469 1109 505; x_wconf 88' lang='lat' dir='ltr'>aliud</span> <span class='ocrx_word' id='word_1_64' title='bbox 1131 468 1223 504; x_wconf 84' lang='lat' dir='ltr'>fuisse</span> <span class='ocrx_word' id='word_1_65' title='bbox 1234 482 1332 514; x_wconf 85' lang='lat' dir='ltr'>quam</span> 
     </span>
     <span class='ocr_line' id='line_1_10' title="bbox 316 512 1334 559; baseline 0.001 -11"><span class='ocrx_word' id='word_1_66' title='bbox 316 525 429 548; x_wconf 81' lang='lat' dir='ltr'>renem</span> <span class='ocrx_word' id='word_1_67' title='bbox 450 516 508 559; x_wconf 90' lang='lat' dir='ltr'>qui</span> <span class='ocrx_word' id='word_1_68' title='bbox 535 517 637 558; x_wconf 77' lang='lat' dir='ltr'>magis</span> <span class='ocrx_word' id='word_1_69' title='bbox 661 515 825 556; x_wconf 81' lang='lat' dir='ltr'>magisque</span> <span class='ocrx_word' id='word_1_70' title='bbox 849 512 1072 559; x_wconf 79' lang='lat' dir='ltr'>augescendo,</span> <span class='ocrx_word' id='word_1_71' title='bbox 1097 526 1113 546; x_wconf 92' lang='lat' dir='ltr'>e</span> <span class='ocrx_word' id='word_1_72' title='bbox 1139 514 1334 549; x_wconf 81' lang='lat' dir='ltr'>suademum</span> 
     </span>
    </p>
   </div>
   <div class='ocr_carea' id='block_1_3' title="bbox 316 557 1353 600">
    <p class='ocr_par' dir='ltr' id='par_1_3' title="bbox 316 557 1353 600">
     <span class='ocr_line' id='line_1_11' title="bbox 316 557 1353 600; baseline -0.001 -8"><span class='ocrx_word' id='word_1_73' title='bbox 316 557 388 592; x_wconf 87' lang='lat' dir='ltr'>sede</span> <span class='ocrx_word' id='word_1_74' title='bbox 413 558 448 593; x_wconf 82' lang='lat' dir='ltr'>in</span> <span class='ocrx_word' id='word_1_75' title='bbox 475 559 608 593; x_wconf 86' lang='lat' dir='ltr'>iliacam</span> <span class='ocrx_word' id='word_1_76' title='bbox 645 568 811 600; x_wconf 71' lang='lat' dir='ltr'>regionem</span> <span class='ocrx_word' id='word_1_77' title='bbox 835 557 1020 600; x_wconf 83' lang='lat' dir='ltr'>prociderat</span> <span class='ocrx_word' id='word_1_78' title='bbox 1041 580 1053 597; x_wconf 86' lang='lat'>‚</span> <span class='ocrx_word' id='word_1_79' title='bbox 1077 557 1133 592; x_wconf 83' lang='lat' dir='ltr'>ubi</span> <span class='ocrx_word' id='word_1_80' title='bbox 1157 558 1353 600; x_wconf 60' lang='lat' dir='ltr'>quintuplo&#39;‘</span> 
     </span>
    </p>
   </div>
   <div class='ocr_carea' id='block_1_4' title="bbox 301 600 1348 3532">
    <p class='ocr_par' dir='ltr' id='par_1_4' title="bbox 301 600 1337 1335">
     <span class='ocr_line' id='line_1_12' title="bbox 315 600 1337 647; baseline 0.001 -13"><span class='ocrx_word' id='word_1_81' title='bbox 315 601 462 635; x_wconf 84' lang='lat' dir='ltr'>naturali</span> <span class='ocrx_word' id='word_1_82' title='bbox 488 602 592 647; x_wconf 79' lang='lat' dir='ltr'>major</span> <span class='ocrx_word' id='word_1_83' title='bbox 617 610 760 644; x_wconf 83' lang='lat' dir='ltr'>repertus</span> <span class='ocrx_word' id='word_1_84' title='bbox 784 600 846 636; x_wconf 86' lang='lat' dir='ltr'>est.</span> <span class='ocrx_word' id='word_1_85' title='bbox 982 600 1084 646; x_wconf 83' lang='lat' dir='ltr'>Qod</span> <span class='ocrx_word' id='word_1_86' title='bbox 1097 611 1174 634; x_wconf 90' lang='lat' dir='ltr'>vero</span> <span class='ocrx_word' id='word_1_87' title='bbox 1197 601 1235 635; x_wconf 87' lang='lat' dir='ltr'>ad</span> <span class='ocrx_word' id='word_1_88' title='bbox 1260 603 1337 636; x_wconf 86' lang='lat' dir='ltr'>alias</span> 
     </span>
     <span class='ocr_line' id='line_1_13' title="bbox 313 643 1337 686; baseline 0.003 -7"><span class='ocrx_word' id='word_1_89' title='bbox 313 646 437 679; x_wconf 76' lang='lat' dir='ltr'>attinet</span> <span class='ocrx_word' id='word_1_90' title='bbox 455 647 592 686; x_wconf 77' lang='lat' dir='ltr'>Partes,</span> <span class='ocrx_word' id='word_1_91' title='bbox 618 647 674 680; x_wconf 69' lang='grc' dir='ltr'>(ΣΙ.</span> <span class='ocrx_word' id='word_1_92' title='bbox 700 643 879 682; x_wconf 76' lang='lat' dir='ltr'>Goekelius</span> <span class='ocrx_word' id='word_1_93' title='bbox 904 648 915 683; x_wconf 80' lang='grc' dir='ltr'>ί</span> <span class='ocrx_word' id='word_1_94' title='bbox 937 644 991 686; x_wconf 80' lang='lat' dir='ltr'>a)</span> <span class='ocrx_word' id='word_1_95' title='bbox 1017 644 1164 678; x_wconf 81' lang='lat' dir='ltr'>ostendet</span> <span class='ocrx_word' id='word_1_96' title='bbox 1190 668 1199 682; x_wconf 82' lang='lat'><strong><em>‚</em></strong></span> <span class='ocrx_word' id='word_1_97' title='bbox 1236 645 1276 677; x_wconf 86' lang='lat' dir='ltr'>ab</span> <span class='ocrx_word' id='word_1_98' title='bbox 1299 658 1337 679; x_wconf 92' lang='lat' dir='ltr'>o-</span> 
     </span>
     <span class='ocr_line' id='line_1_14' title="bbox 312 687 1334 732; baseline 0.003 -12"><span class='ocrx_word' id='word_1_99' title='bbox 312 697 427 724; x_wconf 86' lang='lat' dir='ltr'>mento</span> <span class='ocrx_word' id='word_1_100' title='bbox 463 689 618 724; x_wconf 84' lang='lat' dir='ltr'>scirrhosa</span> <span class='ocrx_word' id='word_1_101' title='bbox 641 688 836 732; x_wconf 73' lang='lat' dir='ltr'>pinguedine</span> <span class='ocrx_word' id='word_1_102' title='bbox 870 689 965 721; x_wconf 66' lang='lat' dir='ltr'>austo</span> <span class='ocrx_word' id='word_1_103' title='bbox 999 688 1116 721; x_wconf 84' lang='lat' dir='ltr'>lienem</span> <span class='ocrx_word' id='word_1_104' title='bbox 1149 697 1260 723; x_wconf 89' lang='lat' dir='ltr'>totum</span> <span class='ocrx_word' id='word_1_105' title='bbox 1290 687 1334 723; x_wconf 79' lang='lat' dir='ltr'>stc</span> 
     </span>
     <span class='ocr_line' id='line_1_15' title="bbox 313 731 1337 775; baseline -0.003 -10"><span class='ocrx_word' id='word_1_106' title='bbox 313 731 502 769; x_wconf 82' lang='lat' dir='ltr'>involutum</span> <span class='ocrx_word' id='word_1_107' title='bbox 526 731 641 772; x_wconf 81' lang='lat' dir='ltr'>fuisse,</span> <span class='ocrx_word' id='word_1_108' title='bbox 665 741 702 767; x_wconf 86' lang='lat' dir='ltr'>ut</span> <span class='ocrx_word' id='word_1_109' title='bbox 728 740 899 775; x_wconf 83' lang='lat' dir='ltr'>propterea</span> <span class='ocrx_word' id='word_1_110' title='bbox 922 732 956 763; x_wconf 92' lang='lat' dir='ltr'>in</span> <span class='ocrx_word' id='word_1_111' title='bbox 982 733 1124 766; x_wconf 83' lang='lat' dir='ltr'>viventis</span> <span class='ocrx_word' id='word_1_112' title='bbox 1139 731 1337 775; x_wconf 88' lang='lat' dir='ltr'>hypochon-</span> 
     </span>
     <span class='ocr_line' id='line_1_16' title="bbox 310 774 1332 816; baseline 0.002 -8"><span class='ocrx_word' id='word_1_113' title='bbox 310 774 386 813; x_wconf 86' lang='lat' dir='ltr'>drio</span> <span class='ocrx_word' id='word_1_114' title='bbox 419 775 543 810; x_wconf 85' lang='lat' dir='ltr'>finistro</span> <span class='ocrx_word' id='word_1_115' title='bbox 566 778 592 808; x_wconf 83' lang='lat' dir='ltr'>is</span> <span class='ocrx_word' id='word_1_116' title='bbox 623 785 735 809; x_wconf 87' lang='lat' dir='ltr'>tumor</span> <span class='ocrx_word' id='word_1_117' title='bbox 763 796 773 812; x_wconf 91' lang='lat'><em>‚</em></span> <span class='ocrx_word' id='word_1_118' title='bbox 807 785 908 816; x_wconf 87' lang='lat' dir='ltr'>eaque</span> <span class='ocrx_word' id='word_1_119' title='bbox 932 776 1108 810; x_wconf 72' lang='lat' dir='ltr'>renitentia</span> <span class='ocrx_word' id='word_1_120' title='bbox 1131 774 1232 810; x_wconf 85' lang='lat' dir='ltr'>fuerit</span> <span class='ocrx_word' id='word_1_121' title='bbox 1251 799 1263 816; x_wconf 84' lang='lat'>‚</span> <span class='ocrx_word' id='word_1_122' title='bbox 1296 786 1332 812; x_wconf 88' lang='lat' dir='ltr'>ut</span> 
     </span>
     <span class='ocr_line' id='line_1_17' title="bbox 311 817 1329 861; baseline 0.005 -10"><span class='ocrx_word' id='word_1_123' title='bbox 311 819 408 857; x_wconf 77' lang='lat' dir='ltr'>lienis</span> <span class='ocrx_word' id='word_1_124' title='bbox 424 819 584 861; x_wconf 68' lang='lat' dir='ltr'>scirrlium</span> <span class='ocrx_word' id='word_1_125' title='bbox 617 817 723 854; x_wconf 62' lang='lat' dir='ltr'>exasit?</span> <span class='ocrx_word' id='word_1_126' title='bbox 747 818 935 856; x_wconf 77' lang='lat' dir='ltr'>mentiretur</span> <span class='ocrx_word' id='word_1_127' title='bbox 957 844 964 851; x_wconf 90' lang='lat'><em>.</em></span> <span class='ocrx_word' id='word_1_128' title='bbox 1000 818 1197 854; x_wconf 85' lang='lat' dir='ltr'>Schrockius</span> <span class='ocrx_word' id='word_1_129' title='bbox 1222 831 1329 856; x_wconf 81' lang='lat' dir='ltr'>autem</span> 
     </span>
     <span class='ocr_line' id='line_1_18' title="bbox 310 861 1331 908; baseline 0.003 -13"><span class='ocrx_word' id='word_1_130' title='bbox 310 866 323 906; x_wconf 89' lang='lat'>(</span> <span class='ocrx_word' id='word_1_131' title='bbox 346 861 366 894; x_wconf 85' lang='lat' dir='ltr'>b</span> <span class='ocrx_word' id='word_1_132' title='bbox 390 865 425 902; x_wconf 90' lang='lat'>)‚</span> <span class='ocrx_word' id='word_1_133' title='bbox 452 863 618 902; x_wconf 85' lang='lat' dir='ltr'>Hurterus</span> <span class='ocrx_word' id='word_1_134' title='bbox 639 865 653 904; x_wconf 74' lang='grc' dir='ltr'>ζ</span> <span class='ocrx_word' id='word_1_135' title='bbox 675 873 691 894; x_wconf 88' lang='grc' dir='ltr'>ι·</span> <span class='ocrx_word' id='word_1_136' title='bbox 715 863 750 904; x_wconf 69' lang='lat'>2,</span> <span class='ocrx_word' id='word_1_137' title='bbox 773 861 959 898; x_wconf 84' lang='lat' dir='ltr'>Gerbezius</span> <span class='ocrx_word' id='word_1_138' title='bbox 981 866 994 903; x_wconf 95' lang='lat'>(</span> <span class='ocrx_word' id='word_1_139' title='bbox 1017 864 1036 895; x_wconf 86' lang='lat' dir='ltr'>d</span> <span class='ocrx_word' id='word_1_140' title='bbox 1059 865 1069 903; x_wconf 88' lang='lat'><em>)</em></span> <span class='ocrx_word' id='word_1_141' title='bbox 1094 864 1127 896; x_wconf 91' lang='lat' dir='ltr'>in</span> <span class='ocrx_word' id='word_1_142' title='bbox 1153 864 1257 897; x_wconf 85' lang='lat' dir='ltr'>altero</span> <span class='ocrx_word' id='word_1_143' title='bbox 1269 865 1331 908; x_wconf 90' lang='lat' dir='ltr'>hy-</span> 
     </span>
     <span class='ocr_line' id='line_1_19' title="bbox 309 904 1333 948; baseline 0.003 -9"><span class='ocrx_word' id='word_1_144' title='bbox 309 904 520 948; x_wconf 83' lang='lat' dir='ltr'>pochondrio</span> <span class='ocrx_word' id='word_1_145' title='bbox 544 906 747 942; x_wconf 72' lang='lat' dir='ltr'>adnotarunt</span> <span class='ocrx_word' id='word_1_146' title='bbox 766 914 929 939; x_wconf 85' lang='lat' dir='ltr'>tumorem</span> <span class='ocrx_word' id='word_1_147' title='bbox 944 928 955 945; x_wconf 83' lang='lat'><em>,</em></span> <span class='ocrx_word' id='word_1_148' title='bbox 981 910 1012 939; x_wconf 64' lang='grc' dir='ltr'>ὅ(</span> <span class='ocrx_word' id='word_1_149' title='bbox 1027 907 1175 940; x_wconf 89' lang='lat' dir='ltr'>dolorem</span> <span class='ocrx_word' id='word_1_150' title='bbox 1200 908 1241 940; x_wconf 90' lang='lat' dir='ltr'>ab</span> <span class='ocrx_word' id='word_1_151' title='bbox 1256 909 1333 942; x_wconf 88' lang='lat' dir='ltr'>scir-</span> 
     </span>
     <span class='ocr_line' id='line_1_20' title="bbox 310 947 1333 991; baseline -0.005 -5"><span class='ocrx_word' id='word_1_152' title='bbox 310 947 377 986; x_wconf 72' lang='lat' dir='ltr'>tho</span> <span class='ocrx_word' id='word_1_153' title='bbox 400 950 460 991; x_wconf 85' lang='lat' dir='ltr'>qui</span> <span class='ocrx_word' id='word_1_154' title='bbox 483 950 647 984; x_wconf 90' lang='lat' dir='ltr'>intestinis</span> <span class='ocrx_word' id='word_1_155' title='bbox 680 949 754 983; x_wconf 91' lang='lat' dir='ltr'>Ileo</span> <span class='ocrx_word' id='word_1_156' title='bbox 776 974 785 989; x_wconf 92' lang='lat'>,</span> <span class='ocrx_word' id='word_1_157' title='bbox 818 951 849 983; x_wconf 86' lang='lat'>&amp;</span> <span class='ocrx_word' id='word_1_158' title='bbox 884 951 973 983; x_wconf 90' lang='lat' dir='ltr'>Colo</span> <span class='ocrx_word' id='word_1_159' title='bbox 998 949 1167 984; x_wconf 66' lang='lat' dir='ltr'>arctissime</span> <span class='ocrx_word' id='word_1_160' title='bbox 1191 950 1333 987; x_wconf 83' lang='lat' dir='ltr'>adhaere..</span> 
     </span>
     <span class='ocr_line' id='line_1_21' title="bbox 309 993 1331 1035; baseline 0.003 -9"><span class='ocrx_word' id='word_1_161' title='bbox 309 993 390 1034; x_wconf 83' lang='lat' dir='ltr'>bat,</span> <span class='ocrx_word' id='word_1_162' title='bbox 415 1002 470 1027; x_wconf 88' lang='lat' dir='ltr'>aut</span> <span class='ocrx_word' id='word_1_163' title='bbox 493 1006 508 1027; x_wconf 88' lang='lat' dir='ltr'>a</span> <span class='ocrx_word' id='word_1_164' title='bbox 532 994 620 1031; x_wconf 82' lang='lat' dir='ltr'>Colo</span> <span class='ocrx_word' id='word_1_165' title='bbox 645 993 718 1035; x_wconf 80' lang='lat' dir='ltr'>ipso</span> <span class='ocrx_word' id='word_1_166' title='bbox 743 994 777 1026; x_wconf 87' lang='lat' dir='ltr'>in</span> <span class='ocrx_word' id='word_1_167' title='bbox 801 1004 870 1029; x_wconf 84' lang='lat' dir='ltr'>eam</span> <span class='ocrx_word' id='word_1_168' title='bbox 897 995 1015 1029; x_wconf 87' lang='lat' dir='ltr'>molem</span> <span class='ocrx_word' id='word_1_169' title='bbox 1039 995 1149 1034; x_wconf 83' lang='lat' dir='ltr'>elato,</span> <span class='ocrx_word' id='word_1_170' title='bbox 1173 1005 1210 1028; x_wconf 88' lang='lat' dir='ltr'>ut</span> <span class='ocrx_word' id='word_1_171' title='bbox 1225 997 1257 1028; x_wconf 92' lang='lat' dir='ltr'>vi</span> <span class='ocrx_word' id='word_1_172' title='bbox 1283 996 1331 1029; x_wconf 77' lang='lat' dir='ltr'>fa-</span> 
     </span>
     <span class='ocr_line' id='line_1_22' title="bbox 306 1036 1332 1080; baseline -0.001 -9"><span class='ocrx_word' id='word_1_173' title='bbox 306 1037 359 1073; x_wconf 64' lang='lat' dir='ltr'>sta</span> <span class='ocrx_word' id='word_1_174' title='bbox 382 1040 417 1073; x_wconf 82' lang='lat' dir='ltr'>in</span> <span class='ocrx_word' id='word_1_175' title='bbox 440 1036 595 1079; x_wconf 82' lang='lat' dir='ltr'>jecinoris</span> <span class='ocrx_word' id='word_1_176' title='bbox 617 1037 796 1080; x_wconf 80' lang='lat' dir='ltr'>ligamenta</span> <span class='ocrx_word' id='word_1_177' title='bbox 820 1058 828 1073; x_wconf 86' lang='lat'>‚</span> <span class='ocrx_word' id='word_1_178' title='bbox 863 1037 925 1071; x_wconf 89' lang='lat' dir='ltr'>hoc</span> <span class='ocrx_word' id='word_1_179' title='bbox 948 1049 965 1070; x_wconf 90' lang='lat' dir='ltr'>e</span> <span class='ocrx_word' id='word_1_180' title='bbox 989 1037 1041 1070; x_wconf 87' lang='lat' dir='ltr'>sua</span> <span class='ocrx_word' id='word_1_181' title='bbox 1078 1037 1149 1071; x_wconf 88' lang='lat' dir='ltr'>sede</span> <span class='ocrx_word' id='word_1_182' title='bbox 1173 1038 1332 1073; x_wconf 82' lang='lat' dir='ltr'>sinistrum</span> 
     </span>
     <span class='ocr_line' id='line_1_23' title="bbox 308 1079 1332 1124; baseline -0.002 -10"><span class='ocrx_word' id='word_1_183' title='bbox 308 1079 416 1115; x_wconf 83' lang='lat' dir='ltr'>versus</span> <span class='ocrx_word' id='word_1_184' title='bbox 440 1081 732 1124; x_wconf 82' lang='lat' dir='ltr'>hypochondrium</span> <span class='ocrx_word' id='word_1_185' title='bbox 757 1081 977 1120; x_wconf 80' lang='lat' dir='ltr'>compulerit,</span> <span class='ocrx_word' id='word_1_186' title='bbox 1004 1081 1054 1113; x_wconf 87' lang='lat' dir='ltr'>vel</span> <span class='ocrx_word' id='word_1_187' title='bbox 1066 1081 1215 1115; x_wconf 89' lang='lat' dir='ltr'>dolorem</span> <span class='ocrx_word' id='word_1_188' title='bbox 1237 1082 1332 1116; x_wconf 79' lang='lat' dir='ltr'>dum-</span> 
     </span>
     <span class='ocr_line' id='line_1_24' title="bbox 305 1123 1332 1172; baseline 0.001 -13"><span class='ocrx_word' id='word_1_189' title='bbox 305 1133 422 1162; x_wconf 82' lang='lat' dir='ltr'>taxat,</span> <span class='ocrx_word' id='word_1_190' title='bbox 444 1127 503 1169; x_wconf 91' lang='lat' dir='ltr'>qui</span> <span class='ocrx_word' id='word_1_191' title='bbox 525 1126 632 1159; x_wconf 85' lang='lat' dir='ltr'>eidem</span> <span class='ocrx_word' id='word_1_192' title='bbox 654 1125 792 1172; x_wconf 81' lang='lat' dir='ltr'>jecinori</span> <span class='ocrx_word' id='word_1_193' title='bbox 817 1123 898 1160; x_wconf 82' lang='lat' dir='ltr'>falso</span> <span class='ocrx_word' id='word_1_194' title='bbox 923 1126 1149 1166; x_wconf 79' lang='lat' dir='ltr'>imputabatur</span> <span class='ocrx_word' id='word_1_195' title='bbox 1173 1148 1182 1162; x_wconf 82' lang='lat'>‚</span> <span class='ocrx_word' id='word_1_196' title='bbox 1216 1137 1290 1159; x_wconf 83' lang='lat' dir='ltr'>cum</span> <span class='ocrx_word' id='word_1_197' title='bbox 1316 1139 1332 1160; x_wconf 83' lang='lat' dir='ltr'>a</span> 
     </span>
     <span class='ocr_line' id='line_1_25' title="bbox 307 1166 1330 1210; baseline 0.002 -7"><span class='ocrx_word' id='word_1_198' title='bbox 307 1168 503 1205; x_wconf 28' lang='lat' dir='ltr'>mesentlerio</span> <span class='ocrx_word' id='word_1_199' title='bbox 527 1169 626 1209; x_wconf 78' lang='lat' dir='ltr'>esset,</span> <span class='ocrx_word' id='word_1_200' title='bbox 650 1168 741 1210; x_wconf 75' lang='lat' dir='ltr'>quod</span> <span class='ocrx_word' id='word_1_201' title='bbox 763 1178 831 1203; x_wconf 80' lang='lat' dir='ltr'>erat</span> <span class='ocrx_word' id='word_1_202' title='bbox 857 1179 927 1201; x_wconf 85' lang='lat' dir='ltr'>mox</span> <span class='ocrx_word' id='word_1_203' title='bbox 962 1168 1020 1202; x_wconf 87' lang='lat' dir='ltr'>sub</span> <span class='ocrx_word' id='word_1_204' title='bbox 1044 1181 1082 1203; x_wconf 88' lang='lat' dir='ltr'>eo</span> <span class='ocrx_word' id='word_1_205' title='bbox 1116 1166 1236 1202; x_wconf 84' lang='lat' dir='ltr'>viscere</span> <span class='ocrx_word' id='word_1_206' title='bbox 1260 1180 1330 1206; x_wconf 69' lang='lat' dir='ltr'>exe-</span> 
     </span>
     <span class='ocr_line' id='line_1_26' title="bbox 301 1210 1329 1256; baseline 0.002 -12"><span class='ocrx_word' id='word_1_207' title='bbox 301 1211 376 1254; x_wconf 83' lang='lat' dir='ltr'>sum</span> <span class='ocrx_word' id='word_1_208' title='bbox 401 1213 503 1247; x_wconf 65' lang='lat' dir='ltr'>terme</span> <span class='ocrx_word' id='word_1_209' title='bbox 530 1214 567 1247; x_wconf 84' lang='lat' dir='ltr'>ad</span> <span class='ocrx_word' id='word_1_210' title='bbox 593 1214 708 1256; x_wconf 77' lang='lat' dir='ltr'>palmae</span> <span class='ocrx_word' id='word_1_211' title='bbox 731 1211 967 1247; x_wconf 82' lang='lat' dir='ltr'>latitudinem.</span> <span class='ocrx_word' id='word_1_212' title='bbox 1102 1210 1164 1245; x_wconf 86' lang='lat' dir='ltr'>Sed</span> <span class='ocrx_word' id='word_1_213' title='bbox 1188 1212 1226 1245; x_wconf 82' lang='lat' dir='ltr'>an&#39;</span> <span class='ocrx_word' id='word_1_214' title='bbox 1252 1224 1329 1255; x_wconf 90' lang='lat' dir='ltr'>pro-</span> 
     </span>
     <span class='ocr_line' id='line_1_27' title="bbox 306 1253 1330 1301; baseline 0.003 -15"><span class='ocrx_word' id='word_1_215' title='bbox 306 1255 394 1298; x_wconf 74' lang='lat' dir='ltr'>prias</span> <span class='ocrx_word' id='word_1_216' title='bbox 419 1257 580 1291; x_wconf 87' lang='lat' dir='ltr'>viscerum</span> <span class='ocrx_word' id='word_1_217' title='bbox 604 1268 675 1301; x_wconf 67' lang='lat' dir='ltr'>quae</span> <span class='ocrx_word' id='word_1_218' title='bbox 699 1256 733 1289; x_wconf 90' lang='lat' dir='ltr'>in</span> <span class='ocrx_word' id='word_1_219' title='bbox 757 1253 1021 1299; x_wconf 84' lang='lat' dir='ltr'>hypochondriis</span> <span class='ocrx_word' id='word_1_220' title='bbox 1045 1253 1144 1293; x_wconf 85' lang='lat' dir='ltr'>sunt,</span> <span class='ocrx_word' id='word_1_221' title='bbox 1167 1267 1267 1291; x_wconf 75' lang='lat' dir='ltr'>noxas</span> <span class='ocrx_word' id='word_1_222' title='bbox 1280 1268 1330 1291; x_wconf 87' lang='lat' dir='ltr'>re-</span> 
     </span>
     <span class='ocr_line' id='line_1_28' title="bbox 312 1308 504 1335; baseline 0.01 -3"><span class='ocrx_word' id='word_1_223' title='bbox 312 1308 481 1335; x_wconf 73' lang='lat' dir='ltr'>vertamur</span> <span class='ocrx_word' id='word_1_224' title='bbox 496 1326 504 1334; x_wconf 90' lang='lat'><strong>.</strong></span> 
     </span>
    </p>

    <p class='ocr_par' dir='ltr' id='par_1_5' title="bbox 305 1341 1330 1556">
     <span class='ocr_line' id='line_1_29' title="bbox 349 1341 1327 1386; baseline 0.001 -9"><span class='ocrx_word' id='word_1_225' title='bbox 349 1354 402 1378; x_wconf 83' lang='lat'>22.</span> <span class='ocrx_word' id='word_1_226' title='bbox 429 1344 600 1386; x_wconf 85' lang='lat' dir='ltr'>Qoniam</span> <span class='ocrx_word' id='word_1_227' title='bbox 636 1354 714 1377; x_wconf 83' lang='lat' dir='ltr'>vero</span> <span class='ocrx_word' id='word_1_228' title='bbox 739 1341 803 1375; x_wconf 86' lang='lat' dir='ltr'>tibi</span> <span class='ocrx_word' id='word_1_229' title='bbox 841 1342 947 1375; x_wconf 89' lang='lat' dir='ltr'>multo</span> <span class='ocrx_word' id='word_1_230' title='bbox 972 1341 1085 1385; x_wconf 81' lang='lat' dir='ltr'>saepius</span> <span class='ocrx_word' id='word_1_231' title='bbox 1109 1342 1327 1378; x_wconf 83' lang='lat' dir='ltr'>Observatio-</span> 
     </span>
     <span class='ocr_line' id='line_1_30' title="bbox 305 1383 1329 1431; baseline 0 -10"><span class='ocrx_word' id='word_1_232' title='bbox 305 1398 359 1422; x_wconf 86' lang='lat' dir='ltr'>nes</span> <span class='ocrx_word' id='word_1_233' title='bbox 384 1387 537 1431; x_wconf 80' lang='lat' dir='ltr'>descripsi</span> <span class='ocrx_word' id='word_1_234' title='bbox 565 1389 723 1421; x_wconf 89' lang='lat' dir='ltr'>tumentis</span> <span class='ocrx_word' id='word_1_235' title='bbox 747 1395 803 1419; x_wconf 78' lang='lat' dir='ltr'>aut</span> <span class='ocrx_word' id='word_1_236' title='bbox 827 1383 977 1426; x_wconf 83' lang='lat' dir='ltr'>hepatis,</span> <span class='ocrx_word' id='word_1_237' title='bbox 1000 1396 1056 1420; x_wconf 89' lang='lat' dir='ltr'>aut</span> <span class='ocrx_word' id='word_1_238' title='bbox 1082 1387 1203 1425; x_wconf 84' lang='lat' dir='ltr'>lienis3</span> <span class='ocrx_word' id='word_1_239' title='bbox 1228 1389 1329 1422; x_wconf 89' lang='lat' dir='ltr'>idcir-</span> 
     </span>
     <span class='ocr_line' id='line_1_31' title="bbox 305 1430 1330 1474; baseline -0.007 -6"><span class='ocrx_word' id='word_1_240' title='bbox 305 1443 347 1468; x_wconf 85' lang='lat' dir='ltr'>co</span> <span class='ocrx_word' id='word_1_241' title='bbox 372 1432 410 1466; x_wconf 89' lang='lat' dir='ltr'>ad</span> <span class='ocrx_word' id='word_1_242' title='bbox 436 1444 485 1469; x_wconf 83' lang='lat' dir='ltr'>eas</span> <span class='ocrx_word' id='word_1_243' title='bbox 511 1442 589 1474; x_wconf 81' lang='lat' dir='ltr'>quas</span> <span class='ocrx_word' id='word_1_244' title='bbox 614 1430 768 1464; x_wconf 77' lang='lat' dir='ltr'>hactenus</span> <span class='ocrx_word' id='word_1_245' title='bbox 795 1440 834 1462; x_wconf 82' lang='lat' dir='ltr'>ex</span> <span class='ocrx_word' id='word_1_246' title='bbox 847 1430 1002 1464; x_wconf 74' lang='lat' dir='ltr'>Valsalva</span> <span class='ocrx_word' id='word_1_247' title='bbox 1015 1431 1160 1472; x_wconf 88' lang='lat' dir='ltr'>protuli,</span> <span class='ocrx_word' id='word_1_248' title='bbox 1185 1431 1239 1464; x_wconf 85' lang='lat' dir='ltr'>hic</span> <span class='ocrx_word' id='word_1_249' title='bbox 1250 1444 1330 1474; x_wconf 82' lang='lat' dir='ltr'>pau-</span> 
     </span>
     <span class='ocr_line' id='line_1_32' title="bbox 305 1473 1329 1520; baseline -0.003 -10"><span class='ocrx_word' id='word_1_250' title='bbox 305 1488 359 1513; x_wconf 74' lang='lat' dir='ltr'>cas</span> <span class='ocrx_word' id='word_1_251' title='bbox 383 1476 562 1511; x_wconf 83' lang='lat' dir='ltr'>adscribere</span> <span class='ocrx_word' id='word_1_252' title='bbox 585 1475 659 1512; x_wconf 84' lang='lat' dir='ltr'>satis</span> <span class='ocrx_word' id='word_1_253' title='bbox 682 1475 769 1512; x_wconf 88' lang='lat' dir='ltr'>erit,</span> <span class='ocrx_word' id='word_1_254' title='bbox 794 1473 980 1509; x_wconf 84' lang='lat' dir='ltr'>tumoribus</span> <span class='ocrx_word' id='word_1_255' title='bbox 1002 1474 1134 1509; x_wconf 85' lang='lat' dir='ltr'>visceris</span> <span class='ocrx_word' id='word_1_256' title='bbox 1158 1475 1329 1520; x_wconf 82' lang='lat' dir='ltr'>utriusque</span> 
     </span>
     <span class='ocr_line' id='line_1_33' title="bbox 307 1532 519 1556; baseline -0.009 0"><span class='ocrx_word' id='word_1_257' title='bbox 307 1532 519 1556; x_wconf 80' lang='lat' dir='ltr'>communes.</span> 
     </span>
    </p>

    <p class='ocr_par' dir='ltr' id='par_1_6' title="bbox 306 1561 1345 3350">
     <span class='ocr_line' id='line_1_34' title="bbox 352 1561 1325 1609; baseline -0.003 -10"><span class='ocrx_word' id='word_1_258' title='bbox 352 1577 404 1609; x_wconf 85' lang='lat'>23.</span> <span class='ocrx_word' id='word_1_259' title='bbox 429 1563 705 1602; x_wconf 80' lang='lat' dir='ltr'>LANARIUS,</span> <span class='ocrx_word' id='word_1_260' title='bbox 730 1561 949 1604; x_wconf 78' lang='lat' dir='ltr'>quadraginta</span> <span class='ocrx_word' id='word_1_261' title='bbox 973 1563 1106 1596; x_wconf 86' lang='lat' dir='ltr'>circiter</span> <span class='ocrx_word' id='word_1_262' title='bbox 1132 1573 1291 1596; x_wconf 90' lang='lat' dir='ltr'>annorum</span> <span class='ocrx_word' id='word_1_263' title='bbox 1314 1585 1325 1601; x_wconf 83' lang='lat'><strong><em>,</em></strong></span> 
     </span>
     <span class='ocr_line' id='line_1_35' title="bbox 306 1606 1328 1649; baseline -0.005 -5"><span class='ocrx_word' id='word_1_264' title='bbox 306 1619 438 1645; x_wconf 88' lang='lat' dir='ltr'>venerat</span> <span class='ocrx_word' id='word_1_265' title='bbox 460 1611 494 1642; x_wconf 83' lang='lat' dir='ltr'>in</span> <span class='ocrx_word' id='word_1_266' title='bbox 511 1607 751 1641; x_wconf 83' lang='lat' dir='ltr'>Nosocomium</span> <span class='ocrx_word' id='word_1_267' title='bbox 766 1607 958 1638; x_wconf 88' lang='lat' dir='ltr'>Patavinum</span> <span class='ocrx_word' id='word_1_268' title='bbox 984 1616 1119 1649; x_wconf 88' lang='lat' dir='ltr'>propter</span> <span class='ocrx_word' id='word_1_269' title='bbox 1131 1606 1328 1649; x_wconf 81' lang='lat' dir='ltr'>hypoclion-</span> 
     </span>
     <span class='ocr_line' id='line_1_36' title="bbox 306 1647 1331 1693; baseline -0.005 -5"><span class='ocrx_word' id='word_1_270' title='bbox 306 1654 478 1692; x_wconf 83' lang='lat' dir='ltr'>driorum,</span> <span class='ocrx_word' id='word_1_271' title='bbox 504 1661 539 1685; x_wconf 88' lang='lat' dir='ltr'>ut</span> <span class='ocrx_word' id='word_1_272' title='bbox 563 1651 628 1693; x_wconf 84' lang='lat' dir='ltr'>ipse</span> <span class='ocrx_word' id='word_1_273' title='bbox 651 1650 805 1685; x_wconf 80' lang='lat' dir='ltr'>dicebat,</span> <span class='ocrx_word' id='word_1_274' title='bbox 832 1647 1068 1683; x_wconf 69' lang='lat' dir='ltr'>obstructiones</span> <span class='ocrx_word' id='word_1_275' title='bbox 1089 1673 1096 1681; x_wconf 93' lang='lat'>.</span> <span class='ocrx_word' id='word_1_276' title='bbox 1133 1652 1219 1684; x_wconf 80' lang='lat' dir='ltr'>Vera</span> <span class='ocrx_word' id='word_1_277' title='bbox 1242 1650 1331 1684; x_wconf 90' lang='lat' dir='ltr'>dice-</span> 
     </span>
     <span class='ocr_line' id='line_1_37' title="bbox 307 1691 1330 1739; baseline -0.007 -6"><span class='ocrx_word' id='word_1_278' title='bbox 307 1709 342 1734; x_wconf 88' lang='lat' dir='ltr'>re</span> <span class='ocrx_word' id='word_1_279' title='bbox 366 1723 375 1739; x_wconf 89' lang='lat'>‚</span> <span class='ocrx_word' id='word_1_280' title='bbox 407 1709 481 1733; x_wconf 86' lang='lat' dir='ltr'>cum</span> <span class='ocrx_word' id='word_1_281' title='bbox 507 1695 609 1728; x_wconf 81' lang='lat' dir='ltr'>malus</span> <span class='ocrx_word' id='word_1_282' title='bbox 633 1691 730 1727; x_wconf 83' lang='lat' dir='ltr'>faciei</span> <span class='ocrx_word' id='word_1_283' title='bbox 761 1692 855 1726; x_wconf 89' lang='lat' dir='ltr'>color</span> <span class='ocrx_word' id='word_1_284' title='bbox 879 1715 887 1730; x_wconf 90' lang='lat'>‚</span> <span class='ocrx_word' id='word_1_285' title='bbox 922 1694 953 1724; x_wconf 71' lang='grc' dir='ltr'>δι</span> <span class='ocrx_word' id='word_1_286' title='bbox 977 1692 1108 1726; x_wconf 84' lang='lat' dir='ltr'>infirma</span> <span class='ocrx_word' id='word_1_287' title='bbox 1134 1703 1240 1727; x_wconf 85' lang='lat' dir='ltr'>toturn</span> <span class='ocrx_word' id='word_1_288' title='bbox 1263 1694 1330 1733; x_wconf 83' lang='lat' dir='ltr'>jam</span> 
     </span>
     <span class='ocr_line' id='line_1_38' title="bbox 309 1734 1333 1778; baseline -0.003 -5"><span class='ocrx_word' id='word_1_289' title='bbox 309 1754 429 1778; x_wconf 73' lang='lat' dir='ltr'>annum</span> <span class='ocrx_word' id='word_1_290' title='bbox 456 1739 629 1776; x_wconf 81' lang='lat' dir='ltr'>valetudo,</span> <span class='ocrx_word' id='word_1_291' title='bbox 656 1741 685 1770; x_wconf 59' lang='grc' dir='ltr'><strong>ἃ</strong></span> <span class='ocrx_word' id='word_1_292' title='bbox 712 1734 872 1769; x_wconf 79' lang='lat' dir='ltr'>febricula</span> <span class='ocrx_word' id='word_1_293' title='bbox 897 1746 960 1777; x_wconf 87' lang='lat' dir='ltr'>qua</span> <span class='ocrx_word' id='word_1_294' title='bbox 986 1734 1066 1777; x_wconf 82' lang='lat' dir='ltr'>saepe</span> <span class='ocrx_word' id='word_1_295' title='bbox 1091 1745 1237 1769; x_wconf 83' lang='lat' dir='ltr'>tentatus</span> <span class='ocrx_word' id='word_1_296' title='bbox 1262 1736 1333 1770; x_wconf 77' lang='lat' dir='ltr'>sue-</span> 
     </span>
     <span class='ocr_line' id='line_1_39' title="bbox 306 1779 1330 1825; baseline -0.008 -3"><span class='ocrx_word' id='word_1_297' title='bbox 306 1796 381 1823; x_wconf 84' lang='lat' dir='ltr'>rat,</span> <span class='ocrx_word' id='word_1_298' title='bbox 407 1797 463 1820; x_wconf 87' lang='lat' dir='ltr'>nec</span> <span class='ocrx_word' id='word_1_299' title='bbox 488 1796 526 1818; x_wconf 86' lang='lat' dir='ltr'>eo</span> <span class='ocrx_word' id='word_1_300' title='bbox 551 1782 621 1825; x_wconf 88' lang='lat' dir='ltr'>ipso</span> <span class='ocrx_word' id='word_1_301' title='bbox 646 1781 777 1815; x_wconf 79' lang='lat' dir='ltr'>carebat</span> <span class='ocrx_word' id='word_1_302' title='bbox 801 1789 948 1815; x_wconf 80' lang='lat' dir='ltr'>tempore</span> <span class='ocrx_word' id='word_1_303' title='bbox 970 1801 981 1817; x_wconf 88' lang='lat'><em>,</em></span> <span class='ocrx_word' id='word_1_304' title='bbox 1018 1779 1233 1817; x_wconf 80' lang='lat' dir='ltr'>indicabant,</span> <span class='ocrx_word' id='word_1_305' title='bbox 1258 1789 1330 1814; x_wconf 88' lang='lat' dir='ltr'>tum</span> 
     </span>
     <span class='ocr_line' id='line_1_40' title="bbox 307 1822 1332 1874; baseline -0.012 -9"><span class='ocrx_word' id='word_1_306' title='bbox 307 1830 492 1874; x_wconf 84' lang='lat' dir='ltr'>praesertirn</span> <span class='ocrx_word' id='word_1_307' title='bbox 519 1827 649 1860; x_wconf 88' lang='lat' dir='ltr'>admota</span> <span class='ocrx_word' id='word_1_308' title='bbox 664 1822 919 1867; x_wconf 76' lang='lat' dir='ltr'>hypochondrio</span> <span class='ocrx_word' id='word_1_309' title='bbox 944 1823 1078 1865; x_wconf 85' lang='lat' dir='ltr'>utrique</span> <span class='ocrx_word' id='word_1_310' title='bbox 1092 1835 1228 1863; x_wconf 85' lang='lat' dir='ltr'>manus,</span> <span class='ocrx_word' id='word_1_311' title='bbox 1253 1825 1332 1857; x_wconf 87' lang='lat' dir='ltr'>dex-</span> 
     </span>
     <span class='ocr_line' id='line_1_41' title="bbox 307 1865 1331 1917; baseline -0.008 -9"><span class='ocrx_word' id='word_1_312' title='bbox 307 1883 381 1908; x_wconf 87' lang='lat' dir='ltr'>tero</span> <span class='ocrx_word' id='word_1_313' title='bbox 407 1870 610 1917; x_wconf 80' lang='lat' dir='ltr'>potissimum</span> <span class='ocrx_word' id='word_1_314' title='bbox 629 1892 641 1909; x_wconf 87' lang='lat'><em>‚</em></span> <span class='ocrx_word' id='word_1_315' title='bbox 674 1867 893 1902; x_wconf 81' lang='lat' dir='ltr'>confirmabat</span> <span class='ocrx_word' id='word_1_316' title='bbox 919 1890 925 1896; x_wconf 93' lang='lat'>.</span> <span class='ocrx_word' id='word_1_317' title='bbox 950 1867 1037 1898; x_wconf 88' lang='lat' dir='ltr'>Cum</span> <span class='ocrx_word' id='word_1_318' title='bbox 1065 1867 1113 1900; x_wconf 87' lang='lat' dir='ltr'>ibi</span> <span class='ocrx_word' id='word_1_319' title='bbox 1136 1865 1202 1909; x_wconf 79' lang='lat' dir='ltr'>jam</span> <span class='ocrx_word' id='word_1_320' title='bbox 1228 1879 1331 1900; x_wconf 85' lang='lat' dir='ltr'>reme-</span> 
     </span>
     <span class='ocr_line' id='line_1_42' title="bbox 307 1908 1335 1956; baseline -0.005 -8"><span class='ocrx_word' id='word_1_321' title='bbox 307 1918 441 1952; x_wconf 82' lang='lat' dir='ltr'>diorum</span> <span class='ocrx_word' id='word_1_322' title='bbox 473 1926 533 1956; x_wconf 85' lang='lat' dir='ltr'>ope</span> <span class='ocrx_word' id='word_1_323' title='bbox 559 1912 686 1955; x_wconf 80' lang='lat' dir='ltr'>aliquid</span> <span class='ocrx_word' id='word_1_324' title='bbox 725 1908 892 1953; x_wconf 78' lang='lat' dir='ltr'>profecisse</span> <span class='ocrx_word' id='word_1_325' title='bbox 919 1908 1085 1943; x_wconf 85' lang='lat' dir='ltr'>videretur</span> <span class='ocrx_word' id='word_1_326' title='bbox 1108 1921 1119 1948; x_wconf 79' lang='lat'>3</span> <span class='ocrx_word' id='word_1_327' title='bbox 1144 1922 1215 1943; x_wconf 86' lang='lat' dir='ltr'>ecce</span> <span class='ocrx_word' id='word_1_328' title='bbox 1240 1920 1335 1944; x_wconf 87' lang='lat' dir='ltr'>acuta</span> 
     </span>
     <span class='ocr_line' id='line_1_43' title="bbox 308 1952 1334 2006; baseline -0.011 -9"><span class='ocrx_word' id='word_1_329' title='bbox 308 1960 520 2006; x_wconf 84' lang='lat' dir='ltr'>prehenditur</span> <span class='ocrx_word' id='word_1_330' title='bbox 545 1955 659 1997; x_wconf 84' lang='lat' dir='ltr'>febre,</span> <span class='ocrx_word' id='word_1_331' title='bbox 685 1955 786 1997; x_wconf 81' lang='lat' dir='ltr'>fignis</span> <span class='ocrx_word' id='word_1_332' title='bbox 810 1954 924 1994; x_wconf 78' lang='lat' dir='ltr'>stipata</span> <span class='ocrx_word' id='word_1_333' title='bbox 950 1953 1084 1987; x_wconf 66' lang='lat' dir='ltr'>internae</span> <span class='ocrx_word' id='word_1_334' title='bbox 1109 1952 1256 1987; x_wconf 82' lang='lat' dir='ltr'>thoracis</span> <span class='ocrx_word' id='word_1_335' title='bbox 1282 1955 1334 1986; x_wconf 70' lang='lat' dir='ltr'>in-</span> 
     </span>
     <span class='ocr_line' id='line_1_44' title="bbox 308 1997 1334 2043; baseline -0.011 -2"><span class='ocrx_word' id='word_1_336' title='bbox 308 2004 569 2041; x_wconf 76' lang='lat' dir='ltr'>flammationis,</span> <span class='ocrx_word' id='word_1_337' title='bbox 592 2011 692 2043; x_wconf 88' lang='lat' dir='ltr'>eaque</span> <span class='ocrx_word' id='word_1_338' title='bbox 719 2001 805 2030; x_wconf 84' lang='lat' dir='ltr'>intra</span> <span class='ocrx_word' id='word_1_339' title='bbox 829 1997 940 2030; x_wconf 85' lang='lat' dir='ltr'>decem</span> <span class='ocrx_word' id='word_1_340' title='bbox 960 2017 971 2034; x_wconf 87' lang='lat'><em>,</em></span> <span class='ocrx_word' id='word_1_341' title='bbox 1007 2008 1045 2030; x_wconf 88' lang='lat' dir='ltr'>an</span> <span class='ocrx_word' id='word_1_342' title='bbox 1069 1997 1244 2031; x_wconf 81' lang='lat' dir='ltr'>duodecim</span> <span class='ocrx_word' id='word_1_343' title='bbox 1267 1997 1334 2031; x_wconf 86' lang='lat' dir='ltr'>dies</span> 
     </span>
     <span class='ocr_line' id='line_1_45' title="bbox 310 2040 1335 2085; baseline -0.011 0"><span class='ocrx_word' id='word_1_344' title='bbox 310 2051 488 2085; x_wconf 86' lang='lat' dir='ltr'>conficitur</span> <span class='ocrx_word' id='word_1_345' title='bbox 508 2073 515 2080; x_wconf 95' lang='lat'>.</span> <span class='ocrx_word' id='word_1_346' title='bbox 650 2041 888 2076; x_wconf 69' lang='lat' dir='ltr'>CADAVER</span> <span class='ocrx_word' id='word_1_347' title='bbox 908 2062 918 2077; x_wconf 93' lang='lat'>,</span> <span class='ocrx_word' id='word_1_348' title='bbox 952 2040 1035 2073; x_wconf 81' lang='lat' dir='ltr'>unde</span> <span class='ocrx_word' id='word_1_349' title='bbox 1062 2042 1248 2074; x_wconf 82' lang='lat' dir='ltr'>Anatomen</span> <span class='ocrx_word' id='word_1_350' title='bbox 1283 2042 1335 2074; x_wconf 90' lang='lat' dir='ltr'>in-</span> 
     </span>
     <span class='ocr_line' id='line_1_46' title="bbox 310 2082 1335 2132; baseline -0.011 -2"><span class='ocrx_word' id='word_1_351' title='bbox 310 2094 465 2129; x_wconf 87' lang='lat' dir='ltr'>choarem</span> <span class='ocrx_word' id='word_1_352' title='bbox 491 2093 533 2124; x_wconf 89' lang='lat' dir='ltr'>A.</span> <span class='ocrx_word' id='word_1_353' title='bbox 561 2091 658 2132; x_wconf 79' lang='lat'>1746,</span> <span class='ocrx_word' id='word_1_354' title='bbox 681 2089 716 2119; x_wconf 83' lang='lat' dir='ltr'>in</span> <span class='ocrx_word' id='word_1_355' title='bbox 740 2082 956 2127; x_wconf 74' lang='lat' dir='ltr'>Gymnasium</span> <span class='ocrx_word' id='word_1_356' title='bbox 979 2083 1109 2117; x_wconf 83' lang='lat' dir='ltr'>illatum</span> <span class='ocrx_word' id='word_1_357' title='bbox 1135 2084 1179 2117; x_wconf 88' lang='lat' dir='ltr'>est</span> <span class='ocrx_word' id='word_1_358' title='bbox 1203 2097 1213 2115; x_wconf 89' lang='lat'>.·</span> <span class='ocrx_word' id='word_1_359' title='bbox 1244 2083 1335 2127; x_wconf 88' lang='lat' dir='ltr'>quod</span> 
     </span>
     <span class='ocr_line' id='line_1_47' title="bbox 311 2127 1334 2180; baseline 0.001 -20"><span class='ocrx_word' id='word_1_360' title='bbox 311 2137 485 2180; x_wconf 56' lang='lat' dir='ltr'>inspiciens</span> <span class='ocrx_word' id='word_1_361' title='bbox 507 2159 516 2174; x_wconf 75' lang='lat'>‚</span> <span class='ocrx_word' id='word_1_362' title='bbox 549 2131 726 2166; x_wconf 61' lang='lat' dir='ltr'>candidum</span> <span class='ocrx_word' id='word_1_363' title='bbox 751 2151 760 2166; x_wconf 91' lang='lat'><strong>,</strong></span> <span class='ocrx_word' id='word_1_364' title='bbox 793 2138 899 2170; x_wconf 84' lang='lat' dir='ltr'>neque</span> <span class='ocrx_word' id='word_1_365' title='bbox 924 2128 1063 2160; x_wconf 85' lang='lat' dir='ltr'>omnino</span> <span class='ocrx_word' id='word_1_366' title='bbox 1086 2127 1301 2161; x_wconf 87' lang='lat' dir='ltr'>macilentum</span> <span class='ocrx_word' id='word_1_367' title='bbox 1322 2150 1334 2166; x_wconf 85' lang='lat'><strong>,</strong></span> 
     </span>
     <span class='ocr_line' id='line_1_48' title="bbox 313 2169 1335 2218; baseline -0.007 -6"><span class='ocrx_word' id='word_1_368' title='bbox 313 2194 417 2216; x_wconf 70' lang='lat' dir='ltr'>neque</span> <span class='ocrx_word' id='word_1_369' title='bbox 450 2178 589 2214; x_wconf 72' lang='lat' dir='ltr'>tumidis</span> <span class='ocrx_word' id='word_1_370' title='bbox 614 2174 751 2218; x_wconf 81' lang='lat' dir='ltr'>pedibus</span> <span class='ocrx_word' id='word_1_371' title='bbox 774 2170 863 2210; x_wconf 78' lang='lat' dir='ltr'>esse,</span> <span class='ocrx_word' id='word_1_372' title='bbox 899 2169 967 2203; x_wconf 86' lang='lat' dir='ltr'>vidi</span> <span class='ocrx_word' id='word_1_373' title='bbox 990 2196 997 2203; x_wconf 93' lang='lat'><em>.</em></span> <span class='ocrx_word' id='word_1_374' title='bbox 1133 2171 1335 2205; x_wconf 86' lang='lat' dir='ltr'>Abdominis</span> 
     </span>
     <span class='ocr_line' id='line_1_49' title="bbox 314 2213 1337 2260; baseline -0.005 -6"><span class='ocrx_word' id='word_1_375' title='bbox 314 2215 449 2260; x_wconf 54' lang='lat' dir='ltr'>mustuli</span> <span class='ocrx_word' id='word_1_376' title='bbox 476 2234 551 2257; x_wconf 79' lang='lat' dir='ltr'>cum</span> <span class='ocrx_word' id='word_1_377' title='bbox 577 2221 633 2253; x_wconf 83' lang='lat' dir='ltr'>vix</span> <span class='ocrx_word' id='word_1_378' title='bbox 657 2219 760 2251; x_wconf 78' lang='lat' dir='ltr'>biouo</span> <span class='ocrx_word' id='word_1_379' title='bbox 785 2215 855 2258; x_wconf 85' lang='lat' dir='ltr'>post</span> <span class='ocrx_word' id='word_1_380' title='bbox 880 2223 1022 2247; x_wconf 85' lang='lat' dir='ltr'>mortem</span> <span class='ocrx_word' id='word_1_381' title='bbox 1047 2213 1254 2255; x_wconf 82' lang='lat' dir='ltr'>secarentur,</span> <span class='ocrx_word' id='word_1_382' title='bbox 1286 2215 1337 2249; x_wconf 90' lang='lat' dir='ltr'>id-</span> 
     </span>
     <span class='ocr_line' id='line_1_50' title="bbox 312 2257 1337 2313; baseline -0.007 -14"><span class='ocrx_word' id='word_1_383' title='bbox 312 2281 375 2313; x_wconf 70' lang='lat' dir='ltr'>que</span> <span class='ocrx_word' id='word_1_384' title='bbox 399 2268 556 2313; x_wconf 76' lang='lat' dir='ltr'>Januario</span> <span class='ocrx_word' id='word_1_385' title='bbox 583 2262 713 2300; x_wconf 83' lang='lat' dir='ltr'>mense,</span> <span class='ocrx_word' id='word_1_386' title='bbox 737 2259 805 2292; x_wconf 81' lang='lat' dir='ltr'>laxi</span> <span class='ocrx_word' id='word_1_387' title='bbox 830 2268 942 2294; x_wconf 73' lang='lat' dir='ltr'>erant,</span> <span class='ocrx_word' id='word_1_388' title='bbox 966 2259 1099 2300; x_wconf 85' lang='lat' dir='ltr'>imaque</span> <span class='ocrx_word' id='word_1_389' title='bbox 1112 2267 1202 2301; x_wconf 87' lang='lat' dir='ltr'>parte</span> <span class='ocrx_word' id='word_1_390' title='bbox 1227 2257 1266 2291; x_wconf 87' lang='lat' dir='ltr'>ad</span> <span class='ocrx_word' id='word_1_391' title='bbox 1279 2270 1337 2292; x_wconf 90' lang='lat' dir='ltr'>co-</span> 
     </span>
     <span class='ocr_line' id='line_1_51' title="bbox 315 2302 1337 2348; baseline -0.008 -4"><span class='ocrx_word' id='word_1_392' title='bbox 315 2315 420 2348; x_wconf 82' lang='lat' dir='ltr'>lorem</span> <span class='ocrx_word' id='word_1_393' title='bbox 455 2309 656 2346; x_wconf 83' lang='lat' dir='ltr'>subviridern</span> <span class='ocrx_word' id='word_1_394' title='bbox 680 2303 885 2338; x_wconf 77' lang='lat' dir='ltr'>inclinabant</span> <span class='ocrx_word' id='word_1_395' title='bbox 909 2326 916 2333; x_wconf 88' lang='lat'><strong><em>.</em></strong></span> <span class='ocrx_word' id='word_1_396' title='bbox 951 2302 1079 2335; x_wconf 80' lang='lat' dir='ltr'>Tamen</span> <span class='ocrx_word' id='word_1_397' title='bbox 1104 2313 1176 2345; x_wconf 83' lang='lat' dir='ltr'>quae</span> <span class='ocrx_word' id='word_1_398' title='bbox 1211 2303 1337 2337; x_wconf 86' lang='lat' dir='ltr'>Ventre</span> 
     </span>
     <span class='ocr_line' id='line_1_52' title="bbox 315 2344 1331 2392; baseline -0.014 0"><span class='ocrx_word' id='word_1_399' title='bbox 315 2356 570 2392; x_wconf 78' lang='lat' dir='ltr'>continebantur</span> <span class='ocrx_word' id='word_1_400' title='bbox 595 2375 606 2392; x_wconf 82' lang='grc'>,</span> <span class='ocrx_word' id='word_1_401' title='bbox 638 2348 813 2383; x_wconf 84' lang='lat' dir='ltr'>secundum</span> <span class='ocrx_word' id='word_1_402' title='bbox 851 2355 1003 2378; x_wconf 87' lang='lat' dir='ltr'>naturam</span> <span class='ocrx_word' id='word_1_403' title='bbox 1036 2347 1066 2379; x_wconf 87' lang='lat' dir='ltr'>se</span> <span class='ocrx_word' id='word_1_404' title='bbox 1096 2344 1283 2383; x_wconf 76' lang='lat' dir='ltr'>habebant3</span> <span class='ocrx_word' id='word_1_405' title='bbox 1309 2346 1331 2378; x_wconf 75' lang='lat' dir='ltr'>si</span> 
     </span>
     <span class='ocr_line' id='line_1_53' title="bbox 316 2388 1338 2440; baseline -0.013 -5"><span class='ocrx_word' id='word_1_406' title='bbox 316 2402 385 2437; x_wconf 84' lang='lat' dir='ltr'>haec</span> <span class='ocrx_word' id='word_1_407' title='bbox 409 2401 589 2440; x_wconf 76' lang='lat' dir='ltr'>exciperes.</span> <span class='ocrx_word' id='word_1_408' title='bbox 611 2393 712 2438; x_wconf 83' lang='lat' dir='ltr'>Jecur</span> <span class='ocrx_word' id='word_1_409' title='bbox 737 2390 883 2432; x_wconf 89' lang='lat' dir='ltr'>amplum</span> <span class='ocrx_word' id='word_1_410' title='bbox 909 2397 1026 2429; x_wconf 84' lang='lat' dir='ltr'>praeter</span> <span class='ocrx_word' id='word_1_411' title='bbox 1038 2391 1195 2427; x_wconf 83' lang='lat' dir='ltr'>modum3</span> <span class='ocrx_word' id='word_1_412' title='bbox 1220 2399 1256 2422; x_wconf 88' lang='lat' dir='ltr'>ut</span> <span class='ocrx_word' id='word_1_413' title='bbox 1269 2388 1338 2431; x_wconf 86' lang='lat' dir='ltr'>ejus</span> 
     </span>
     <span class='ocr_line' id='line_1_54' title="bbox 317 2430 1338 2480; baseline -0.016 0"><span class='ocrx_word' id='word_1_414' title='bbox 317 2446 421 2480; x_wconf 90' lang='lat' dir='ltr'>nimia</span> <span class='ocrx_word' id='word_1_415' title='bbox 447 2441 639 2478; x_wconf 64' lang='lat' dir='ltr'>magnitudo</span> <span class='ocrx_word' id='word_1_416' title='bbox 670 2437 704 2468; x_wconf 87' lang='lat' dir='ltr'>in</span> <span class='ocrx_word' id='word_1_417' title='bbox 729 2433 880 2466; x_wconf 88' lang='lat' dir='ltr'>omniurn</span> <span class='ocrx_word' id='word_1_418' title='bbox 915 2430 1029 2464; x_wconf 90' lang='lat' dir='ltr'>oculos</span> <span class='ocrx_word' id='word_1_419' title='bbox 1053 2431 1161 2465; x_wconf 84' lang='lat' dir='ltr'>statim</span> <span class='ocrx_word' id='word_1_420' title='bbox 1193 2433 1338 2465; x_wconf 89' lang='lat' dir='ltr'>incurre-</span> 
     </span>
     <span class='ocr_line' id='line_1_55' title="bbox 317 2475 1339 2528; baseline -0.007 -12"><span class='ocrx_word' id='word_1_421' title='bbox 317 2498 366 2524; x_wconf 63' lang='lat' dir='ltr'>ret</span> <span class='ocrx_word' id='word_1_422' title='bbox 412 2490 444 2521; x_wconf 84' lang='lat'>&amp;</span> <span class='ocrx_word' id='word_1_423' title='bbox 466 2478 617 2528; x_wconf 70' lang='lat' dir='ltr'>quamvis</span> <span class='ocrx_word' id='word_1_424' title='bbox 653 2489 716 2513; x_wconf 90' lang='lat' dir='ltr'>non</span> <span class='ocrx_word' id='word_1_425' title='bbox 744 2477 831 2509; x_wconf 88' lang='lat' dir='ltr'>malo</span> <span class='ocrx_word' id='word_1_426' title='bbox 866 2475 1008 2507; x_wconf 70' lang='lat' dir='ltr'>exterius</span> <span class='ocrx_word' id='word_1_427' title='bbox 1031 2475 1173 2513; x_wconf 80' lang='lat' dir='ltr'>colore3</span> <span class='ocrx_word' id='word_1_428' title='bbox 1201 2476 1339 2509; x_wconf 87' lang='lat' dir='ltr'>interius</span> 
     </span>
     <span class='ocr_line' id='line_1_56' title="bbox 318 2511 1339 2568; baseline -0.011 -4"><span class='ocrx_word' id='word_1_429' title='bbox 318 2511 428 2568; x_wconf 72' lang='lat' dir='ltr'>tarrien</span> <span class='ocrx_word' id='word_1_430' title='bbox 463 2540 502 2563; x_wconf 82' lang='lat' dir='ltr'>ex</span> <span class='ocrx_word' id='word_1_431' title='bbox 533 2523 716 2568; x_wconf 88' lang='lat' dir='ltr'>subpallido</span> <span class='ocrx_word' id='word_1_432' title='bbox 762 2518 889 2553; x_wconf 87' lang='lat' dir='ltr'>fuscum</span> <span class='ocrx_word' id='word_1_433' title='bbox 918 2543 927 2557; x_wconf 95' lang='lat'>,</span> <span class='ocrx_word' id='word_1_434' title='bbox 976 2526 1151 2561; x_wconf 83' lang='lat' dir='ltr'>totumque</span> <span class='ocrx_word' id='word_1_435' title='bbox 1186 2530 1339 2561; x_wconf 83' lang='lat' dir='ltr'>praeterea</span> 
     </span>
     <span class='ocr_line' id='line_1_57' title="bbox 318 2561 1337 2612; baseline -0.005 -10"><span class='ocrx_word' id='word_1_436' title='bbox 318 2577 386 2612; x_wconf 76' lang='lat' dir='ltr'>five</span> <span class='ocrx_word' id='word_1_437' title='bbox 408 2577 497 2607; x_wconf 75' lang='lat' dir='ltr'>intus</span> <span class='ocrx_word' id='word_1_438' title='bbox 522 2594 530 2608; x_wconf 87' lang='lat'><em>,</em></span> <span class='ocrx_word' id='word_1_439' title='bbox 566 2570 630 2603; x_wconf 79' lang='lat' dir='ltr'>sive</span> <span class='ocrx_word' id='word_1_440' title='bbox 652 2576 744 2601; x_wconf 79' lang='lat' dir='ltr'>extra</span> <span class='ocrx_word' id='word_1_441' title='bbox 774 2588 783 2603; x_wconf 85' lang='lat'>,</span> <span class='ocrx_word' id='word_1_442' title='bbox 819 2562 957 2596; x_wconf 85' lang='lat' dir='ltr'>attentis</span> <span class='ocrx_word' id='word_1_443' title='bbox 978 2562 1082 2595; x_wconf 90' lang='lat' dir='ltr'>oculis</span> <span class='ocrx_word' id='word_1_444' title='bbox 1106 2561 1304 2604; x_wconf 69' lang='lat' dir='ltr'>inspet‘tares</span> <span class='ocrx_word' id='word_1_445' title='bbox 1326 2586 1337 2602; x_wconf 85' lang='lat'>‚</span> 
     </span>
     <span class='ocr_line' id='line_1_58' title="bbox 319 2606 1338 2660; baseline -0.011 -9"><span class='ocrx_word' id='word_1_446' title='bbox 319 2619 418 2655; x_wconf 85' lang='lat' dir='ltr'>fuscis</span> <span class='ocrx_word' id='word_1_447' title='bbox 441 2613 637 2660; x_wconf 85' lang='lat' dir='ltr'>quibusdam</span> <span class='ocrx_word' id='word_1_448' title='bbox 662 2606 1015 2655; x_wconf 66' lang='lat' dir='ltr'>punctisdistinc‘tum,</span> <span class='ocrx_word' id='word_1_449' title='bbox 1040 2607 1214 2641; x_wconf 81' lang='lat' dir='ltr'>&amp;durius.</span> <span class='ocrx_word' id='word_1_450' title='bbox 1240 2619 1338 2649; x_wconf 89' lang='lat' dir='ltr'>quam</span> 
     </span>
     <span class='ocr_line' id='line_1_59' title="bbox 319 2646 1337 2703; baseline -0.011 -9"><span class='ocrx_word' id='word_1_451' title='bbox 319 2664 420 2697; x_wconf 72' lang='lat' dir='ltr'>soleat</span> <span class='ocrx_word' id='word_1_452' title='bbox 436 2687 444 2701; x_wconf 87' lang='lat'>‚</span> <span class='ocrx_word' id='word_1_453' title='bbox 467 2660 557 2703; x_wconf 85' lang='lat' dir='ltr'>quod</span> <span class='ocrx_word' id='word_1_454' title='bbox 580 2661 611 2690; x_wconf 84' lang='lat'>&amp;</span> <span class='ocrx_word' id='word_1_455' title='bbox 635 2654 774 2698; x_wconf 74' lang='lat' dir='ltr'>digitis,</span> <span class='ocrx_word' id='word_1_456' title='bbox 799 2654 830 2684; x_wconf 71' lang='grc' dir='ltr'>δε</span> <span class='ocrx_word' id='word_1_457' title='bbox 853 2648 962 2683; x_wconf 88' lang='lat' dir='ltr'>cultro</span> <span class='ocrx_word' id='word_1_458' title='bbox 982 2671 991 2686; x_wconf 89' lang='lat'><strong><em>,</em></strong></span> <span class='ocrx_word' id='word_1_459' title='bbox 1017 2646 1096 2682; x_wconf 88' lang='lat' dir='ltr'>dum</span> <span class='ocrx_word' id='word_1_460' title='bbox 1121 2648 1337 2683; x_wconf 84' lang='lat' dir='ltr'>multifariam</span> 
     </span>
     <span class='ocr_line' id='line_1_60' title="bbox 319 2693 1339 2742; baseline 0.003 -17"><span class='ocrx_word' id='word_1_461' title='bbox 319 2706 496 2742; x_wconf 60' lang='lat' dir='ltr'>secundum</span> <span class='ocrx_word' id='word_1_462' title='bbox 519 2713 632 2736; x_wconf 89' lang='lat' dir='ltr'>omnes</span> <span class='ocrx_word' id='word_1_463' title='bbox 655 2701 765 2742; x_wconf 61' lang='lat' dir='ltr'>plaga-5</span> <span class='ocrx_word' id='word_1_464' title='bbox 789 2694 990 2728; x_wconf 79' lang='lat' dir='ltr'>inciderem,</span> <span class='ocrx_word' id='word_1_465' title='bbox 1015 2693 1230 2727; x_wconf 79' lang='lat' dir='ltr'>animadverti</span> <span class='ocrx_word' id='word_1_466' title='bbox 1256 2719 1264 2727; x_wconf 88' lang='lat'><strong><em>.</em></strong></span> <span class='ocrx_word' id='word_1_467' title='bbox 1300 2695 1339 2728; x_wconf 87' lang='lat' dir='ltr'>Id</span> 
     </span>
     <span class='ocr_line' id='line_1_61' title="bbox 320 2734 1337 2787; baseline -0.014 -2"><span class='ocrx_word' id='word_1_468' title='bbox 320 2751 400 2786; x_wconf 86' lang='lat' dir='ltr'>dum</span> <span class='ocrx_word' id='word_1_469' title='bbox 435 2748 577 2783; x_wconf 80' lang='lat' dir='ltr'>facerem</span> <span class='ocrx_word' id='word_1_470' title='bbox 600 2772 610 2787; x_wconf 86' lang='lat'>‚</span> <span class='ocrx_word' id='word_1_471' title='bbox 649 2742 732 2777; x_wconf 89' lang='lat' dir='ltr'>illud</span> <span class='ocrx_word' id='word_1_472' title='bbox 766 2748 901 2787; x_wconf 82' lang='lat' dir='ltr'>quoque</span> <span class='ocrx_word' id='word_1_473' title='bbox 937 2734 1092 2769; x_wconf 80' lang='lat' dir='ltr'>adnotavi</span> <span class='ocrx_word' id='word_1_474' title='bbox 1125 2763 1133 2776; x_wconf 92' lang='lat'>,</span> <span class='ocrx_word' id='word_1_475' title='bbox 1179 2737 1337 2786; x_wconf 79' lang='lat' dir='ltr'>nusquam</span> 
     </span>
     <span class='ocr_line' id='line_1_62' title="bbox 319 2781 1337 2830; baseline -0.012 -3"><span class='ocrx_word' id='word_1_476' title='bbox 319 2807 398 2830; x_wconf 81' lang='lat' dir='ltr'>curn</span> <span class='ocrx_word' id='word_1_477' title='bbox 439 2794 515 2826; x_wconf 84' lang='lat' dir='ltr'>ullis</span> <span class='ocrx_word' id='word_1_478' title='bbox 554 2799 708 2823; x_wconf 86' lang='lat' dir='ltr'>venarum</span> <span class='ocrx_word' id='word_1_479' title='bbox 750 2781 950 2818; x_wconf 67' lang='lat' dir='ltr'>sectionibus</span> <span class='ocrx_word' id='word_1_480' title='bbox 1005 2781 1159 2821; x_wconf 63' lang='lat' dir='ltr'>punctum</span> <span class='ocrx_word' id='word_1_481' title='bbox 1205 2782 1337 2824; x_wconf 77' lang='lat' dir='ltr'>aliquod</span> 
     </span>
     <span class='ocr_line' id='line_1_63' title="bbox 323 2823 1342 2876; baseline -0.012 -5"><span class='ocrx_word' id='word_1_482' title='bbox 323 2839 448 2874; x_wconf 84' lang='lat' dir='ltr'>flavum</span> <span class='ocrx_word' id='word_1_483' title='bbox 484 2833 661 2876; x_wconf 82' lang='lat' dir='ltr'>apparuisse</span> <span class='ocrx_word' id='word_1_484' title='bbox 685 2854 695 2868; x_wconf 92' lang='lat'><em>,</em></span> <span class='ocrx_word' id='word_1_485' title='bbox 727 2827 816 2872; x_wconf 85' lang='lat' dir='ltr'>quod</span> <span class='ocrx_word' id='word_1_486' title='bbox 851 2824 1011 2860; x_wconf 82' lang='lat' dir='ltr'>nimirum</span> <span class='ocrx_word' id='word_1_487' title='bbox 1042 2824 1167 2858; x_wconf 86' lang='lat' dir='ltr'>indicio</span> <span class='ocrx_word' id='word_1_488' title='bbox 1200 2823 1259 2857; x_wconf 78' lang='lat' dir='ltr'>esse</span> <span class='ocrx_word' id='word_1_489' title='bbox 1291 2825 1342 2859; x_wconf 88' lang='lat' dir='ltr'>so-</span> 
     </span>
     <span class='ocr_line' id='line_1_64' title="bbox 324 2865 1339 2917; baseline -0.013 -2"><span class='ocrx_word' id='word_1_490' title='bbox 324 2883 373 2917; x_wconf 85' lang='lat' dir='ltr'>let</span> <span class='ocrx_word' id='word_1_491' title='bbox 408 2880 610 2914; x_wconf 61' lang='lat' dir='ltr'>ramulorum</span> <span class='ocrx_word' id='word_1_492' title='bbox 635 2898 645 2914; x_wconf 91' lang='lat'>‚</span> <span class='ocrx_word' id='word_1_493' title='bbox 679 2884 763 2916; x_wconf 85' lang='lat' dir='ltr'>quos</span> <span class='ocrx_word' id='word_1_494' title='bbox 795 2871 891 2905; x_wconf 76' lang='lat' dir='ltr'>simul</span> <span class='ocrx_word' id='word_1_495' title='bbox 925 2865 1123 2902; x_wconf 87' lang='lat' dir='ltr'>transversos</span> <span class='ocrx_word' id='word_1_496' title='bbox 1154 2868 1306 2902; x_wconf 85' lang='lat' dir='ltr'>incideris</span> <span class='ocrx_word' id='word_1_497' title='bbox 1330 2891 1339 2906; x_wconf 91' lang='lat'>‚</span> 
     </span>
     <span class='ocr_line' id='line_1_65' title="bbox 325 2912 1344 2968; baseline -0.009 -14"><span class='ocrx_word' id='word_1_498' title='bbox 325 2925 467 2968; x_wconf 72' lang='lat' dir='ltr'>hepatici</span> <span class='ocrx_word' id='word_1_499' title='bbox 502 2923 619 2956; x_wconf 60' lang='lat' dir='ltr'>ductus</span> <span class='ocrx_word' id='word_1_500' title='bbox 643 2943 652 2959; x_wconf 90' lang='lat'><strong>,</strong></span> <span class='ocrx_word' id='word_1_501' title='bbox 696 2917 758 2949; x_wconf 79' lang='lat' dir='ltr'>live</span> <span class='ocrx_word' id='word_1_502' title='bbox 791 2917 843 2949; x_wconf 83' lang='lat' dir='ltr'>illi</span> <span class='ocrx_word' id='word_1_503' title='bbox 872 2914 917 2948; x_wconf 90' lang='lat' dir='ltr'>ob</span> <span class='ocrx_word' id='word_1_504' title='bbox 951 2913 1136 2956; x_wconf 77' lang='lat' dir='ltr'>parciorem</span> <span class='ocrx_word' id='word_1_505' title='bbox 1177 2912 1210 2945; x_wconf 91' lang='lat' dir='ltr'>in</span> <span class='ocrx_word' id='word_1_506' title='bbox 1248 2912 1344 2955; x_wconf 85' lang='lat' dir='ltr'>hepa-</span> 
     </span>
     <span class='ocr_line' id='line_1_66' title="bbox 326 2955 1345 3004; baseline -0.013 -3"><span class='ocrx_word' id='word_1_507' title='bbox 326 2978 359 3004; x_wconf 88' lang='lat' dir='ltr'>te</span> <span class='ocrx_word' id='word_1_508' title='bbox 402 2968 465 3001; x_wconf 87' lang='lat' dir='ltr'>hoc</span> <span class='ocrx_word' id='word_1_509' title='bbox 498 2966 576 2999; x_wconf 76' lang='lat' dir='ltr'>bilis</span> <span class='ocrx_word' id='word_1_510' title='bbox 618 2961 829 2996; x_wconf 83' lang='lat' dir='ltr'>secretionem</span> <span class='ocrx_word' id='word_1_511' title='bbox 864 2960 898 2991; x_wconf 86' lang='lat' dir='ltr'>in</span> <span class='ocrx_word' id='word_1_512' title='bbox 934 2957 963 2990; x_wconf 89' lang='lat' dir='ltr'>se</span> <span class='ocrx_word' id='word_1_513' title='bbox 1006 2955 1232 2999; x_wconf 84' lang='lat' dir='ltr'>quadantenus</span> <span class='ocrx_word' id='word_1_514' title='bbox 1265 2967 1345 2989; x_wconf 89' lang='lat' dir='ltr'>con-</span> 
     </span>
     <span class='ocr_line' id='line_1_67' title="bbox 327 2999 1343 3049; baseline -0.015 -2"><span class='ocrx_word' id='word_1_515' title='bbox 327 3010 478 3047; x_wconf 77' lang='lat' dir='ltr'>cidissent</span> <span class='ocrx_word' id='word_1_516' title='bbox 504 3034 512 3049; x_wconf 91' lang='lat'>,</span> <span class='ocrx_word' id='word_1_517' title='bbox 550 3007 613 3040; x_wconf 79' lang='lat' dir='ltr'>live</span> <span class='ocrx_word' id='word_1_518' title='bbox 646 3006 755 3048; x_wconf 76' lang='lat' dir='ltr'>potius</span> <span class='ocrx_word' id='word_1_519' title='bbox 789 3002 878 3045; x_wconf 86' lang='lat' dir='ltr'>quod</span> <span class='ocrx_word' id='word_1_520' title='bbox 913 3001 980 3035; x_wconf 80' lang='lat' dir='ltr'>haec</span> <span class='ocrx_word' id='word_1_521' title='bbox 1006 2999 1194 3049; x_wconf 66' lang='lat' dir='ltr'>pallidior,</span> <span class='ocrx_word' id='word_1_522' title='bbox 1226 3002 1258 3032; x_wconf 90' lang='lat'>&amp;</span> <span class='ocrx_word' id='word_1_523' title='bbox 1282 3001 1343 3033; x_wconf 90' lang='lat' dir='ltr'>mi-</span> 
     </span>
     <span class='ocr_line' id='line_1_68' title="bbox 327 3042 1341 3097; baseline -0.016 -6"><span class='ocrx_word' id='word_1_524' title='bbox 327 3067 388 3091; x_wconf 89' lang='lat' dir='ltr'>nus</span> <span class='ocrx_word' id='word_1_525' title='bbox 420 3065 492 3097; x_wconf 73' lang='lat' dir='ltr'>apta</span> <span class='ocrx_word' id='word_1_526' title='bbox 529 3051 567 3085; x_wconf 86' lang='lat' dir='ltr'>ad</span> <span class='ocrx_word' id='word_1_527' title='bbox 601 3047 793 3087; x_wconf 63' lang='lat' dir='ltr'>tinzendum</span> <span class='ocrx_word' id='word_1_528' title='bbox 829 3043 902 3078; x_wconf 80' lang='lat' dir='ltr'>esset</span> <span class='ocrx_word' id='word_1_529' title='bbox 929 3059 938 3077; x_wconf 70' lang='grc' dir='ltr'><em>ι</em></span> <span class='ocrx_word' id='word_1_530' title='bbox 984 3046 1016 3076; x_wconf 87' lang='lat'>&amp;</span> <span class='ocrx_word' id='word_1_531' title='bbox 1050 3042 1124 3077; x_wconf 85' lang='lat' dir='ltr'>sane</span> <span class='ocrx_word' id='word_1_532' title='bbox 1157 3052 1191 3076; x_wconf 82' lang='lat' dir='ltr'>in</span> <span class='ocrx_word' id='word_1_533' title='bbox 1224 3043 1305 3085; x_wconf 86' lang='lat' dir='ltr'>cysti</span> <span class='ocrx_word' id='word_1_534' title='bbox 1331 3064 1341 3080; x_wconf 88' lang='lat'>‚</span> 
     </span>
     <span class='ocr_line' id='line_1_69' title="bbox 330 3086 1340 3142; baseline -0.001 -21"><span class='ocrx_word' id='word_1_535' title='bbox 330 3111 390 3142; x_wconf 67' lang='lat' dir='ltr'>pso</span> <span class='ocrx_word' id='word_1_536' title='bbox 415 3098 498 3132; x_wconf 85' lang='lat' dir='ltr'>mole</span> <span class='ocrx_word' id='word_1_537' title='bbox 523 3087 676 3137; x_wconf 47' lang='lat' dir='ltr'>hepatisss</span> <span class='ocrx_word' id='word_1_538' title='bbox 698 3100 821 3133; x_wconf 79' lang='lat' dir='ltr'>parva,</span> <span class='ocrx_word' id='word_1_539' title='bbox 844 3093 873 3121; x_wconf 70' lang='lat' dir='ltr'>St</span> <span class='ocrx_word' id='word_1_540' title='bbox 899 3087 999 3125; x_wconf 80' lang='lat' dir='ltr'>exili,</span> <span class='ocrx_word' id='word_1_541' title='bbox 1025 3099 1125 3130; x_wconf 82' lang='lat' dir='ltr'>pauca</span> <span class='ocrx_word' id='word_1_542' title='bbox 1149 3094 1217 3121; x_wconf 87' lang='lat' dir='ltr'>erat</span> <span class='ocrx_word' id='word_1_543' title='bbox 1242 3086 1340 3124; x_wconf 87' lang='lat' dir='ltr'>bilis,</span> 
     </span>
     <span class='ocr_line' id='line_1_70' title="bbox 332 3131 1340 3182; baseline -0.008 -11"><span class='ocrx_word' id='word_1_544' title='bbox 332 3147 363 3176; x_wconf 63' lang='grc' dir='ltr'>ὃ(</span> <span class='ocrx_word' id='word_1_545' title='bbox 396 3142 505 3175; x_wconf 79' lang='lat' dir='ltr'>colore</span> <span class='ocrx_word' id='word_1_546' title='bbox 540 3136 629 3182; x_wconf 64' lang='lat' dir='ltr'>quasi</span> <span class='ocrx_word' id='word_1_547' title='bbox 666 3138 703 3169; x_wconf 88' lang='lat' dir='ltr'>ad</span> <span class='ocrx_word' id='word_1_548' title='bbox 735 3136 898 3167; x_wconf 87' lang='lat' dir='ltr'>cinereum</span> <span class='ocrx_word' id='word_1_549' title='bbox 941 3142 1094 3176; x_wconf 82' lang='lat' dir='ltr'>vergente</span> <span class='ocrx_word' id='word_1_550' title='bbox 1116 3157 1123 3164; x_wconf 93' lang='lat'><strong><em>.</em></strong></span> <span class='ocrx_word' id='word_1_551' title='bbox 1259 3131 1340 3165; x_wconf 87' lang='lat' dir='ltr'>Lien</span> 
     </span>
     <span class='ocr_line' id='line_1_71' title="bbox 332 3175 1342 3229; baseline -0.008 -14"><span class='ocrx_word' id='word_1_552' title='bbox 332 3186 432 3229; x_wconf 80' lang='lat' dir='ltr'>duplo</span> <span class='ocrx_word' id='word_1_553' title='bbox 477 3183 579 3224; x_wconf 78' lang='lat' dir='ltr'>major</span> <span class='ocrx_word' id='word_1_554' title='bbox 612 3179 676 3214; x_wconf 86' lang='lat' dir='ltr'>fuit</span> <span class='ocrx_word' id='word_1_555' title='bbox 713 3187 812 3220; x_wconf 89' lang='lat' dir='ltr'>quam</span> <span class='ocrx_word' id='word_1_556' title='bbox 847 3175 924 3208; x_wconf 87' lang='lat' dir='ltr'>solet</span> <span class='ocrx_word' id='word_1_557' title='bbox 958 3198 968 3221; x_wconf 83' lang='lat'>⁵.</span> <span class='ocrx_word' id='word_1_558' title='bbox 1015 3175 1185 3210; x_wconf 78' lang='lat' dir='ltr'>secundum</span> <span class='ocrx_word' id='word_1_559' title='bbox 1212 3185 1342 3224; x_wconf 35' lang='lat' dir='ltr'>*omnes</span> 
     </span>
     <span class='ocr_line' id='line_1_72' title="bbox 333 3219 1345 3263; baseline -0.008 -5"><span class='ocrx_word' id='word_1_560' title='bbox 333 3229 547 3263; x_wconf 74' lang='lat' dir='ltr'>dimensiones</span> <span class='ocrx_word' id='word_1_561' title='bbox 569 3238 578 3262; x_wconf 81' lang='lat'><em>3</em></span> <span class='ocrx_word' id='word_1_562' title='bbox 615 3234 750 3260; x_wconf 40' lang='lat' dir='ltr'>caeteras</span> <span class='ocrx_word' id='word_1_563' title='bbox 774 3229 933 3263; x_wconf 86' lang='lat' dir='ltr'>quantum</span> <span class='ocrx_word' id='word_1_564' title='bbox 958 3219 1102 3260; x_wconf 68' lang='lat' dir='ltr'>judicare</span> <span class='ocrx_word' id='word_1_565' title='bbox 1125 3227 1220 3261; x_wconf 79' lang='lat' dir='ltr'>potui</span> <span class='ocrx_word' id='word_1_566' title='bbox 1242 3239 1255 3256; x_wconf 55' lang='lat'>2</span> <span class='ocrx_word' id='word_1_567' title='bbox 1279 3228 1345 3251; x_wconf 88' lang='lat' dir='ltr'>non</span> 
     </span>
     <span class='ocr_line' id='line_1_73' title="bbox 334 3260 1345 3315; baseline -0.014 -9"><span class='ocrx_word' id='word_1_568' title='bbox 334 3271 588 3315; x_wconf 83' lang='lat' dir='ltr'>improbandus.</span> <span class='ocrx_word' id='word_1_569' title='bbox 615 3268 760 3309; x_wconf 77' lang='lat' dir='ltr'>Splenica</span> <span class='ocrx_word' id='word_1_570' title='bbox 787 3265 902 3297; x_wconf 85' lang='lat' dir='ltr'>arteria</span> <span class='ocrx_word' id='word_1_571' title='bbox 927 3264 967 3295; x_wconf 83' lang='lat' dir='ltr'>ab</span> <span class='ocrx_word' id='word_1_572' title='bbox 989 3263 1117 3309; x_wconf 77' lang='lat' dir='ltr'>origine</span> <span class='ocrx_word' id='word_1_573' title='bbox 1149 3262 1187 3295; x_wconf 86' lang='lat' dir='ltr'>ad</span> <span class='ocrx_word' id='word_1_574' title='bbox 1213 3260 1310 3294; x_wconf 82' lang='lat' dir='ltr'>finem</span> <span class='ocrx_word' id='word_1_575' title='bbox 1336 3286 1345 3301; x_wconf 92' lang='lat'>,</span> 
     </span>
     <span class='ocr_line' id='line_1_74' title="bbox 335 3305 1345 3350; baseline -0.017 0"><span class='ocrx_word' id='word_1_576' title='bbox 335 3327 450 3350; x_wconf 85' lang='lat' dir='ltr'>contra</span> <span class='ocrx_word' id='word_1_577' title='bbox 477 3328 510 3348; x_wconf 89' lang='lat' dir='ltr'>ac</span> <span class='ocrx_word' id='word_1_578' title='bbox 536 3313 643 3346; x_wconf 82' lang='lat' dir='ltr'>videre</span> <span class='ocrx_word' id='word_1_579' title='bbox 668 3308 896 3343; x_wconf 81' lang='lat' dir='ltr'>consuevimus</span> <span class='ocrx_word' id='word_1_580' title='bbox 912 3331 919 3344; x_wconf 89' lang='lat'>,</span> <span class='ocrx_word' id='word_1_581' title='bbox 944 3305 1028 3339; x_wconf 79' lang='lat' dir='ltr'>mhil</span> <span class='ocrx_word' id='word_1_582' title='bbox 1053 3309 1190 3349; x_wconf 82' lang='lat' dir='ltr'>usquam</span> <span class='ocrx_word' id='word_1_583' title='bbox 1214 3314 1345 3338; x_wconf 81' lang='lat' dir='ltr'>tortuo-</span> 
     </span>
    </p>

    <p class='ocr_par' dir='ltr' id='par_1_7' title="bbox 336 3348 1348 3532">
     <span class='ocr_line' id='line_1_75' title="bbox 336 3348 1344 3398; baseline -0.008 -9"><span class='ocrx_word' id='word_1_584' title='bbox 336 3361 359 3396; x_wconf 84' lang='lat' dir='ltr'>fi</span> <span class='ocrx_word' id='word_1_585' title='bbox 384 3362 527 3398; x_wconf 71' lang='lat' dir='ltr'>habens,</span> <span class='ocrx_word' id='word_1_586' title='bbox 551 3355 656 3390; x_wconf 83' lang='lat' dir='ltr'>nihil,</span> <span class='ocrx_word' id='word_1_587' title='bbox 683 3364 717 3387; x_wconf 91' lang='lat' dir='ltr'>ut</span> <span class='ocrx_word' id='word_1_588' title='bbox 743 3351 785 3385; x_wconf 80' lang='lat' dir='ltr'>sic</span> <span class='ocrx_word' id='word_1_589' title='bbox 809 3352 916 3384; x_wconf 86' lang='lat' dir='ltr'>dicam</span> <span class='ocrx_word' id='word_1_590' title='bbox 932 3373 939 3387; x_wconf 88' lang='lat'>‚</span> <span class='ocrx_word' id='word_1_591' title='bbox 964 3352 1125 3389; x_wconf 80' lang='lat' dir='ltr'>varicosi,</span> <span class='ocrx_word' id='word_1_592' title='bbox 1147 3360 1235 3388; x_wconf 88' lang='lat' dir='ltr'>un0,</span> <span class='ocrx_word' id='word_1_593' title='bbox 1259 3348 1344 3382; x_wconf 87' lang='lat' dir='ltr'>haud</span> 
     </span>
     <span class='ocr_line' id='line_1_76' title="bbox 339 3391 1344 3446; baseline -0.013 -9"><span class='ocrx_word' id='word_1_594' title='bbox 339 3405 475 3446; x_wconf 88' lang='lat' dir='ltr'>amplius</span> <span class='ocrx_word' id='word_1_595' title='bbox 492 3427 500 3440; x_wconf 84' lang='lat'><strong><em>‚</em></strong></span> <span class='ocrx_word' id='word_1_596' title='bbox 526 3409 663 3441; x_wconf 60' lang='lat' dir='ltr'>excepto</span> <span class='ocrx_word' id='word_1_597' title='bbox 689 3400 762 3429; x_wconf 82' lang='lat' dir='ltr'>ioco</span> <span class='ocrx_word' id='word_1_598' title='bbox 784 3400 870 3429; x_wconf 79' lang='lat' dir='ltr'>circa</span> <span class='ocrx_word' id='word_1_599' title='bbox 894 3395 1112 3435; x_wconf 78' lang='lat' dir='ltr'>longitudinis</span> <span class='ocrx_word' id='word_1_600' title='bbox 1145 3391 1287 3426; x_wconf 87' lang='lat' dir='ltr'>medium</span> <span class='ocrx_word' id='word_1_601' title='bbox 1311 3393 1344 3425; x_wconf 84' lang='lat' dir='ltr'>in</span> 
     </span>
     <span class='ocr_line' id='line_1_77' title="bbox 338 3436 1346 3489; baseline -0.011 -10"><span class='ocrx_word' id='word_1_602' title='bbox 338 3459 403 3489; x_wconf 81' lang='lat' dir='ltr'>quo</span> <span class='ocrx_word' id='word_1_603' title='bbox 428 3459 482 3479; x_wconf 57' lang='lat' dir='ltr'>vix</span> <span class='ocrx_word' id='word_1_604' title='bbox 506 3443 655 3479; x_wconf 60' lang='lat' dir='ltr'>noni-,mil</span> <span class='ocrx_word' id='word_1_605' title='bbox 682 3440 926 3473; x_wconf 64' lang='lat' dir='ltr'>inflectebatur.</span> <span class='ocrx_word' id='word_1_606' title='bbox 1060 3439 1099 3471; x_wconf 86' lang='lat' dir='ltr'>In</span> <span class='ocrx_word' id='word_1_607' title='bbox 1124 3436 1346 3470; x_wconf 75' lang='lat' dir='ltr'>mesaraeodu-</span> 
     </span>
     <span class='ocr_line' id='line_1_78' title="bbox 340 3480 1348 3532; baseline -0.013 -8"><span class='ocrx_word' id='word_1_608' title='bbox 340 3502 412 3523; x_wconf 85' lang='lat' dir='ltr'>rum</span> <span class='ocrx_word' id='word_1_609' title='bbox 436 3501 553 3532; x_wconf 81' lang='lat' dir='ltr'>corpus</span> <span class='ocrx_word' id='word_1_610' title='bbox 576 3494 754 3520; x_wconf 74' lang='lat' dir='ltr'>increverat</span> <span class='ocrx_word' id='word_1_611' title='bbox 779 3483 952 3516; x_wconf 85' lang='lat' dir='ltr'>mediocris</span> <span class='ocrx_word' id='word_1_612' title='bbox 974 3480 1069 3514; x_wconf 79' lang='lat' dir='ltr'>cerasi</span> <span class='ocrx_word' id='word_1_613' title='bbox 1094 3481 1348 3523; x_wconf 81' lang='lat' dir='ltr'>magnitudine,</span> 
     </span>
    </p>
   </div>
   <div class='ocr_carea' id='block_1_5' title="bbox 356 3622 790 3635">
    <p class='ocr_par' dir='ltr' id='par_1_8' title="bbox 356 3622 790 3635">
     <span class='ocr_line' id='line_1_79' title="bbox 356 3622 790 3635; baseline 0 -8"><span class='ocrx_word' id='word_1_614' title='bbox 356 3622 790 3635; x_wconf 66' lang='lat'><strong>———--———-——-—</strong></span> 
     </span>
    </p>
   </div>
   <div class='ocr_carea' id='block_1_6' title="bbox 406 3679 1231 3742">
    <p class='ocr_par' dir='ltr' id='par_1_9' title="bbox 406 3679 1231 3742">
     <span class='ocr_line' id='line_1_80' title="bbox 406 3679 1097 3713; baseline -0.007 -7"><span class='ocrx_word' id='word_1_615' title='bbox 406 3681 615 3713; x_wconf 71' lang='lat' dir='ltr'>(y)1=.pist.¹6.</span> <span class='ocrx_word' id='word_1_616' title='bbox 633 3690 660 3705; x_wconf 91' lang='lat' dir='ltr'>n.</span> <span class='ocrx_word' id='word_1_617' title='bbox 677 3684 718 3705; x_wconf 54' lang='grc'>16,</span> <span class='ocrx_word' id='word_1_618' title='bbox 736 3679 758 3704; x_wconf 67' lang='grc' dir='ltr'><strong>ἃ</strong></span> <span class='ocrx_word' id='word_1_619' title='bbox 778 3680 850 3709; x_wconf 81' lang='lat' dir='ltr'>Epist.</span> <span class='ocrx_word' id='word_1_620' title='bbox 868 3687 905 3709; x_wconf 81' lang='lat'>30.</span> <span class='ocrx_word' id='word_1_621' title='bbox 922 3686 947 3702; x_wconf 86' lang='lat' dir='ltr'>n.</span> <span class='ocrx_word' id='word_1_622' title='bbox 967 3686 1004 3707; x_wconf 82' lang='lat'>30·</span> <span class='ocrx_word' id='word_1_623' title='bbox 1023 3680 1097 3711; x_wconf 63' lang='lat' dir='ltr'>&amp;ji-</span> 
     </span>
     <span class='ocr_line' id='line_1_81' title="bbox 407 3707 1231 3742; baseline -0.01 -4"><span class='ocrx_word' id='word_1_624' title='bbox 407 3714 415 3742; x_wconf 82' lang='lat'>(</span> <span class='ocrx_word' id='word_1_625' title='bbox 433 3713 446 3738; x_wconf 79' lang='lat' dir='ltr'><em>b</em></span> <span class='ocrx_word' id='word_1_626' title='bbox 463 3714 475 3740; x_wconf 51' lang='lat'>⁷)</span> <span class='ocrx_word' id='word_1_627' title='bbox 493 3715 514 3736; x_wconf 66' lang='lat' dir='ltr'>iit</span> <span class='ocrx_word' id='word_1_628' title='bbox 533 3715 601 3737; x_wconf 83' lang='lat' dir='ltr'>Ceut.</span> <span class='ocrx_word' id='word_1_629' title='bbox 623 3720 642 3736; x_wconf 88' lang='lat'>1.</span> <span class='ocrx_word' id='word_1_630' title='bbox 662 3712 683 3735; x_wconf 73' lang='lat' dir='ltr'>ik</span> <span class='ocrx_word' id='word_1_631' title='bbox 701 3719 722 3734; x_wconf 88' lang='lat'>2.</span> <span class='ocrx_word' id='word_1_632' title='bbox 741 3711 799 3735; x_wconf 68' lang='grc' dir='ltr'>ΟΜ.</span> <span class='ocrx_word' id='word_1_633' title='bbox 821 3713 873 3734; x_wconf 79' lang='lat'>186.</span> <span class='ocrx_word' id='word_1_634' title='bbox 936 3709 950 3739; x_wconf 80' lang='lat'>(</span> <span class='ocrx_word' id='word_1_635' title='bbox 966 3709 1005 3738; x_wconf 83' lang='lat' dir='ltr'>c)</span> <span class='ocrx_word' id='word_1_636' title='bbox 1022 3708 1084 3733; x_wconf 76' lang='lat' dir='ltr'>ibid.</span> <span class='ocrx_word' id='word_1_637' title='bbox 1101 3707 1159 3733; x_wconf 71' lang='grc' dir='ltr'>ΟΜ.</span> <span class='ocrx_word' id='word_1_638' title='bbox 1178 3709 1231 3736; x_wconf 71' lang='lat'>184.</span> 
     </span>
    </p>
   </div>
   <div class='ocr_carea' id='block_1_7' title="bbox 1162 3674 1830 3736">
    <p class='ocr_par' dir='ltr' id='par_1_10' title="bbox 1162 3674 1830 3736">
     <span class='ocr_line' id='line_1_82' title="bbox 1162 3674 1579 3707; baseline 0 -8"><span class='ocrx_word' id='word_1_639' title='bbox 1162 3678 1175 3707; x_wconf 86' lang='lat'>(</span> <span class='ocrx_word' id='word_1_640' title='bbox 1191 3683 1210 3704; x_wconf 66' lang='lat' dir='ltr'><strong><em>z</em></strong></span> <span class='ocrx_word' id='word_1_641' title='bbox 1223 3676 1238 3704; x_wconf 80' lang='grc'>)</span> <span class='ocrx_word' id='word_1_642' title='bbox 1253 3676 1287 3699; x_wconf 70' lang='grc' dir='ltr'>Ν.</span> <span class='ocrx_word' id='word_1_643' title='bbox 1305 3677 1332 3699; x_wconf 86' lang='lat' dir='ltr'>C.</span> <span class='ocrx_word' id='word_1_644' title='bbox 1351 3676 1420 3699; x_wconf 86' lang='lat' dir='ltr'>Cent.</span> <span class='ocrx_word' id='word_1_645' title='bbox 1441 3682 1463 3703; x_wconf 86' lang='lat'>9.</span> <span class='ocrx_word' id='word_1_646' title='bbox 1481 3674 1538 3699; x_wconf 80' lang='lat' dir='ltr'>obs.</span> <span class='ocrx_word' id='word_1_647' title='bbox 1555 3682 1579 3703; x_wconf 76' lang='grc'>4.</span> 
     </span>
     <span class='ocr_line' id='line_1_83' title="bbox 1292 3704 1830 3736; baseline 0.004 -7"><span class='ocrx_word' id='word_1_648' title='bbox 1292 3704 1334 3734; x_wconf 83' lang='lat' dir='ltr'>(d</span> <span class='ocrx_word' id='word_1_649' title='bbox 1350 3705 1364 3735; x_wconf 85' lang='lat'>)</span> <span class='ocrx_word' id='word_1_650' title='bbox 1380 3708 1402 3731; x_wconf 71' lang='grc' dir='ltr'>ὃς</span> <span class='ocrx_word' id='word_1_651' title='bbox 1419 3707 1478 3731; x_wconf 79' lang='lat' dir='ltr'>Dec.</span> <span class='ocrx_word' id='word_1_652' title='bbox 1495 3714 1516 3736; x_wconf 84' lang='lat'>3.</span> <span class='ocrx_word' id='word_1_653' title='bbox 1532 3707 1562 3729; x_wconf 72' lang='lat' dir='ltr'>A.</span> <span class='ocrx_word' id='word_1_654' title='bbox 1580 3713 1602 3735; x_wconf 29' lang='lat'>7*</span> <span class='ocrx_word' id='word_1_655' title='bbox 1619 3706 1641 3730; x_wconf 77' lang='grc' dir='ltr'>δι</span> <span class='ocrx_word' id='word_1_656' title='bbox 1659 3708 1680 3731; x_wconf 82' lang='lat'>8.</span> <span class='ocrx_word' id='word_1_657' title='bbox 1698 3705 1758 3731; x_wconf 81' lang='lat' dir='ltr'>obs.</span> <span class='ocrx_word' id='word_1_658' title='bbox 1778 3708 1830 3731; x_wconf 87' lang='lat'>186.</span> 
     </span>
    </p>
   </div>
   <div class='ocr_carea' id='block_1_8' title="bbox 912 79 1811 142">
    <p class='ocr_par' dir='ltr' id='par_1_11' title="bbox 912 79 1811 142">
     <span class='ocr_line' id='line_1_84' title="bbox 912 79 1811 142; baseline -0.002 -1"><span class='ocrx_word' id='word_1_659' title='bbox 912 87 1071 142; x_wconf 86' lang='lat' dir='ltr'>Liber</span> <span class='ocrx_word' id='word_1_660' title='bbox 1105 86 1198 141; x_wconf 79' lang='grc' dir='ltr'><strong>ΙΙΙ.</strong></span> <span class='ocrx_word' id='word_1_661' title='bbox 1231 84 1318 140; x_wconf 88' lang='lat' dir='ltr'>De</span> <span class='ocrx_word' id='word_1_662' title='bbox 1353 79 1563 140; x_wconf 88' lang='lat' dir='ltr'>Morbis</span> <span class='ocrx_word' id='word_1_663' title='bbox 1593 85 1811 139; x_wconf 61' lang='lat' dir='ltr'>&gt;Ventris</span> 
     </span>
    </p>
   </div>
   <div class='ocr_carea' id='block_1_9' title="bbox 1378 163 2439 3525">
    <p class='ocr_par' dir='ltr' id='par_1_12' title="bbox 1378 163 2439 2561">
     <span class='ocr_line' id='line_1_85' title="bbox 1385 163 2401 210; baseline 0.002 -11"><span class='ocrx_word' id='word_1_664' title='bbox 1385 166 1418 199; x_wconf 85' lang='lat'>&amp;</span> <span class='ocrx_word' id='word_1_665' title='bbox 1441 174 1519 206; x_wconf 84' lang='lat' dir='ltr'>pene</span> <span class='ocrx_word' id='word_1_666' title='bbox 1542 163 1669 206; x_wconf 78' lang='lat' dir='ltr'>figura,</span> <span class='ocrx_word' id='word_1_667' title='bbox 1692 163 1744 198; x_wconf 88' lang='lat' dir='ltr'>sed</span> <span class='ocrx_word' id='word_1_668' title='bbox 1768 164 1941 206; x_wconf 71' lang='lat' dir='ltr'>inaequali,</span> <span class='ocrx_word' id='word_1_669' title='bbox 1964 167 1997 200; x_wconf 70' lang='grc' dir='ltr'>δε</span> <span class='ocrx_word' id='word_1_670' title='bbox 2020 165 2157 210; x_wconf 68' lang='lat' dir='ltr'>granosi</span> <span class='ocrx_word' id='word_1_671' title='bbox 2168 166 2281 206; x_wconf 81' lang='lat' dir='ltr'>facie;</span> <span class='ocrx_word' id='word_1_672' title='bbox 2304 174 2401 202; x_wconf 86' lang='lat' dir='ltr'>natu-</span> 
     </span>
     <span class='ocr_line' id='line_1_86' title="bbox 1385 205 2401 253; baseline 0.005 -13"><span class='ocrx_word' id='word_1_673' title='bbox 1385 218 1421 241; x_wconf 88' lang='lat' dir='ltr'>ra</span> <span class='ocrx_word' id='word_1_674' title='bbox 1444 208 1530 241; x_wconf 90' lang='lat' dir='ltr'>inter</span> <span class='ocrx_word' id='word_1_675' title='bbox 1562 205 1681 240; x_wconf 80' lang='lat' dir='ltr'>osseam</span> <span class='ocrx_word' id='word_1_676' title='bbox 1702 230 1715 248; x_wconf 84' lang='lat'>‚</span> <span class='ocrx_word' id='word_1_677' title='bbox 1746 210 1779 240; x_wconf 72' lang='grc' dir='ltr'>δι</span> <span class='ocrx_word' id='word_1_678' title='bbox 1801 207 1964 248; x_wconf 79' lang='lat' dir='ltr'>lapideam</span> <span class='ocrx_word' id='word_1_679' title='bbox 1987 210 2093 244; x_wconf 87' lang='lat' dir='ltr'>media</span> <span class='ocrx_word' id='word_1_680' title='bbox 2109 223 2120 243; x_wconf 89' lang='lat'>.·</span> <span class='ocrx_word' id='word_1_681' title='bbox 2140 210 2237 253; x_wconf 79' lang='lat' dir='ltr'>cujus</span> <span class='ocrx_word' id='word_1_682' title='bbox 2260 213 2401 246; x_wconf 84' lang='lat' dir='ltr'>alterum</span> 
     </span>
     <span class='ocr_line' id='line_1_87' title="bbox 1384 249 2400 292; baseline 0.004 -9"><span class='ocrx_word' id='word_1_683' title='bbox 1384 249 1471 284; x_wconf 84' lang='lat' dir='ltr'>latus</span> <span class='ocrx_word' id='word_1_684' title='bbox 1494 250 1667 285; x_wconf 86' lang='lat' dir='ltr'>arteriosus</span> <span class='ocrx_word' id='word_1_685' title='bbox 1689 272 1700 289; x_wconf 84' lang='lat'><em>‚</em></span> <span class='ocrx_word' id='word_1_686' title='bbox 1736 250 1936 292; x_wconf 84' lang='lat' dir='ltr'>venosusque</span> <span class='ocrx_word' id='word_1_687' title='bbox 1961 263 2074 287; x_wconf 75' lang='lat' dir='ltr'>ramus</span> <span class='ocrx_word' id='word_1_688' title='bbox 2093 254 2180 287; x_wconf 66' lang='lat' dir='ltr'>arete</span> <span class='ocrx_word' id='word_1_689' title='bbox 2203 256 2235 288; x_wconf 88' lang='lat' dir='ltr'>in</span> <span class='ocrx_word' id='word_1_690' title='bbox 2260 255 2400 289; x_wconf 83' lang='lat' dir='ltr'>transitu</span> 
     </span>
     <span class='ocr_line' id='line_1_88' title="bbox 1386 294 2400 341; baseline 0.006 -14"><span class='ocrx_word' id='word_1_691' title='bbox 1386 294 1644 335; x_wconf 86' lang='lat' dir='ltr'>perstringebant</span> <span class='ocrx_word' id='word_1_692' title='bbox 1664 305 1675 332; x_wconf 78' lang='lat'>3</span> <span class='ocrx_word' id='word_1_693' title='bbox 1709 305 1774 328; x_wconf 86' lang='lat' dir='ltr'>non</span> <span class='ocrx_word' id='word_1_694' title='bbox 1797 294 1975 335; x_wconf 85' lang='lat' dir='ltr'>subibant;</span> <span class='ocrx_word' id='word_1_695' title='bbox 1996 297 2070 330; x_wconf 87' lang='lat' dir='ltr'>inde</span> <span class='ocrx_word' id='word_1_696' title='bbox 2092 297 2132 331; x_wconf 85' lang='lat' dir='ltr'>ad</span> <span class='ocrx_word' id='word_1_697' title='bbox 2155 298 2304 332; x_wconf 81' lang='lat' dir='ltr'>intestina</span> <span class='ocrx_word' id='word_1_698' title='bbox 2328 311 2400 341; x_wconf 86' lang='lat' dir='ltr'>per-</span> 
     </span>
     <span class='ocr_line' id='line_1_89' title="bbox 1384 337 2400 382; baseline 0.007 -11"><span class='ocrx_word' id='word_1_699' title='bbox 1384 346 1497 380; x_wconf 82' lang='lat' dir='ltr'>gentes</span> <span class='ocrx_word' id='word_1_700' title='bbox 1520 362 1530 378; x_wconf 85' lang='lat'>,</span> <span class='ocrx_word' id='word_1_701' title='bbox 1552 349 1625 381; x_wconf 83' lang='lat' dir='ltr'>quae</span> <span class='ocrx_word' id='word_1_702' title='bbox 1648 337 1776 371; x_wconf 84' lang='lat' dir='ltr'>duobus</span> <span class='ocrx_word' id='word_1_703' title='bbox 1797 339 1930 371; x_wconf 80' lang='lat' dir='ltr'>circiter</span> <span class='ocrx_word' id='word_1_704' title='bbox 1953 339 1993 373; x_wconf 88' lang='lat' dir='ltr'>ab</span> <span class='ocrx_word' id='word_1_705' title='bbox 2015 353 2054 374; x_wconf 89' lang='lat' dir='ltr'>eo</span> <span class='ocrx_word' id='word_1_706' title='bbox 2077 352 2215 382; x_wconf 88' lang='lat' dir='ltr'>corpore</span> <span class='ocrx_word' id='word_1_707' title='bbox 2234 342 2400 378; x_wconf 84' lang='lat' dir='ltr'>distabant</span> 
     </span>
     <span class='ocr_line' id='line_1_90' title="bbox 1382 380 2399 424; baseline 0.008 -11"><span class='ocrx_word' id='word_1_708' title='bbox 1382 381 1498 423; x_wconf 82' lang='lat' dir='ltr'>digitis</span> <span class='ocrx_word' id='word_1_709' title='bbox 1527 404 1535 412; x_wconf 93' lang='lat'><strong><em>.</em></strong></span> <span class='ocrx_word' id='word_1_710' title='bbox 1569 380 1675 415; x_wconf 84' lang='lat' dir='ltr'>Ileum</span> <span class='ocrx_word' id='word_1_711' title='bbox 1700 380 1933 424; x_wconf 83' lang='lat' dir='ltr'>appendicem,</span> <span class='ocrx_word' id='word_1_712' title='bbox 1959 382 2009 416; x_wconf 86' lang='lat' dir='ltr'>seu</span> <span class='ocrx_word' id='word_1_713' title='bbox 2034 387 2139 416; x_wconf 87' lang='lat' dir='ltr'>mavis</span> <span class='ocrx_word' id='word_1_714' title='bbox 2162 385 2399 422; x_wconf 85' lang='lat' dir='ltr'>diverticulum</span> 
     </span>
     <span class='ocr_line' id='line_1_91' title="bbox 1382 424 2400 471; baseline 0 -13"><span class='ocrx_word' id='word_1_715' title='bbox 1382 424 1465 458; x_wconf 89' lang='lat' dir='ltr'>illud</span> <span class='ocrx_word' id='word_1_716' title='bbox 1488 424 1603 458; x_wconf 89' lang='lat' dir='ltr'>habuit</span> <span class='ocrx_word' id='word_1_717' title='bbox 1628 446 1638 462; x_wconf 86' lang='lat'><em>,</em></span> <span class='ocrx_word' id='word_1_718' title='bbox 1673 424 1763 467; x_wconf 89' lang='lat' dir='ltr'>quod</span> <span class='ocrx_word' id='word_1_719' title='bbox 1785 436 1859 459; x_wconf 90' lang='lat' dir='ltr'>cum</span> <span class='ocrx_word' id='word_1_720' title='bbox 1884 426 2027 466; x_wconf 81' lang='lat' dir='ltr'>Epistola</span> <span class='ocrx_word' id='word_1_721' title='bbox 2042 427 2205 461; x_wconf 90' lang='lat' dir='ltr'>XXXIV.</span> <span class='ocrx_word' id='word_1_722' title='bbox 2230 431 2245 468; x_wconf 89' lang='lat'><strong>(</strong></span> <span class='ocrx_word' id='word_1_723' title='bbox 2266 429 2317 471; x_wconf 82' lang='lat' dir='ltr'>e)</span> <span class='ocrx_word' id='word_1_724' title='bbox 2340 429 2400 465; x_wconf 73' lang='lat' dir='ltr'>de.</span> 
     </span>
     <span class='ocr_line' id='line_1_92' title="bbox 1383 466 2399 511; baseline 0.001 -9"><span class='ocrx_word' id='word_1_725' title='bbox 1383 466 1590 511; x_wconf 85' lang='lat' dir='ltr'>scripserim,</span> <span class='ocrx_word' id='word_1_726' title='bbox 1612 466 1666 501; x_wconf 86' lang='lat' dir='ltr'>hic</span> <span class='ocrx_word' id='word_1_727' title='bbox 1691 467 1767 501; x_wconf 87' lang='lat' dir='ltr'>satis</span> <span class='ocrx_word' id='word_1_728' title='bbox 1790 468 1890 502; x_wconf 89' lang='lat' dir='ltr'>fuerit</span> <span class='ocrx_word' id='word_1_729' title='bbox 1916 470 2109 504; x_wconf 74' lang='lat' dir='ltr'>memorasse</span> <span class='ocrx_word' id='word_1_730' title='bbox 2130 495 2137 502; x_wconf 92' lang='lat'><strong>.</strong></span> <span class='ocrx_word' id='word_1_731' title='bbox 2181 472 2315 507; x_wconf 85' lang='lat' dir='ltr'>Praestat</span> <span class='ocrx_word' id='word_1_732' title='bbox 2339 474 2399 509; x_wconf 80' lang='lat' dir='ltr'>ad-</span> 
     </span>
     <span class='ocr_line' id='line_1_93' title="bbox 1385 510 2399 559; baseline 0.006 -14"><span class='ocrx_word' id='word_1_733' title='bbox 1385 521 1498 546; x_wconf 86' lang='lat' dir='ltr'>notare</span> <span class='ocrx_word' id='word_1_734' title='bbox 1521 512 1584 545; x_wconf 85' lang='lat' dir='ltr'>alia</span> <span class='ocrx_word' id='word_1_735' title='bbox 1606 523 1679 554; x_wconf 81' lang='lat' dir='ltr'>quae</span> <span class='ocrx_word' id='word_1_736' title='bbox 1712 514 1747 545; x_wconf 88' lang='lat' dir='ltr'>in</span> <span class='ocrx_word' id='word_1_737' title='bbox 1772 510 1866 554; x_wconf 77' lang='lat' dir='ltr'>hujus</span> <span class='ocrx_word' id='word_1_738' title='bbox 1905 511 2050 547; x_wconf 84' lang='lat' dir='ltr'>hominis</span> <span class='ocrx_word' id='word_1_739' title='bbox 2072 523 2184 548; x_wconf 86' lang='lat' dir='ltr'>ventre</span> <span class='ocrx_word' id='word_1_740' title='bbox 2206 516 2363 559; x_wconf 85' lang='lat' dir='ltr'>conspexi</span> <span class='ocrx_word' id='word_1_741' title='bbox 2385 542 2399 552; x_wconf 89' lang='lat'>.</span> 
     </span>
     <span class='ocr_line' id='line_1_94' title="bbox 1385 555 2400 599; baseline 0.006 -10"><span class='ocrx_word' id='word_1_742' title='bbox 1385 555 1479 589; x_wconf 84' lang='lat' dir='ltr'>Vena</span> <span class='ocrx_word' id='word_1_743' title='bbox 1504 555 1606 589; x_wconf 86' lang='lat' dir='ltr'>Iliaca</span> <span class='ocrx_word' id='word_1_744' title='bbox 1630 556 1788 589; x_wconf 80' lang='lat' dir='ltr'>Exterior</span> <span class='ocrx_word' id='word_1_745' title='bbox 1812 557 1935 589; x_wconf 78' lang='lat' dir='ltr'>sinistra</span> <span class='ocrx_word' id='word_1_746' title='bbox 1962 568 2063 599; x_wconf 86' lang='lat' dir='ltr'>prope</span> <span class='ocrx_word' id='word_1_747' title='bbox 2087 559 2259 591; x_wconf 81' lang='lat' dir='ltr'>Interioris</span> <span class='ocrx_word' id='word_1_748' title='bbox 2270 561 2400 595; x_wconf 86' lang='lat' dir='ltr'>conflu-</span> 
     </span>
     <span class='ocr_line' id='line_1_95' title="bbox 1386 599 2399 644; baseline 0.005 -11"><span class='ocrx_word' id='word_1_749' title='bbox 1386 610 1466 633; x_wconf 84' lang='lat' dir='ltr'>xum</span> <span class='ocrx_word' id='word_1_750' title='bbox 1489 599 1569 633; x_wconf 84' lang='lat' dir='ltr'>dura</span> <span class='ocrx_word' id='word_1_751' title='bbox 1593 608 1678 636; x_wconf 88' lang='lat' dir='ltr'>erat,</span> <span class='ocrx_word' id='word_1_752' title='bbox 1703 610 1760 632; x_wconf 86' lang='lat' dir='ltr'>nec</span> <span class='ocrx_word' id='word_1_753' title='bbox 1784 608 1893 633; x_wconf 78' lang='lat' dir='ltr'>tamen</span> <span class='ocrx_word' id='word_1_754' title='bbox 1918 599 2002 635; x_wconf 76' lang='lat' dir='ltr'>ossea</span> <span class='ocrx_word' id='word_1_755' title='bbox 2021 626 2030 640; x_wconf 90' lang='lat'><strong>,</strong></span> <span class='ocrx_word' id='word_1_756' title='bbox 2062 604 2186 644; x_wconf 84' lang='lat' dir='ltr'>quippe</span> <span class='ocrx_word' id='word_1_757' title='bbox 2208 605 2327 637; x_wconf 90' lang='lat' dir='ltr'>tunicis</span> <span class='ocrx_word' id='word_1_758' title='bbox 2349 605 2399 639; x_wconf 92' lang='lat' dir='ltr'>ibi</span> 
     </span>
     <span class='ocr_line' id='line_1_96' title="bbox 1389 642 2400 690; baseline 0 -13"><span class='ocrx_word' id='word_1_759' title='bbox 1389 643 1428 677; x_wconf 83' lang='lat' dir='ltr'>ad</span> <span class='ocrx_word' id='word_1_760' title='bbox 1452 643 1582 677; x_wconf 89' lang='lat' dir='ltr'>brevem</span> <span class='ocrx_word' id='word_1_761' title='bbox 1606 643 1748 677; x_wconf 67' lang='lat' dir='ltr'>tractum</span> <span class='ocrx_word' id='word_1_762' title='bbox 1772 642 1974 676; x_wconf 82' lang='lat' dir='ltr'>craffioribus</span> <span class='ocrx_word' id='word_1_763' title='bbox 1996 644 2168 678; x_wconf 82' lang='lat' dir='ltr'>dumtaxat</span> <span class='ocrx_word' id='word_1_764' title='bbox 2181 644 2300 680; x_wconf 71' lang='lat' dir='ltr'>factis:</span> <span class='ocrx_word' id='word_1_765' title='bbox 2323 650 2400 690; x_wconf 84' lang='lat' dir='ltr'>qui-</span> 
     </span>
     <span class='ocr_line' id='line_1_97' title="bbox 1389 686 2399 729; baseline 0.005 -9"><span class='ocrx_word' id='word_1_766' title='bbox 1389 688 1448 720; x_wconf 85' lang='lat' dir='ltr'>bus</span> <span class='ocrx_word' id='word_1_767' title='bbox 1472 688 1613 729; x_wconf 86' lang='lat' dir='ltr'>apertis,</span> <span class='ocrx_word' id='word_1_768' title='bbox 1639 696 1747 721; x_wconf 86' lang='lat' dir='ltr'>extare</span> <span class='ocrx_word' id='word_1_769' title='bbox 1769 687 1838 719; x_wconf 81' lang='lat' dir='ltr'>vidi</span> <span class='ocrx_word' id='word_1_770' title='bbox 1863 686 1895 718; x_wconf 89' lang='lat' dir='ltr'>in</span> <span class='ocrx_word' id='word_1_771' title='bbox 1921 698 2008 720; x_wconf 79' lang='lat' dir='ltr'>venae</span> <span class='ocrx_word' id='word_1_772' title='bbox 2029 699 2111 722; x_wconf 87' lang='lat' dir='ltr'>cavo</span> <span class='ocrx_word' id='word_1_773' title='bbox 2148 691 2189 722; x_wconf 84' lang='lat' dir='ltr'>ab</span> <span class='ocrx_word' id='word_1_774' title='bbox 2213 700 2278 723; x_wconf 89' lang='lat' dir='ltr'>uno</span> <span class='ocrx_word' id='word_1_775' title='bbox 2301 691 2399 726; x_wconf 85' lang='lat' dir='ltr'>latere</span> 
     </span>
     <span class='ocr_line' id='line_1_98' title="bbox 1387 729 2401 777; baseline 0.001 -13"><span class='ocrx_word' id='word_1_776' title='bbox 1387 742 1451 773; x_wconf 84' lang='lat' dir='ltr'>qua</span> <span class='ocrx_word' id='word_1_777' title='bbox 1474 730 1570 764; x_wconf 84' lang='lat' dir='ltr'>nullis</span> <span class='ocrx_word' id='word_1_778' title='bbox 1605 729 1722 764; x_wconf 88' lang='lat' dir='ltr'>osculis</span> <span class='ocrx_word' id='word_1_779' title='bbox 1743 739 1810 764; x_wconf 85' lang='lat' dir='ltr'>erat</span> <span class='ocrx_word' id='word_1_780' title='bbox 1844 730 1967 771; x_wconf 83' lang='lat' dir='ltr'>pertusa</span> <span class='ocrx_word' id='word_1_781' title='bbox 1992 756 2000 770; x_wconf 95' lang='lat'>‚</span> <span class='ocrx_word' id='word_1_782' title='bbox 2031 731 2229 771; x_wconf 82' lang='lat' dir='ltr'>chordulas,</span> <span class='ocrx_word' id='word_1_783' title='bbox 2251 737 2282 767; x_wconf 80' lang='grc' dir='ltr'>δι</span> <span class='ocrx_word' id='word_1_784' title='bbox 2305 734 2401 777; x_wconf 87' lang='lat' dir='ltr'>quas-</span> 
     </span>
     <span class='ocr_line' id='line_1_99' title="bbox 1387 772 2400 817; baseline 0.005 -10"><span class='ocrx_word' id='word_1_785' title='bbox 1387 775 1463 808; x_wconf 89' lang='lat' dir='ltr'>dam</span> <span class='ocrx_word' id='word_1_786' title='bbox 1487 775 1627 807; x_wconf 83' lang='lat' dir='ltr'>minores</span> <span class='ocrx_word' id='word_1_787' title='bbox 1649 772 1738 817; x_wconf 84' lang='lat' dir='ltr'>quasi</span> <span class='ocrx_word' id='word_1_788' title='bbox 1763 773 1906 807; x_wconf 88' lang='lat' dir='ltr'>valvulas</span> <span class='ocrx_word' id='word_1_789' title='bbox 1929 799 1937 806; x_wconf 89' lang='lat'>.</span> <span class='ocrx_word' id='word_1_790' title='bbox 1963 774 2023 809; x_wconf 88' lang='lat' dir='ltr'>Sed</span> <span class='ocrx_word' id='word_1_791' title='bbox 2045 776 2141 817; x_wconf 82' lang='lat' dir='ltr'>longe</span> <span class='ocrx_word' id='word_1_792' title='bbox 2165 778 2268 815; x_wconf 61' lang='lat' dir='ltr'>macris</span> <span class='ocrx_word' id='word_1_793' title='bbox 2293 788 2400 812; x_wconf 84' lang='lat' dir='ltr'>atten-</span> 
     </span>
     <span class='ocr_line' id='line_1_100' title="bbox 1384 815 2400 863; baseline 0.005 -12"><span class='ocrx_word' id='word_1_794' title='bbox 1384 817 1526 853; x_wconf 84' lang='lat' dir='ltr'>dendum</span> <span class='ocrx_word' id='word_1_795' title='bbox 1552 817 1619 855; x_wconf 80' lang='lat' dir='ltr'>est3</span> <span class='ocrx_word' id='word_1_796' title='bbox 1644 818 1793 860; x_wconf 87' lang='lat' dir='ltr'>quamvis</span> <span class='ocrx_word' id='word_1_797' title='bbox 1817 815 1880 851; x_wconf 91' lang='lat' dir='ltr'>fuit</span> <span class='ocrx_word' id='word_1_798' title='bbox 1905 828 2019 859; x_wconf 84' lang='lat' dir='ltr'>praeter</span> <span class='ocrx_word' id='word_1_799' title='bbox 2041 819 2312 854; x_wconf 87' lang='lat' dir='ltr'>consuetudinem</span> <span class='ocrx_word' id='word_1_800' title='bbox 2337 834 2400 863; x_wconf 87' lang='lat' dir='ltr'>po-</span> 
     </span>
     <span class='ocr_line' id='line_1_101' title="bbox 1383 863 2400 909; baseline 0.003 -14"><span class='ocrx_word' id='word_1_801' title='bbox 1383 863 1471 903; x_wconf 88' lang='lat' dir='ltr'>tius,</span> <span class='ocrx_word' id='word_1_802' title='bbox 1495 873 1592 904; x_wconf 85' lang='lat' dir='ltr'>quam</span> <span class='ocrx_word' id='word_1_803' title='bbox 1617 869 1734 904; x_wconf 78' lang='lat' dir='ltr'>praeter</span> <span class='ocrx_word' id='word_1_804' title='bbox 1756 869 1906 895; x_wconf 87' lang='lat' dir='ltr'>naturam</span> <span class='ocrx_word' id='word_1_805' title='bbox 1927 873 1937 897; x_wconf 78' lang='lat'><em>3</em></span> <span class='ocrx_word' id='word_1_806' title='bbox 1970 864 2059 903; x_wconf 87' lang='lat' dir='ltr'>quod</span> <span class='ocrx_word' id='word_1_807' title='bbox 2082 863 2118 896; x_wconf 87' lang='lat' dir='ltr'>in</span> <span class='ocrx_word' id='word_1_808' title='bbox 2141 865 2271 899; x_wconf 88' lang='lat' dir='ltr'>renibus</span> <span class='ocrx_word' id='word_1_809' title='bbox 2294 865 2364 899; x_wconf 90' lang='lat' dir='ltr'>vidi</span> <span class='ocrx_word' id='word_1_810' title='bbox 2390 891 2400 909; x_wconf 76' lang='lat'>‚</span> 
     </span>
     <span class='ocr_line' id='line_1_102' title="bbox 1383 905 2400 946; baseline 0.003 -7"><span class='ocrx_word' id='word_1_811' title='bbox 1383 908 1416 939; x_wconf 78' lang='lat' dir='ltr'>Sc</span> <span class='ocrx_word' id='word_1_812' title='bbox 1441 917 1555 939; x_wconf 85' lang='lat' dir='ltr'>eorum</span> <span class='ocrx_word' id='word_1_813' title='bbox 1578 906 1704 939; x_wconf 85' lang='lat' dir='ltr'>arteriis</span> <span class='ocrx_word' id='word_1_814' title='bbox 1728 928 1735 936; x_wconf 88' lang='lat'><strong>.</strong></span> <span class='ocrx_word' id='word_1_815' title='bbox 1773 905 1879 946; x_wconf 80' lang='lat' dir='ltr'>Longi</span> <span class='ocrx_word' id='word_1_816' title='bbox 1904 905 1954 936; x_wconf 87' lang='lat' dir='ltr'>illi</span> <span class='ocrx_word' id='word_1_817' title='bbox 1978 916 2069 939; x_wconf 87' lang='lat' dir='ltr'>erant</span> <span class='ocrx_word' id='word_1_818' title='bbox 2095 907 2133 940; x_wconf 88' lang='lat' dir='ltr'>ad</span> <span class='ocrx_word' id='word_1_819' title='bbox 2158 919 2276 941; x_wconf 88' lang='lat' dir='ltr'>novem</span> <span class='ocrx_word' id='word_1_820' title='bbox 2301 910 2400 943; x_wconf 86' lang='lat' dir='ltr'>circi-</span> 
     </span>
     <span class='ocr_line' id='line_1_103' title="bbox 1384 947 2397 995; baseline 0.004 -13"><span class='ocrx_word' id='word_1_821' title='bbox 1384 957 1433 982; x_wconf 89' lang='lat' dir='ltr'>ter</span> <span class='ocrx_word' id='word_1_822' title='bbox 1456 949 1579 993; x_wconf 82' lang='lat' dir='ltr'>digitos</span> <span class='ocrx_word' id='word_1_823' title='bbox 1601 963 1611 987; x_wconf 80' lang='lat'>3</span> <span class='ocrx_word' id='word_1_824' title='bbox 1645 948 1694 983; x_wconf 85' lang='lat' dir='ltr'>sed</span> <span class='ocrx_word' id='word_1_825' title='bbox 1719 958 1780 990; x_wconf 91' lang='lat' dir='ltr'>pro</span> <span class='ocrx_word' id='word_1_826' title='bbox 1804 947 1864 982; x_wconf 90' lang='lat' dir='ltr'>hac</span> <span class='ocrx_word' id='word_1_827' title='bbox 1887 958 1978 981; x_wconf 85' lang='lat' dir='ltr'>tanta</span> <span class='ocrx_word' id='word_1_828' title='bbox 2001 949 2210 992; x_wconf 84' lang='lat' dir='ltr'>longitudine</span> <span class='ocrx_word' id='word_1_829' title='bbox 2235 952 2361 995; x_wconf 82' lang='lat' dir='ltr'>angusti</span> <span class='ocrx_word' id='word_1_830' title='bbox 2385 976 2397 992; x_wconf 95' lang='lat'>‚</span> 
     </span>
     <span class='ocr_line' id='line_1_104' title="bbox 1384 991 2399 1036; baseline 0.004 -11"><span class='ocrx_word' id='word_1_831' title='bbox 1384 992 1444 1028; x_wconf 87' lang='lat' dir='ltr'>nisi</span> <span class='ocrx_word' id='word_1_832' title='bbox 1469 993 1557 1036; x_wconf 85' lang='lat' dir='ltr'>quod</span> <span class='ocrx_word' id='word_1_833' title='bbox 1582 993 1679 1036; x_wconf 86' lang='lat' dir='ltr'>paulo</span> <span class='ocrx_word' id='word_1_834' title='bbox 1702 1001 1793 1025; x_wconf 88' lang='lat' dir='ltr'>erant</span> <span class='ocrx_word' id='word_1_835' title='bbox 1815 993 1849 1024; x_wconf 90' lang='lat' dir='ltr'>in</span> <span class='ocrx_word' id='word_1_836' title='bbox 1874 991 2035 1034; x_wconf 82' lang='lat' dir='ltr'>superiore</span> <span class='ocrx_word' id='word_1_837' title='bbox 2059 1002 2207 1027; x_wconf 87' lang='lat' dir='ltr'>extremo</span> <span class='ocrx_word' id='word_1_838' title='bbox 2229 997 2362 1029; x_wconf 85' lang='lat' dir='ltr'>latiores</span> <span class='ocrx_word' id='word_1_839' title='bbox 2387 1021 2399 1032; x_wconf 91' lang='lat'><em>.</em></span> 
     </span>
     <span class='ocr_line' id='line_1_105' title="bbox 1384 1035 2400 1079; baseline 0.003 -9"><span class='ocrx_word' id='word_1_840' title='bbox 1384 1036 1521 1070; x_wconf 87' lang='lat' dir='ltr'>Insolita</span> <span class='ocrx_word' id='word_1_841' title='bbox 1544 1048 1675 1079; x_wconf 89' lang='lat' dir='ltr'>quoque</span> <span class='ocrx_word' id='word_1_842' title='bbox 1711 1044 1778 1069; x_wconf 88' lang='lat' dir='ltr'>erat</span> <span class='ocrx_word' id='word_1_843' title='bbox 1802 1035 1940 1070; x_wconf 91' lang='lat' dir='ltr'>Sinuum</span> <span class='ocrx_word' id='word_1_844' title='bbox 1973 1036 2151 1078; x_wconf 81' lang='lat' dir='ltr'>longitudo</span> <span class='ocrx_word' id='word_1_845' title='bbox 2170 1059 2180 1075; x_wconf 86' lang='lat'>‚</span> <span class='ocrx_word' id='word_1_846' title='bbox 2218 1038 2288 1072; x_wconf 87' lang='lat' dir='ltr'>vasa</span> <span class='ocrx_word' id='word_1_847' title='bbox 2313 1041 2400 1073; x_wconf 87' lang='lat' dir='ltr'>exci-</span> 
     </span>
     <span class='ocr_line' id='line_1_106' title="bbox 1384 1079 2402 1123; baseline 0.004 -11"><span class='ocrx_word' id='word_1_848' title='bbox 1384 1081 1545 1123; x_wconf 87' lang='lat' dir='ltr'>pientium</span> <span class='ocrx_word' id='word_1_849' title='bbox 1560 1103 1569 1118; x_wconf 92' lang='lat'><em>,</em></span> <span class='ocrx_word' id='word_1_850' title='bbox 1590 1084 1622 1116; x_wconf 85' lang='lat'>&amp;</span> <span class='ocrx_word' id='word_1_851' title='bbox 1646 1081 1892 1118; x_wconf 84' lang='lat' dir='ltr'>emittentium,</span> <span class='ocrx_word' id='word_1_852' title='bbox 1917 1091 2019 1122; x_wconf 88' lang='lat' dir='ltr'>eoque</span> <span class='ocrx_word' id='word_1_853' title='bbox 2042 1079 2172 1115; x_wconf 85' lang='lat' dir='ltr'>facilius</span> <span class='ocrx_word' id='word_1_854' title='bbox 2196 1083 2402 1116; x_wconf 84' lang='lat' dir='ltr'>animadver-</span> 
     </span>
     <span class='ocr_line' id='line_1_107' title="bbox 1385 1122 2399 1166; baseline 0.003 -10"><span class='ocrx_word' id='word_1_855' title='bbox 1385 1123 1482 1157; x_wconf 86' lang='lat' dir='ltr'>tenda</span> <span class='ocrx_word' id='word_1_856' title='bbox 1513 1147 1522 1161; x_wconf 88' lang='lat'>‚</span> <span class='ocrx_word' id='word_1_857' title='bbox 1556 1122 1645 1166; x_wconf 85' lang='lat' dir='ltr'>quod</span> <span class='ocrx_word' id='word_1_858' title='bbox 1671 1134 1741 1156; x_wconf 86' lang='lat' dir='ltr'>tota</span> <span class='ocrx_word' id='word_1_859' title='bbox 1776 1135 1810 1156; x_wconf 81' lang='lat' dir='ltr'>ea</span> <span class='ocrx_word' id='word_1_860' title='bbox 1835 1134 1906 1166; x_wconf 85' lang='lat' dir='ltr'>pars</span> <span class='ocrx_word' id='word_1_861' title='bbox 1940 1124 2048 1157; x_wconf 83' lang='lat' dir='ltr'>deerat</span> <span class='ocrx_word' id='word_1_862' title='bbox 2072 1124 2258 1159; x_wconf 72' lang='lat' dir='ltr'>substantiae</span> <span class='ocrx_word' id='word_1_863' title='bbox 2282 1136 2399 1161; x_wconf 88' lang='lat' dir='ltr'>renum</span> 
     </span>
     <span class='ocr_line' id='line_1_108' title="bbox 1383 1167 2399 1212; baseline 0.003 -12"><span class='ocrx_word' id='word_1_864' title='bbox 1383 1178 1455 1209; x_wconf 88' lang='lat' dir='ltr'>quae</span> <span class='ocrx_word' id='word_1_865' title='bbox 1480 1170 1678 1201; x_wconf 81' lang='lat' dir='ltr'>anteriorem</span> <span class='ocrx_word' id='word_1_866' title='bbox 1702 1167 1841 1201; x_wconf 81' lang='lat' dir='ltr'>Sinuurn</span> <span class='ocrx_word' id='word_1_867' title='bbox 1865 1168 2019 1208; x_wconf 86' lang='lat' dir='ltr'>parietem</span> <span class='ocrx_word' id='word_1_868' title='bbox 2043 1167 2184 1201; x_wconf 80' lang='lat' dir='ltr'>faceret.-</span> <span class='ocrx_word' id='word_1_869' title='bbox 2208 1170 2319 1212; x_wconf 74' lang='lat' dir='ltr'>itaque</span> <span class='ocrx_word' id='word_1_870' title='bbox 2331 1182 2399 1203; x_wconf 87' lang='lat' dir='ltr'>ma-</span> 
     </span>
     <span class='ocr_line' id='line_1_109' title="bbox 1380 1209 2400 1254; baseline 0.003 -10"><span class='ocrx_word' id='word_1_871' title='bbox 1380 1209 1466 1254; x_wconf 82' lang='lat' dir='ltr'>jores</span> <span class='ocrx_word' id='word_1_872' title='bbox 1490 1223 1528 1244; x_wconf 89' lang='lat' dir='ltr'>ex</span> <span class='ocrx_word' id='word_1_873' title='bbox 1551 1213 1590 1244; x_wconf 89' lang='lat' dir='ltr'>iis</span> <span class='ocrx_word' id='word_1_874' title='bbox 1614 1211 1712 1246; x_wconf 87' lang='lat' dir='ltr'>ramis</span> <span class='ocrx_word' id='word_1_875' title='bbox 1733 1211 1790 1253; x_wconf 89' lang='lat' dir='ltr'>qui</span> <span class='ocrx_word' id='word_1_876' title='bbox 1816 1211 1936 1244; x_wconf 87' lang='lat' dir='ltr'>lotium</span> <span class='ocrx_word' id='word_1_877' title='bbox 1962 1213 1995 1243; x_wconf 92' lang='lat' dir='ltr'>in</span> <span class='ocrx_word' id='word_1_878' title='bbox 2021 1211 2144 1253; x_wconf 86' lang='lat' dir='ltr'>pelvim</span> <span class='ocrx_word' id='word_1_879' title='bbox 2183 1212 2371 1246; x_wconf 86' lang='lat' dir='ltr'>convehunt</span> <span class='ocrx_word' id='word_1_880' title='bbox 2387 1238 2400 1254; x_wconf 88' lang='lat'><em>,</em></span> 
     </span>
     <span class='ocr_line' id='line_1_110' title="bbox 1380 1252 2404 1298; baseline 0.003 -10"><span class='ocrx_word' id='word_1_881' title='bbox 1380 1257 1448 1288; x_wconf 91' lang='lat' dir='ltr'>toti</span> <span class='ocrx_word' id='word_1_882' title='bbox 1474 1256 1627 1296; x_wconf 85' lang='lat' dir='ltr'>patebant</span> <span class='ocrx_word' id='word_1_883' title='bbox 1653 1280 1663 1296; x_wconf 89' lang='lat'><strong>,</strong></span> <span class='ocrx_word' id='word_1_884' title='bbox 1697 1253 1918 1298; x_wconf 81' lang='lat' dir='ltr'>patebantque</span> <span class='ocrx_word' id='word_1_885' title='bbox 1942 1252 2121 1295; x_wconf 75' lang='lat' dir='ltr'>{anguifera</span> <span class='ocrx_word' id='word_1_886' title='bbox 2155 1255 2226 1289; x_wconf 82' lang='lat' dir='ltr'>vasa</span> <span class='ocrx_word' id='word_1_887' title='bbox 2250 1258 2341 1290; x_wconf 88' lang='lat' dir='ltr'>omni</span> <span class='ocrx_word' id='word_1_888' title='bbox 2365 1268 2404 1291; x_wconf 88' lang='lat' dir='ltr'>ea-</span> 
     </span>
     <span class='ocr_line' id='line_1_111' title="bbox 1382 1297 2401 1341; baseline 0.003 -10"><span class='ocrx_word' id='word_1_889' title='bbox 1382 1306 1474 1341; x_wconf 87' lang='lat' dir='ltr'>parte</span> <span class='ocrx_word' id='word_1_890' title='bbox 1497 1311 1569 1340; x_wconf 81' lang='lat' dir='ltr'>quae</span> <span class='ocrx_word' id='word_1_891' title='bbox 1594 1300 1681 1333; x_wconf 85' lang='lat' dir='ltr'>intra</span> <span class='ocrx_word' id='word_1_892' title='bbox 1717 1298 1811 1333; x_wconf 89' lang='lat' dir='ltr'>Sinus</span> <span class='ocrx_word' id='word_1_893' title='bbox 1834 1299 1931 1331; x_wconf 82' lang='lat' dir='ltr'>condi</span> <span class='ocrx_word' id='word_1_894' title='bbox 1948 1298 2039 1337; x_wconf 49' lang='lat' dir='ltr'>[solet</span> <span class='ocrx_word' id='word_1_895' title='bbox 2060 1322 2068 1329; x_wconf 92' lang='lat'>.</span> <span class='ocrx_word' id='word_1_896' title='bbox 2095 1297 2159 1331; x_wconf 87' lang='lat' dir='ltr'>Sed</span> <span class='ocrx_word' id='word_1_897' title='bbox 2185 1310 2260 1333; x_wconf 88' lang='lat' dir='ltr'>cum</span> <span class='ocrx_word' id='word_1_898' title='bbox 2285 1300 2324 1334; x_wconf 89' lang='lat' dir='ltr'>ad</span> <span class='ocrx_word' id='word_1_899' title='bbox 2351 1311 2401 1334; x_wconf 90' lang='lat' dir='ltr'>re-</span> 
     </span>
     <span class='ocr_line' id='line_1_112' title="bbox 1382 1340 2402 1386; baseline 0.001 -11"><span class='ocrx_word' id='word_1_900' title='bbox 1382 1353 1439 1376; x_wconf 87' lang='lat' dir='ltr'>nes</span> <span class='ocrx_word' id='word_1_901' title='bbox 1462 1341 1604 1385; x_wconf 80' lang='lat' dir='ltr'>singulos</span> <span class='ocrx_word' id='word_1_902' title='bbox 1628 1344 1715 1376; x_wconf 82' lang='lat' dir='ltr'>binae</span> <span class='ocrx_word' id='word_1_903' title='bbox 1730 1365 1742 1382; x_wconf 80' lang='grc'>,</span> <span class='ocrx_word' id='word_1_904' title='bbox 1766 1340 1802 1374; x_wconf 85' lang='lat' dir='ltr'>id</span> <span class='ocrx_word' id='word_1_905' title='bbox 1825 1341 1869 1375; x_wconf 78' lang='lat' dir='ltr'>est</span> <span class='ocrx_word' id='word_1_906' title='bbox 1895 1342 2041 1385; x_wconf 83' lang='lat' dir='ltr'>superior</span> <span class='ocrx_word' id='word_1_907' title='bbox 2059 1365 2068 1378; x_wconf 82' lang='lat'>,</span> <span class='ocrx_word' id='word_1_908' title='bbox 2090 1340 2273 1376; x_wconf 81' lang='lat' dir='ltr'>&amp;inferior</span> <span class='ocrx_word' id='word_1_909' title='bbox 2297 1344 2402 1386; x_wconf 86' lang='lat' dir='ltr'>perti-</span> 
     </span>
     <span class='ocr_line' id='line_1_113' title="bbox 1382 1384 2403 1427; baseline -0.003 -8"><span class='ocrx_word' id='word_1_910' title='bbox 1382 1396 1494 1419; x_wconf 90' lang='lat' dir='ltr'>nerent</span> <span class='ocrx_word' id='word_1_911' title='bbox 1520 1388 1644 1421; x_wconf 79' lang='lat' dir='ltr'>arteriae</span> <span class='ocrx_word' id='word_1_912' title='bbox 1663 1413 1670 1427; x_wconf 89' lang='lat'>,</span> <span class='ocrx_word' id='word_1_913' title='bbox 1695 1389 1728 1419; x_wconf 89' lang='lat'>&amp;</span> <span class='ocrx_word' id='word_1_914' title='bbox 1751 1386 1893 1419; x_wconf 88' lang='lat' dir='ltr'>totidem</span> <span class='ocrx_word' id='word_1_915' title='bbox 1917 1396 2031 1425; x_wconf 87' lang='lat' dir='ltr'>venae;</span> <span class='ocrx_word' id='word_1_916' title='bbox 2055 1384 2103 1418; x_wconf 82' lang='lat' dir='ltr'>hae</span> <span class='ocrx_word' id='word_1_917' title='bbox 2126 1386 2261 1427; x_wconf 82' lang='lat' dir='ltr'>quidem</span> <span class='ocrx_word' id='word_1_918' title='bbox 2284 1388 2403 1421; x_wconf 84' lang='lat' dir='ltr'>eSini..</span> 
     </span>
     <span class='ocr_line' id='line_1_114' title="bbox 1381 1429 2403 1471; baseline 0.001 -7"><span class='ocrx_word' id='word_1_919' title='bbox 1381 1430 1441 1464; x_wconf 88' lang='lat' dir='ltr'>bus</span> <span class='ocrx_word' id='word_1_920' title='bbox 1465 1432 1513 1463; x_wconf 84' lang='lat' dir='ltr'>ita</span> <span class='ocrx_word' id='word_1_921' title='bbox 1539 1431 1695 1467; x_wconf 86' lang='lat' dir='ltr'>exibant,</span> <span class='ocrx_word' id='word_1_922' title='bbox 1719 1432 1802 1464; x_wconf 88' lang='lat' dir='ltr'>utin</span> <span class='ocrx_word' id='word_1_923' title='bbox 1827 1430 2029 1471; x_wconf 71' lang='lat' dir='ltr'>superiorem</span> <span class='ocrx_word' id='word_1_924' title='bbox 2041 1429 2257 1464; x_wconf 85' lang='lat' dir='ltr'>transversam</span> <span class='ocrx_word' id='word_1_925' title='bbox 2282 1442 2403 1465; x_wconf 89' lang='lat' dir='ltr'>venam</span> 
     </span>
     <span class='ocr_line' id='line_1_115' title="bbox 1380 1472 2404 1517; baseline 0 -9"><span class='ocrx_word' id='word_1_926' title='bbox 1380 1474 1517 1516; x_wconf 77' lang='lat' dir='ltr'>oblique</span> <span class='ocrx_word' id='word_1_927' title='bbox 1544 1473 1725 1508; x_wconf 82' lang='lat' dir='ltr'>ascenderet</span> <span class='ocrx_word' id='word_1_928' title='bbox 1749 1472 1888 1507; x_wconf 82' lang='lat' dir='ltr'>inferior</span> <span class='ocrx_word' id='word_1_929' title='bbox 1903 1499 1910 1506; x_wconf 91' lang='lat'><strong><em>.</em></strong></span> <span class='ocrx_word' id='word_1_930' title='bbox 1936 1474 2080 1507; x_wconf 72' lang='lat' dir='ltr'>Arteriae</span> <span class='ocrx_word' id='word_1_931' title='bbox 2103 1485 2183 1508; x_wconf 88' lang='lat' dir='ltr'>vero</span> <span class='ocrx_word' id='word_1_932' title='bbox 2207 1487 2310 1517; x_wconf 84' lang='lat' dir='ltr'>neque</span> <span class='ocrx_word' id='word_1_933' title='bbox 2324 1475 2404 1517; x_wconf 87' lang='lat' dir='ltr'>jun-</span> 
     </span>
     <span class='ocr_line' id='line_1_116' title="bbox 1379 1517 2403 1560; baseline 0 -9"><span class='ocrx_word' id='word_1_934' title='bbox 1379 1519 1540 1560; x_wconf 79' lang='lat' dir='ltr'>gebantur</span> <span class='ocrx_word' id='word_1_935' title='bbox 1565 1519 1650 1551; x_wconf 89' lang='lat' dir='ltr'>inter</span> <span class='ocrx_word' id='word_1_936' title='bbox 1674 1518 1727 1558; x_wconf 88' lang='lat' dir='ltr'>se,</span> <span class='ocrx_word' id='word_1_937' title='bbox 1750 1521 1782 1551; x_wconf 90' lang='lat'>&amp;</span> <span class='ocrx_word' id='word_1_938' title='bbox 1806 1526 1876 1551; x_wconf 90' lang='lat' dir='ltr'>tam</span> <span class='ocrx_word' id='word_1_939' title='bbox 1898 1517 2037 1552; x_wconf 88' lang='lat' dir='ltr'>inferior</span> <span class='ocrx_word' id='word_1_940' title='bbox 2063 1544 2072 1557; x_wconf 90' lang='lat'>,</span> <span class='ocrx_word' id='word_1_941' title='bbox 2096 1529 2195 1560; x_wconf 88' lang='lat' dir='ltr'>quarn</span> <span class='ocrx_word' id='word_1_942' title='bbox 2220 1517 2368 1560; x_wconf 86' lang='lat' dir='ltr'>superior</span> <span class='ocrx_word' id='word_1_943' title='bbox 2389 1540 2403 1559; x_wconf 89' lang='lat'>‚</span> 
     </span>
     <span class='ocr_line' id='line_1_117' title="bbox 1378 1561 2404 1605; baseline 0 -10"><span class='ocrx_word' id='word_1_944' title='bbox 1378 1562 1442 1596; x_wconf 80' lang='lat' dir='ltr'>fine</span> <span class='ocrx_word' id='word_1_945' title='bbox 1466 1561 1666 1604; x_wconf 82' lang='lat' dir='ltr'>obliquitate</span> <span class='ocrx_word' id='word_1_946' title='bbox 1689 1563 1722 1594; x_wconf 90' lang='lat' dir='ltr'>in</span> <span class='ocrx_word' id='word_1_947' title='bbox 1747 1561 1937 1595; x_wconf 85' lang='lat' dir='ltr'>trasversurn</span> <span class='ocrx_word' id='word_1_948' title='bbox 1950 1561 2156 1599; x_wconf 83' lang='lat' dir='ltr'>ferebantur,</span> <span class='ocrx_word' id='word_1_949' title='bbox 2181 1564 2294 1605; x_wconf 80' lang='lat' dir='ltr'>itaque</span> <span class='ocrx_word' id='word_1_950' title='bbox 2318 1561 2404 1595; x_wconf 86' lang='lat' dir='ltr'>infe-</span> 
     </span>
     <span class='ocr_line' id='line_1_118' title="bbox 1382 1603 2402 1648; baseline -0.002 -8"><span class='ocrx_word' id='word_1_951' title='bbox 1382 1607 1451 1640; x_wconf 86' lang='lat' dir='ltr'>rior</span> <span class='ocrx_word' id='word_1_952' title='bbox 1475 1616 1542 1638; x_wconf 86' lang='lat' dir='ltr'>non</span> <span class='ocrx_word' id='word_1_953' title='bbox 1567 1607 1678 1639; x_wconf 85' lang='lat' dir='ltr'>Sinum</span> <span class='ocrx_word' id='word_1_954' title='bbox 1705 1606 1853 1648; x_wconf 87' lang='lat' dir='ltr'>petebat,</span> <span class='ocrx_word' id='word_1_955' title='bbox 1878 1605 1929 1639; x_wconf 83' lang='lat' dir='ltr'>sed</span> <span class='ocrx_word' id='word_1_956' title='bbox 1954 1603 2039 1638; x_wconf 86' lang='lat' dir='ltr'>infra</span> <span class='ocrx_word' id='word_1_957' title='bbox 2065 1606 2179 1639; x_wconf 88' lang='lat' dir='ltr'>Sinum</span> <span class='ocrx_word' id='word_1_958' title='bbox 2203 1631 2212 1645; x_wconf 90' lang='lat'><em>,</em></span> <span class='ocrx_word' id='word_1_959' title='bbox 2245 1604 2402 1639; x_wconf 87' lang='lat' dir='ltr'>infimum</span> 
     </span>
     <span class='ocr_line' id='line_1_119' title="bbox 1382 1647 2405 1692; baseline 0 -10"><span class='ocrx_word' id='word_1_960' title='bbox 1382 1650 1618 1692; x_wconf 75' lang='lat' dir='ltr'>propemodum</span> <span class='ocrx_word' id='word_1_961' title='bbox 1643 1651 1727 1681; x_wconf 88' lang='lat' dir='ltr'>renis</span> <span class='ocrx_word' id='word_1_962' title='bbox 1750 1650 1833 1682; x_wconf 88' lang='lat' dir='ltr'>latus</span> <span class='ocrx_word' id='word_1_963' title='bbox 1856 1672 1864 1680; x_wconf 92' lang='lat'><strong>.</strong></span> <span class='ocrx_word' id='word_1_964' title='bbox 1899 1651 1948 1683; x_wconf 79' lang='lat' dir='ltr'>Ex</span> <span class='ocrx_word' id='word_1_965' title='bbox 1971 1647 2020 1682; x_wconf 91' lang='lat' dir='ltr'>his</span> <span class='ocrx_word' id='word_1_966' title='bbox 2044 1648 2202 1692; x_wconf 77' lang='lat' dir='ltr'>intelligis</span> <span class='ocrx_word' id='word_1_967' title='bbox 2224 1672 2234 1687; x_wconf 93' lang='lat'>‚</span> <span class='ocrx_word' id='word_1_968' title='bbox 2265 1648 2405 1683; x_wconf 85' lang='lat' dir='ltr'>infcrio-</span> 
     </span>
     <span class='ocr_line' id='line_1_120' title="bbox 1383 1688 2439 1736; baseline 0.002 -10"><span class='ocrx_word' id='word_1_969' title='bbox 1383 1705 1450 1726; x_wconf 89' lang='lat' dir='ltr'>rem</span> <span class='ocrx_word' id='word_1_970' title='bbox 1476 1701 1648 1734; x_wconf 87' lang='lat' dir='ltr'>utramque</span> <span class='ocrx_word' id='word_1_971' title='bbox 1674 1693 1827 1725; x_wconf 83' lang='lat' dir='ltr'>arteriam</span> <span class='ocrx_word' id='word_1_972' title='bbox 1860 1694 1966 1725; x_wconf 87' lang='lat' dir='ltr'>multo</span> <span class='ocrx_word' id='word_1_973' title='bbox 1988 1688 2127 1726; x_wconf 81' lang='lat' dir='ltr'>inferius</span> <span class='ocrx_word' id='word_1_974' title='bbox 2158 1704 2256 1736; x_wconf 83' lang='lat' dir='ltr'>quam</span> <span class='ocrx_word' id='word_1_975' title='bbox 2288 1703 2405 1728; x_wconf 80' lang='lat' dir='ltr'>renum</span> <span class='ocrx_word' id='word_1_976' title='bbox 2436 1718 2439 1720; x_wconf 93' lang='lat'><em>-</em></span> 
     </span>
     <span class='ocr_line' id='line_1_121' title="bbox 1385 1733 2405 1773; baseline 0 -4"><span class='ocrx_word' id='word_1_977' title='bbox 1385 1738 1513 1769; x_wconf 77' lang='lat' dir='ltr'>arteriae</span> <span class='ocrx_word' id='word_1_978' title='bbox 1538 1735 1683 1773; x_wconf 85' lang='lat' dir='ltr'>soleant,</span> <span class='ocrx_word' id='word_1_979' title='bbox 1707 1735 1785 1768; x_wconf 88' lang='lat' dir='ltr'>oriri</span> <span class='ocrx_word' id='word_1_980' title='bbox 1809 1733 1974 1768; x_wconf 70' lang='lat' dir='ltr'>debuisse:</span> <span class='ocrx_word' id='word_1_981' title='bbox 1999 1737 2029 1768; x_wconf 74' lang='lat'>8&lt;</span> <span class='ocrx_word' id='word_1_982' title='bbox 2054 1734 2125 1767; x_wconf 82' lang='lat' dir='ltr'>sane</span> <span class='ocrx_word' id='word_1_983' title='bbox 2149 1747 2190 1769; x_wconf 88' lang='lat' dir='ltr'>ex</span> <span class='ocrx_word' id='word_1_984' title='bbox 2212 1736 2321 1770; x_wconf 85' lang='lat' dir='ltr'>Aorta</span> <span class='ocrx_word' id='word_1_985' title='bbox 2346 1737 2405 1769; x_wconf 77' lang='lat' dir='ltr'>vix</span> 
     </span>
     <span class='ocr_line' id='line_1_122' title="bbox 1384 1778 2407 1820; baseline 0.002 -9"><span class='ocrx_word' id='word_1_986' title='bbox 1384 1780 1515 1820; x_wconf 84' lang='lat' dir='ltr'>pollicis</span> <span class='ocrx_word' id='word_1_987' title='bbox 1540 1779 1719 1812; x_wconf 86' lang='lat' dir='ltr'>intervallo</span> <span class='ocrx_word' id='word_1_988' title='bbox 1743 1778 1836 1820; x_wconf 89' lang='lat' dir='ltr'>supra</span> <span class='ocrx_word' id='word_1_989' title='bbox 1861 1778 2056 1812; x_wconf 80' lang='lat' dir='ltr'>divisionem</span> <span class='ocrx_word' id='word_1_990' title='bbox 2080 1779 2114 1810; x_wconf 88' lang='lat' dir='ltr'>in</span> <span class='ocrx_word' id='word_1_991' title='bbox 2138 1779 2256 1814; x_wconf 78' lang='lat' dir='ltr'>Iliacas</span> <span class='ocrx_word' id='word_1_992' title='bbox 2276 1800 2285 1816; x_wconf 87' lang='lat'>‚</span> <span class='ocrx_word' id='word_1_993' title='bbox 2318 1781 2407 1814; x_wconf 88' lang='lat' dir='ltr'>orie-</span> 
     </span>
     <span class='ocr_line' id='line_1_123' title="bbox 1383 1820 2406 1863; baseline 0.001 -8"><span class='ocrx_word' id='word_1_994' title='bbox 1383 1823 1523 1856; x_wconf 84' lang='lat' dir='ltr'>bantur:</span> <span class='ocrx_word' id='word_1_995' title='bbox 1548 1824 1603 1859; x_wconf 83' lang='lat'>&amp;‚</span> <span class='ocrx_word' id='word_1_996' title='bbox 1630 1821 1718 1863; x_wconf 84' lang='lat' dir='ltr'>quod</span> <span class='ocrx_word' id='word_1_997' title='bbox 1743 1820 1872 1856; x_wconf 81' lang='lat' dir='ltr'>fortasse</span> <span class='ocrx_word' id='word_1_998' title='bbox 1908 1822 2013 1856; x_wconf 89' lang='lat' dir='ltr'>multo</span> <span class='ocrx_word' id='word_1_999' title='bbox 2037 1823 2140 1857; x_wconf 89' lang='lat' dir='ltr'>rarius</span> <span class='ocrx_word' id='word_1_1000' title='bbox 2163 1822 2204 1856; x_wconf 88' lang='lat' dir='ltr'>est</span> <span class='ocrx_word' id='word_1_1001' title='bbox 2231 1849 2241 1863; x_wconf 87' lang='lat'>‚</span> <span class='ocrx_word' id='word_1_1002' title='bbox 2275 1833 2340 1856; x_wconf 90' lang='lat' dir='ltr'>non</span> <span class='ocrx_word' id='word_1_1003' title='bbox 2364 1834 2406 1856; x_wconf 84' lang='lat' dir='ltr'>ex</span> 
     </span>
     <span class='ocr_line' id='line_1_124' title="bbox 1387 1864 2407 1908; baseline 0 -9"><span class='ocrx_word' id='word_1_1004' title='bbox 1387 1868 1502 1899; x_wconf 82' lang='lat' dir='ltr'>Aortae</span> <span class='ocrx_word' id='word_1_1005' title='bbox 1526 1865 1707 1904; x_wconf 85' lang='lat' dir='ltr'>lateribus,</span> <span class='ocrx_word' id='word_1_1006' title='bbox 1732 1864 1784 1898; x_wconf 90' lang='lat' dir='ltr'>sed</span> <span class='ocrx_word' id='word_1_1007' title='bbox 1808 1877 1847 1897; x_wconf 87' lang='lat' dir='ltr'>ex</span> <span class='ocrx_word' id='word_1_1008' title='bbox 1870 1867 1937 1905; x_wconf 86' lang='lat' dir='ltr'>ipsa</span> <span class='ocrx_word' id='word_1_1009' title='bbox 1962 1865 2067 1899; x_wconf 81' lang='lat' dir='ltr'>media</span> <span class='ocrx_word' id='word_1_1010' title='bbox 2091 1869 2251 1900; x_wconf 87' lang='lat' dir='ltr'>anteriore</span> <span class='ocrx_word' id='word_1_1011' title='bbox 2277 1864 2407 1908; x_wconf 70' lang='lat' dir='ltr'>ejusfa·</span> 
     </span>
     <span class='ocr_line' id='line_1_125' title="bbox 1384 1907 2409 1952; baseline 0.002 -11"><span class='ocrx_word' id='word_1_1012' title='bbox 1384 1910 1458 1948; x_wconf 83' lang='lat' dir='ltr'>cie,</span> <span class='ocrx_word' id='word_1_1013' title='bbox 1482 1911 1529 1942; x_wconf 85' lang='lat' dir='ltr'>ita</span> <span class='ocrx_word' id='word_1_1014' title='bbox 1553 1911 1749 1952; x_wconf 81' lang='lat' dir='ltr'>propinquae</span> <span class='ocrx_word' id='word_1_1015' title='bbox 1774 1909 1859 1941; x_wconf 83' lang='lat' dir='ltr'>inter</span> <span class='ocrx_word' id='word_1_1016' title='bbox 1883 1907 1914 1942; x_wconf 83' lang='lat' dir='ltr'>se</span> <span class='ocrx_word' id='word_1_1017' title='bbox 1941 1931 1951 1947; x_wconf 90' lang='lat'>‚</span> <span class='ocrx_word' id='word_1_1018' title='bbox 1990 1919 2027 1942; x_wconf 89' lang='lat' dir='ltr'>ut</span> <span class='ocrx_word' id='word_1_1019' title='bbox 2051 1921 2161 1943; x_wconf 85' lang='lat' dir='ltr'>earum</span> <span class='ocrx_word' id='word_1_1020' title='bbox 2196 1909 2322 1943; x_wconf 82' lang='lat' dir='ltr'>orificia</span> <span class='ocrx_word' id='word_1_1021' title='bbox 2347 1910 2409 1944; x_wconf 71' lang='lat' dir='ltr'>vix</span> 
     </span>
     <span class='ocr_line' id='line_1_126' title="bbox 1385 1950 2407 1995; baseline 0.001 -10"><span class='ocrx_word' id='word_1_1022' title='bbox 1385 1950 1476 1994; x_wconf 87' lang='lat' dir='ltr'>septo</span> <span class='ocrx_word' id='word_1_1023' title='bbox 1500 1952 1685 1985; x_wconf 76' lang='lat' dir='ltr'>tenuissimo</span> <span class='ocrx_word' id='word_1_1024' title='bbox 1708 1953 1947 1993; x_wconf 85' lang='lat' dir='ltr'>separarentur.</span> <span class='ocrx_word' id='word_1_1025' title='bbox 1976 1952 2055 1986; x_wconf 91' lang='lat' dir='ltr'>Inde</span> <span class='ocrx_word' id='word_1_1026' title='bbox 2079 1951 2232 1995; x_wconf 70' lang='lat' dir='ltr'>profe&amp;ae</span> <span class='ocrx_word' id='word_1_1027' title='bbox 2252 1976 2262 1992; x_wconf 79' lang='grc'>,</span> <span class='ocrx_word' id='word_1_1028' title='bbox 2298 1954 2407 1986; x_wconf 89' lang='lat' dir='ltr'>utrin-</span> 
     </span>
     <span class='ocr_line' id='line_1_127' title="bbox 1386 1994 2407 2037; baseline 0.002 -10"><span class='ocrx_word' id='word_1_1029' title='bbox 1386 2006 1449 2036; x_wconf 87' lang='lat' dir='ltr'>que</span> <span class='ocrx_word' id='word_1_1030' title='bbox 1475 1994 1616 2031; x_wconf 79' lang='lat' dir='ltr'>similes,</span> <span class='ocrx_word' id='word_1_1031' title='bbox 1641 1998 1671 2027; x_wconf 86' lang='lat'>&amp;</span> <span class='ocrx_word' id='word_1_1032' title='bbox 1696 1997 1833 2037; x_wconf 77' lang='lat' dir='ltr'>aequales</span> <span class='ocrx_word' id='word_1_1033' title='bbox 1862 2018 1869 2032; x_wconf 86' lang='lat'>‚</span> <span class='ocrx_word' id='word_1_1034' title='bbox 1903 1997 1936 2028; x_wconf 85' lang='lat' dir='ltr'>in</span> <span class='ocrx_word' id='word_1_1035' title='bbox 1962 1995 2071 2028; x_wconf 89' lang='lat' dir='ltr'>nullos</span> <span class='ocrx_word' id='word_1_1036' title='bbox 2095 2009 2132 2030; x_wconf 88' lang='lat' dir='ltr'>ue</span> <span class='ocrx_word' id='word_1_1037' title='bbox 2155 2006 2229 2029; x_wconf 86' lang='lat' dir='ltr'>ante</span> <span class='ocrx_word' id='word_1_1038' title='bbox 2253 1996 2407 2029; x_wconf 86' lang='lat' dir='ltr'>insertio-</span> 
     </span>
     <span class='ocr_line' id='line_1_128' title="bbox 1387 2036 2407 2080; baseline 0.004 -10"><span class='ocrx_word' id='word_1_1039' title='bbox 1387 2049 1463 2071; x_wconf 86' lang='lat' dir='ltr'>nem</span> <span class='ocrx_word' id='word_1_1040' title='bbox 1486 2036 1597 2071; x_wconf 80' lang='lat' dir='ltr'>divisae</span> <span class='ocrx_word' id='word_1_1041' title='bbox 1620 2049 1749 2075; x_wconf 88' lang='lat' dir='ltr'>ramos,</span> <span class='ocrx_word' id='word_1_1042' title='bbox 1773 2051 1811 2070; x_wconf 90' lang='lat' dir='ltr'>eo</span> <span class='ocrx_word' id='word_1_1043' title='bbox 1834 2050 1901 2080; x_wconf 81' lang='lat' dir='ltr'>quo</span> <span class='ocrx_word' id='word_1_1044' title='bbox 1924 2038 2017 2075; x_wconf 82' lang='lat' dir='ltr'>dixi,</span> <span class='ocrx_word' id='word_1_1045' title='bbox 2043 2040 2076 2071; x_wconf 88' lang='lat' dir='ltr'>in</span> <span class='ocrx_word' id='word_1_1046' title='bbox 2093 2040 2265 2074; x_wconf 82' lang='lat' dir='ltr'>erebantur</span> <span class='ocrx_word' id='word_1_1047' title='bbox 2286 2053 2295 2077; x_wconf 78' lang='lat'>3</span> <span class='ocrx_word' id='word_1_1048' title='bbox 2329 2051 2407 2074; x_wconf 88' lang='lat' dir='ltr'>cum</span> 
     </span>
     <span class='ocr_line' id='line_1_129' title="bbox 1387 2081 2406 2123; baseline 0.003 -9"><span class='ocrx_word' id='word_1_1049' title='bbox 1387 2081 1567 2123; x_wconf 87' lang='lat' dir='ltr'>superiores</span> <span class='ocrx_word' id='word_1_1050' title='bbox 1592 2082 1739 2118; x_wconf 75' lang='lat' dir='ltr'>arteriae,</span> <span class='ocrx_word' id='word_1_1051' title='bbox 1763 2081 1936 2123; x_wconf 84' lang='lat' dir='ltr'>aliquanto</span> <span class='ocrx_word' id='word_1_1052' title='bbox 1957 2105 1965 2118; x_wconf 88' lang='lat'><em>‚</em></span> <span class='ocrx_word' id='word_1_1053' title='bbox 2002 2082 2053 2116; x_wconf 84' lang='lat' dir='ltr'>sed</span> <span class='ocrx_word' id='word_1_1054' title='bbox 2079 2094 2143 2115; x_wconf 84' lang='lat' dir='ltr'>nou</span> <span class='ocrx_word' id='word_1_1055' title='bbox 2177 2084 2283 2117; x_wconf 87' lang='lat' dir='ltr'>multo</span> <span class='ocrx_word' id='word_1_1056' title='bbox 2307 2106 2320 2123; x_wconf 91' lang='lat'>‚</span> <span class='ocrx_word' id='word_1_1057' title='bbox 2353 2084 2406 2117; x_wconf 84' lang='lat' dir='ltr'>his</span> 
     </span>
     <span class='ocr_line' id='line_1_130' title="bbox 1388 2124 2406 2168; baseline 0.004 -11"><span class='ocrx_word' id='word_1_1058' title='bbox 1388 2124 1574 2164; x_wconf 61' lang='lat' dir='ltr'>crassiores,</span> <span class='ocrx_word' id='word_1_1059' title='bbox 1598 2135 1701 2168; x_wconf 85' lang='lat' dir='ltr'>neque</span> <span class='ocrx_word' id='word_1_1060' title='bbox 1725 2125 1856 2167; x_wconf 78' lang='lat' dir='ltr'>origine</span> <span class='ocrx_word' id='word_1_1061' title='bbox 1879 2150 1886 2164; x_wconf 91' lang='lat'><strong>‚</strong></span> <span class='ocrx_word' id='word_1_1062' title='bbox 1912 2136 2015 2167; x_wconf 87' lang='lat' dir='ltr'>neque</span> <span class='ocrx_word' id='word_1_1063' title='bbox 2039 2127 2136 2160; x_wconf 86' lang='lat' dir='ltr'>ramis</span> <span class='ocrx_word' id='word_1_1064' title='bbox 2161 2128 2201 2160; x_wconf 89' lang='lat' dir='ltr'>ab</span> <span class='ocrx_word' id='word_1_1065' title='bbox 2223 2129 2264 2162; x_wconf 86' lang='lat' dir='ltr'>iis</span> <span class='ocrx_word' id='word_1_1066' title='bbox 2286 2126 2406 2162; x_wconf 86' lang='lat' dir='ltr'>discre-</span> 
     </span>
     <span class='ocr_line' id='line_1_131' title="bbox 1387 2168 2270 2212; baseline 0.005 -11"><span class='ocrx_word' id='word_1_1067' title='bbox 1387 2177 1500 2212; x_wconf 86' lang='lat' dir='ltr'>parent</span> <span class='ocrx_word' id='word_1_1068' title='bbox 1523 2179 1603 2211; x_wconf 83' lang='lat' dir='ltr'>quas</span> <span class='ocrx_word' id='word_1_1069' title='bbox 1625 2178 1661 2201; x_wconf 94' lang='lat' dir='ltr'>ut</span> <span class='ocrx_word' id='word_1_1070' title='bbox 1687 2168 1865 2211; x_wconf 83' lang='lat' dir='ltr'>plurimum</span> <span class='ocrx_word' id='word_1_1071' title='bbox 1891 2169 1997 2202; x_wconf 83' lang='lat' dir='ltr'>videre</span> <span class='ocrx_word' id='word_1_1072' title='bbox 2032 2169 2119 2204; x_wconf 87' lang='lat' dir='ltr'>soliti</span> <span class='ocrx_word' id='word_1_1073' title='bbox 2143 2169 2270 2205; x_wconf 85' lang='lat' dir='ltr'>sumus.</span> 
     </span>
     <span class='ocr_line' id='line_1_132' title="bbox 1388 2213 2407 2260; baseline 0.005 -15"><span class='ocrx_word' id='word_1_1074' title='bbox 1388 2214 1540 2250; x_wconf 68' lang='lat' dir='ltr'>Caetera,</span> <span class='ocrx_word' id='word_1_1075' title='bbox 1567 2213 1682 2245; x_wconf 81' lang='lat' dir='ltr'>melius</span> <span class='ocrx_word' id='word_1_1076' title='bbox 1705 2214 1840 2245; x_wconf 88' lang='lat' dir='ltr'>cadaver</span> <span class='ocrx_word' id='word_1_1077' title='bbox 1864 2214 1987 2245; x_wconf 76' lang='lat' dir='ltr'>interea</span> <span class='ocrx_word' id='word_1_1078' title='bbox 2011 2214 2096 2246; x_wconf 65' lang='lat' dir='ltr'>nacti</span> <span class='ocrx_word' id='word_1_1079' title='bbox 2112 2240 2120 2254; x_wconf 87' lang='lat'>‚</span> <span class='ocrx_word' id='word_1_1080' title='bbox 2145 2215 2407 2260; x_wconf 77' lang='lat' dir='ltr'>paridiligentia.</span> 
     </span>
     <span class='ocr_line' id='line_1_133' title="bbox 1389 2255 2410 2301; baseline 0.001 -12"><span class='ocrx_word' id='word_1_1081' title='bbox 1389 2255 1536 2298; x_wconf 86' lang='lat' dir='ltr'>persequi</span> <span class='ocrx_word' id='word_1_1082' title='bbox 1570 2266 1635 2288; x_wconf 90' lang='lat' dir='ltr'>non</span> <span class='ocrx_word' id='word_1_1083' title='bbox 1661 2257 1858 2297; x_wconf 84' lang='lat' dir='ltr'>potuimus.</span> <span class='ocrx_word' id='word_1_1084' title='bbox 1896 2257 2011 2298; x_wconf 75' lang='lat' dir='ltr'>Itaque</span> <span class='ocrx_word' id='word_1_1085' title='bbox 2035 2256 2147 2300; x_wconf 88' lang='lat' dir='ltr'>Caput</span> <span class='ocrx_word' id='word_1_1086' title='bbox 2183 2269 2249 2292; x_wconf 89' lang='lat' dir='ltr'>non</span> <span class='ocrx_word' id='word_1_1087' title='bbox 2285 2259 2410 2301; x_wconf 82' lang='lat' dir='ltr'>attigi-</span> 
     </span>
     <span class='ocr_line' id='line_1_134' title="bbox 1389 2298 2406 2342; baseline 0.006 -10"><span class='ocrx_word' id='word_1_1088' title='bbox 1389 2310 1480 2333; x_wconf 87' lang='lat' dir='ltr'>mus.</span> <span class='ocrx_word' id='word_1_1089' title='bbox 1614 2300 1651 2331; x_wconf 89' lang='lat' dir='ltr'>In</span> <span class='ocrx_word' id='word_1_1090' title='bbox 1678 2298 1831 2333; x_wconf 82' lang='lat' dir='ltr'>Thorace</span> <span class='ocrx_word' id='word_1_1091' title='bbox 1856 2301 1987 2333; x_wconf 82' lang='lat' dir='ltr'>demum</span> <span class='ocrx_word' id='word_1_1092' title='bbox 2012 2301 2202 2342; x_wconf 81' lang='lat' dir='ltr'>pulmonem</span> <span class='ocrx_word' id='word_1_1093' title='bbox 2234 2302 2406 2337; x_wconf 78' lang='lat' dir='ltr'>dexterum</span> 
     </span>
     <span class='ocr_line' id='line_1_135' title="bbox 1389 2342 2407 2387; baseline 0.004 -11"><span class='ocrx_word' id='word_1_1094' title='bbox 1389 2354 1551 2376; x_wconf 83' lang='lat' dir='ltr'>annexum</span> <span class='ocrx_word' id='word_1_1095' title='bbox 1575 2342 1692 2385; x_wconf 82' lang='lat' dir='ltr'>pleurae</span> <span class='ocrx_word' id='word_1_1096' title='bbox 1713 2367 1723 2383; x_wconf 89' lang='lat'><strong><em>,</em></strong></span> <span class='ocrx_word' id='word_1_1097' title='bbox 1747 2342 1927 2385; x_wconf 86' lang='lat' dir='ltr'>durumque</span> <span class='ocrx_word' id='word_1_1098' title='bbox 1950 2343 2236 2386; x_wconf 70' lang='lat' dir='ltr'>deprehendimusz</span> <span class='ocrx_word' id='word_1_1099' title='bbox 2261 2348 2295 2379; x_wconf 90' lang='lat' dir='ltr'>in</span> <span class='ocrx_word' id='word_1_1100' title='bbox 2321 2347 2407 2387; x_wconf 85' lang='lat' dir='ltr'>peri-</span> 
     </span>
     <span class='ocr_line' id='line_1_136' title="bbox 1389 2386 2407 2429; baseline 0.003 -9"><span class='ocrx_word' id='word_1_1101' title='bbox 1389 2386 1502 2420; x_wconf 86' lang='lat' dir='ltr'>cardio</span> <span class='ocrx_word' id='word_1_1102' title='bbox 1522 2396 1691 2421; x_wconf 85' lang='lat' dir='ltr'>cruentam</span> <span class='ocrx_word' id='word_1_1103' title='bbox 1716 2398 1831 2429; x_wconf 86' lang='lat' dir='ltr'>aquam</span> <span class='ocrx_word' id='word_1_1104' title='bbox 1856 2390 1893 2419; x_wconf 87' lang='lat' dir='ltr'>ad</span> <span class='ocrx_word' id='word_1_1105' title='bbox 1918 2386 2046 2429; x_wconf 84' lang='lat' dir='ltr'>aliquot</span> <span class='ocrx_word' id='word_1_1106' title='bbox 2060 2387 2262 2424; x_wconf 84' lang='lat' dir='ltr'>cochlearia:</span> <span class='ocrx_word' id='word_1_1107' title='bbox 2286 2391 2319 2422; x_wconf 87' lang='lat' dir='ltr'>in</span> <span class='ocrx_word' id='word_1_1108' title='bbox 2330 2401 2407 2423; x_wconf 88' lang='lat' dir='ltr'>cor-</span> 
     </span>
     <span class='ocr_line' id='line_1_137' title="bbox 1389 2428 2406 2474; baseline 0.002 -10"><span class='ocrx_word' id='word_1_1109' title='bbox 1389 2430 1427 2464; x_wconf 90' lang='lat' dir='ltr'>de</span> <span class='ocrx_word' id='word_1_1110' title='bbox 1454 2441 1550 2464; x_wconf 87' lang='lat' dir='ltr'>venas</span> <span class='ocrx_word' id='word_1_1111' title='bbox 1573 2430 1650 2463; x_wconf 87' lang='lat' dir='ltr'>duas</span> <span class='ocrx_word' id='word_1_1112' title='bbox 1671 2441 1742 2472; x_wconf 83' lang='lat' dir='ltr'>quae</span> <span class='ocrx_word' id='word_1_1113' title='bbox 1768 2442 1823 2472; x_wconf 82' lang='lat' dir='ltr'>per</span> <span class='ocrx_word' id='word_1_1114' title='bbox 1834 2428 1954 2464; x_wconf 86' lang='lat' dir='ltr'>faciem</span> <span class='ocrx_word' id='word_1_1115' title='bbox 1978 2429 2044 2473; x_wconf 85' lang='lat' dir='ltr'>ejus</span> <span class='ocrx_word' id='word_1_1116' title='bbox 2056 2432 2267 2474; x_wconf 86' lang='lat' dir='ltr'>posteriorem</span> <span class='ocrx_word' id='word_1_1117' title='bbox 2292 2433 2406 2467; x_wconf 86' lang='lat' dir='ltr'>secun-</span> 
     </span>
     <span class='ocr_line' id='line_1_138' title="bbox 1390 2473 2407 2522; baseline 0.004 -15"><span class='ocrx_word' id='word_1_1118' title='bbox 1390 2474 1468 2508; x_wconf 87' lang='lat' dir='ltr'>dum</span> <span class='ocrx_word' id='word_1_1119' title='bbox 1491 2473 1731 2516; x_wconf 82' lang='lat' dir='ltr'>longitudinem</span> <span class='ocrx_word' id='word_1_1120' title='bbox 1743 2474 1980 2514; x_wconf 81' lang='lat' dir='ltr'>decurrebant,</span> <span class='ocrx_word' id='word_1_1121' title='bbox 2003 2474 2158 2519; x_wconf 82' lang='lat' dir='ltr'>sanguine</span> <span class='ocrx_word' id='word_1_1122' title='bbox 2174 2477 2321 2522; x_wconf 84' lang='lat' dir='ltr'>turgidas</span> <span class='ocrx_word' id='word_1_1123' title='bbox 2338 2503 2348 2519; x_wconf 95' lang='lat'>‚</span> <span class='ocrx_word' id='word_1_1124' title='bbox 2373 2479 2407 2511; x_wconf 76' lang='grc' dir='ltr'>δε</span> 
     </span>
     <span class='ocr_line' id='line_1_139' title="bbox 1390 2517 1684 2561; baseline -0.01 -9"><span class='ocrx_word' id='word_1_1125' title='bbox 1390 2518 1481 2561; x_wconf 87' lang='lat' dir='ltr'>quafi</span> <span class='ocrx_word' id='word_1_1126' title='bbox 1504 2517 1663 2552; x_wconf 82' lang='lat' dir='ltr'>varicosas</span> <span class='ocrx_word' id='word_1_1127' title='bbox 1677 2542 1684 2549; x_wconf 89' lang='lat'><strong>.</strong></span> 
     </span>
    </p>

    <p class='ocr_par' dir='ltr' id='par_1_13' title="bbox 1390 2560 2411 3525">
     <span class='ocr_line' id='line_1_140' title="bbox 1407 2560 2407 2605; baseline 0.004 -11"><span class='ocrx_word' id='word_1_1128' title='bbox 1407 2600 1409 2602; x_wconf 33' lang='grc'>,</span> <span class='ocrx_word' id='word_1_1129' title='bbox 1435 2572 1486 2605; x_wconf 82' lang='lat'>24.</span> <span class='ocrx_word' id='word_1_1130' title='bbox 1513 2560 1668 2604; x_wconf 83' lang='lat' dir='ltr'>Sepofitis</span> <span class='ocrx_word' id='word_1_1131' title='bbox 1692 2572 1764 2604; x_wconf 80' lang='lat' dir='ltr'>quae</span> <span class='ocrx_word' id='word_1_1132' title='bbox 1789 2562 1827 2596; x_wconf 91' lang='lat' dir='ltr'>ad</span> <span class='ocrx_word' id='word_1_1133' title='bbox 1852 2560 1986 2605; x_wconf 75' lang='lat' dir='ltr'>praesens</span> <span class='ocrx_word' id='word_1_1134' title='bbox 2008 2563 2196 2597; x_wconf 86' lang='lat' dir='ltr'>institutum</span> <span class='ocrx_word' id='word_1_1135' title='bbox 2231 2576 2297 2598; x_wconf 90' lang='lat' dir='ltr'>non</span> <span class='ocrx_word' id='word_1_1136' title='bbox 2323 2565 2407 2597; x_wconf 86' lang='lat' dir='ltr'>atti-</span> 
     </span>
     <span class='ocr_line' id='line_1_141' title="bbox 1390 2605 2408 2650; baseline 0.004 -12"><span class='ocrx_word' id='word_1_1137' title='bbox 1390 2615 1492 2645; x_wconf 86' lang='lat' dir='ltr'>nent,</span> <span class='ocrx_word' id='word_1_1138' title='bbox 1515 2605 1537 2639; x_wconf 84' lang='lat' dir='ltr'>si</span> <span class='ocrx_word' id='word_1_1139' title='bbox 1561 2618 1595 2639; x_wconf 89' lang='lat' dir='ltr'>ea</span> <span class='ocrx_word' id='word_1_1140' title='bbox 1618 2605 1787 2639; x_wconf 83' lang='lat' dir='ltr'>dumtaxat</span> <span class='ocrx_word' id='word_1_1141' title='bbox 1817 2618 1889 2649; x_wconf 77' lang='lat' dir='ltr'>quae</span> <span class='ocrx_word' id='word_1_1142' title='bbox 1913 2605 1951 2640; x_wconf 86' lang='lat' dir='ltr'>ad</span> <span class='ocrx_word' id='word_1_1143' title='bbox 1986 2614 2167 2641; x_wconf 85' lang='lat' dir='ltr'>tumentem</span> <span class='ocrx_word' id='word_1_1144' title='bbox 2191 2608 2311 2642; x_wconf 86' lang='lat' dir='ltr'>lienem</span> <span class='ocrx_word' id='word_1_1145' title='bbox 2335 2607 2408 2650; x_wconf 89' lang='lat' dir='ltr'>spe-</span> 
     </span>
     <span class='ocr_line' id='line_1_142' title="bbox 1390 2648 2409 2693; baseline 0.001 -11"><span class='ocrx_word' id='word_1_1146' title='bbox 1390 2650 1506 2689; x_wconf 65' lang='lat' dir='ltr'>stant&gt;</span> <span class='ocrx_word' id='word_1_1147' title='bbox 1528 2652 1560 2682; x_wconf 88' lang='lat'>&amp;</span> <span class='ocrx_word' id='word_1_1148' title='bbox 1584 2648 1622 2682; x_wconf 91' lang='lat' dir='ltr'>ad</span> <span class='ocrx_word' id='word_1_1149' title='bbox 1645 2659 1796 2689; x_wconf 87' lang='lat' dir='ltr'>tumens,</span> <span class='ocrx_word' id='word_1_1150' title='bbox 1820 2648 2089 2692; x_wconf 75' lang='lat' dir='ltr'>obstruetumque</span> <span class='ocrx_word' id='word_1_1151' title='bbox 2111 2650 2201 2693; x_wconf 77' lang='lat' dir='ltr'>jecur</span> <span class='ocrx_word' id='word_1_1152' title='bbox 2223 2675 2232 2690; x_wconf 88' lang='lat'><strong>,</strong></span> <span class='ocrx_word' id='word_1_1153' title='bbox 2257 2651 2409 2686; x_wconf 79' lang='lat' dir='ltr'>attenda-</span> 
     </span>
     <span class='ocr_line' id='line_1_143' title="bbox 1392 2691 2407 2734; baseline 0.002 -8"><span class='ocrx_word' id='word_1_1154' title='bbox 1392 2704 1483 2731; x_wconf 76' lang='lat' dir='ltr'>mus3</span> <span class='ocrx_word' id='word_1_1155' title='bbox 1508 2693 1601 2726; x_wconf 86' lang='lat' dir='ltr'>lienis</span> <span class='ocrx_word' id='word_1_1156' title='bbox 1626 2694 1740 2727; x_wconf 82' lang='lat' dir='ltr'>arteria</span> <span class='ocrx_word' id='word_1_1157' title='bbox 1763 2717 1772 2732; x_wconf 91' lang='lat'>,</span> <span class='ocrx_word' id='word_1_1158' title='bbox 1803 2692 1825 2727; x_wconf 81' lang='lat' dir='ltr'>fi</span> <span class='ocrx_word' id='word_1_1159' title='bbox 1850 2691 1936 2727; x_wconf 89' lang='lat' dir='ltr'>forte</span> <span class='ocrx_word' id='word_1_1160' title='bbox 1960 2706 1975 2726; x_wconf 90' lang='lat' dir='ltr'>a</span> <span class='ocrx_word' id='word_1_1161' title='bbox 2003 2695 2193 2734; x_wconf 88' lang='lat' dir='ltr'>primordiis</span> <span class='ocrx_word' id='word_1_1162' title='bbox 2223 2696 2288 2730; x_wconf 86' lang='lat' dir='ltr'>fine</span> <span class='ocrx_word' id='word_1_1163' title='bbox 2312 2696 2407 2730; x_wconf 84' lang='lat' dir='ltr'>flexi.</span> 
     </span>
     <span class='ocr_line' id='line_1_144' title="bbox 1391 2735 2407 2783; baseline 0.004 -13"><span class='ocrx_word' id='word_1_1164' title='bbox 1391 2737 1451 2770; x_wconf 84' lang='lat' dir='ltr'>bus</span> <span class='ocrx_word' id='word_1_1165' title='bbox 1475 2748 1539 2770; x_wconf 91' lang='lat' dir='ltr'>non</span> <span class='ocrx_word' id='word_1_1166' title='bbox 1564 2735 1654 2776; x_wconf 82' lang='lat' dir='ltr'>fuit,</span> <span class='ocrx_word' id='word_1_1167' title='bbox 1680 2737 1783 2770; x_wconf 81' lang='lat' dir='ltr'>videri</span> <span class='ocrx_word' id='word_1_1168' title='bbox 1800 2737 2037 2783; x_wconf 31' lang='lat' dir='ltr'>‘alicuipoterit</span> <span class='ocrx_word' id='word_1_1169' title='bbox 2062 2738 2122 2771; x_wconf 87' lang='lat' dir='ltr'>hos</span> <span class='ocrx_word' id='word_1_1170' title='bbox 2145 2740 2302 2777; x_wconf 77' lang='lat' dir='ltr'>amisisse,</span> <span class='ocrx_word' id='word_1_1171' title='bbox 2327 2741 2407 2774; x_wconf 81' lang='lat' dir='ltr'>dum</span> 
     </span>
     <span class='ocr_line' id='line_1_145' title="bbox 1391 2779 2410 2827; baseline 0.003 -14"><span class='ocrx_word' id='word_1_1172' title='bbox 1391 2780 1552 2822; x_wconf 86' lang='lat' dir='ltr'>impedito</span> <span class='ocrx_word' id='word_1_1173' title='bbox 1587 2781 1621 2827; x_wconf 80' lang='lat' dir='ltr'>in</span> <span class='ocrx_word' id='word_1_1174' title='bbox 1643 2779 1762 2814; x_wconf 89' lang='lat' dir='ltr'>durum</span> <span class='ocrx_word' id='word_1_1175' title='bbox 1797 2791 1884 2819; x_wconf 75' lang='lat' dir='ltr'>Jecur</span> <span class='ocrx_word' id='word_1_1176' title='bbox 1907 2780 2053 2814; x_wconf 84' lang='lat' dir='ltr'>arteriosi</span> <span class='ocrx_word' id='word_1_1177' title='bbox 2090 2781 2254 2825; x_wconf 83' lang='lat' dir='ltr'>sanguinis</span> <span class='ocrx_word' id='word_1_1178' title='bbox 2277 2783 2372 2818; x_wconf 84' lang='lat' dir='ltr'>cursu</span> <span class='ocrx_word' id='word_1_1179' title='bbox 2398 2808 2410 2824; x_wconf 84' lang='lat'><strong>,</strong></span> 
     </span>
     <span class='ocr_line' id='line_1_146' title="bbox 1392 2823 2407 2867; baseline 0.003 -10"><span class='ocrx_word' id='word_1_1180' title='bbox 1392 2823 1498 2866; x_wconf 82' lang='lat' dir='ltr'>major</span> <span class='ocrx_word' id='word_1_1181' title='bbox 1536 2823 1633 2865; x_wconf 73' lang='lat' dir='ltr'>hujus</span> <span class='ocrx_word' id='word_1_1182' title='bbox 1657 2824 1752 2866; x_wconf 81' lang='lat' dir='ltr'>copia</span> <span class='ocrx_word' id='word_1_1183' title='bbox 1788 2825 1821 2856; x_wconf 89' lang='lat' dir='ltr'>in</span> <span class='ocrx_word' id='word_1_1184' title='bbox 1847 2824 2025 2867; x_wconf 85' lang='lat' dir='ltr'>Splenicam</span> <span class='ocrx_word' id='word_1_1185' title='bbox 2051 2825 2141 2860; x_wconf 88' lang='lat' dir='ltr'>illam</span> <span class='ocrx_word' id='word_1_1186' title='bbox 2177 2828 2330 2861; x_wconf 84' lang='lat' dir='ltr'>arteriam</span> <span class='ocrx_word' id='word_1_1187' title='bbox 2353 2827 2407 2860; x_wconf 85' lang='lat' dir='ltr'>in-</span> 
     </span>
     <span class='ocr_line' id='line_1_147' title="bbox 1393 2867 2408 2913; baseline -0.003 -12"><span class='ocrx_word' id='word_1_1188' title='bbox 1393 2868 1491 2901; x_wconf 84' lang='lat' dir='ltr'>fluere</span> <span class='ocrx_word' id='word_1_1189' title='bbox 1514 2869 1627 2901; x_wconf 57' lang='lat' dir='ltr'>coacta</span> <span class='ocrx_word' id='word_1_1190' title='bbox 1651 2867 1716 2900; x_wconf 86' lang='lat' dir='ltr'>est.</span> <span class='ocrx_word' id='word_1_1191' title='bbox 1744 2867 1916 2905; x_wconf 85' lang='lat' dir='ltr'>Quantum</span> <span class='ocrx_word' id='word_1_1192' title='bbox 1942 2878 2068 2910; x_wconf 87' lang='lat' dir='ltr'>autem,</span> <span class='ocrx_word' id='word_1_1193' title='bbox 2092 2871 2258 2905; x_wconf 66' lang='lat' dir='ltr'>obstrucsto</span> <span class='ocrx_word' id='word_1_1194' title='bbox 2281 2871 2408 2913; x_wconf 84' lang='lat' dir='ltr'>jecino-</span> 
     </span>
     <span class='ocr_line' id='line_1_148' title="bbox 1393 2909 2405 2956; baseline 0.004 -12"><span class='ocrx_word' id='word_1_1195' title='bbox 1393 2922 1451 2949; x_wconf 89' lang='lat' dir='ltr'>re,</span> <span class='ocrx_word' id='word_1_1196' title='bbox 1476 2909 1621 2945; x_wconf 83' lang='lat' dir='ltr'>arteriosi</span> <span class='ocrx_word' id='word_1_1197' title='bbox 1645 2912 1731 2944; x_wconf 84' lang='lat' dir='ltr'>intra</span> <span class='ocrx_word' id='word_1_1198' title='bbox 1755 2909 1862 2953; x_wconf 88' lang='lat' dir='ltr'>ipsum</span> <span class='ocrx_word' id='word_1_1199' title='bbox 1887 2912 2003 2945; x_wconf 90' lang='lat' dir='ltr'>ramuli</span> <span class='ocrx_word' id='word_1_1200' title='bbox 2026 2916 2288 2956; x_wconf 88' lang='lat' dir='ltr'>comprimantur</span> <span class='ocrx_word' id='word_1_1201' title='bbox 2307 2937 2320 2955; x_wconf 83' lang='lat'>‚</span> <span class='ocrx_word' id='word_1_1202' title='bbox 2344 2915 2405 2948; x_wconf 70' lang='lat' dir='ltr'>mi&lt;</span> 
     </span>
     <span class='ocr_line' id='line_1_149' title="bbox 1395 2954 2408 2998; baseline 0.004 -10"><span class='ocrx_word' id='word_1_1203' title='bbox 1395 2954 1516 2998; x_wconf 88' lang='lat' dir='ltr'>nusque</span> <span class='ocrx_word' id='word_1_1204' title='bbox 1541 2954 1707 2996; x_wconf 81' lang='lat' dir='ltr'>sanguinis</span> <span class='ocrx_word' id='word_1_1205' title='bbox 1730 2954 1927 2995; x_wconf 87' lang='lat' dir='ltr'>admittant,</span> <span class='ocrx_word' id='word_1_1206' title='bbox 1950 2966 2024 2989; x_wconf 87' lang='lat' dir='ltr'>curn</span> <span class='ocrx_word' id='word_1_1207' title='bbox 2048 2958 2134 2991; x_wconf 88' lang='lat' dir='ltr'>ratio</span> <span class='ocrx_word' id='word_1_1208' title='bbox 2157 2958 2281 2992; x_wconf 90' lang='lat' dir='ltr'>indicat</span> <span class='ocrx_word' id='word_1_1209' title='bbox 2303 2980 2312 2995; x_wconf 90' lang='lat'>‚</span> <span class='ocrx_word' id='word_1_1210' title='bbox 2335 2967 2408 2992; x_wconf 89' lang='lat' dir='ltr'>tum</span> 
     </span>
     <span class='ocr_line' id='line_1_150' title="bbox 1394 2998 2409 3041; baseline 0.003 -9"><span class='ocrx_word' id='word_1_1211' title='bbox 1394 2999 1526 3033; x_wconf 88' lang='lat' dir='ltr'>evidens</span> <span class='ocrx_word' id='word_1_1212' title='bbox 1549 2998 1736 3033; x_wconf 87' lang='lat' dir='ltr'>observatio</span> <span class='ocrx_word' id='word_1_1213' title='bbox 1758 3008 1993 3041; x_wconf 85' lang='lat' dir='ltr'>nonnunquam</span> <span class='ocrx_word' id='word_1_1214' title='bbox 2015 3000 2160 3035; x_wconf 86' lang='lat' dir='ltr'>ostendit</span> <span class='ocrx_word' id='word_1_1215' title='bbox 2185 3027 2192 3035; x_wconf 91' lang='lat'><strong>.</strong></span> <span class='ocrx_word' id='word_1_1216' title='bbox 2218 3001 2409 3035; x_wconf 86' lang='lat' dir='ltr'>Confirma-</span> 
     </span>
     <span class='ocr_line' id='line_1_151' title="bbox 1394 3041 2410 3086; baseline 0.005 -12"><span class='ocrx_word' id='word_1_1217' title='bbox 1394 3043 1443 3076; x_wconf 88' lang='lat' dir='ltr'>vit</span> <span class='ocrx_word' id='word_1_1218' title='bbox 1466 3044 1556 3075; x_wconf 89' lang='lat' dir='ltr'>enim</span> <span class='ocrx_word' id='word_1_1219' title='bbox 1580 3041 1664 3075; x_wconf 88' lang='lat' dir='ltr'>mihi</span> <span class='ocrx_word' id='word_1_1220' title='bbox 1688 3042 1743 3076; x_wconf 83' lang='lat' dir='ltr'>Cl.</span> <span class='ocrx_word' id='word_1_1221' title='bbox 1766 3041 1832 3074; x_wconf 92' lang='lat' dir='ltr'>Vir</span> <span class='ocrx_word' id='word_1_1222' title='bbox 1851 3041 1907 3085; x_wconf 88' lang='lat' dir='ltr'>J0.</span> <span class='ocrx_word' id='word_1_1223' title='bbox 1936 3043 2077 3084; x_wconf 80' lang='lat' dir='ltr'>Baptista</span> <span class='ocrx_word' id='word_1_1224' title='bbox 2102 3045 2245 3086; x_wconf 89' lang='lat' dir='ltr'>Vulpius</span> <span class='ocrx_word' id='word_1_1225' title='bbox 2261 3068 2270 3083; x_wconf 90' lang='lat'><em>,</em></span> <span class='ocrx_word' id='word_1_1226' title='bbox 2294 3046 2345 3079; x_wconf 89' lang='lat' dir='ltr'>bis</span> <span class='ocrx_word' id='word_1_1227' title='bbox 2366 3044 2410 3079; x_wconf 82' lang='lat' dir='ltr'>fi-</span> 
     </span>
     <span class='ocr_line' id='line_1_152' title="bbox 1392 3084 2408 3132; baseline 0.004 -14"><span class='ocrx_word' id='word_1_1228' title='bbox 1392 3086 1428 3119; x_wconf 90' lang='lat' dir='ltr'>bi</span> <span class='ocrx_word' id='word_1_1229' title='bbox 1453 3084 1620 3124; x_wconf 79' lang='lat' dir='ltr'>accidisie‚</span> <span class='ocrx_word' id='word_1_1230' title='bbox 1646 3093 1683 3118; x_wconf 90' lang='lat' dir='ltr'>ut</span> <span class='ocrx_word' id='word_1_1231' title='bbox 1705 3084 1821 3127; x_wconf 88' lang='lat' dir='ltr'>hepate</span> <span class='ocrx_word' id='word_1_1232' title='bbox 1845 3085 2013 3119; x_wconf 58' lang='lat' dir='ltr'>obstructo</span> <span class='ocrx_word' id='word_1_1233' title='bbox 2032 3110 2047 3127; x_wconf 84' lang='lat'><em>,</em></span> <span class='ocrx_word' id='word_1_1234' title='bbox 2081 3090 2205 3123; x_wconf 71' lang='lat' dir='ltr'>arteriae</span> <span class='ocrx_word' id='word_1_1235' title='bbox 2238 3089 2408 3132; x_wconf 80' lang='lat' dir='ltr'>Hepaticae</span> 
     </span>
     <span class='ocr_line' id='line_1_153' title="bbox 1392 3128 2407 3175; baseline 0.004 -13"><span class='ocrx_word' id='word_1_1236' title='bbox 1392 3139 1546 3163; x_wconf 90' lang='lat' dir='ltr'>truncum</span> <span class='ocrx_word' id='word_1_1237' title='bbox 1569 3128 1740 3162; x_wconf 88' lang='lat' dir='ltr'>dilatatum</span> <span class='ocrx_word' id='word_1_1238' title='bbox 1765 3128 1845 3161; x_wconf 86' lang='lat' dir='ltr'>adeo</span> <span class='ocrx_word' id='word_1_1239' title='bbox 1868 3130 2033 3163; x_wconf 87' lang='lat' dir='ltr'>inveniret</span> <span class='ocrx_word' id='word_1_1240' title='bbox 2055 3157 2065 3172; x_wconf 90' lang='lat'>‚</span> <span class='ocrx_word' id='word_1_1241' title='bbox 2089 3141 2126 3165; x_wconf 92' lang='lat' dir='ltr'>ut</span> <span class='ocrx_word' id='word_1_1242' title='bbox 2149 3133 2185 3165; x_wconf 89' lang='lat' dir='ltr'>in</span> <span class='ocrx_word' id='word_1_1243' title='bbox 2209 3144 2282 3167; x_wconf 90' lang='lat' dir='ltr'>eum</span> <span class='ocrx_word' id='word_1_1244' title='bbox 2305 3133 2407 3175; x_wconf 75' lang='lat' dir='ltr'>posset</span> 
     </span>
     <span class='ocr_line' id='line_1_154' title="bbox 1393 3170 2409 3215; baseline 0.006 -10"><span class='ocrx_word' id='word_1_1245' title='bbox 1393 3174 1573 3207; x_wconf 86' lang='lat' dir='ltr'>immittere</span> <span class='ocrx_word' id='word_1_1246' title='bbox 1595 3170 1740 3215; x_wconf 82' lang='lat' dir='ltr'>digitum</span> <span class='ocrx_word' id='word_1_1247' title='bbox 1763 3172 1914 3214; x_wconf 87' lang='lat' dir='ltr'>pollicem</span> <span class='ocrx_word' id='word_1_1248' title='bbox 1928 3197 1938 3206; x_wconf 88' lang='lat'>.</span> <span class='ocrx_word' id='word_1_1249' title='bbox 2072 3176 2239 3210; x_wconf 68' lang='lat' dir='ltr'>Caeterum</span> <span class='ocrx_word' id='word_1_1250' title='bbox 2264 3176 2306 3210; x_wconf 86' lang='lat' dir='ltr'>fic</span> <span class='ocrx_word' id='word_1_1251' title='bbox 2329 3175 2409 3210; x_wconf 84' lang='lat' dir='ltr'>affe-</span> 
     </span>
     <span class='ocr_line' id='line_1_155' title="bbox 1395 3214 2407 3263; baseline 0.006 -13"><span class='ocrx_word' id='word_1_1252' title='bbox 1395 3217 1450 3250; x_wconf 72' lang='grc' dir='ltr'>ἃς)</span> <span class='ocrx_word' id='word_1_1253' title='bbox 1474 3216 1639 3259; x_wconf 75' lang='lat' dir='ltr'>jecinore,</span> <span class='ocrx_word' id='word_1_1254' title='bbox 1663 3226 1760 3258; x_wconf 87' lang='lat' dir='ltr'>quam</span> <span class='ocrx_word' id='word_1_1255' title='bbox 1784 3214 1882 3249; x_wconf 86' lang='lat' dir='ltr'>facile</span> <span class='ocrx_word' id='word_1_1256' title='bbox 1906 3226 1955 3249; x_wconf 88' lang='lat' dir='ltr'>res</span> <span class='ocrx_word' id='word_1_1257' title='bbox 1979 3216 2017 3251; x_wconf 85' lang='lat' dir='ltr'>ad</span> <span class='ocrx_word' id='word_1_1258' title='bbox 2040 3218 2229 3253; x_wconf 89' lang='lat' dir='ltr'>cachexiam</span> <span class='ocrx_word' id='word_1_1259' title='bbox 2254 3219 2373 3263; x_wconf 71' lang='lat' dir='ltr'>spestet</span> <span class='ocrx_word' id='word_1_1260' title='bbox 2396 3231 2407 3256; x_wconf 65' lang='grc' dir='ltr'><strong>ς</strong></span> 
     </span>
     <span class='ocr_line' id='line_1_156' title="bbox 1396 3259 2408 3304; baseline -0.003 -11"><span class='ocrx_word' id='word_1_1261' title='bbox 1396 3260 1430 3293; x_wconf 88' lang='lat' dir='ltr'>in</span> <span class='ocrx_word' id='word_1_1262' title='bbox 1454 3261 1622 3303; x_wconf 78' lang='lat' dir='ltr'>proposito</span> <span class='ocrx_word' id='word_1_1263' title='bbox 1645 3259 1797 3297; x_wconf 86' lang='lat' dir='ltr'>homine,</span> <span class='ocrx_word' id='word_1_1264' title='bbox 1825 3270 1940 3301; x_wconf 67' lang='lat' dir='ltr'>praeter</span> <span class='ocrx_word' id='word_1_1265' title='bbox 1964 3261 2024 3295; x_wconf 86' lang='lat' dir='ltr'>alia</span> <span class='ocrx_word' id='word_1_1266' title='bbox 2040 3285 2049 3298; x_wconf 89' lang='lat'>,</span> <span class='ocrx_word' id='word_1_1267' title='bbox 2076 3273 2176 3304; x_wconf 90' lang='lat' dir='ltr'>pauca</span> <span class='ocrx_word' id='word_1_1268' title='bbox 2200 3264 2275 3302; x_wconf 87' lang='lat' dir='ltr'>illa,</span> <span class='ocrx_word' id='word_1_1269' title='bbox 2301 3267 2332 3297; x_wconf 75' lang='grc' dir='ltr'>δι</span> <span class='ocrx_word' id='word_1_1270' title='bbox 2351 3262 2408 3297; x_wconf 78' lang='lat' dir='ltr'>de-</span> 
     </span>
     <span class='ocr_line' id='line_1_157' title="bbox 1396 3302 2408 3344; baseline 0.002 -6"><span class='ocrx_word' id='word_1_1271' title='bbox 1396 3304 1487 3338; x_wconf 88' lang='lat' dir='ltr'>color</span> <span class='ocrx_word' id='word_1_1272' title='bbox 1518 3304 1595 3337; x_wconf 80' lang='lat' dir='ltr'>bilis</span> <span class='ocrx_word' id='word_1_1273' title='bbox 1621 3313 1685 3335; x_wconf 89' lang='lat' dir='ltr'>non</span> <span class='ocrx_word' id='word_1_1274' title='bbox 1719 3302 1853 3336; x_wconf 90' lang='lat' dir='ltr'>obscure</span> <span class='ocrx_word' id='word_1_1275' title='bbox 1876 3306 2142 3340; x_wconf 83' lang='lat' dir='ltr'>commonstravit</span> <span class='ocrx_word' id='word_1_1276' title='bbox 2167 3332 2176 3341; x_wconf 89' lang='lat'>.</span> <span class='ocrx_word' id='word_1_1277' title='bbox 2309 3304 2408 3344; x_wconf 89' lang='lat' dir='ltr'>Quod</span> 
     </span>
     <span class='ocr_line' id='line_1_158' title="bbox 1396 3345 2410 3393; baseline 0.003 -13"><span class='ocrx_word' id='word_1_1278' title='bbox 1396 3347 1418 3380; x_wconf 86' lang='lat' dir='ltr'>fi</span> <span class='ocrx_word' id='word_1_1279' title='bbox 1444 3351 1572 3390; x_wconf 84' lang='lat' dir='ltr'>gravius</span> <span class='ocrx_word' id='word_1_1280' title='bbox 1595 3347 1717 3379; x_wconf 85' lang='lat' dir='ltr'>vit-ium</span> <span class='ocrx_word' id='word_1_1281' title='bbox 1741 3345 1838 3388; x_wconf 82' lang='lat' dir='ltr'>hepar</span> <span class='ocrx_word' id='word_1_1282' title='bbox 1861 3356 2000 3390; x_wconf 88' lang='lat' dir='ltr'>occupet</span> <span class='ocrx_word' id='word_1_1283' title='bbox 2024 3363 2033 3387; x_wconf 80' lang='lat'><em>3</em></span> <span class='ocrx_word' id='word_1_1284' title='bbox 2065 3350 2178 3393; x_wconf 75' lang='lat' dir='ltr'>saepius</span> <span class='ocrx_word' id='word_1_1285' title='bbox 2203 3361 2267 3386; x_wconf 89' lang='lat' dir='ltr'>non</span> <span class='ocrx_word' id='word_1_1286' title='bbox 2291 3349 2330 3383; x_wconf 91' lang='lat' dir='ltr'>ad</span> <span class='ocrx_word' id='word_1_1287' title='bbox 2353 3362 2410 3383; x_wconf 90' lang='lat' dir='ltr'>ca-</span> 
     </span>
     <span class='ocr_line' id='line_1_159' title="bbox 1396 3389 2409 3436; baseline 0.003 -12"><span class='ocrx_word' id='word_1_1288' title='bbox 1396 3389 1545 3424; x_wconf 88' lang='lat' dir='ltr'>chexiam</span> <span class='ocrx_word' id='word_1_1289' title='bbox 1571 3389 1669 3423; x_wconf 85' lang='lat' dir='ltr'>modo</span> <span class='ocrx_word' id='word_1_1290' title='bbox 1688 3412 1700 3428; x_wconf 87' lang='lat'><em>‚</em></span> <span class='ocrx_word' id='word_1_1291' title='bbox 1733 3400 1843 3424; x_wconf 87' lang='lat' dir='ltr'>verum</span> <span class='ocrx_word' id='word_1_1292' title='bbox 1868 3392 1965 3425; x_wconf 90' lang='lat' dir='ltr'>etiam</span> <span class='ocrx_word' id='word_1_1293' title='bbox 2000 3394 2038 3427; x_wconf 87' lang='lat' dir='ltr'>ad</span> <span class='ocrx_word' id='word_1_1294' title='bbox 2062 3392 2247 3436; x_wconf 88' lang='lat' dir='ltr'>hydropem</span> <span class='ocrx_word' id='word_1_1295' title='bbox 2271 3393 2409 3436; x_wconf 78' lang='lat' dir='ltr'>gradum</span> 
     </span>
     <span class='ocr_line' id='line_1_160' title="bbox 1399 3432 2409 3478; baseline 0.002 -11"><span class='ocrx_word' id='word_1_1296' title='bbox 1399 3435 1491 3473; x_wconf 86' lang='lat' dir='ltr'>fieri,</span> <span class='ocrx_word' id='word_1_1297' title='bbox 1516 3432 1778 3477; x_wconf 65' lang='lat' dir='ltr'>frequentissimae</span> <span class='ocrx_word' id='word_1_1298' title='bbox 1799 3433 1919 3468; x_wconf 79' lang='lat' dir='ltr'>docent</span> <span class='ocrx_word' id='word_1_1299' title='bbox 1943 3435 2217 3471; x_wconf 80' lang='lat' dir='ltr'>Observationes.</span> <span class='ocrx_word' id='word_1_1300' title='bbox 2242 3438 2331 3478; x_wconf 84' lang='lat' dir='ltr'>Qas</span> <span class='ocrx_word' id='word_1_1301' title='bbox 2356 3438 2409 3469; x_wconf 88' lang='lat' dir='ltr'>in-</span> 
     </span>
     <span class='ocr_line' id='line_1_161' title="bbox 1399 3478 2411 3525; baseline 0.005 -15"><span class='ocrx_word' id='word_1_1302' title='bbox 1399 3487 1448 3512; x_wconf 89' lang='lat' dir='ltr'>ter</span> <span class='ocrx_word' id='word_1_1303' title='bbox 1471 3478 1523 3511; x_wconf 91' lang='lat' dir='ltr'>vel</span> <span class='ocrx_word' id='word_1_1304' title='bbox 1548 3486 1683 3521; x_wconf 87' lang='lat' dir='ltr'>propter</span> <span class='ocrx_word' id='word_1_1305' title='bbox 1704 3487 1830 3519; x_wconf 84' lang='lat' dir='ltr'>reperta</span> <span class='ocrx_word' id='word_1_1306' title='bbox 1853 3479 1886 3511; x_wconf 90' lang='lat' dir='ltr'>in</span> <span class='ocrx_word' id='word_1_1307' title='bbox 1911 3479 2072 3514; x_wconf 90' lang='lat' dir='ltr'>scirrhoso</span> <span class='ocrx_word' id='word_1_1308' title='bbox 2095 3480 2208 3525; x_wconf 86' lang='lat' dir='ltr'>hepate</span> <span class='ocrx_word' id='word_1_1309' title='bbox 2227 3504 2237 3520; x_wconf 88' lang='lat'><em>‚</em></span> <span class='ocrx_word' id='word_1_1310' title='bbox 2263 3481 2311 3513; x_wconf 91' lang='lat' dir='ltr'>vel</span> <span class='ocrx_word' id='word_1_1311' title='bbox 2334 3493 2411 3523; x_wconf 89' lang='lat' dir='ltr'>pro-</span> 
     </span>
    </p>
   </div>
   <div class='ocr_carea' id='block_1_10' title="bbox 2294 3534 2366 3568">
    <p class='ocr_par' dir='ltr' id='par_1_14' title="bbox 2294 3534 2366 3568">
     <span class='ocr_line' id='line_1_162' title="bbox 2294 3534 2366 3568; baseline 0 -10"><span class='ocrx_word' id='word_1_1312' title='bbox 2294 3534 2366 3568; x_wconf 91' lang='lat' dir='ltr'>pter</span> 
     </span>
    </p>
   </div>
   <div class='ocr_carea' id='block_1_11' title="bbox 801 3614 2397 3628">
    <p class='ocr_par' dir='ltr' id='par_1_15' title="bbox 801 3614 2397 3628">
     <span class='ocr_line' id='line_1_163' title="bbox 801 3614 2397 3628; baseline 0 447"><span class='ocrx_word' id='word_1_1313' title='bbox 801 3614 2397 3628; x_wconf 95' lang='lat' dir='ltr'> </span> 
     </span>
    </p>
   </div>
   <div class='ocr_carea' id='block_1_12' title="bbox 1645 3675 2206 3737">
    <p class='ocr_par' dir='ltr' id='par_1_16' title="bbox 1645 3675 2206 3737">
     <span class='ocr_line' id='line_1_164' title="bbox 1645 3675 2206 3706; baseline 0.002 -8"><span class='ocrx_word' id='word_1_1314' title='bbox 1645 3676 1658 3704; x_wconf 90' lang='lat'>(</span> <span class='ocrx_word' id='word_1_1315' title='bbox 1674 3684 1688 3700; x_wconf 87' lang='lat' dir='ltr'>a</span> <span class='ocrx_word' id='word_1_1316' title='bbox 1709 3675 1716 3702; x_wconf 90' lang='grc'>)</span> <span class='ocrx_word' id='word_1_1317' title='bbox 1735 3676 1769 3698; x_wconf 83' lang='grc' dir='ltr'>Ν.</span> <span class='ocrx_word' id='word_1_1318' title='bbox 1787 3676 1817 3699; x_wconf 89' lang='lat' dir='ltr'>C.</span> <span class='ocrx_word' id='word_1_1319' title='bbox 1833 3677 1906 3701; x_wconf 81' lang='lat' dir='ltr'>Cent.</span> <span class='ocrx_word' id='word_1_1320' title='bbox 1924 3679 1946 3699; x_wconf 87' lang='lat'>6.</span> <span class='ocrx_word' id='word_1_1321' title='bbox 1963 3675 2024 3700; x_wconf 80' lang='lat' dir='ltr'>obs.</span> <span class='ocrx_word' id='word_1_1322' title='bbox 2042 3683 2081 3706; x_wconf 63' lang='grc'>94.</span> <span class='ocrx_word' id='word_1_1323' title='bbox 2096 3676 2126 3701; x_wconf 78' lang='lat' dir='ltr'>ad</span> <span class='ocrx_word' id='word_1_1324' title='bbox 2142 3684 2166 3701; x_wconf 90' lang='lat' dir='ltr'>n.</span> <span class='ocrx_word' id='word_1_1325' title='bbox 2182 3683 2206 3704; x_wconf 82' lang='lat'>7.</span> 
     </span>
     <span class='ocr_line' id='line_1_165' title="bbox 1892 3706 2062 3737; baseline 0.012 -7"><span class='ocrx_word' id='word_1_1326' title='bbox 1892 3707 1900 3737; x_wconf 85' lang='lat'>(</span> <span class='ocrx_word' id='word_1_1327' title='bbox 1919 3714 1931 3730; x_wconf 89' lang='lat' dir='ltr'>e</span> <span class='ocrx_word' id='word_1_1328' title='bbox 1946 3706 1960 3737; x_wconf 85' lang='lat'>)</span> <span class='ocrx_word' id='word_1_1329' title='bbox 1977 3714 2003 3731; x_wconf 90' lang='lat' dir='ltr'>n.</span> <span class='ocrx_word' id='word_1_1330' title='bbox 2022 3709 2062 3732; x_wconf 79' lang='lat'>16.</span> 
     </span>
    </p>
   </div>
  </div>
 </body>
</html>
