2498 4075
458 155 546 213 326

380 244 460 269 eum
481 246 564 276 equo
587 243 761 273 corruens,
786 232 1011 267 vehementem
1037 230 1137 274 passus
1160 242 1225 266 erat
1240 234 1378 276 ephippia

378 276 618 317 z'nsstomachum
643 274 906 317 cvmpreffionem,
930 287 1062 317 eamque
1075 275 1274 317 neglexerat,
1297 277 1378 318 quid

376 321 507 354 taudem
531 317 657 352 lethalis
682 319 789 351 morbi
813 320 896 351 circa
922 318 1090 351 ventriculi
1116 318 1254 353 fundum
1277 319 1378 352 obor-

376 372 449 397 tum
474 365 536 402 fit,
561 361 703 393 videbis.
730 361 786 394 Ab
808 361 967 401 ejusmodi
998 370 1105 396 autem
1137 363 1255 396 ictibus
1278 364 1376 395 etiam

373 409 408 440 in
433 407 504 440 aliis
521 403 702 439 visceribus
727 403 867 436 scirrhos
891 403 975 436 nasci
991 429 1000 444 ‚
1025 405 1184 447 nequeita
1196 417 1286 443 raro,
1313 405 1374 439 sci-

374 460 407 484 te
431 450 557 482 monuit
583 446 748 479 Platnerus
771 448 788 487 (
808 458 822 480 e
838 448 881 489 )‚
903 448 983 480 mala
999 473 1007 487 ‚
1031 457 1067 480 ur
1080 447 1185 489 nosti,
1208 461 1281 490 quae
1305 449 1372 482 sen*-

373 493 433 526 fim
456 493 609 525 oriuntur
624 511 634 526 ‚
657 491 688 521 &
712 490 881 529 crescunt,
904 502 1088 533 quanquam
1113 491 1156 523 ab
1177 493 1277 525 initio
1301 492 1371 534 ipso

372 543 605 577 nonnunquam
633 532 751 565 accidit
769 556 782 573 ,
814 543 849 566 ut
875 534 995 567 indicia
1020 543 1156 576 acceptae
1179 535 1316 568 laefionis
1343 536 1371 568 se

373 579 534 620 prodant,
559 587 615 610 nec
639 576 676 609 ad
702 575 800 609 finem
823 577 920 618 usque
935 600 943 614 ,
966 578 1050 611 lente
1062 580 1371 620 quantumvis‚pe1·-

369 633 443 663 gere
466 618 631 656 desinant,
658 628 694 652 ut
714 621 835 664 Juveni
859 621 1001 662 contigit
1025 632 1121 662 quem
1144 620 1371 663 Ill.descripfit

365 665 519 699 Hallerus
543 661 599 704 (f
615 667 648 702 )‚
675 663 715 696 ab
738 664 835 697 ebriis
858 664 1106 708 compotoribus
1128 664 1207 698 calce
1217 666 1256 697 nd
1278 665 1371 698 abdo-

370 720 440 742 men
459 707 595 751 percusso
610 732 617 739 .

416 756 465 785 16.
492 749 657 784 PUERO
680 750 820 783 novenni
845 773 854 787 ‚
881 750 937 784 sub
959 761 1087 785 currum
1111 749 1237 784 cadenti
1265 775 1275 791 ,
1298 760 1369 785 rota

365 794 459 837 super
484 804 626 827 ventrem
651 794 718 827 aeta
735 819 743 832 ,
769 802 908 827 mortem
923 795 955 827 in
978 794 1063 829 hunc
1079 794 1211 827 modum
1235 794 1368 827 attulit.

365 840 473 872 Dolor
496 837 627 879 quidem
653 837 774 869 ventris
798 847 862 869 non
888 848 1021 879 magnus
1045 837 1110 870 e'rat
1134 849 1144 875 3
1181 836 1229 870 sed
1264 838 1370 880 pulsus

365 884 423 914 vix
447 880 682 923 percipiebatur
698 903 707 919 ,
731 888 873 913 extrema
899 881 990 914 valde
1014 880 1201 923 frigebant,
1223 893 1302 922 aeger
1315 882 1369 915 vix

365 936 511 968 unquam
535 923 720 967 quiescebat
743 945 755 962 ,
779 923 904 956 alterno
927 924 990 957 fere
1015 935 1106 957 motu
1132 936 1170 957 ex
1194 936 1260 958 uno
1283 925 1310 957 se
1334 926 1367 958 in

362 970 499 1002 alterum
524 968 607 1001 latus
630 977 821 1000 convertens
838 992 845 1000 .
870 968 1020 1010 Denique
1031 967 1110 1001 hora
1137 980 1217 1006 una,
1246 978 1300 1001 aut
1323 969 1369 1000 al-

358 1022 427 1046 tera
454 1013 493 1045 ab
518 1023 595 1043 rotae
619 1010 773 1052 preffione
796 1011 926 1048 exaesa,
948 1012 1164 1045 convulsionis
1186 1011 1368 1054 ingruenti-

360 1057 420 1090 bus
445 1056 609 1090 motibus,
633 1056 718 1087 intra
743 1054 829 1086 horae
853 1055 1065 1096 quadrantem
1088 1054 1231 1088 dcceffit.

361 1098 628 1133 ABDOMINE
651 1122 659 1137 ‚
682 1096 770 1139 quod
798 1098 885 1131 valde
909 1098 1037 1132 tensum
1061 1109 1128 1132 erat
1152 1122 1165 1138 ,
1194 1098 1326 1134 dissecto
1349 1126 1362 1142 ,

361 1142 477 1177 effusus
500 1144 533 1174 in
558 1149 699 1174 ventrem
725 1139 850 1174 fluidus
877 1141 1002 1184 sanguis
1027 1165 1036 1180 ‚
1061 1144 1092 1174 &
1117 1143 1269 1176 intestina
1293 1156 1361 1179 aere

360 1186 524 1229 turgentia
549 1185 794 1227 conspiciuntur
819 1210 826 1217 .
854 1186 1018 1228 Jecinoris
1044 1196 1114 1226 pars
1146 1186 1276 1219 dextera
1298 1200 1359 1229 qua

360 1230 460 1264 costas
485 1229 624 1270 spectat,
646 1227 683 1261 ad
708 1230 807 1260 trium
832 1231 998 1262 unciarum
1022 1228 1275 1263 Bononiensium
1299 1241 1363 1264 tra-

362 1275 453 1306 ftum
479 1274 542 1306 alte
564 1281 629 1305 erat
655 1272 811 1304 lacerata.
946 1273 985 1304 In
1010 1270 1160 1305 Thorace
1195 1273 1362 1314 pulmones

363 1317 404 1350 ab
427 1317 516 1350 omni
542 1315 684 1357 undique
709 1325 789 1346 nexu
815 1313 934 1353 liberi,
958 1315 1087 1357 sanique
1112 1316 1237 1349 inventi
1263 1315 1336 1351 sunt
1353 1343 1362 1358 ‚

358 1360 418 1394 nisi
442 1359 532 1402 quod
556 1371 570 1391 a
596 1368 688 1399 tergo
711 1366 800 1391 erant
823 1358 938 1390 leviter
961 1358 1160 1392 inflammati
1181 1384 1190 1392 .
1226 1361 1364 1395 Ventri-

357 1404 423 1438 culi
442 1403 553 1437 cordis
576 1400 736 1438 fluidum»
761 1401 1013 1445 spumosumque
1048 1400 1235 1444 sanguinem
1260 1406 1364 1440 conti-

356 1448 500 1482 nebant.

407 1502 456 1534 17.
481 1493 571 1525 Duas
586 1512 594 1528 ,
618 1488 865 1532 Sepulchretum
876 1489 998 1524 versans
1014 1514 1023 1531 ,
1047 1490 1304 1526 Observationes
1316 1504 1364 1526 re-

358 1537 464 1579 peries
481 1556 489 1572 ‚
513 1545 650 1576 quarum
676 1534 776 1569 altera
801 1539 814 1573 (
833 1545 856 1576 g
876 1536 890 1572 )
915 1544 1022 1568 vacuae
1045 1535 1210 1577 quadrigae
1236 1560 1246 1575 ‚
1268 1537 1367 1570 altera

356 1590 463 1613 autem
487 1580 501 1617 (
523 1579 543 1612 h
567 1581 577 1616 )
601 1576 707 1611 rhedae
731 1578 810 1611 bene
832 1577 952 1612 onustae
977 1577 1139 1612 “aduenis
1162 1588 1247 1612 rotas
1272 1579 1365 1622 super

359 1633 506 1657 ventrtm
531 1624 706 1663 proponit.
733 1623 777 1654 Et
801 1620 842 1654 est
866 1622 997 1663 quidem
1010 1620 1133 1664 pondus
1159 1623 1280 1657 varium
1292 1634 1364 1665 pre-

355 1668 474 1700 mentis
499 1666 647 1705 corpo—ris
672 1664 902 1697 attendendum
926 1678 934 1701 3
969 1673 1001 1696 at
1027 1665 1120 1698 simul
1153 1667 1239 1699 varia
1273 1667 1362 1709 preffi

353 1710 520 1746 hominis,
545 1709 606 1740 live
631 1717 758 1740 aetatem
784 1707 923 1748 spefies,
947 1707 1011 1740 five
1035 1709 1244 1749 compressam
1282 1721 1360 1743 ven-

357 1755 419 1787 tris
444 1754 574 1791 sedem,
598 1750 793 1784 refistentia:
820 1751 898 1784 Erat
922 1751 1054 1783 illorum
1078 1753 1135 1794 qui
1158 1751 1206 1784 ibi
1239 1752 1359 1787 descri-

352 1797 496 1834 buntur,
522 1796 642 1837 primus
666 1805 764 1828 annos
789 1803 882 1827 natus
910 1796 1040 1828 circiter
1074 1795 1209 1837 triginta
1234 1820 1243 1835 ,
1277 1797 1360 1829 alter

359 1841 529 1883 aliquanto
553 1839 658 1880 plures
684 1863 691 1869 .
728 1836 831 1871 Primi
857 1835 1105 1880 hypogastrium
1139 1839 1236 1880 paulo
1269 1840 1359 1881 supra

356 1885 476 1928 pubem
497 1906 508 1923 ,
548 1882 676 1916 alterius
699 1881 989 1924 hypochondrium
1024 1881 1192 1915 dexterum
1224 1883 1360 1924 pressum

350 1930 459 1963 fuerat
481 1952 488 1960 .
514 1926 625 1962 Illius,
653 1927 738 1959 intra
764 1924 860 1959 horas
884 1924 1007 1958 mortui
1032 1927 1167 1966 triginta
1191 1923 1264 1963 sex,
1303 1937 1360 1960 nec

351 1966 419 2008 fine
443 1971 595 2004 motibus-
608 1969 804 2003 convullivis
819 1994 827 2008 ‚
851 1968 908 2002 {ub
932 1970 1056 2009 integra
1069 1968 1360 2011 cute‚caeterisque

352 2016 535 2051 abdominis
559 2016 788 2055 integumentis
802 2010 1179 2053 perforatuminventum
1203 2012 1359 2045 estlleum

352 2059 544 2094 intestinum
564 2085 572 2096 ,
599 2058 697 2099 idque
721 2069 759 2089 eo
782 2054 910 2089 facilius
934 2078 944 2094 ‚
978 2055 1087 2097 quod,
1114 2065 1149 2090 ut
1172 2056 1207 2088 in
1231 2057 1325 2089 ebrio
1348 2077 1358 2092 ,

352 2105 452 2139 fuerit
475 2103 670 2135 distentum.
696 2101 839 2133 Alterius
863 2111 940 2132 vero
953 2100 1009 2140 qui
1033 2099 1155 2132 diutius
1177 2100 1279 2131 vitam
1292 2109 1360 2132 tra·

353 2150 424 2186 xit,
449 2146 507 2180 sub
529 2146 663 2186 integris
685 2143 778 2177 costis
803 2143 919 2185 spuriis
943 2145 1107 2187 integrum
1129 2143 1222 2185 jecur
1245 2144 1359 2184 depre-

352 2192 554 2229 henderunt,
578 2192 607 2221 ὃ(
631 2185 712 2221 nihil
726 2198 838 2220 eorum
862 2198 933 2228 quae
956 2186 989 2217 in
1015 2197 1109 2219 cavea
1136 2187 1257 2219 ventris
1272 2188 1357 2226 sunt,

355 2245 487 2277 ruptum
511 2245 523 2273 ,·
557 2232 607 2265 sed
633 2242 786 2272 magnum
812 2230 1039 2264 tantummodo
1065 2228 1237 2263 abscessum
1270 2230 1355 2263 inter

354 2278 552 2313 Abdominis
577 2274 762 2314 musculos,
787 2276 817 2306 δέ
841 2275 1073 2314 peritonaenm.
1101 2273 1275 2306 Novennis
1298 2285 1355 2306 au-

355 2334 420 2358 tem
445 2331 510 2355 erat
534 2331 612 2362 puer
636 2320 669 2351 in
693 2330 764 2360 quo
783 2318 959 2350 laceratum
982 2316 1068 2358 jecur
1092 2316 1240 2350 Valsalva
1266 2318 1356 2349 inve-

355 2369 425 2404 nit,
451 2369 481 2399 &
506 2364 594 2408 pueri
620 2373 749 2404 quoque
776 2371 838 2393 tres
861 2361 910 2393 illi
934 2369 1025 2393 erant
1050 2382 1058 2398 ‚
1093 2371 1231 2403 quorum
1266 2360 1356 2401 supra

356 2415 370 2452 (
392 2413 403 2445 i
424 2414 437 2450 )
460 2421 499 2442 ex
520 2405 737 2440 Cl.Heistero
761 2405 960 2437 mentionem
985 2402 1160 2443 facientes,
1183 2403 1287 2436 viscus
1301 2405 1359 2436 ali-

356 2455 468 2498 quod,
494 2454 525 2484 &
549 2453 581 2483 in
607 2450 705 2482 tertio
729 2447 814 2489 jecur
839 2446 943 2489 ipsum
970 2447 1112 2480 medium
1136 2447 1271 2479 omnino
1294 2446 1358 2478 dis-

356 2506 492 2540 ruptum
516 2507 531 2527 a
557 2495 587 2526 vi
613 2492 805 2525 eXtrinsecus
829 2490 996 2524 abdomini
1021 2491 1134 2530 illata,
1157 2499 1231 2522 cute
1256 2497 1368 2532 quan-'

356 2542 477 2576 tumvis
502 2540 650 2579 integra,
675 2533 786 2570 fuiffe,
811 2533 970 2568 diximus.
998 2535 1040 2566 Et
1067 2544 1143 2576 puer
1166 2532 1267 2566 adhuc
1293 2543 1358 2566 erat

356 2589 384 2620 is
407 2585 463 2627 qui
487 2582 593 2616 ebrius
616 2592 631 2613 e
655 2578 797 2622 plaustro
820 2577 963 2619 delapsus
978 2599 986 2614 ‚
1010 2578 1147 2619 axique,
1172 2579 1283 2609 &rota
1299 2588 1358 2618 po-

356 2631 487 2664 steriore
511 2635 623 2659 currus
646 2621 769 2658 eversi,
793 2624 822 2654 ὅ(
843 2620 1038 2653 transeuntis
1062 2621 1203 2662 graviter
1227 2621 1356 2661 pressus,

355 2677 387 2707 ἃς
409 2672 534 2705 decima
557 2668 626 2709 post
651 2666 729 2699 hora
756 2674 923 2703 mortuus,
948 2662 1227 2706 praeterintestina
1252 2663 1357 2696 hicil-

358 2719 401 2751 lic
426 2714 515 2748 valde
540 2709 671 2745 contusa
686 2735 694 2748 ‚
715 2707 878 2746 &livida,
900 2709 1073 2749 pylorum,
1096 2706 1215 2748 hepar,
1243 2718 1355 2740 venam

358 2761 556 2795 Portarum,
581 2757 611 2788 δε
636 2764 742 2786 renem
768 2752 961 2791 dexterum,
984 2751 1166 2792 lienemque
1202 2761 1355 2791 praeterea

358 2803 474 2839 habuit
488 2811 542 2843 per
556 2797 698 2832 medium
723 2795 849 2839 prorsus
872 2804 977 2837 rupta,
994 2797 1132 2826 mirante
1147 2793 1283 2826 Preuffio
1297 2793 1354 2834 (R),

359 2848 418 2891 qui
441 2845 509 2879 fieri
535 2839 710 2886 potuisset,
733 2849 768 2873 ut
793 2838 861 2881 post
885 2848 959 2878 tot,
983 2837 1150 2880 tantasque
1183 2837 1323 2870 laefiones
1343 2860 1355 2877 ,

359 2895 391 2924 δε
414 2891 589 2922 immanem
615 2895 691 2917 mox
714 2883 876 2924 sanguinis
891 2903 900 2918 ‚
923 2894 990 2922 quo
1004 2891 1146 2914 ventrem
1161 2881 1290 2922 plenum
1305 2882 1356 2912 in-

358 2933 475 2969 venit,
501 2930 713 2967 effusionem,
738 2936 787 2959 tot
811 2925 906 2959 horas
931 2927 1075 2962 viveret,
1103 2934 1172 2957 tum
1197 2923 1277 2956 illud
1309 2934 1354 2956 et-

358 2980 447 3014 iam,
474 2973 629 3015 nusquam
654 2980 784 3009 cutem,
809 2980 846 3001 ne
867 2972 898 3002 in
924 2968 1095 3002 abdomine
1118 2966 1355 3009 quidem,fuis-

360 3021 394 3054 se
417 3028 569 3060 ruptam,
594 3015 651 3048 nisi
677 3013 758 3046 hanc
782 3014 902 3055 quippe
928 3013 1060 3045 mollem
1083 3034 1092 3049 ,
1119 3014 1148 3044 δέ
1170 3022 1240 3054 quae
1263 3008 1356 3044 facile

357 3063 488 3099 extendi
514 3059 606 3103 possit
622 3081 631 3096 ,
656 3060 685 3090 ὃς
711 3057 819 3089 mollia
845 3055 986 3097 subjecta
1012 3054 1129 3088 viscera
1153 3054 1324 3088 habentem
1350 3079 1359 3094 ,

357 3108 446 3142 forte
470 3105 639 3142 dicamus,
662 3100 770 3134 cedere
793 3100 838 3131 ita
863 3099 997 3141 potuisse
1014 3125 1023 3139 ‚
1047 3108 1082 3132 ut
1105 3098 1201 3132 illaesa
1236 3109 1357 3138 perma-

357 3160 468 3188 neret3
495 3147 613 3180 viscera
638 3155 746 3178 autem
769 3142 824 3175 illa
847 3144 879 3175 in
904 3141 1115 3185 posteriorem
1146 3142 1265 3175 ventris
1299 3152 1356 3182 pa-

355 3197 470 3230 rietem
495 3203 555 3232 qua
580 3187 720 3223 maxima
745 3199 783 3220 ex
809 3195 897 3228 parte
920 3186 961 3220 est
983 3186 1105 3225 osseuS,
1130 3188 1160 3219 δε
1185 3185 1222 3218 ad
1239 3185 1355 3217 firmis-

353 3239 469 3274 fimum
494 3234 670 3276 subjectum
694 3231 797 3264 solum
820 3230 992 3262 violentius
1015 3229 1143 3269 adana,
1166 3229 1355 3270 &compul-

356 3283 409 3319 sa,
434 3290 507 3313 cum
532 3278 641 3311 cedere
666 3284 829 3318 propterea
855 3284 918 3305 non
945 3272 1089 3314 possent,
1113 3272 1282 3305 necessario
1295 3272 1353 3305 esse

355 3325 442 3359 fissa.
468 3324 510 3354 Et
534 3322 662 3353 videtur
686 3319 755 3351 sane
778 3317 923 3358 corporis
946 3317 1175 3358 integumentis
1199 3316 1352 3348 naturali-

356 3369 416 3402 bus
443 3364 523 3399 illud
547 3364 710 3396 interdum
734 3361 875 3394 accidere
899 3360 986 3405 quod
1011 3358 1147 3392 vestibus
1167 3381 1179 3398 ,
1216 3359 1255 3391 ab
1285 3360 1352 3392 ictu

357 3420 588 3450 nonnunquam
614 3405 734 3441 illaefis‚
757 3414 830 3438 cum
857 3403 1030 3443 suble-&tum
1055 3403 1128 3445 ipsis
1152 3413 1267 3444 corpus
1283 3402 1351 3434 sau·

350 3456 479 3488 ciatur.
507 3454 555 3488 Sic
581 3463 596 3484 a
620 3450 767 3493 spe&atae
790 3446 864 3480 fidei
890 3446 1025 3488 Collega
1052 3446 1182 3484 audivi,
1208 3445 1350 3478 mulieris

351 3507 483 3531 uterum
508 3494 645 3535 gerentis
670 3493 825 3525 abdomen
851 3502 924 3524 curn
950 3502 963 3521 a
989 3491 1072 3522 bove
1096 3501 1195 3523 cornu
1217 3490 1348 3530 impeti-

351 3550 424 3574 tum
450 3534 548 3576 esset,
574 3537 720 3580 quamvis
748 3533 943 3567 vestimentis
967 3544 1024 3566 nec
1050 3532 1220 3575 perforatis
1250 3554 1258 3568 ‚
1293 3544 1348 3565 nec

350 3585 474 3624 ruptis,
503 3584 547 3616 ita
561 3579 652 3614 fuisse
675 3577 837 3612 discissum
852 3600 860 3614 ,
883 3587 918 3611 ut
941 3577 1084 3617 conspici
1109 3576 1209 3618 posset
1225 3586 1345 3614 uterus,

351 3628 465 3667 ibique
489 3626 599 3660 hernia
626 3622 696 3667 post
721 3622 921 3655 curationem
937 3643 946 3657 ‚
971 3619 1078 3653 sedulo
1105 3620 1143 3652 ab
1168 3619 1196 3652 se
1221 3618 1347 3651 adhibi-

676 155 833 208 Liber
867 153 966 207 ιν..
995 155 1072 206 ne
1106 154 1315 209 Morbis
1342 155 1700 240 chirurgicis,
1732 159 1786 210 δε
1823 146 2216 212 Universalibus

1432 243 1497 266 tam
1514 259 1523 273 ,
1549 242 1724 266 remaneret
1749 257 1756 266 .
1774 234 1863 280 *Ipse
1887 245 1992 269 autem
2017 237 2048 267 in
2074 236 2176 269 altero
2199 237 2334 282 Collega
2359 250 2418 274 no·-

1430 276 1515 313 str0‚
1540 277 1697 309 Coenobii
1721 275 1816 319 hujus
1839 278 2039 312 celeberrimi
2064 280 2093 311 S.
2113 279 2250 322 Justinae
2273 283 2420 324 Abbate,

1429 320 1506 352 dum
1529 320 1677 359 viveret,
1701 320 1903 354 meritiffimo
1925 345 1937 361 ,
1971 321 2085 354 vulnus
2109 324 2176 356 vidi
2200 323 2291 366 super
2314 327 2420 369 poste-

1428 366 1512 395 riore
1534 362 1647 396 sinistri
1671 361 1741 395 offis
1766 362 1922 406 sincipitis
1945 374 2035 407 parte
2048 376 2153 399 recens
2177 368 2214 401 ad
2237 369 2420 405 cicatricem

1427 406 1637 447 perduffibim,
1661 405 1749 448 quod
1774 416 1845 440 ante
1867 408 2050 450 quindecim
2074 407 2149 441 illos
2170 410 2237 444 dies
2259 412 2333 445 casu
2366 415 2420 446 in...

1424 448 1555 482 flietum
1580 447 1682 482 fuerat
1707 449 1747 481 ab
1769 449 1935 484 decidente
1958 453 2112 492 angulato
2136 452 2248 488 bilibri
2273 455 2378 496 lapide
2404 480 2417 496 ,

1425 503 1525 534 neque
1550 493 1692 534 pileum,
1715 502 1819 534 neque
1841 495 2001 527 cucullum
2022 517 2034 533 ,
2068 506 2171 537 neque
2205 498 2357 532 intimum
2378 512 2418 533 ex

1422 536 1513 568 laneo
1537 545 1641 577 panno
1665 535 1840 577 pileolum,
1864 537 1980 579 quibus
2003 538 2154 571 omnibus
2177 549 2326 582 opertum
2350 553 2418 576 etat

1423 588 1543 621 caput,
1568 579 1730 612 scindente
1746 601 1754 613 ‚
1777 589 1831 612 aut
1855 580 2038 621 perforante
2058 604 2071 620 ,
2094 583 2250 616 naturalia
2274 593 2380 618 autem
2404 607 2418 624 ‚

1423 623 1463 654 iis
1487 621 1647 663 subjeeta,
1671 624 1891 663 integumenta
1916 624 1958 656 sic
1983 623 2170 658 vulnerante
2193 648 2203 664 ,
2239 635 2274 659 ut
2297 629 2418 662 multus

1422 667 1580 698 continuo
1605 665 1730 708 sanguis
1755 664 1917 699 efflueret.
2049 669 2161 710 Atque
2192 668 2260 702 haec
2282 670 2319 704 de
2343 672 2417 704 iffi-

1422 709 1498 747 bus,
1524 718 1579 742 aut
1603 709 1884 752 compressionibus
1909 711 2030 744 ventris
2052 710 2170 753 scripta
2188 712 2268 748 ,sunt
2291 740 2298 746 .
2325 715 2417 750 Qua-

1422 763 1494 791 rum
1519 753 1705 792 alterutris,
1731 764 1768 784 an
1782 753 1943 795 utrisque,
1970 765 2008 787 an
2032 755 2129 787 etiam
2152 756 2418 790 concuffionive-

1421 794 1662 829 hementiffimae
1685 796 1889 829 tribuendum
1912 795 1951 829 fit
1974 798 2061 839 quod
2084 798 2118 830 in
2143 801 2291 839 proxima
2314 801 2416 834 refer-

1421 848 1474 872 tur
1497 838 1648 876 historia,
1671 840 1736 881 ipse
1760 840 1977 873 existimabis.
2001 841 2084 874 Eam
2109 839 2255 876 Valsalva
2288 844 2321 876 &
2343 855 2416 878 nar-

1420 884 1506 915 ravit
1532 881 1634 921 mihi,
1658 885 1689 915 &
1713 885 1745 914 in
1770 880 1897 916 Schedis
1921 884 2054 925 reliquit
2070 908 2077 915 .

1467 926 1515 959 18.
1541 925 1803 959 STRUCTOR
1827 937 1985 959 annorum
2008 928 2138 961 circiter
2171 927 2222 961 sex
2244 931 2275 962 δε
2297 930 2416 973 trigin-

1422 978 1453 1001 ta
1468 993 1478 1009 ‚
1500 980 1540 1002 ex
1562 969 1628 1002 alto
1651 969 1790 1002 aedificio
1806 969 1965 1003 infimum
1988 970 2120 1013 cadens,
2144 971 2286 1015 stupidus
2309 985 2413 1006 rema-

1421 1022 1492 1044 net.
1518 1011 1620 1045 Nulla
1643 1013 1785 1045 exterior
1810 1012 1894 1046 laesio
1916 1023 2045 1056 apparet
2070 1037 2078 1046 .
2112 1015 2286 1048 Abdomen
2319 1018 2416 1058 paulo

1420 1055 1489 1097 post
1510 1065 1637 1094 tumet,
1661 1067 1696 1089 ac
1720 1055 1864 1089 tenditur
1890 1081 1898 1088 .
1934 1056 2045 1090 Pulsus
2069 1056 2146 1091 adeo
2179 1058 2222 1094 est
2245 1060 2379 1101 exiguus
2404 1086 2415 1100 ,

1416 1107 1451 1132 ut
1476 1100 1532 1132 vix
1555 1100 1771 1140 percipiatur.
1795 1100 1883 1133 Intra
1905 1100 2126 1134 duodecimam
2152 1100 2415 1136 horaminterit‘.

1544 1143 1751 1175 VENTRE
1766 1151 1896 1183 aperto,
1921 1144 2011 1177 causa
2025 1145 2106 1177 unde
2117 1153 2254 1178 tumeret
2268 1170 2276 1185 ,
2299 1148 2414 1179 inven-

1413 1194 1444 1218 ta
1468 1185 1533 1222 est,
1562 1185 1686 1227 sanguis
1710 1185 1847 1219 effusus.
1873 1189 1910 1219 In
1934 1188 2098 1220 nonnullis
2112 1188 2176 1229 ejus
2200 1199 2300 1222 caveae
2313 1201 2414 1224 mem-

1416 1229 1520 1262 branis
1545 1228 1712 1274 sugillatio
1736 1229 2069 1264 animadvertebatur.
2095 1231 2172 1272 Qo
2196 1241 2300 1265 tamen
2312 1245 2414 1268 exru-

1415 1281 1471 1317 pto
1495 1272 1562 1304 vase
1587 1272 1759 1306 effluxisset
1792 1271 1936 1313 sanguis,
1960 1273 2088 1307 difficile
2113 1283 2180 1307 erat
2200 1275 2411 1316 deprehende.

1415 1327 1465 1349 re.
1493 1317 1615 1350 Verum
1638 1316 1798 1356 conjicere
1821 1317 1940 1350 licebat
1962 1328 2003 1349 ex
2029 1329 2117 1350 ramo
2131 1328 2216 1352 venae
2229 1320 2326 1352 Cavae
2337 1332 2411 1362 pro-

1415 1369 1519 1402 pterea
1543 1359 1630 1400 quod
1653 1361 1720 1393 haec
1743 1361 1879 1392 omnino
1902 1370 1967 1393 erat
1991 1362 2113 1394 inanita
2131 1385 2140 1394 .

1462 1413 1509 1439 19.
1536 1404 1579 1435 Et
1604 1404 1671 1437 sane
1695 1405 1727 1435 in
1751 1403 1852 1436 altero
1874 1405 1928 1445 qui
1953 1403 2054 1445 lapsus
2079 1417 2116 1438 ex
2128 1404 2412 1443 altofuerat,san-

1415 1448 1543 1489 guinem
1568 1447 1705 1481 multum
1730 1448 1763 1479 in
1787 1449 1907 1480 ventris
1931 1458 2058 1481 caveam
2072 1460 2109 1480 ex
2135 1447 2232 1481 fracta
2258 1460 2334 1483 vena
2346 1452 2411 1483 Ca-

1417 1501 1455 1523 va
1479 1487 1612 1523 effusum
1632 1490 1774 1534 Jacobus
1798 1490 1947 1531 Sylvius,
1974 1500 2009 1524 ut
2032 1493 2065 1524 in
2089 1493 2304 1531 Sepulchreto
2326 1505 2411 1535 quo-

1417 1544 1481 1576 que
1505 1532 1553 1575 (l
1575 1537 1585 1570 )
1609 1533 1723 1571 habes,
1746 1534 1827 1566 olim
1850 1537 2035 1576 conspexit.
2063 1535 2155 1575 Quid
2181 1546 2256 1568 vero
2280 1538 2408 1570 inVir..

1418 1578 1502 1618 ginis
1527 1586 1656 1616 ventre,
1680 1589 1750 1619 quae
1774 1578 1814 1611 ab
1837 1578 1905 1610 alto
1927 1578 2104 1613 ceciderat.
2134 1578 2279 1613 Valsalva
2317 1581 2409 1613 inve-

1416 1621 1517 1656 nerit,
1543 1620 1618 1653 alias
1641 1621 1719 1662 (m)
1743 1632 1757 1652 a
1783 1633 1832 1654 me
1855 1622 1917 1653 tibi
1941 1621 2094 1663 scriptum
2118 1622 2180 1654 est.
2206 1649 2209 1652 ,
2309 1621 2416 1657 Nunc-

1415 1675 1485 1710 quae
1510 1664 1545 1697 ad
1570 1664 1698 1697 lumbos
1712 1676 1867 1708 ,eamque
1881 1666 2031 1698 viciniam
2046 1665 2174 1698 vulnera
2187 1685 2197 1702 ‚
2220 1665 2340 1700 istusve
2350 1667 2407 1700 de-

1413 1708 1531 1748 scripta
1555 1708 1747 1750 reliquerit,
1773 1709 1954 1741 videamus.

1458 1761 1508 1783 20.
1534 1750 1619 1783 VIR
1645 1762 1727 1783 anno
1738 1753 1902 1793 proximus
1914 1750 2153 1793 quadragefimo
2168 1773 2176 1788 ‚
2199 1751 2410 1795 duobussclo-

1407 1794 1476 1837 peti
1498 1793 1603 1835 globis
1627 1794 1665 1827 ad
1690 1793 1772 1828 hunc
1798 1794 1928 1827 modum
1954 1796 2251 1829 transverberatur.
2277 1797 2408 1840 lngreffi

1414 1840 1484 1871 sunt
1509 1837 1600 1879 globi
1626 1837 1662 1870 ad
1687 1839 1769 1870 latus
1791 1840 1959 1871 dexterum
1972 1837 2134 1875 secundae,
2159 1840 2189 1871 ἃ
2212 1842 2411 1873 tertiaelum-

1413 1883 1529 1915 borum
1555 1881 1728 1920 veroebrae,
1752 1893 1816 1914 uno
1839 1882 2006 1915 dumtaxat
2020 1882 2079 1914 sibi
2104 1890 2214 1923 aperto
2225 1882 2408 1916 foramine:

1413 1926 1560 1958 exierunt
1585 1924 1749 1965 duplicato
1773 1922 1949 1965 foramine,
1974 1923 2091 1965 majori
2115 1935 2200 1962 uno,
2225 1928 2342 1959 minori
2368 1928 2409 1960 al-

1414 1978 1508 2005 tero,
1531 1978 1572 1999 ex
1595 1966 1776 2000 abdominis
1803 1967 1931 2005 medio,
1957 1968 2082 2000 duobus
2106 1970 2235 2001 circiter
2246 1970 2409 2003 transver-

1412 2014 1454 2045 fis
1476 2011 1589 2052 digitis
1602 2010 1692 2052 supra
1718 2011 1928 2044 umbilicum.
1954 2012 2149 2044 Vulneratus
2173 2011 2210 2045 ad
2221 2013 2328 2046 locum
2342 2026 2409 2048 non

1411 2055 1506 2096 longe
1530 2053 1671 2087 diffitum
1695 2054 1723 2087 fe
1745 2053 1893 2095 confert,
1918 2055 1972 2089 ubi
1990 2053 2182 2096 aChirurgo
2207 2058 2343 2090 remedia
2355 2058 2410 2092 ad-

1411 2097 1585 2131 hibentur.
1609 2098 1698 2130 Hinc
1722 2097 1760 2131 de
1785 2096 1963 2131 vehementi
1987 2097 2097 2131 dolore
2112 2099 2279 2140 queritur.-
2303 2102 2407 2134 ere&a

1411 2140 1553 2181 cervice,
1575 2151 1631 2174 nec
1655 2141 1717 2173 sine
1741 2140 1909 2180 anhelitu,
1933 2141 2211 2183 spirarecogitur:
2234 2154 2297 2176 non
2315 2143 2408 2178 semel

1411 2187 1539 2218 vomit:
1568 2184 1706 2221 lotium,
1731 2184 1977 2222 sedincaffum,
2002 2184 2132 2218 reddere
2155 2195 2312 2220 conatur.-
2336 2189 2408 2229 pul-

1408 2229 1457 2263 sus
1481 2229 1518 2261 fit
1542 2226 1654 2261 sensim
1677 2239 1814 2271 parvus,
1838 2230 1869 2260 δι
1892 2228 2008 2261 debilis
2023 2241 2033 2260 .·
2055 2228 2184 2262 tandem
2208 2230 2340 2271 loquens
2352 2232 2410 2266 ad-

1407 2272 1491 2310 huc,
1515 2275 1545 2305 &
1570 2271 1640 2304 sana
1665 2282 1790 2311 mente,
1815 2283 1889 2304 curn
1914 2282 2015 2304 aerem
2040 2270 2145 2304 hianti
2168 2283 2223 2305 ore
2239 2273 2409 2315 aliquoties

1409 2315 1607 2352 attraxisset3
1631 2317 1687 2358 qui
1712 2325 1816 2348 certus
1843 2316 1955 2348 vicinae
1979 2317 2092 2348 mortis
2115 2316 2157 2348 est
2179 2316 2370 2358 prodromus
2397 2329 2408 2356 ς

1409 2371 1492 2393 nona
1518 2360 1558 2391 ab
1580 2368 1711 2401 accepto
1735 2359 1861 2392 vulnere
1885 2358 1960 2391 hora
1984 2359 2129 2392 decedit·
2258 2362 2409 2394 CADA..

1411 2402 1551 2436 VERIS
1577 2402 1762 2435 universum
1786 2402 1916 2435 dorsum
1941 2403 2066 2444 aliquot
2091 2402 2159 2443 post
2185 2413 2320 2438 mortem
2344 2403 2407 2437 ho-

1411 2448 1454 2480 ris
1477 2447 1578 2479 livere
1603 2447 1720 2488 incipit
1740 2472 1747 2479 .
1772 2445 1927 2478 Postridie
1939 2457 2030 2479 mane
2054 2457 2117 2478 non
2140 2447 2332 2480 modolivor
2343 2460 2405 2481 cre.

1411 2499 1520 2526 verat,
1546 2488 1596 2521 fed
1624 2491 1750 2531 insuper
1773 2498 1880 2522 totum
1904 2499 1996 2529 caput
2019 2488 2164 2522 deforme
2188 2489 2309 2524 fa&um
2322 2502 2404 2531 erat,

1411 2533 1585 2574 oculusque
1609 2532 1720 2567 dexter
1744 2533 2064 2565 valdeintumuerat.
2091 2533 2245 2567 Vulneris
2266 2535 2351 2568 labra
2364 2536 2405 2568 ad

1411 2577 1610 2616 putredinem
1636 2587 1771 2618 utraque
1792 2588 1840 2620 *ex
1875 2585 1966 2618 parte
1999 2576 2196 2610 inclinabant
2221 2602 2229 2609 .
2363 2580 2403 2611 In

1411 2621 1536 2653 Ventre
1560 2620 1722 2661 stagnabat
1755 2618 1868 2652 estusus
1894 2618 2020 2659 sanguis
2045 2642 2052 2649 .
2088 2618 2190 2652 ileum
2213 2621 2401 2654 intestinum

1409 2663 1512 2697 tribus
1536 2664 1568 2694 in
1593 2664 1672 2696 locis
1695 2663 1829 2696 omnino
1853 2671 1918 2695 erat
1943 2662 2140 2700 laceratum5
2163 2664 2271 2696 Colon
2297 2675 2404 2699 autem

1409 2706 1464 2739 ubi
1490 2706 1672 2740 ventriculo
1694 2707 1853 2743 uestitum
1876 2705 2014 2740 dimidia
2039 2717 2076 2737 ex
2100 2715 2187 2745 parte
2210 2707 2271 2740 suae
2290 2708 2404 2742 latitu—

1408 2749 1493 2783 dinis
1518 2750 1719 2783 vulneratum
1742 2772 1749 2786 ‚
1782 2750 1889 2781 omnia
1915 2749 2064 2782 intestina
2089 2749 2247 2782 rubebant
2270 2774 2278 2783 .
2311 2753 2400 2784 Cum

1407 2794 1523 2827 vulnus
1547 2793 1643 2835 paulo
1666 2792 1749 2825 infra
1763 2792 1987 2834 Emulgentem
2012 2803 2121 2826 venam
2146 2792 2310 2826 dexteram
2325 2806 2403 2827 ven-

1406 2838 1465 2870 tris
1488 2848 1601 2871 cavum
1626 2837 1744 2870 subiret
1768 2847 1866 2876 prope
1890 2835 1991 2869 sedern
2015 2838 2151 2869 ureteris
2175 2849 2184 2872 ;
2216 2836 2402 2871 dubitatum

1406 2879 1474 2917 est,
1497 2880 1583 2914 hunc
1607 2879 1698 2914 fuisse
1723 2880 1916 2912 laceratum.
1943 2878 2001 2912 Sed
2013 2890 2086 2912 curn
2112 2880 2403 2914 intolerandusfoe-

1408 2934 1461 2957 tor
1485 2934 1652 2967 properare
1674 2931 1820 2966 cogerem
1845 2933 1891 2955 res
1915 2922 1987 2955 satis
2011 2933 2074 2954 non
2102 2925 2400 2966 potuitexplorari.

1409 2967 1609 3001 Dubitatum
1631 2979 1761 3010 quoque
1786 2965 1850 3003 est,
1867 2962 1999 3009 sclopeti
2021 2966 2136 3008 globos
2160 2979 2281 3001 veneno
2317 2967 2402 3000 infe-

1409 3011 1479 3044 &os
1502 3009 1615 3045 fuisse.

1454 3065 1501 3087 21.
1526 3056 1594 3089 Hic
1618 3055 1719 3095 quaeri
1742 3054 1828 3086 inter
1851 3061 1962 3086 caetera
1986 3065 2003 3086 a
2027 3061 2057 3086 te
2083 3052 2205 3095 posset,
2230 3054 2398 3096 quomodo

1409 3109 1482 3131 cum
1506 3098 1571 3131 duo
1594 3098 1688 3132 essent
1713 3097 1826 3138 globi,
1850 3095 1953 3129 tribus
1977 3096 2056 3129 locis
2078 3098 2179 3130 lleum
2212 3095 2401 3131 intestinum

1409 3140 1615 3174 lacerassent?
1637 3140 1694 3174 nisi
1719 3139 2006 3179 animadverteres,
2030 3151 2129 3182 gyros
2142 3139 2236 3181 hujus
2255 3140 2400 3173 intestini

1408 3184 1465 3217 esse
1489 3184 1668 3226 ejusmodi,
1691 3194 1726 3218 ut
1750 3193 1837 3224 parte
1860 3182 1924 3223 ejus
1949 3184 2055 3225 aliqua
2079 3187 2164 3226 parti
2190 3184 2279 3216 alteri
2313 3194 2399 3217 ante-

1406 3228 1529 3269 posita,
1553 3228 1737 3261 intestinum
1763 3227 1809 3260 bis
1832 3230 2010 3260 occurrerit
2033 3229 2067 3259 in
2092 3229 2141 3260 via
2164 3238 2261 3269 quam
2285 3228 2401 3269 globo-

1405 3282 1475 3304 rum
1501 3273 1578 3304 alter
1602 3272 1723 3304 tenuit.

1426 3326 1497 3347 ⁴22.
1524 3316 1614 3348 VIR
1639 3324 1795 3347 annorum
1808 3314 2043 3355 quadraginta.
2067 3313 2226 3354 plumbeis
2239 3311 2398 3354 fragmen-

1404 3358 1446 3390 tis
1469 3359 1701 3400 inaequalibus,
1718 3355 1851 3397 sclopero
1874 3358 1989 3390 emissis
2013 3358 2047 3388 in
2069 3369 2108 3390 eo
2130 3358 2275 3398 corporis
2291 3355 2394 3396 positu

1405 3400 1562 3434 sauciatus
1586 3401 1648 3438 est,
1676 3409 1712 3432 ut
1735 3399 1774 3432 ad
1800 3409 1908 3434 uatem
1933 3399 2110 3437 sinistram,
2134 3412 2194 3442 qua
2219 3399 2396 3441 fragmenta

1402 3444 1456 3476 illa
1481 3445 1613 3486 ingressa
1639 3451 1746 3481 erant,
1771 3445 1834 3476 tria
1857 3443 1951 3477 essent
1964 3442 2144 3481 foramina,
2169 3443 2207 3476 ad
2222 3443 2395 3476 lumbarcm

1402 3497 1506 3520 autem
1532 3490 1693 3531 regionem
1719 3512 1726 3524 ‚
1760 3498 1822 3528 qua
1848 3498 1945 3529 prope
1969 3487 2114 3519 infimam
2138 3487 2258 3519 costam
2282 3484 2396 3527 egressa

1401 3530 1527 3564 fuerant
1542 3555 1549 3569 ‚
1566 3534 1629 3565 duo
1643 3530 1801 3564 foramina
1813 3531 2073 3572 conspicerentur
2085 3555 2092 3562 .
2117 3531 2214 3563 Circa
2226 3529 2396 3572 quinaesttun

1400 3574 1484 3607 diem
1510 3577 1600 3608 urina
1626 3574 1857 3615 supprimiturt
1883 3586 1938 3607 nec
1963 3574 2054 3606 semel
2075 3585 2158 3609 τέξει·
2181 3573 2323 3614 queritur
2357 3570 2396 3602 de

1401 3618 1602 3659 spasmodico
1626 3617 1663 3650 ad
1690 3617 1873 3659 supremum
1901 3619 2077 3658 marginem
2090 3611 2159 3649 o‘ffis
2182 3617 2273 3648 ilium
2286 3613 2396 3687 (domm

2276 3669 2289 3688 3
2316 3668 2353 3687 ΕΟ

402 3703 2347 3720 W

527 3741 543 3764 :a

546 3740 573 3766 it.
588 3742 630 3766 cit.
650 3741 673 3771 §.
689 3742 744 3768 7¹2-
807 3741 820 3768 (
832 3736 850 3768 f
861 3739 875 3766 )
893 3737 983 3765 opusc.
1002 3736 1096 3760 Pathol.
1112 3736 1171 3760 Obs.
1190 3742 1227 3763 ²5·

627 3772 640 3798 ί
656 3771 672 3795 k
689 3772 702 3799 )
720 3770 779 3801 Eph.
797 3773 831 3796 N.
848 3771 877 3795 C.
894 3771 951 3794 Dec.
969 3775 991 3798 3.
1011 3768 1040 3791 A.
1058 3775 1078 3796 5.
1097 3769 1119 3792 δι
1134 3769 1157 3792 6.
1175 3764 1232 3790 Obs.
1249 3768 1302 3792 228.

1290 3734 1367 3764 (g)

1386 3734 1511 3758 Additam.
1528 3733 1555 3757 ad
1574 3734 1635 3757 hane
1651 3735 1672 3756 S.
1692 3734 1754 3758 Obs.
1771 3742 1810 3763 ²7·
1832 3742 1888 3759 curn
1906 3734 1985 3758 schol.
2047 3734 2061 3762 (
2077 3733 2092 3756 h
2107 3734 2121 3760 )
2136 3733 2154 3756 l·
2171 3740 2192 3760 3.
2209 3732 2278 3761 S.17.
2296 3730 2396 3761 Obs229.

1364 3766 1402 3794 (Ι
1423 3765 1431 3796 )
1449 3765 1509 3790 δείὶ.
1526 3765 1569 3789 hac
1587 3772 1608 3794 3.
1625 3764 1684 3790 obs.
1703 3766 1739 3790 28.
1758 3764 1781 3795 §.
1797 3767 1821 3789 6.
1883 3766 1897 3794 ζ
1914 3773 1936 3789 m
1953 3764 1967 3794 2
1983 3763 2055 3794 Epist.
2076 3772 2114 3794 40.
2130 3770 2156 3787 n.
2171 3767 2194 3789 9.
