2498 4075
388 171 542 238 Epist.
582 170 847 223 Anat.Me
879 169 996 222 dica
1031 166 1260 221 XXVII.
1293 165 1416 218 Art.
1435 178 1515 217 21.
1543 165 1598 218 δι
1617 177 1697 217 22.

27 262 29 265 ’
79 248 208 284 dicam;
230 246 281 279 sed
305 246 369 281 hoc
388 258 487 282 unum
509 246 636 286 dicam,
657 258 706 279 me
729 258 880 292 quoque,
900 257 970 280 cum
981 244 1077 279 osseas

75 301 158 324 voco
177 313 190 328 ,
211 300 274 323 non
297 289 383 324 aliud
406 301 502 334 quam
523 289 764 324 similitudinem
783 315 794 331 ‚
826 291 959 333 speetare
981 311 990 325 ‚
1022 300 1077 322 nec

56 331 203 376 ¹quando
228 344 329 366 revera
352 333 447 367 osseas
471 358 478 370 ,
512 343 566 367 aut
587 343 658 366 vera
679 333 745 367 ossa
766 345 830 368 non
853 334 951 366 modo
974 334 1008 365 in
1031 343 1079 364 ar-

75 376 166 412 teriis
185 398 198 415 ,
229 374 279 410 sed
301 380 334 410 &
357 377 433 410 alibi
458 374 549 410 fuisse
565 400 578 416 ,
611 376 717 410 scribo
739 399 752 416 ,
785 378 871 411 aliud
895 376 978 410 mihi
1000 375 1080 409 velle

74 429 169 462 quam
190 430 227 452 ne
251 417 336 453 forte
358 419 519 463 suspiceris
543 444 553 458 ,
588 419 817 463 qualescunque
838 419 930 454 duras
951 426 1080 452 concre-

75 462 180 495 tiones
203 474 219 494 a
242 473 292 496 me
315 472 452 500 temere,
477 464 510 495 &
532 463 628 495 nimis
651 462 744 497 facile
765 462 822 497 effe
847 462 1007 506 proosseis
1030 473 1080 494 ac-

77 513 208 547 ceptas;
230 504 281 539 sed
304 516 340 540 ut
362 515 450 539 certo
473 505 571 543 scias,
594 517 671 549 quas
695 504 790 540 osseas
811 517 893 540 voco
918 529 930 546 ,
960 513 1079 538 attente

72 545 309 589 confideratas,
331 548 431 592 reapse
453 548 544 582 osseis
577 558 670 582 tanto
690 549 856 583 firniliores
886 549 965 582 visas
988 547 1044 582 esse
1068 571 1080 588 ,

74 600 197 667 {guanto
220 591 354 635 lapideis
376 615 385 630 ,
410 591 572 633 tophaceis
595 614 604 629 ,
638 593 762 635 gypseis
785 615 795 630 ,
832 591 994 626 calculosis
1015 590 1079 624 dis-

90 633 245 669 imiliores
267 659 275 666 .
310 637 385 670 Hoc
410 635 511 677 igitur
533 634 615 669 mihi
649 636 723 669 satis
745 636 788 670 est
811 661 819 668 .
855 636 969 677 Neque
991 635 1076 668 enim

74 688 214 721 unquam
236 679 270 712 in
292 687 429 712 mentem
454 679 543 711 venit
565 701 578 718 ,
609 689 685 713 cum
719 679 755 712 de
778 678 829 712 his
851 677 1004 712 morbosis
1029 678 1078 710 lo-

75 732 187 762 querer
220 721 332 756 offibus
352 745 365 762 ,
394 719 468 764 ipfis
491 733 618 764 quoque
650 722 778 757 eandem
799 733 896 765 quam
926 721 1078 756 naturali-

75 763 134 799 bus
158 789 167 804 ,
200 763 306 798 datam
337 764 396 798 effe
429 765 604 807 elegantem
636 765 821 800 strusturam
843 788 855 805 ,
888 773 942 799 aut
976 764 1080 805 perio-

78 807 177 841 steum
199 809 339 853 pariter,
365 817 417 842 aut
442 807 619 850 sanguifera
643 809 789 848 vascula,
813 817 866 842 aut
888 809 993 842 oleum
1014 818 1078 840 me-

39 850 41 854 ’
77 851 221 885 dullare:
243 862 421 895 quanquam
444 852 545 885 miror
571 875 583 891 ,
626 851 684 895 qui
716 853 934 885 concretiones
962 851 1077 893 quibus

80 893 150 928 haec
172 893 271 928 defint
283 918 295 934 ,
318 905 380 928 non
402 893 520 934 osseas,
544 894 594 928 sed
616 904 729 929 terreas
739 894 892 929 vocandas
902 893 979 933 ess'e,
999 904 1079 926 con-

76 936 235 974 tendunt,
258 948 368 972 eorum
393 938 473 971 alios
497 938 636 980 laryngis
658 939 882 980 cartilagines,
906 939 939 970 in
962 936 1080 978 quibus

77 980 120 1013 ob
142 989 277 1023 aetatem
291 979 375 1014 haud
399 993 470 1014 raro
493 980 583 1015 osseis
606 981 702 1014 faetis
724 980 805 1015 nihil
831 980 947 1014 horum
959 977 1080 1018 deesse,

77 1022 146 1057 vidi
169 1027 183 1065 (
205 1035 236 1058 m
257 1029 295 1065 ),
317 1025 401 1057 inter
424 1023 561 1058 lithiasis
584 1025 727 1067 exempla
750 1025 884 1062 referre3
906 1021 993 1067 quod
1024 1032 1081 1055 cur

76 1065 198 1100 faciant
213 1090 224 1107 ,
247 1066 331 1101 haud
355 1067 429 1102 satis
453 1067 539 1108 scio,
561 1078 635 1101 cum
657 1067 817 1102 induratas
840 1070 870 1100 δι
895 1068 1080 1109 menn-rges,

77 1112 112 1143 &
133 1111 340 1153 cartilagines
364 1111 566 1153 praesertirn,
589 1110 703 1144 offibus
740 1112 823 1145 veris
854 1110 993 1143 maxime
1024 1107 1082 1143 effe

65 1152 208 1193 affines,
230 1154 319 1187 ultro
342 1154 590 1188 affirmaverint:
615 1155 697 1187 alios
722 1163 827 1188 autem
849 1155 952 1187 nullas
962 1153 1086 1195 excipe-

75 1206 108 1229 re
130 1196 335 1239 cartilagines
358 1207 473 1239 praeter
495 1210 543 1231 eas
564 1209 636 1240 quae
659 1206 827 1240 antequam
853 1195 1027 1239 perfeetum
1039 1194 1086 1227 es-

76 1239 122 1273 set
143 1249 281 1282 corpus,
306 1239 370 1284 jam
394 1240 487 1274 facffltae
510 1249 599 1274 erant
621 1240 730 1275 offeae.
755 1242 805 1275 Hi
828 1240 886 1282 ipsi
911 1251 947 1272 ne
960 1241 1083 1273 menin-

76 1294 152 1325 gum
176 1283 307 1325 quidem
329 1285 549 1318 concretiones
571 1286 759 1328 excipiunt:
783 1285 851 1317 imo
874 1282 988 1317 diserte
1009 1293 1081 1325 qua:

75 1327 110 1358 in
133 1325 320 1361 Falciformi
345 1326 484 1368 processu
497 1327 577 1362 fiunt
591 1353 599 1366 ,
621 1337 733 1361 terreas
746 1327 803 1362 esse
815 1351 830 1368 ,
851 1327 1081 1369 pronunciant.

76 1368 149 1413 Nec
173 1380 249 1402 vero
274 1370 535 1404 Praestantiffimis
556 1373 647 1406 Viris
670 1370 798 1405 inficior
816 1395 824 1408 ‚
846 1370 924 1404 tales
952 1370 992 1403 ab
1010 1366 1084 1409 ἰΡῖἷῧ

75 1410 133 1445 ess'e
155 1412 361 1455 deprehensas
375 1438 384 1453 ,
407 1416 460 1451 &‚
485 1415 570 1457 quod
595 1416 769 1457 generatim
792 1412 949 1456 objiciunt
963 1436 975 1454 ,
998 1411 1083 1445 nihil

77 1455 220 1489 ordinati
243 1456 439 1491 ostendentes
454 1482 462 1496 ‚
485 1469 523 1490 ne
545 1458 638 1492 fibras
659 1458 810 1501 quidem,
835 1457 884 1490 vel
908 1456 929 1489 si
963 1457 1083 1489 micro-

75 1498 189 1545 scopio
212 1502 330 1535 utaris.
355 1499 414 1533 Sed
438 1512 536 1546 neque
558 1511 595 1535 tu
617 1501 756 1535 inficiari
767 1500 888 1545 poteris
895 1523 907 1539 ,
932 1510 1006 1533 cum
1016 1510 1084 1532 ma-

75 1553 126 1584 Jus
150 1542 231 1576 illud
255 1555 291 1577 os
307 1570 315 1582 ,
339 1554 357 1576 a
380 1555 430 1577 me
454 1545 488 1576 in
522 1556 560 1577 eo
593 1543 736 1586 processu
765 1545 846 1577 olim
876 1545 1044 1576 inventum
1068 1562 1078 1579 ,

75 1585 167 1619 nullo
190 1586 406 1629 microscopio
428 1587 521 1625 usus,
548 1588 748 1630 inspexeris,
780 1595 834 1621 aut
866 1585 933 1629 ejus
966 1585 1083 1620 descri-

74 1630 222 1671 ptionem
243 1632 257 1668 (
278 1641 297 1663 n
319 1634 333 1671 )
356 1630 525 1672 relegeris,
548 1642 586 1663 ex
609 1632 650 1663 iis
673 1628 730 1664 esse
751 1641 821 1673 quae
845 1629 966 1663 ibidem
979 1640 1085 1672 reper-

75 1681 109 1705 ta
134 1670 270 1706 Illustris
293 1673 445 1707 Hallerus
465 1676 530 1714 (o)
555 1683 654 1715 nuper
675 1673 845 1716 proposuit
862 1671 956 1716 fibris
977 1671 1084 1715 paral-

75 1713 207 1760 lelis'ad
224 1715 362 1757 peffinis
385 1717 509 1750 modum
532 1717 725 1750 terminata.
748 1717 888 1750 Omitto
910 1725 1045 1749 caeteros
1068 1738 1082 1755 ,

76 1758 137 1791 alia
161 1757 306 1800 Epistola
328 1760 386 1801 (p
406 1762 422 1799 )
445 1758 509 1800 jam
532 1759 697 1793 laudatos.
722 1759 795 1794 Etfi
819 1762 906 1793 enim
929 1759 1081 1793 fibrarum

74 1801 109 1834 in
131 1799 284 1834 morbofis
306 1801 570 1837 concretionibus
593 1802 690 1837 nullae
712 1811 855 1837 extarent
886 1802 1083 1836 observatio-

74 1855 130 1884 nes
138 1856 151 1884 ;
172 1853 257 1877 certe
282 1845 380 1878 etiam
403 1846 439 1878 in
460 1846 545 1879 callo
565 1847 622 1889 qui
647 1846 909 1880 conferventibus
933 1845 1083 1879 accrescit

73 1887 208 1926 offibus,
232 1887 401 1931 postquam
424 1890 561 1922 omnino
583 1888 740 1930 perfeetus
763 1889 827 1927 est,
848 1889 935 1924 fibrae
967 1890 1083 1927 nullae,

75 1930 129 1965 sed
153 1930 269 1971 densa,
292 1934 323 1964 &
348 1933 518 1974 compasta
544 1931 713 1966 substantia
737 1934 903 1972 occurrit3
928 1944 1005 1966 num
1037 1941 1086 1965 ta-

75 1986 149 2009 men
173 1983 340 2018 propterea
363 1986 428 2008 non
451 1975 510 2009 esse
531 1976 650 2009 callum
673 1985 794 2010 naturae
818 1975 931 2017 osseae,
953 1985 1086 2009 conten-

76 2016 212 2053 demus?
341 2019 392 2052 De
414 2017 535 2053 duabus
558 2019 660 2061 igitur
682 2031 752 2062 quae
776 2021 943 2063 praecipuae
954 2018 1086 2053 credun-

75 2070 129 2096 tur
152 2073 212 2104 pro
235 2060 392 2099 sententia
416 2061 453 2094 de
477 2074 537 2105 qua
560 2060 614 2095 hic
640 2063 806 2106 loquimur
829 2087 849 2103 ,η
873 2062 1053 2097 rationibus
1075 2087 1083 2101 ,

74 2105 197 2142 altera,
216 2116 286 2147 quae
309 2115 327 2137 a
351 2104 509 2139 strfflstura
532 2106 716 2147 petebatur,
742 2107 815 2141 satis
839 2118 854 2138 a
888 2108 981 2140 nobis
1016 2117 1086 2148 per-

75 2147 170 2192 pensa
194 2146 259 2186 est,
280 2148 397 2190 quibus
420 2148 596 2190 praesertim
619 2150 663 2182 sat
685 2148 742 2183 esse
756 2173 766 2188 ,
789 2149 964 2183 dixerimus
996 2147 1086 2181 osseae

76 2201 196 2226 naturae
220 2190 493 2232 similitudinem,
515 2195 547 2226 &
572 2193 690 2236 quibus
714 2193 843 2234 perinde
865 2192 902 2224 fit
926 2218 935 2230 ,
970 2191 1086 2224 molles

77 2236 219 2278 partium
241 2233 333 2268 fibras
355 2236 389 2267 in
412 2235 503 2268 illam
524 2236 693 2275 converti,
717 2244 771 2268 aut
791 2234 857 2278 ipsa
880 2235 1045 2268 incrustari
1071 2255 1082 2271 ,

78 2281 112 2311 ἃ-
134 2278 207 2312 deni
233 2289 270 2311 ue
295 2277 442 2318 absumi,
464 2278 561 2311 modo
585 2277 673 2320 quod
696 2280 802 2320 negari
826 2289 890 2312 non
901 2277 1003 2320 potest
1015 2302 1026 2318 ,
1049 2276 1082 2310 id

80 2321 192 2355 saltem
240 2330 334 2360 etur,
358 2332 428 2363 quae
453 2320 604 2354 mollium
636 2330 701 2354 erat
733 2330 820 2354 antea
854 2321 1005 2354 fibrarum
1037 2320 1084 2353 se-

79 2363 157 2405 des,
180 2364 219 2397 ab
240 2364 297 2397 illa
320 2365 488 2407 occupari.
511 2364 621 2397 Altera
634 2374 740 2398 autem
765 2367 867 2400 ratio,
890 2364 964 2398 inde
988 2365 1087 2406 petita

79 2406 169 2449 quod
191 2406 277 2441 durae
290 2408 509 2440 concretiones
523 2418 613 2445 raro,
638 2407 659 2440 fi
673 2419 811 2449 unquam
826 2431 839 2448 ,
861 2409 894 2441 in
906 2408 978 2441 aliis
989 2418 1087 2449 quam

79 2451 265 2491 seniorum,
287 2450 476 2492 corporibus
498 2449 792 2492 deprehendantur,
814 2462 948 2493 quorum
971 2450 1086 2484 videli-

79 2504 130 2528 cet
155 2495 280 2536 sanguis
305 2502 406 2526 terrea
428 2495 557 2526 materia
583 2493 742 2532 abundat,
767 2496 884 2527 morari
908 2505 964 2528 nos
986 2495 1084 2527 mini-

80 2549 131 2571 me
153 2537 272 2580 potest,
298 2547 363 2571 non
384 2537 533 2573 oblitos,
555 2537 639 2578 quod
665 2536 809 2580 exempla
832 2538 978 2572 attulerit
1002 2538 1088 2578 Vir,

80 2582 158 2615 dum
183 2581 326 2621 viveret,
348 2579 586 2615 Eruditiffimus
607 2581 750 2615 Crellius
770 2584 786 2620 (
806 2592 825 2623 q
846 2585 883 2621 )‚
907 2590 943 2615 ut
966 2581 1087 2614 evince-

83 2634 131 2659 ret
145 2648 157 2665 ,
178 2624 313 2657 arterias
325 2647 337 2664 ,
361 2622 399 2657 de
420 2623 537 2668 quibus
560 2624 613 2657 hic
644 2624 842 2667 potiffimnm
875 2625 1049 2668 quaerimus
1071 2647 1083 2664 ,

80 2679 138 2702 non
162 2668 194 2701 in
211 2665 335 2709 senibus
359 2674 504 2708 tantum,
521 2667 577 2710 sed
599 2667 711 2709 quavis
733 2668 837 2703 aetatis
857 2668 982 2711 periodo
1005 2668 1037 2701 in
1049 2677 1084 2700 os

82 2709 137 2755 effe
159 2718 320 2749 mutatas,
342 2713 485 2754 quamvis
510 2710 639 2745 eandem
662 2712 775 2751 illam,
799 2709 849 2745 sed
873 2711 1085 2753 alioexplica-

80 2764 149 2787 tam
173 2753 291 2791 modo,
314 2754 492 2797 sequeretur
515 2753 720 2788 sententiam.
756 2755 866 2797 Qam
897 2754 1086 2796 explicatio-

83 2809 176 2837 nem,
198 2797 318 2839 quippe
341 2796 379 2830 ad
402 2799 531 2831 arterias
542 2799 701 2841 praecipue
710 2798 919 2838 attinentem,
941 2796 994 2831 hic
1006 2808 1086 2840 prae—

82 2843 260 2875 termittere
283 2840 373 2873 nullo
396 2842 489 2883 pacto
511 2839 654 2885 possum.

131 2894 180 2917 21.
209 2883 325 2916 Crellii
348 2884 451 2926 igitur
473 2885 670 2927 explicatio,
691 2883 752 2917 five
783 2884 883 2918 mavis
916 2884 1085 2927 peculiaris

86 2929 241 2963 sententia
265 2926 306 2960 est
330 2928 379 2969 (ν
400 2931 435 2967 ),
457 2939 527 2971 quae
551 2929 586 2961 in
609 2928 736 2961 arteriis
758 2927 848 2962 osseae
872 2928 1003 2962 bracfteae
1037 2927 1086 2961 di-

85 2979 204 3006 cuntur
218 2994 225 3007 ‚
247 2979 351 3002 revera
375 2980 437 3003 non
460 2969 518 3005 esse
542 2970 658 3011 osseas,
684 2970 734 3005 sed
757 2971 926 3012 tophaceas
948 2982 987 3004 ex
1010 2982 1086 3013 pure

87 3014 327 3049 concretiones,
350 3012 438 3055 cujus
461 3016 605 3048 tenuiore
630 3024 718 3057 parte
740 3014 881 3057 diffipata
904 3036 914 3052 ‚
945 3013 1086 3048 restitans

89 3057 215 3092 craffior
241 3056 427 3089 induretur.
452 3059 537 3090 Cum
560 3060 646 3092 enim
669 3057 801 3091 exiliora
824 3069 894 3099 quae
917 3057 1002 3090 intra
1039 3070 1087 3091 ar-

88 3102 242 3135 teriarum
264 3098 466 3133 substantiam
491 3110 679 3144 perrepunt,
701 3100 824 3134 vascula
838 3101 931 3134 lentis
943 3099 1087 3135 viscidis-

87 3157 148 3189 que
170 3142 376 3178 obstruuntur
398 3142 674 3186 succis,‘quorum
699 3146 732 3177 in
756 3144 878 3178 senibus
906 3168 918 3183 ,
951 3153 1005 3176 aut
1039 3147 1091 3177 in-

90 3186 342 3231 temperantibus
366 3187 460 3219 etiarn
481 3185 661 3228 junioribus
684 3200 721 3221 co
747 3190 775 3220 ia
800 3187 861 3225 est,
883 3187 977 3220 facile
1000 3186 1091 3228 fieri,

90 3243 125 3267 ut
149 3230 396 3265 obstruetionem
421 3230 652 3271 inflammatio,
677 3199 963 3265 inlsammationem
975 3229 1091 3274 suppu-

91 3277 176 3311 ratio
199 3273 429 3316 consequatur:
456 3284 512 3315 pus
525 3284 631 3308 autem
640 3273 760 3309 effundi
771 3277 803 3308 in
818 3274 1002 3309 cellulosum
1012 3286 1090 3308 con-

92 3329 240 3358 textum,
263 3329 329 3359 quo
351 3326 460 3349 carnea
485 3319 605 3352 arteriae
617 3319 724 3352 tunica
735 3319 896 3352 abintima
908 3318 1092 3360 separatur,

92 3374 210 3407 perque
234 3372 281 3393 eas
302 3360 450 3398 cellulas,
471 3362 589 3404 quippe
612 3363 696 3398 inter
729 3362 757 3395 se
789 3363 1057 3397 communicantes
1079 3385 1092 3402 ,

92 3407 227 3440 defluere
252 3402 350 3436 modo
373 3404 497 3446 plures,
519 3404 619 3438 modo
642 3407 826 3448 pauciores,
848 3404 989 3447 utipfius
999 3406 1091 3448 copia

93 3448 195 3493 major
211 3472 222 3488 ,
245 3456 298 3480 aut
322 3447 429 3479 minor
452 3446 518 3491 est,
540 3449 572 3480 in
596 3448 865 3491 iisquesubfistens
876 3448 1087 3482 concrescere.

178 3491 344 3533 Morgagni
355 3491 390 3523 de
399 3491 466 3523 Sed.
484 3495 525 3527 Θ
535 3493 621 3532 Gaul.
634 3492 735 3525 Morb.
749 3494 849 3525 Tom.
866 3495 893 3525 I.

182 3682 205 3698 m
221 3673 235 3702 )
251 3674 306 3698 Vid.
321 3681 352 3698 ex
368 3658 440 3708 pai-'tel
451 3671 548 3697 Advers.
567 3673 587 3697 1.
607 3682 631 3698 n.
649 3682 684 3704 ²3·
746 3676 760 3705 (
774 3685 790 3700 η
808 3677 816 3706 )
831 3677 902 3706 Epist.
920 3684 942 3707 3.
957 3685 982 3702 n.
999 3660 1036 3703 ao.

186 3713 201 3733 q
218 3705 232 3733 )
248 3704 307 3739 Obs.
324 3705 353 3729 de
369 3711 457 3728 arteria
473 3704 692 3738 cordis-Coronar.
708 3706 779 3731 instar
794 3706 846 3732 offis
860 3708 972 3733 indurata
989 3709 1013 3739 §.
1031 3715 1054 3731 τι.

186 3742 203 3792 τὲ
217 3735 230 3792 3
249 3734 342 3795 gisem.
359 3735 389 3759 de
405 3734 482 3759 Tend.
500 3734 589 3759 Achill.
605 3738 648 3760 διε.
664 3743 686 3759 e.
708 3744 726 3760 1.

599 3767 606 3796 (
624 3765 638 3789 b
653 3766 666 3795 )
682 3766 756 3795 Epist.
772 3774 811 3796 24.
830 3777 853 3793 n.
873 3772 910 3793 16.

152 3675 171 3793 flflrv'*

289 3774 310 3795 9.
374 3766 535 3795 <a)n.32.

1098 3676 1108 3706 s
1126 3687 1140 3703 ο
1154 3679 1168 3708 )
1182 3679 1298 3707 opuscul.
1314 3677 1411 3703 Pathol.
1428 3678 1488 3703 obs.
1506 3687 1547 3708 49.
1609 3679 1619 3706 (

1116 3709 1419 3739 (r)1bid.§8.&9.
1605 3716 1617 3732 2

789 3738 829 3766 (x
845 3739 858 3767 )
873 3739 937 3767 Eph.
954 3741 987 3799 Nc.
1000 3741 1039 3797 CC.)
1049 3740 1145 3798 252²·
1163 3742 1193 3763 A.
1212 3748 1232 3768 3.
1248 3739 1305 3764 Obs.
1325 3748 1359 3769 v9.
1377 3740 1402 3763 in
1418 3738 1497 3763 schor.

1958 176 2053 228 293

1126 243 1216 278 Hinc
1241 249 1344 275 autem
1367 239 1449 282 esse,
1470 251 1528 275 cur
1551 239 1597 272 hae
1610 237 1780 281 squamulae
1801 238 1884 271 inter
1906 236 1983 270 duas
1993 236 2124 269 illastu-

1130 287 1217 321 nicas
1238 286 1460 325 inveniantur,
1483 281 1540 316 nifi
1564 281 1688 325 major,
1711 290 1764 314 aut
1775 281 1896 316 diutius
1906 279 2041 322 perstans
2052 278 2123 318 sup-

1131 329 1261 373 puratio
1284 338 1332 360 eas
1355 327 1490 370 denique
1513 326 1636 360 tunicas
1658 325 1755 357 etiam
1778 331 1980 371 corrumpat,
1996 324 2034 367 ,δε
2064 319 2124 367 ob-

1130 382 1220 406 ruat.
1245 371 1317 404 Nec
1341 370 1395 403 fibi
1419 372 1536 404 obstare
1559 368 1703 402 nidorem
1727 368 1817 412 illum
1840 377 1933 409 quem
1956 364 2125 407 injec‘taem

1130 425 1244 459 prunas
1266 413 1399 447 reddunt
1422 426 1463 447 eae
1487 412 1679 456 squaxnulae5
1702 411 1842 451 agnoscit
1865 410 1974 448 enim,
1997 417 2060 447 non
2073 416 2126 438 ne-

1129 467 1209 501 gat,
1232 466 1267 491 ut
1291 458 1347 490 alii
1369 456 1405 489 de
1427 456 1542 500 quibus
1566 455 1656 497 supra
1678 453 1760 496 (s)
1784 453 1962 487 indicatum
1984 449 2026 483 est
2045 472 2057 489 ,
2089 455 2126 481 ut

1129 503 1197 536 san'e
1221 500 1381 542 Vernojus
1425 511 1550 542 quoque
1572 498 1657 540 (t),
1678 499 1711 530 δε
1735 496 1874 530 Kulmus
1897 498 1963 544 (u)
1994 490 2128 526 eundem

1129 556 1193 578 non
1216 543 1300 577 secus
1324 554 1357 576 ac
1381 553 1461 582 nos,
1483 542 1706 575 observarunt.
1733 540 1790 573 Sed
1813 538 1898 581 quod
1922 538 2034 586 h¹‚³.&
2058 543 2130 568 ante

1129 588 1214 630 ipsos
1226 587 1278 620 alii
1292 611 1304 627 ‚
1326 585 1489 629 inquibus
1506 584 1698 618 Schrockius
1720 582 1786 624 (x)
1800 604 1808 619 ‚
1832 580 2039 629 &Scheidius
2063 579 2128 621 (y)

1129 644 1167 665 eo
1188 641 1351 672 tanquam·
1366 638 1442 665 nota
1467 627 1509 661 usi
1533 627 1659 661 fuerant
1684 626 1722 660 ad
1744 623 1839 659 osseas
1869 632 2089 657 concretiones
2112 632 2130 652 a

1125 671 1290 708 calculosis
1313 671 1588 711 internoscendas,
1610 671 1644 704 id
1667 680 1740 702 vero
1761 667 1821 702 suae
1834 677 2002 710 repugnare
2013 666 2134 698 senten-

1128 720 1183 752 tiae
1195 741 1207 758 ‚
1230 726 1322 759 negat
1346 719 1360 756 (
1381 727 1405 759 z
1424 719 1440 755 )
1462 716 1627 758 propterea
1649 714 1725 756 quia
1748 723 1805 759 pus
1821 721 1973 761 quoque,
1994 718 2133 758 ‘ixflqffi

1129 770 1252 803 cunque
1276 762 1426 802 corporis
1450 768 1539 800 parte
1563 767 1749 800 acceptum,
1772 755 1794 788 si
1818 766 1854 802 ¹¹¹.
1875 763 1989 802 prunas
2002 760 2131 799 ¹⁰1¹5³¹²²³7

1129 814 1203 842 tur,
1226 803 1393 843 nidorem‚
1415 800 1630 844 foetidumque
1653 800 1801 838 fumum,
1825 794 2132 844 eJusomninoiimi-

1128 848 1191 881 lem
1213 858 1308 888 quem
1331 845 1420 886 ossa,
1441 843 1621 878 diffundat.
1646 844 1728 880 Quae
1750 854 1832 884 ego,
1858 849 1952 882 atque
1974 837 2034 872 alia
2057 846 2134 869 cum

1128 892 1284 932 legerem,
1306 902 1377 933 quae
1399 887 1543 925 adversus
1553 898 1622 922 tum
1633 886 1936 931 Boerhaavii,·turn
1947 889 2136 930 caeterorum

1132 933 1301 967 sententias
1324 932 1388 976 ipse
1409 943 1537 975 quoque
1559 930 1698 973 objicit,
1721 932 1754 963 δε
1775 922 2135 971 quaeJamtibiEp1sto-

1132 977 1303 1010 laXVIII.
1328 978 1392 1019 (a)
1413 987 1524 1018 magna
1535 986 1573 1008 ex
1586 982 1672 1017 parte
1683 971 1822 1007 indicavi
1836 995 1849 1012 ‚
1872 981 1937 1002 non
1960 968 2021 1002 fine
2042 977 2134 1005 mea,

1133 1020 1235 1062 qualis
1258 1031 1291 1054 ea
1314 1030 1435 1062 cunque
1457 1018 1519 1058 est,
1542 1017 1581 1051 ad
1603 1017 1722 1059 singula
1745 1012 1964 1058 responsione,
1978 1022 2049 1054 *non
2060 1007 2138 1060 pos-

1133 1064 1202 1099 sum
1224 1073 1288 1095 non
1311 1073 1479 1099 mearum,
1513 1072 1648 1104 quarum
1682 1059 1835 1101 pleraeque
1868 1056 1905 1089 ad
1941 1064 1971 1088 te
2008 1054 2137 1104 scriptae

1136 1107 1227 1144 sunt,
1254 1105 1527 1140 Observationum
1540 1102 1707 1140 ,recordari
1721 1125 1734 1142 ,
1756 1099 1989 1143 &singularum
1999 1109 2054 1141 qui
2070 1095 2138 1145 ple-

1136 1162 1206 1184 rum
1231 1161 1268 1183 ue
1290 1148 1332 1183 est
1354 1150 1436 1181 iuter
1458 1160 1492 1181 ea
1514 1159 1584 1191 quae
1608 1158 1667 1183 ego
1688 1145 1826 1179 videram
1840 1167 1853 1184 ,
1876 1145 1988 1192 &equae
1998 1140 2137 1173 Crellius

1137 1205 1217 1237 pone
1241 1202 1273 1226 at
1290 1219 1299 1234 ,
1322 1191 1504 1227 consensum
1529 1190 1711 1234 agnoscere.
1737 1187 1840 1230 Qod
1861 1183 2059 1235 enim-osseae·
2092 1182 2139 1215 la—

1138 1237 1240 1271 mellae
1256 1263 1263 1276 ,
1289 1248 1345 1270 nec
1369 1247 1467 1276 raro,
1488 1235 1584 1268 ctiam
1607 1229 1870 1275 longiusacorde
1895 1234 2139 1278 aritincipiant,

1141 1290 1195 1315 aut
1217 1281 1414 1321 crebriores,
1436 1277 1630 1321 majoresque
1652 1276 1752 1316 fiant,
1775 1277 1807 1308 δι
1830 1271 1917 1324 quod
1940 1272 2009 1306 illas
2032 1279 2142 1318 tuni-ca

1140 1325 1263 1358 arteriae
1286 1324 1401 1358 intima
1414 1322 1480 1365 ipsa
1494 1334 1556 1355 non
1569 1320 1704 1359 habeat,
1727 1317 1777 1353 sed
1800 1325 1943 1366 operiat,
1967 1314 2143 1357 praesertim

1137 1380 1213 1402 vero
1235 1367 1322 1410 quod
1345 1366 1424 1410 saepe
1447 1377 1519 1399 cum
1545 1366 1586 1398 iis
1609 1364 1743 1397 lamellis
1765 1362 1916 1411 erolionis
1939 1367 2033 1401 atque
2055 1355 2144 1405 exul-

1137 1412 1307 1449 cerationis
1328 1421 1393 1443 non
1414 1409 1542 1443 obscura
1565 1403 1931 1450 conjunganturindicia
1944 1427 1953 1441 ‚
1977 1410 2069 1451 atque
2081 1399 2145 1432 alia

1136 1454 1368 1499 ejusdemmodi
1393 1454 1427 1486 in
1450 1462 1501 1485 tot
1527 1451 1640 1485 nostris
1663 1444 2066 1494 Observationibuslegisti
2078 1466 2090 1482 ,
2104 1450 2143 1476 ut

1137 1501 1294 1541 longum,
1317 1501 1348 1532 δε
1373 1497 1596 1540 supervacuum
1620 1492 1692 1528 esset
1716 1493 1770 1527 hic
1804 1491 1865 1525 tibi
1897 1489 2031 1530 lingulas
2064 1484 2144 1520 defi-

1133 1553 1246 1587 gnare.
1268 1542 1368 1586 Juvat
1392 1541 1501 1583 potius
1525 1551 1595 1582 quae
1608 1539 1684 1572 dum
1694 1547 1801 1570 earum
1824 1532 1993 1582 nonnullas
2016 1530 2146 1563 habere-

1135 1598 1228 1626 mus,
1250 1585 1441 1627 diligentius
1463 1580 1665 1625 inspiciendo
1687 1589 1763 1616 tunc
1787 1577 2015 1625 adnotavxmus
2029 1597 2037 1612 ,
2063 1583 2148 1606 nunc

1137 1640 1243 1666 autem
1268 1629 1329 1663 huc
1352 1629 1488 1661 attinere
1528 1624 1727 1668 potiffimum
1754 1621 1941 1663 credimus,
1964 1618 2018 1652 hic
2043 1626 2149 1654 tecum

1136 1675 1273 1714 ingenue
1293 1671 1535 1705 communicare
1548 1691 1556 1699 .

1175 1711 1232 1749 ΞΖ.
1257 1717 1364 1758 Atque
1387 1723 1424 1748 ut
1449 1713 1488 1746 ab
1510 1724 1548 1744 eo
1572 1713 1648 1745 Sene
1672 1711 1890 1752 incipiamus,
1913 1709 1953 1743 de
1983 1718 2061 1756 quo·
2082 1704 2149 1747 spe-

1134 1761 1248 1794 ciatim
1272 1758 1334 1793 hoc
1359 1757 1421 1791 tibi
1447 1754 1623 1799 promisisse
1645 1754 1714 1794 (b)
1738 1755 1964 1790 meminimus3
1989 1749 2149 1790 totillas,

1136 1805 1233 1838 etiam
1258 1803 1450 1844 ampliores,
1476 1800 1608 1832 laminas
1632 1798 1742 1832 tunica
1764 1798 1879 1830 intima
1891 1806 1956 1829 non
1966 1792 2095 1827 modoo
2119 1802 2152 1824 e-

1136 1846 1266 1886 riebat,
1290 1845 1341 1878 sed
1363 1842 1534 1878 aretiffime
1559 1842 1598 1875 ad
1620 1852 1750 1874 omnem
1772 1851 1878 1873 earum
1911 1849 2023 1872 cavam
2046 1862 2054 1872 .
2102 1846 2151 1868 ive

1137 1891 1325 1923 interiorem
1348 1887 1464 1921 faciem
1489 1885 1672 1919 adhaerebat
1694 1886 1818 1927 integra
1840 1879 2150 1929 quidem&illaesa,

1138 1934 1196 1967 nisi
1221 1932 1309 1975 quod
1332 1930 1373 1965 ad
1398 1941 1494 1964 unam
1517 1929 1688 1963 dumtaxat
1710 1938 1818 1962 earum
1842 1926 1953 1960 hiabat
1976 1936 1984 1958 :
2017 1936 2083 1966 quo
2110 1934 2151 1956 ⁴m

1138 1977 1229 2011 hiatu
1254 1976 1382 2008 materia
1405 1984 1498 2010 erat,
1522 1972 1573 2007 seu
1596 1973 1698 2005 mavis
1723 1971 1839 2005 humor
1861 1968 2074 2004 craffiusculus
2112 1978 2152 1999 ex

1139 2021 1213 2053 albo
1235 2019 1356 2053 flavus.
1378 2018 1409 2050 A
1433 2016 1518 2050 facie
1541 2026 1648 2050 autern
1670 2015 1781 2055 illius,
1805 2017 1836 2048 &
1861 2014 2081 2057 plerarumque
2101 2010 2154 2044 la-

1137 2066 1297 2097 minarum
1319 2072 1460 2095 convexa
1486 2059 1571 2093 nihil
1594 2059 1719 2101 negotii
1742 2067 1808 2092 erat
1832 2057 2007 2091 annullares
2029 2065 2152 2088 carneae

1138 2107 1257 2140 tunicae
1280 2105 1374 2139 fibras
1398 2104 1562 2146 sejungere
1578 2125 1590 2142 ,
1613 2103 1722 2145 easque
1746 2100 1880 2135 illaesas.
1913 2101 2012 2133 Erant
2045 2108 2153 2131 tamen

1137 2148 1286 2192 quaedam
1310 2149 1436 2182 laminae
1460 2147 1579 2189 quibus
1602 2146 1641 2179 ab
1664 2144 1773 2179 eadem
1794 2154 1938 2178 convexa
1969 2143 2050 2177 facie
2082 2153 2152 2175 ma-

1138 2193 1218 2226 teria
1242 2190 1475 2232 ejusdemmodi
1499 2201 1536 2224 ac
1560 2190 1661 2222 modo
1671 2187 1911 2232 descripsimus,
1934 2198 1973 2220 ex
1984 2186 2058 2219 albo
2071 2186 2151 2220 flava

1136 2234 1336 2269 adhaerebat:
1360 2234 1408 2267 ibi
1433 2243 1540 2267 autem
1564 2234 1642 2272 vix,
1667 2244 1701 2265 ac
1724 2244 1761 2266 ne
1783 2233 1838 2265 vix
1860 2229 1991 2273 quidem
2015 2229 2087 2263 ullae
2101 2228 2152 2261 su-

1133 2287 1273 2322 pererant
1296 2289 1411 2311 carneae
1435 2276 1523 2310 fibrae
1536 2300 1549 2317 ,
1571 2277 1690 2319 quippe
1712 2274 1807 2308 exesae
1833 2274 1870 2308 ad
1893 2274 2045 2323 ext-imam
2055 2271 2151 2322 usque

1139 2323 1306 2358 tunicam,
1329 2333 1400 2364 quae
1424 2321 1548 2362 integra
1573 2328 1657 2353 erat.
1691 2319 1759 2352 Hic
1791 2318 1853 2351 tibi
1888 2317 1985 2350 velim
2019 2317 2150 2350 alterius

1138 2366 1229 2399 Senis
1251 2366 1356 2397 veniat
1380 2364 1413 2397 in
1441 2373 1606 2403 mentem,
1628 2361 1667 2396 de
1690 2373 1756 2405 quo
1778 2360 1885 2404 scripsi
1910 2359 2054 2403 Epistola
2066 2361 2148 2394 VII.

1136 2411 1153 2447 ζ
1174 2421 1190 2442 c
1212 2411 1246 2447 ).
1271 2406 1352 2451 Ejus
1374 2409 1504 2447 Aona,
1526 2417 1596 2450 quae
1630 2407 1769 2440 exterius
1803 2405 1932 2448 propria
1968 2402 2148 2439 ostendebat

1135 2450 1313 2494 sanguifera
1336 2451 1462 2484 vascula
1485 2451 1624 2483 multum
1648 2449 1802 2489 distenta,
1826 2447 1983 2481 indicium
1997 2447 2147 2481 videlicet

1133 2495 1301 2536 perstantis
1324 2493 1611 2529 inflammationis,
1636 2501 1701 2525 erat
1725 2493 1858 2526 interius
1882 2499 1952 2526 tum
1976 2491 2148 2534 squamulis

1140 2536 1231 2571 osseis
1253 2537 1412 2580 praedita,
1435 2546 1506 2571 tum
1529 2534 1718 2579 quibusdam
1743 2536 1823 2568 locis
1856 2536 1902 2568 ita
1948 2536 2148 2576 exulcerata,

1137 2591 1175 2614 uc
1200 2592 1264 2614 non
1290 2580 1392 2614 solum
1419 2582 1526 2616 tunica
1549 2580 1685 2616 intima,
1709 2578 1760 2613 sed
1784 2580 1932 2622 proxima
1956 2581 2052 2612 etiam
2076 2591 2146 2615 car-

1138 2635 1194 2657 nea
1218 2623 1325 2664 exesa,
1347 2626 1381 2657 in
1415 2624 1546 2658 rubram
1581 2623 1805 2665 putridamque
1839 2622 2042 2657 substantiam
2074 2634 2146 2666 quae

1134 2666 1332 2702 frustillatim
1356 2667 1532 2711 prodibat,
1555 2666 1699 2700 conversa
1723 2666 1781 2700 esie
1804 2667 1963 2701 videretur
1977 2690 1984 2699 .
2007 2669 2045 2700 In
2068 2678 2144 2709 qua-

1133 2709 1208 2744 dam
1232 2720 1336 2745 autem
1357 2711 1519 2749 Anieula,
1544 2721 1639 2751 quam
1672 2710 1749 2743 alias
1782 2711 1869 2754 (d)
1903 2708 2112 2745 describemus
2131 2733 2143 2749 ,

1134 2765 1210 2788 curn
1232 2755 1265 2786 in
1290 2763 1396 2788 ventre
1411 2781 1419 2795 ‚
1445 2765 1516 2788 tota
1541 2752 1647 2795 paffim
1670 2751 1876 2794 essetAorta,
1900 2753 2007 2794 plures
2026 2766 2062 2787 ue
2075 2753 2143 2796 ejus

1136 2799 1216 2831 rami
1241 2798 1330 2832 flavis
1355 2799 1410 2832 sub
1433 2800 1543 2832 tunica
1565 2797 1678 2828 intima
1702 2796 1837 2830 lamellis
1859 2796 1949 2831 osseis
1968 2796 2014 2830 dil
2031 2798 2142 2838 ineffa,

1137 2841 1245 2885 paffim
1267 2854 1395 2885 quoque
1419 2852 1485 2874 erat
1510 2843 1599 2873 intus
1620 2838 1706 2872 foeda
1731 2840 1768 2873 ab
1791 2838 1924 2873 humore
1944 2839 2145 2874 craffiusculo

1137 2884 1253 2926 fusco,
1276 2889 1309 2918 ὃς
1333 2885 1601 2928 sanguinolento,
1623 2884 1681 2925 qui
1705 2882 1760 2918 hic
1783 2883 1851 2916 illic
1867 2909 1876 2922 ‚
1899 2883 1986 2926 quafi
2019 2886 2143 2918 exulce-

1138 2929 1216 2962 ratis
1239 2928 1376 2963 stillasset
1400 2941 1439 2962 ex
1463 2929 1545 2961 locis
1560 2952 1569 2966 ,
1594 2925 1794 2961 adhaerebat.
1819 2927 1925 2960 Mitto
1937 2928 2012 2960 alias
2025 2927 2158 2969 ejusce-1

1137 2971 1226 3005 modi
1251 2971 1527 3011 Observationes,
1550 2972 1583 3002 &
1606 2970 1704 3002 toties
1729 2969 1878 3004 adnotata
1900 2971 1990 3005 simul
2005 2982 2078 3005 cum
2089 2971 2141 3005 os-

1135 3015 1194 3049 seis
1216 3015 1348 3048 braCteis
1372 3014 1456 3057 quasi
1479 3013 1652 3051 emtionis,
1674 3015 1706 3046 δε
1729 3014 1973 3048 exulcerationis
1996 3016 2029 3047 in
2060 3025 2142 3048 arte-

1136 3060 1192 3092 riis
1215 3058 1356 3097 indicia,
1380 3058 1413 3091 id
1435 3056 1787 3091 estexulcerationissui
1801 3059 1943 3100 generis.
1960 3057 2140 3093 Satisenim

1139 3101 1203 3144 jam
1226 3100 1388 3144 proposita
1412 3101 1512 3135 facere
1537 3099 1685 3135 videntur
1708 3100 1745 3134 ad
1777 3100 1873 3135 fidem
1907 3100 2137 3144 adjungenda—m

1139 3145 1301 3178 sententiae
1314 3156 1425 3185 novae,
1447 3145 1566 3188 quippe
1576 3155 1649 3177 cum
1673 3145 1911 3184 inflammatio,
1933 3145 2055 3184 erofio,
2080 3157 2141 3186 pu-

1140 3189 1282 3222 rulentus
1295 3188 1435 3228 humor,
1456 3188 1536 3221 unde
1548 3186 1640 3221 offeae
1652 3188 1785 3222 lamellae
1795 3186 1996 3221 concrescant
2013 3212 2022 3227 ,
2044 3186 2137 3221 simul

1142 3233 1358 3265 inveniantur.
1385 3233 1459 3265 Una
1481 3233 1577 3265 etiam
1600 3242 1749 3274 apparet,
1780 3230 1915 3264 srhaelic
1928 3229 2004 3264 fiant
2020 3256 2029 3271 ‚
2055 3229 2140 3274 posse

1141 3275 1222 3317 ipsas
1234 3286 1460 3317 nonnunquam
1473 3285 1542 3310 tum
1553 3274 1591 3307 ad
1602 3276 1752 3308 interiora
1763 3276 1921 3316 pervenire
1929 3297 1944 3313 -‚
1955 3283 2025 3308 tum
2038 3274 2076 3307 ad
2087 3286 2140 3307 ex-=

1142 3321 1259 3351 teriora
1274 3319 1301 3352 se
1313 3317 1530 3352 extendereita
1543 3320 1730 3352 continuata
1742 3342 1754 3358 ,
1778 3328 1811 3350 ut
1837 3318 1870 3349 in
1888 3316 2053 3352 Chomelii
2066 3319 2140 3351 Ob-

1142 3361 1321 3397 servatione
1346 3366 1404 3402 (e)
1427 3362 1646 3404 lapideasillas
1656 3361 1873 3407 concretiones
1887 3360 2004 3395 alicubi
2028 3359 2141 3402 fuisse,

1142 3406 1275 3447 legimus
1297 3429 1306 3443 ‚
1351 3406 1469 3439 tunicis
1510 3405 1657 3439 videlicet
1690 3415 1743 3446 per
1773 3403 1946 3438 erosionem
1990 3405 2140 3445 utrinque

1142 3449 1268 3482 tandem
1292 3448 1496 3492 absumptis3
1518 3461 1579 3492 qua
1602 3448 1726 3523 ratigne
1746 3448 1816 3491 qui>
1835 3446 2024 3523 sententiar?
2058 3445 2139 3480 hanc

1606 3529 1625 3535 ⁴,
1713 3503 1734 3524 o
1777 3501 1794 3533 3
2013 3501 2102 3533 eque-

1634 3686 1651 3710 p
1665 3679 1679 3707 )
1696 3677 1768 3707 Epist.
1785 3684 1822 3711 ²5-
1840 3684 1862 3700 n.
1882 3685 1903 3706 9.

1620 3717 1643 3733 o.
1706 3710 1720 3737 (
1736 3715 1746 3731 t
1763 3709 1776 3736 )
1791 3713 1882 3742 citatus
1898 3707 1949 3731 eorl.
1967 3715 1991 3731 n.

1619 3741 1627 3766 l
1644 3742 1680 3774 De
1695 3738 1765 3763 duobs
1786 3738 1855 3762 Offic.
1875 3746 1899 3762 m
1917 3737 2139 3768 ambr-&aqum

1611 3771 1625 3799 )
1642 3771 1694 3795 Vid,
1711 3770 1794 3799 supra,
1813 3776 1836 3794 n.
1856 3776 1894 3794 ιο,

1483 3708 1548 3740 (s)
1563 3717 1588 3733 n.

1180 3770 1194 3798 (
1209 3770 1226 3793 A
1241 3770 1255 3799 >
1271 3771 1344 3800 Episs.
1362 3779 1397 3795 ιο.
1414 3777 1436 3794 n.
1455 3777 1493 3799 ²4-
1556 3741 1601 3800 {g
