2498 4075
487 272 641 343 Epist.
675 277 836 331 Anat.
871 276 1093 332 Medica
1127 275 1311 332 LVIII.
1347 275 1466 330 Art·
1502 289 1573 338 17·
1605 274 1661 329 &
1696 272 1766 327 18.

100 352 257 399 quasdam
288 353 468 388 commenti
500 352 572 387 sunt
594 375 606 392 ,
643 364 699 396 per
731 362 809 398 quas
840 354 906 388 illae
928 379 938 396 ,
972 354 1105 387 minime

100 411 176 432 cum
200 398 351 441 sanguine
362 398 622 435 circumeuntes,
645 399 677 431 in
702 398 837 432 vesicam
856 397 1104 434 descenderent3

101 453 204 484 neque
236 442 321 475 enim
341 464 352 480 ‚
383 440 442 474 nisi
466 440 528 474 hoc
551 439 744 480 decoetum,
768 452 842 475 cum
866 441 1018 482 sanguine
1041 441 1108 474 cir-

102 486 305 519 cumvefium
328 506 337 521 ‚
362 491 478 525 Jpartes
510 493 621 516 omnes
655 486 804 527 corporis
845 484 971 518 adiisset
994 506 1004 522 ,
1040 492 1109 516 tam

100 529 169 562 cito
198 540 271 571 quae
305 528 515 566 exulceratae,
540 536 595 560 aut
628 528 717 561 aliter
751 528 875 561 vitiatae
899 536 987 560 erant
1004 549 1014 566 ‚
1038 536 1109 568 per-

101 572 209 605 sanare
243 570 393 614 potuisset
418 595 427 604 .
458 571 624 603 Caeterum
658 570 749 613 quod
781 569 939 604 Valsalvae
963 573 996 604 in
1021 580 1110 603 men-

44 617 47 618 ’
101 625 169 649 tem
204 616 293 648 venit
325 613 364 648 de
399 612 559 655 ejusmodi
590 612 648 647 usu
671 625 762 657 aquae
792 613 952 652 stibiatae,
976 614 1014 648 de
1038 611 1111 655 ipso

101 657 228 701 guajaci
249 658 385 691 decocto
407 656 489 690 olim
514 666 640 690 venerat
659 657 781 701 Joanni
806 657 964 691 Manardo
987 662 998 696 (
1024 668 1048 699 z
1067 660 1102 696 )‚

105 702 164 742 qui
213 701 298 735 inter
329 700 437 733 varios
469 697 562 747 lpuju's
596 699 674 742 ligni
704 699 777 742 usus
802 722 812 737 ‚
843 711 896 743 ego
919 725 928 741 ,
959 702 1068 742 inquit
1091 721 1101 736 ‚

100 755 168 778 eum
204 744 304 786 magis
322 742 417 784 probo
437 767 446 782 ‚
469 751 501 775 m
525 753 583 785 quo
604 743 672 784 ejus
703 744 855 776 decoctum
879 765 887 780 ‚
919 744 1011 782 instar
1043 753 1105 775 me-

101 788 277 821 dicaturum
300 796 475 829 aquarum,
500 785 562 819 imo
579 785 644 828 seri
667 800 684 822 a
708 786 879 827 Dioscoride
895 786 1033 829 scripti,
1057 783 1107 818 bi-

100 829 209 864 bitur.
231 828 289 863 Ab
313 840 345 863 eo
366 829 448 861 enim
471 829 578 862 modus
600 827 722 862 bibendi
743 839 839 870 aquas
863 830 1030 863 medicatas
1050 838 1109 861 νε-

103 874 153 906 nit
168 898 178 913 ,
200 873 254 916 qui
275 873 308 906 in
340 871 495 905 communi
516 871 572 913 usu
595 872 677 913 apud
699 871 796 905 Italos
818 871 879 910 esi,
902 872 1034 905 heminis
1056 871 1107 903 νὶ-

102 915 215 950 delicet
237 917 342 957 quinis
362 924 417 956 per
440 913 609 948 intervalla
643 914 761 956 epotis.
785 915 870 950 Quae
904 915 1030 949 decocti
1054 925 1109 947 ex-

102 958 238 994 hibendi
270 959 355 991 ratio
391 969 408 990 a
443 956 595 991 Massaria
625 957 735 991 nostro
757 961 771 996 (
794 959 847 1000 a)
872 958 948 993 adeo
971 957 1108 1000 probata

103 1002 172 1040 est,
195 1012 231 1035 ut
256 1002 428 1035 miraretur
452 1022 461 1037 ‚
495 1001 665 1044 quomodo
698 1011 792 1035 nemo
826 1001 864 1036 ad
886 1002 976 1036 suum
1009 1002 1108 1042 usque

104 1056 232 1087 tempus
266 1045 388 1079 secutus
413 1042 488 1077 esset
511 1052 576 1077 tam
593 1043 779 1085 praeclarum
801 1052 866 1079 tam
889 1043 1019 1083 illustris
1041 1045 1108 1077 viri

103 1089 282 1129 institutum
308 1099 316 1120 ε
350 1087 380 1120 se
402 1098 480 1120 vero
503 1086 566 1121 hoc
589 1098 653 1121 non
679 1086 772 1121 semel
799 1087 887 1121 usum
911 1088 990 1125 esse,
1013 1087 1107 1120 testa-

104 1130 201 1167 batur
223 1156 233 1170 ,
262 1130 386 1173 summa
421 1141 491 1163 cum
519 1128 705 1173 facilitate,
737 1131 774 1165 Ψ
797 1129 959 1173 felicitate
993 1132 1037 1164 ita
1071 1139 1108 1165 ut

104 1177 181 1218 aegri
210 1174 274 1217 fine
296 1174 397 1208 multo
428 1172 531 1207 labore
552 1196 565 1214 ,
594 1176 636 1207 Θ
656 1174 768 1215 paucis
790 1173 896 1207 diebus
918 1174 950 1206 id
972 1172 1111 1216 consecu-

106 1220 134 1252 ti
157 1216 248 1261 essent
271 1217 351 1260 quod
382 1216 442 1250 alii
478 1217 536 1250 vix
558 1227 669 1259 magna
692 1216 846 1256 molestia,
867 1218 909 1251 Θ
932 1217 1020 1259 longo
1031 1225 1112 1250 tem-

100 1271 177 1304 pore
193 1260 296 1303 solent
318 1258 478 1302 consequi:
501 1271 558 1294 nec
581 1259 640 1302 ipsi
665 1269 771 1293 tamen
795 1282 808 1300 ,
840 1269 876 1293 ut
907 1260 1017 1294 locum
1042 1270 1113 1303 per-

106 1303 241 1347 legendo
263 1302 449 1345 intelliges,
471 1314 671 1346 quaecunque
701 1304 739 1337 de
773 1303 877 1337 tribus
909 1315 981 1346 quae
1015 1303 1113 1346 paulo

107 1358 182 1382 ante
215 1348 317 1382 *dietae
351 1345 425 1379 sunt
448 1368 458 1385 ‚
503 1347 701 1381 excretiones
734 1346 942 1389 sequerentur
966 1371 976 1385 ‚
1015 1347 1114 1389 quid-

107 1403 206 1434 quam
251 1389 370 1424 referre
414 1389 585 1424 videbatur
609 1414 618 1423 .
753 1391 845 1427 Sed3
880 1399 916 1424 ut
949 1390 1029 1424 illuc
1064 1401 1114 1423 re-

107 1436 200 1469 deam
224 1447 234 1472 ;
269 1434 308 1468 ab
341 1445 380 1466 eo
402 1445 470 1476 quo
501 1434 566 1475 ipse
598 1434 756 1468 Bononiae
786 1432 965 1475 degebam,
990 1433 1028 1467 ad
1050 1432 1115 1466 hoc

107 1488 235 1521 tempus
264 1499 274 1516 ‚
303 1476 407 1520 spatio
440 1476 590 1510 videlicet
616 1487 773 1511 annorum
807 1476 943 1511 necdum
975 1486 1116 1519 quatuor

109 1524 141 1557 &
165 1521 425 1565 quinquaginta,
449 1522 626 1554 mercurius
637 1531 768 1563 quoque
790 1521 875 1553 inter
898 1519 1043 1563 praefidia
1058 1522 1115 1554 att-¹

108 1566 270 1598 tivenerea
293 1564 361 1597 illic
396 1563 502 1597 denuo
524 1564 641 1598 relatus
666 1562 731 1596 est.

159 1619 206 1650 17.
231 1608 312 1641 Non
338 1607 444 1641 multo
468 1608 586 1640 minori
610 1607 767 1648 temporis
790 1606 894 1649 spatio
917 1609 950 1641 in
975 1606 1033 1640 hac
1054 1607 1115 1640 Ci-

108 1654 211 1687 vitate
243 1660 455 1692 nonqtantam
488 1648 619 1692 quidem
643 1673 655 1689 ,
690 1650 739 1683 sed
763 1651 902 1693 aliquam
925 1661 1055 1687 tamen,
1079 1652 1113 1683 in

107 1696 223 1730 iisdem
271 1694 426 1737 praefidiis
472 1693 720 1727 viciffitudinem
767 1694 981 1727 animadverti
1007 1718 1013 1725 .
1062 1694 1114 1727 Ut

107 1740 196 1774 enim
218 1740 303 1771 inter
328 1736 474 1770 Medicos
495 1737 693 1779 caeteroquin
719 1736 923 1771 Peritiffimos
947 1746 1114 1779 nunquam

107 1783 163 1818 hic
186 1781 288 1825 aliqui
311 1779 485 1814 defuerunt
509 1780 705 1813 validiorum
732 1781 866 1821 potius,
888 1792 986 1823 quam
1011 1781 1115 1813 tutio-

106 1831 181 1862 rum
205 1847 215 1863 ‚
247 1824 464 1858 remediorum
498 1833 660 1860 amantes,
686 1823 728 1856 sic
750 1822 960 1866 postpositam
982 1824 1116 1866 quidem

107 1871 300 1914 pierumque
330 1867 468 1901 decoctis
492 1888 501 1903 ‚
537 1877 702 1909 nunquam
727 1876 833 1900 tamen
859 1869 986 1908 prorsus
1009 1866 1117 1899 deser-

107 1924 177 1949 tarn
199 1911 291 1946 fuisse
315 1932 324 1948 ,
358 1910 464 1951 accepi
489 1932 499 1946 ‚
530 1910 711 1952 quamlibet
735 1910 967 1952 propemodum
991 1921 1118 1943 mercu-

109 1959 162 1992 rio
187 1954 298 1990 utendi
323 1956 500 1987 rationem.
526 1955 640 1995 ltaque
664 1965 701 1985 ex
724 1964 791 1995 quo
815 1952 878 1986 huc
913 1954 1006 1992 veni,
1034 1964 1115 1994 prae-

107 2012 158 2036 ter
181 1999 302 2033 suffitus
326 2007 465 2039 quorum
490 1997 690 2029 mentionem
715 1996 890 2035 audivisse,
913 2007 977 2029 non
1003 1997 1117 2029 memi-

107 2047 165 2082 ni,
190 2042 358 2086 plerosque
394 2039 473 2073 alios
507 2038 620 2072 modos
652 2040 685 2072 in
720 2039 811 2072 usum
857 2049 990 2074 vocatos
1022 2039 1080 2073 esse
1104 2064 1115 2080 ,

108 2088 177 2123 scio
198 2109 211 2127 ‚
245 2087 279 2118 in
310 2082 424 2125 hisque
459 2084 654 2116 mercurium
678 2082 725 2116 vel
749 2081 997 2124 deglutiendum
1021 2082 1115 2116 exhi-

106 2131 226 2168 bendi,
259 2128 410 2169 huncque
445 2135 500 2160 aut
533 2137 607 2159 cum
641 2126 680 2159 iis
712 2125 922 2168 conjunctum
956 2138 1028 2168 quae
1059 2138 1114 2168 pet

108 2176 219 2212 alvum
241 2172 418 2208 ducerent,
441 2178 495 2203 aut
527 2170 573 2201 ita
607 2180 774 2211 paratum,
802 2178 838 2202 ut
863 2170 1084 2203 salivationem
1100 2192 1114 2209 ‚

109 2229 163 2254 aut
196 2217 296 2251 etiam
329 2223 365 2247 ut
398 2211 614 2256 diaphoresim
648 2221 792 2246 moveret
815 2235 826 2252 ,
860 2213 909 2245 vel
940 2224 1015 2247 cum
1040 2215 1114 2255 pin-

106 2260 245 2306 guedine
268 2259 337 2293 cuti
370 2256 517 2289 illinendi
542 2279 565 2304 ⁴.
587 2256 714 2289 Verum
746 2256 880 2290 ultimus
913 2256 967 2290 hic
997 2255 1113 2290 modus

106 2308 212 2341 rarior
235 2324 246 2341 ‚
278 2305 386 2335 minus
419 2300 481 2332 rari
516 2309 639 2341 priores
662 2308 726 2334 tres
736 2310 748 2337 3
780 2300 973 2334 creberrima
1005 2310 1114 2334 autem

106 2359 197 2384 erant
231 2345 362 2381 decoeta
385 2344 572 2385 lignorum,
596 2351 632 2376 ut
665 2343 841 2385 plurimum
874 2345 1077 2378 exoticos-uin
1103 2366 1113 2382 ‚

106 2400 366 2432 nonnunquam,
390 2396 424 2420 ut
446 2398 504 2429 pro
526 2388 734 2428 pauperrimis
749 2411 758 2426 ,
783 2387 965 2429 plantarum
989 2388 1112 2421 nostra-

106 2438 193 2471 tium
216 2458 228 2475 ,
261 2445 328 2475 quo
361 2432 396 2463 in
430 2430 504 2464 loco
538 2440 600 2464 non
625 2429 668 2462 est
694 2430 755 2463 tibi
789 2429 1012 2470 reticendum,
1036 2442 1111 2464 curn

107 2477 325 2513 Vallisncrius
349 2499 359 2514 ,
392 2474 450 2516 qui
491 2472 525 2507 id
558 2472 640 2507 mihi
673 2475 806 2507 testatus
839 2476 880 2508 est
906 2496 915 2511 ‚
951 2474 1111 2516 ejusmodi

107 2522 237 2558 homini
270 2530 367 2562 quem
400 2518 552 2551 diuturna
578 2517 720 2550 Vener-ea
760 2515 825 2551 lues
857 2516 983 2559 pessime
1013 2517 1112 2552 habe-

108 2569 164 2603 bat
190 2592 199 2605 ‚
222 2563 394 2598 decofium
418 2559 649 2602 praescripfiffet
673 2559 818 2595 bardanae
839 2561 1003 2601 radicum,
1027 2573 1113 2595 mar-

108 2610 216 2647 rubii,
240 2610 270 2641 ἃ.
295 2605 453 2639 viridium
477 2605 682 2645 putaminum
718 2603 920 2646 juglandium
953 2616 1072 2639 nucum
1096 2629 1107 2643 ‚

104 2652 289 2696 ingentibus
319 2648 446 2682 obortis
479 2645 647 2681 sudoribus
680 2647 846 2681 hominem
879 2647 938 2681 esse
971 2648 1113 2689 persana-

107 2709 202 2733 tum.
228 2697 330 2728 Porro
354 2689 465 2725 sensim
488 2713 497 2729 ,
536 2691 757 2734 paulatimque
780 2703 827 2724 res
859 2690 938 2725 adeo
972 2701 1112 2725 mutatas

107 2741 200 2779 vidi,
223 2747 260 2771 ut
283 2736 341 2770 nisi
364 2734 467 2768 levior
493 2734 623 2768 morbus
658 2732 718 2770 fit,
744 2745 873 2776 perraro
907 2734 1038 2768 decocta
1072 2734 1110 2769 ad

107 2783 277 2817 sudorem,
300 2778 490 2813 creberrime
526 2787 635 2811 autem
666 2779 842 2812 mercurius
876 2777 970 2812 detur
993 2777 1030 2812 ad
1065 2779 1111 2812 sa-

106 2826 295 2862 livat'ionem
327 2819 473 2854 ciendam
495 2842 509 2860 ,
540 2821 784 2855 inunffionibus
826 2833 905 2864 pene
944 2821 1076 2855 desertis
1100 2844 1110 2859 ‚

107 2868 314 2905 causantibus
349 2863 489 2898 Medicis
511 2888 520 2903 ‚
552 2865 586 2896 in
620 2863 668 2897 his
701 2866 806 2899 minus
840 2864 919 2899 scire
962 2865 990 2898 se
1025 2863 1110 2908 posse

106 2920 268 2958 quantum
290 2907 486 2950 hydrargyri
516 2918 633 2950 corpus
665 2907 772 2941 subeat
797 2932 807 2949 ,
838 2907 1005 2951 minusque
1038 2921 1110 2950 pro-

108 2967 215 3001 pterea
248 2951 416 2996 quomodo
448 2961 557 2993 gerere
582 2951 611 2983 se
634 2949 663 2983 se
697 2961 847 2993 oporteat
869 2977 876 2986 .
914 2953 1020 2993 Atque
1044 2953 1110 2985 uti-

107 3010 183 3035 nam
207 2996 340 3041 prae'sens
361 3005 490 3037 quoque
514 2993 661 3027 medendi
685 2995 770 3027 ratio
792 3006 957 3038 nunquam
979 2994 1032 3028 hic
1053 2995 1112 3028 de-

108 3047 263 3078 trimenta
297 3040 354 3071 illa
378 3038 486 3079 gravia
502 3057 511 3073 ‚
533 3040 564 3070 &
585 3036 747 3071 interdum
772 3037 893 3072 funesta
932 3037 1110 3075 attulisset,

107 3099 180 3130 quae
215 3082 397 3118 laudatores·
419 3080 525 3114 nescio
556 3082 615 3123 qui
648 3081 732 3115 inter
754 3083 995 3116 commentitias
1017 3081 1110 3125 quas-

106 3132 182 3165 dam
215 3126 387 3170 positiones
422 3122 489 3157 suas
511 3147 523 3164 ‚
555 3127 586 3158 &
630 3135 835 3167 exaggeratas
878 3126 1077 3159 narrationes.
1098 3146 1108 3163 ,

108 3169 330 3208 diffimulant,
354 3165 492 3209 essetque
516 3178 684 3210 propterea
707 3171 831 3202 caeteris
845 3179 999 3211 perpetuo
1023 3179 1110 3202 ante-

109 3214 239 3252 ferenda
263 3238 270 3248 .
308 3211 366 3244 Sed
398 3220 469 3252 quae
501 3209 714 3251 superioribus
747 3213 947 3254 temporibus
985 3211 1109 3245 accide-

110 3268 212 3297 runt,
239 3260 270 3291 δι
304 3266 375 3297 quae
409 3264 491 3286 nunc
515 3254 590 3287 alibi
617 3257 699 3289 fiunt
724 3279 733 3295 ,
765 3259 795 3289 &
819 3256 872 3289 hic
895 3256 1015 3289 iterum
1040 3255 1109 3289 fieri

110 3302 275 3343 incipiunt
299 3320 308 3335 ‚
339 3296 538 3338 spectantes,
560 3309 657 3331 novas
690 3298 742 3332 hic
765 3310 897 3341 quoque
922 3298 1110 3333 viciffitudi.

109 3357 166 3380 nes
196 3346 313 3377 iterum
344 3350 407 3372 non
439 3341 602 3381 expectare
637 3353 700 3375 non
733 3341 879 3384 possunt.
905 3341 985 3375 Non
1011 3343 1109 3375 modo

108 3385 312 3432 'hydrargyri
356 3383 556 3424 deglutiendi
601 3383 671 3417 usus
697 3408 705 3423 ‚
742 3385 794 3419 sed
827 3389 857 3418 &
892 3387 939 3418 vis
970 3396 1111 3428 quarun-

111 3433 187 3468 dam
218 3431 302 3462 illius
326 3429 562 3468 proprietatum
585 3427 731 3461 adversus
763 3428 848 3463 hunc
872 3429 1022 3463 morbum
1048 3439 1113 3462 non

112 3478 227 3519 ignota
250 3472 331 3504 olim
365 3469 526 3501 Patavinis
559 3469 791 3506 Professoribus
815 3497 824 3513 ‚
849 3470 870 3505 fi
904 3471 989 3505 forte
1012 3484 1028 3505 e
1052 3474 1113 3504 rni-

115 3530 173 3555 nus
214 3515 386 3549 doetorum
421 3514 577 3545 memoria
611 3514 817 3552 exciderant,
850 3524 935 3549 certe
969 3514 1113 3550 excidere

194 3556 358 3599 Morgagnl
381 3555 416 3588 de
439 3555 562 3590 Sed&
584 3555 670 3598 Caufi
695 3558 969 3593 Morb.Tom.II.

2006 289 2086 338 371

1156 353 1262 389 rursus
1307 361 1438 387 oterunt
1462 372 1472 389 ,
1508 349 1566 384 ubi
1590 349 1676 382 ratio
1699 349 1759 383 alia
1783 351 1816 384 δε
1849 347 2024 388 medendi,
2047 352 2078 382 δε
2111 354 2164 383 ex:

1156 396 1296 440 plicandi
1329 395 1412 439 apud
1443 393 1611 438 plerosque
1646 393 1820 427 invaluerit
1845 418 1853 426 .
1889 392 1970 426 Non
1993 400 2074 434 puto
2106 403 2162 425 au-

1160 450 1227 474 tem
1248 463 1261 480 ,
1296 438 1353 473 esse
1387 449 1419 472 te
1451 437 1683 480 quaefiturum‚
1706 438 1765 479 qui
1798 434 1992 470 Professores
2017 434 2067 467 illi
2092 434 2163 468 fue-

1157 484 1227 518 rint
1251 507 1260 522 ,
1290 494 1364 517 curn
1395 482 1603 523 Falloppium
1636 483 1646 518 (
1672 478 1691 512 b
1711 483 1760 520 )7,
1792 481 2011 513 Tomitanum
2046 480 2056 516 (
2079 489 2094 510 c
2118 481 2128 515 )
2151 499 2164 515 ,

1160 527 1331 561 Saxoniam
1365 526 1448 565 (d)
1474 537 1482 562 ς
1517 535 1555 557 ne
1586 523 1665 556 alios
1708 525 1874 557 nominem
1899 535 1908 559 ς
1943 519 2055 565 legisse
2098 529 2130 553 te
2155 544 2167 560 ,

1160 570 1260 604 sciam
1284 583 1293 601 :
1325 580 1464 613 quorum
1497 567 1634 601 ultimus
1668 577 1733 599 non
1757 577 1824 600 uno
1855 564 1954 600 modo
1977 562 2167 598 exhibitum

1159 613 1314 648 describit
1348 611 1544 646 mercurium
1569 636 1580 650 ,
1615 607 1649 643 id
1683 608 1725 643 est
1765 621 1841 644 cum
1874 608 2065 644 catharticis
2087 629 2100 647 ,
2132 607 2166 638 &

1155 659 1219 692 sine
1241 657 1291 690 his
1313 678 1324 695 ‚
1357 664 1394 689 ut
1425 649 1604 696 quibusdam
1631 650 1763 693 sputum
1795 652 1948 695 copiosum
1979 650 2131 685 excitaret
2153 669 2167 687 ,

1156 701 1307 743 huncque
1339 707 1445 733 narrat
1476 704 1555 739 tunc
1588 696 1714 729 Patavii
1748 697 1782 729 in
1814 696 1872 730 usu
1908 694 2000 729 fuisse
2036 691 2170 729 Profesq

1156 744 1254 784 sori,
1286 745 1317 776 δε
1353 742 1485 775 Medico
1515 739 1738 772 Celeberrimo
1772 739 1950 773 Albertino
1983 738 2131 772 Bottono
2155 757 2169 766 .

1157 787 1229 820 Nec
1265 786 1402 819 dubium
1435 783 1479 818 est
1502 804 1512 820 ‚
1558 783 1639 825 quin
1672 782 1696 814 ii
1728 782 1788 823 qui
1833 782 1981 823 deinceps
2023 781 2058 812 in
2102 777 2168 812 hoc

1158 828 1340 873 Gymnasio
1363 826 1550 863 successere,
1574 835 1610 859 ut
1631 825 1828 867 praecipicato
1852 826 1933 862 illo,
1957 834 2025 866 quo
2046 821 2168 855 Botto-

1159 884 1240 914 nus,
1264 873 1424 907 mercurio
1446 881 1511 904 non
1533 878 1719 908 uterentur,
1735 867 1945 910 sublimatum
1966 867 2051 901 hunc
2067 890 2076 904 ‚
2099 875 2169 907 quo

1159 918 1305 951 viventes
1329 924 1490 950 utuntur,
1513 913 1578 946 rite
1601 910 1816 953 dulcificatum
1847 921 1902 945 aut
1926 912 1961 944 in
1985 908 2077 943 usum
2100 916 2168 940 tta-

1157 960 1270 994 herent
1294 958 1374 1001 ipfi,
1397 966 1452 992 aut
1475 965 1563 991 certe
1585 967 1626 989 ex
1658 955 1806 997 pluribus
1840 954 2042 997 pervulgatis
2073 951 2168 985 libris

1158 1004 1233 1037 satis
1256 1003 1413 1044 superque
1436 1000 1502 1043 jam
1534 997 1657 1032 nossent
1680 1022 1690 1038 ‚
1727 1009 1743 1031 a
1775 998 1885 1032 Claris
1917 996 2058 1045 Medicis
2090 1005 2170 1036 pro-

1158 1048 1238 1090 poni
1264 1046 1303 1080 ad
1335 1045 1557 1078 salivationem
1600 1039 1847 1076 concitandam.
1984 1040 2066 1072 Vim
2111 1049 2170 1071 au-

1158 1101 1224 1124 tern
1249 1089 1485 1132 proprietatum
1507 1085 1706 1128 quarundam
1736 1084 1892 1119 mercurii
1917 1081 2062 1117 adversus
2085 1080 2172 1130 han-c

1162 1134 1247 1167 luem
1279 1144 1343 1165 non
1376 1129 1504 1172 prorsus
1526 1130 1720 1170 ignorarunt
1751 1128 1815 1162 duo
1849 1127 1959 1161 saltem
1993 1137 2031 1159 ex
2054 1124 2171 1158 nostris

1163 1175 1326 1209 veteribus
1351 1172 1584 1207 professoribus
1609 1172 1833 1213 Hieronymus
1857 1170 2071 1204 Fracastorius
2094 1189 2103 1205 ,
2137 1169 2171 1199 &

1164 1219 1355 1254 Benedictus
1387 1216 1591 1252 Vifioriu53
1623 1214 1708 1247 hunc
1751 1215 1835 1247 enim
1859 1237 1869 1252 ‚
1908 1227 1924 1247 a
1959 1211 2170 1254 Papadopolo

1165 1261 1435 1306 praetermissum,
1458 1268 1531 1292 ante
1568 1258 1711 1291 medium
1737 1256 1888 1290 saeculurn
1911 1257 2008 1289 XVI.
2033 1254 2087 1288 hic
2110 1254 2173 1303 do-

1164 1304 1284 1345 misse,
1308 1303 1449 1338 ostendit
1473 1300 1668 1336 Tomafinus
1692 1304 1701 1340 (
1727 1311 1742 1333 e
1763 1304 1804 1340 );
1829 1301 1922 1334 illum
1955 1310 2054 1337 vero,
2075 1296 2174 1331 omis-

1165 1349 1236 1384 sum
1261 1362 1278 1382 a
1309 1346 1491 1381 Tomasino
1513 1369 1525 1385 ,
1559 1345 1753 1378 Patavinum
1793 1343 2004 1378 Professorem
2040 1343 2174 1374 ineunte

1164 1393 1279 1427 eodem
1303 1391 1418 1425 saeculo
1440 1387 1552 1428 fuisse,
1580 1388 1694 1430 probat
1720 1386 1940 1429 Papadopolus
1975 1383 2081 1428 (f).
2105 1385 2178 1426 lgi-

1166 1447 1220 1472 tur
1243 1437 1282 1470 de
1304 1443 1438 1478 argento
1460 1434 1539 1468 vivo
1562 1431 1605 1466 fic
1627 1430 1841 1465 Fracastorius
1864 1436 1874 1470 (
1895 1442 1917 1473 g
1938 1435 1971 1470 ):

1246 1522 1397 1571 Quisque
1419 1517 1678 1597 egcondensum,
1702 1516 1845 1554 humares
1867 1515 2025 1562 dissolvit,
2049 1517 2175 1561 agitque

1254 1572 1405 1601 Fortium
1476 1573 1504 1595 c.

1165 1654 1336 1688 Victorius
1371 1660 1476 1686 autem
1500 1654 1515 1691 (
1535 1649 1556 1683 h
1577 1653 1591 1689 >
1613 1648 1675 1683 fic:
1693 1649 1748 1692 sui
1766 1650 1926 1694 gravitate
1949 1650 2049 1684 cutim
2071 1658 2176 1690 corpo-

1165 1698 1212 1731 ris
1230 1703 1401 1739 penetrat,
1424 1695 1642 1736 quodammodo
1664 1705 1682 1725 a
1705 1693 1803 1727 calore
1826 1695 1962 1736 corporis
1985 1693 2173 1727 abiuntum:

1167 1743 1199 1774 &
1223 1752 1300 1817 mfiox
1332 1740 1431 1773 etiam
1458 1762 1468 1779 ‚
1500 1738 1557 1771 ubi
1587 1747 1704 1780 corpus
1735 1736 1859 1778 subiit,
1878 1737 2054 1779 gravitatis
2086 1747 2175 1774 men-

1168 1792 1218 1817 tio
1268 1794 1302 1818 t.

1216 1828 1264 1860 18.
1291 1828 1450 1859 Praetereo
1471 1835 1542 1869 quae
1566 1832 1720 1867 tanquam
1757 1836 1796 1859 ex
1829 1825 1898 1859 aliis
1922 1845 1932 1863 ‚
1965 1825 2003 1859 de
2039 1808 2178 1867 tenuiffi÷

1167 1871 1230 1904 mis
1252 1893 1266 1910 ‚
1294 1869 1438 1903 minimis
1460 1894 1471 1910 ,
1506 1867 1629 1910 exiguis
1652 1890 1665 1908 ‚
1696 1880 1736 1902 ex
1754 1868 1873 1911 quibus
1897 1870 2072 1902 mercurius
2097 1879 2180 1903 conff-

1167 1913 1232 1948 stat'
1250 1936 1260 1952 ,
1289 1912 1457 1954 particulis
1487 1910 1593 1945 noster
1617 1913 1818 1946 memorabat
1843 1913 2043 1945 Tomitanus
2067 1911 2115 1954 (i
2141 1914 2174 1949 )‚

1167 1968 1204 1991 ut
1236 1956 1499 1990 observationem
1521 1977 1534 1994 ,
1554 1997 1559 2001 Ι
1577 1955 1815 1999 consiliumque
1847 1956 2060 1990 Trincavellii
2085 1954 2173 1998 (k)

1171 2002 1293 2043 pariter
1317 1998 1419 2046 nostri
1443 2020 1452 2036 ‚
1490 1997 1660 2040 subjiciam
1683 2024 1692 2040 ‚
1725 1997 1819 2033 simul
1851 1998 1891 2033 ad
1924 2000 2076 2033 morbum
2109 2010 2178 2041 quo

1171 2043 1212 2077 de
1246 2045 1374 2085 agitur,
1399 2041 1490 2075 simul
1516 2043 1554 2076 ad
1578 2041 1635 2075 has
1658 2044 1770 2085 Aponi
1794 2042 1955 2077 Thermas
1978 2044 2153 2077 attinentia
2168 2068 2180 2077 .

1167 2087 1236 2121 Pro
1258 2085 1362 2120 nobili
1388 2085 1543 2119 Matrona
1566 2084 1754 2132 consultuS‚
1777 2098 1848 2129 quae
1882 2087 1920 2121 ad
1956 2088 2061 2129 plures
2097 2087 2181 2120 alios-

1167 2131 1300 2164 morbos
1341 2130 1425 2163 luem
1464 2128 1544 2163 hanc
1577 2128 1764 2171 adjunetam
1797 2129 1935 2165 habebat
1960 2152 1970 2169 ‚
2006 2130 2180 2174 postquam

1168 2174 1230 2207 alia
1262 2170 1475 2216 proposuisset
1499 2195 1511 2212 ,
1544 2174 1575 2206 &
1607 2173 1645 2207 ad
1678 2174 1744 2207 duo
1775 2185 1848 2215 quae
1890 2175 2049 2218 praecipue
2084 2175 2182 2209 utilia

1169 2215 1241 2263 esse¹
1264 2215 1349 2259 posse
1372 2214 1566 2249 videbantur
1587 2238 1600 2255 ,
1633 2217 1825 2258 pervenisset
1850 2240 1859 2255 ‚
1894 2218 2063 2253 decoetum
2096 2220 2180 2262 ligni

1166 2261 1292 2302 guajaci
1308 2281 1317 2296 ‚
1342 2262 1372 2293 &
1395 2271 1491 2301 aquas
1514 2258 1715 2293 thermarum
1738 2284 1750 2301 ‚
1783 2261 1929 2305 illudque
1963 2262 2110 2296 adversus
2145 2267 2178 2296 δε

1165 2304 1275 2342 luem,
1300 2304 1331 2335 &
1353 2304 1486 2336 morbos
1510 2303 1589 2336 alios
1612 2303 1841 2344 profuturum,
1865 2305 2094 2348 respondissem
2118 2307 2178 2340 ubi

1166 2347 1206 2380 ad
1242 2357 1338 2388 aquas
1361 2368 1370 2384 ,
1407 2349 1438 2379 &
1472 2345 1689 2388 multiplicem
1725 2358 1833 2381 earum
1869 2350 1961 2382 usum
1995 2350 2139 2384 bibendo
2166 2377 2175 2389 ‚

1166 2390 1308 2424 lavando
1333 2411 1341 2426 ,
1379 2391 1408 2422 δι’
1441 2389 1632 2432 excipiendo
1664 2402 1703 2424 ex
1742 2392 1856 2425 altiore
1900 2393 1974 2427 loco
2021 2394 2175 2428 stillantes

1165 2433 1328 2468 descendit
1351 2455 1364 2472 ,
1396 2443 1529 2466 caeteros
1551 2433 1682 2476 quidem
1707 2433 1838 2469 affectus
1861 2459 1871 2475 ,
1906 2439 1938 2469 &
1962 2449 2076 2472 eorum
2099 2450 2172 2472 cau.

1165 2477 1214 2511 sas
1241 2477 1367 2520 sperare
1389 2499 1401 2516 ‚
1433 2477 1542 2519 inquit
1566 2501 1575 2515 ,
1605 2476 1763 2522 poffumus
1786 2479 1864 2520 quod
1880 2479 1945 2521 sint
1964 2482 2091 2522 penitus
2118 2481 2174 2522 su-

1160 2529 1338 2562 peraturae:
1361 2526 1512 2560 quatenus
1535 2528 1640 2554 autem
1663 2521 1702 2553 ad
1723 2531 1883 2556 veneream
1906 2546 1915 2560 ‚
1951 2524 2003 2557 vel
2021 2524 2174 2567 gallicam

1166 2563 1249 2597 luem
1268 2562 1408 2604 pertinet
1431 2587 1440 2600 ,
1471 2563 1522 2596 illi
1557 2564 1740 2597 crediderim
1767 2564 1820 2598 vel
1842 2566 1922 2601 nihil
1946 2591 1957 2606 ‚
1989 2568 2040 2601 vel
2058 2578 2174 2610 parum

1166 2608 1330 2640 admodum
1359 2603 1438 2649 poffe
1457 2603 1612 2650 prodeffe:
1633 2607 1695 2640 imo
1719 2632 1728 2646 ‚
1752 2608 1781 2651 fi
1803 2619 1913 2643 verum
1929 2609 2150 2654 faterisoeelzm
2165 2637 2175 2652 ,

1165 2650 1254 2692 vzsus
1271 2649 1343 2691 sum
1366 2648 1550 2692 observasse,
1573 2651 1650 2692 quod
1673 2650 1762 2688 illis,
1791 2653 1845 2694 qui
1866 2652 1921 2687 hoc
1952 2653 2057 2688 morbo
2091 2656 2176 2689 deti-

1166 2701 1281 2727 nentur
1307 2716 1314 2730 ,
1343 2694 1452 2734 potius
1486 2690 1599 2735 obesse,
1624 2705 1716 2736 quam
1735 2693 1868 2739 prodeffe
1885 2696 2005 2739 solent.
2034 2699 2084 2731 En
2109 2700 2172 2732 ob-

1164 2737 1401 2776 servationem,
1425 2735 1566 2770 modeste
1591 2737 1792 2779 propositam
1815 2765 1823 2772 .
1857 2740 2041 2775 Consilium
2066 2741 2174 2785 sequi-

1162 2790 1218 2814 tur
1234 2792 1240 2812 :
1257 2781 1324 2812 sed
1346 2787 1381 2812 ut
1404 2780 1528 2813 tandem
1551 2780 1702 2822 quidquid
1724 2781 1756 2812 in
1779 2780 1835 2814 hac
1859 2794 1890 2815 re
1905 2783 2044 2824 sentiam
2069 2810 2078 2825 ,
2110 2785 2172 2819 tibi

1160 2825 1324 2865 aperiam.-
1347 2833 1399 2864 ego
1421 2832 1549 2865 utroque
1572 2823 1691 2856 auxilio
1713 2830 1839 2856 uterer.-
1862 2829 1905 2860 (φ
1935 2828 2073 2867 ptumum
2095 2827 2176 2870 ligni

1162 2866 1318 2899 decoflum
1342 2866 1517 2906 experirer;
1535 2865 1635 2907 postea
1657 2866 1753 2899 etiam
1775 2867 1888 2902 vellem
1900 2891 1910 2907 ,
1933 2872 2108 2904 ‘Patavium
2133 2872 2174 2904 acl

1163 2908 1288 2942 balneas
1311 2908 1399 2941 illam
1422 2908 1513 2942 duci.
1536 2910 1587 2942 Sic
1610 2910 1714 2951 igitur
1745 2907 1809 2950 jam
1845 2921 1917 2946 tum
1955 2925 2040 2947 anno
2079 2918 2175 2955 1561.

1164 2952 1316 2985 Patavini
1352 2951 1544 2986 Professores
1576 2951 1812 2987 observabant.
1843 2956 1895 2990 Sic
1927 2957 2172 2993 consulentibus

1161 2995 1395 3037 respondebant
1420 3020 1427 3028 .
1463 2996 1536 3030 Nec
1568 2994 1589 3028 fi
1614 2996 1712 3038 aliqui
1738 3021 1746 3035 ‚
1778 2998 1884 3034 minus
1907 3002 1941 3034 in
1964 3012 2074 3036 eorum
2100 3014 2171 3036 mo-

1162 3040 1325 3072 numentis
1359 3038 1496 3079 versati,
1521 3039 1556 3073 id
1590 3038 1675 3073 forte
1699 3040 1886 3084 ignorant5
1915 3043 2043 3079 idcirco
2078 3055 2169 3079 tene-

1160 3082 1233 3116 bras
1266 3081 1436 3115 offundent
1481 3082 1727 3117 Antecessorum
1758 3084 1872 3126 gloriae
1895 3112 1905 3127 ‚
1947 3087 2035 3130 quafi
2082 3089 2171 3123 nulla

1160 3125 1195 3160 id
1217 3151 1225 3165 ‚
1261 3133 1329 3158 tam
1357 3124 1455 3175 ‘facili
1479 3126 1656 3169 praesertim
1678 3149 1690 3166 ,
1723 3127 1949 3164 observatione
1981 3131 2170 3166 confirmas-

1160 3169 1226 3203 sent
1251 3193 1260 3200 .
1295 3170 1387 3205 Qum
1411 3170 1505 3202 etiam
1527 3170 1584 3203 ista
1615 3181 1688 3212 quae
1712 3183 1751 3204 ex
1772 3172 1973 3215 Guarinonii
1996 3175 2172 3210 Consulta-

1157 3212 1304 3245 tionibus
1330 3212 1471 3246 Seffloni
1496 3213 1572 3246 huic
1595 3213 1794 3256 Sepulchreti
1827 3216 1936 3250 addita
1970 3217 2016 3251 est
2048 3219 2171 3252 Obser-

1160 3257 1250 3288 vatio
1273 3265 1338 3287 non
1363 3255 1492 3290 videtur
1516 3256 1557 3289 ab
1579 3257 1620 3290 iis
1642 3256 1822 3299 discrepare
1853 3271 1924 3302 quae
1958 3260 2170 3297 adnotaverat

1161 3297 1424 3332 Trincavellius.
1450 3301 1551 3333 Certe
1576 3310 1683 3334 autem
1708 3312 1771 3333 non
1795 3301 1975 3344 discrepant
2000 3316 2072 3346 quae
2095 3307 2169 3339 An..

1161 3343 1250 3376 dreas
1274 3341 1406 3390 Eaccius
1429 3345 1442 3381 (
1463 3342 1476 3376 l
1497 3346 1510 3382 )
1534 3344 1680 3385 Scriptor
1703 3343 1742 3377 de
1765 3344 1918 3380 Thermis
1929 3347 2169 3383 Celeberrimos

1163 3385 1320 3419 tradidit.
1346 3386 1432 3418 Cum
1456 3388 1541 3420 enim
1573 3385 1657 3420 haud
1681 3397 1793 3420 omnes
1816 3390 1851 3423 in
1884 3390 1945 3424 hoc
1968 3392 2084 3425 morbo
2107 3391 2168 3426 esse

1163 3430 1276 3461 noxias
1299 3428 1424 3462 censeat
1447 3433 1460 3468 (
1482 3429 1570 3471 quod
1591 3432 1622 3462 &
1644 3428 1732 3470 ejus,
1755 3432 1960 3470 &alios-um,
1987 3436 2168 3470 recentium

1162 3483 1293 3514 quoque
1319 3496 1329 3511 ‚
1358 3472 1618 3506 Clarissimorum
1643 3473 1828 3509 Hominum
1862 3476 2070 3518 experientiae
2093 3490 2169 3520 pro-

1162 3515 1215 3548 cul
1257 3515 1349 3548 omni
1391 3515 1627 3592 dubitationeA
1640 3516 1836 3553 credendum
1878 3520 1922 3553 est
1943 3521 1958 3557 )
1980 3521 2167 3563 Aponenses

1651 3570 1667 3594 a
1690 3571 1708 3593 a
1753 3570 1771 3593 2
2031 3576 2128 3599 noce—

172 3690 2117 3707 *ww-»m

204 3799 220 3819 ζ
241 3791 248 3820 )
265 3790 280 3814 l.
302 3796 337 3816 14.
355 3789 428 3818 Epist.
446 3787 538 3814 Medic.
555 3796 581 3816 4.
645 3785 684 3816 (a
700 3787 714 3817 )
731 3789 807 3815 Prast.
823 3788 917 3815 Medic.
945 3790 962 3814 l.
979 3790 1004 3814 6.

202 3821 217 3845 d
232 3822 246 3850 )
263 3820 342 3844 Tract.
359 3820 388 3843 de
405 3821 454 3843 Lue
472 3820 555 3843 Vener.
573 3827 595 3844 c.
614 3826 651 3842 22.

203 3859 221 3881 κ
239 3855 244 3877 l
284 3850 359 3879 vphil-
377 3851 394 3873 1.
410 3858 433 3873 2-
496 3850 505 3880 (
521 3850 535 3873 b
552 3849 566 3878 )
583 3850 599 3884 ¹.-
616 3851 644 3873 de
661 3850 751 3876 Morbo
790 3851 828 3876 all.
844 3859 867 3877 c.
884 3860 910 3880 7.

204 3882 214 3907 Ι
232 3882 245 3910 )
283 3888 296 3906 2
311 3879 411 3907 Therm.
429 3881 448 3906 1.
466 3888 490 3910 3.
507 3887 530 3906 t.
548 3888 571 3908 z,
585 3888 612 3906 m
626 3880 670 3908 fin.
798 3892 801 3894 -

260 3852 281 3907 ῦω

1068 3790 1081 3819 (
1097 3787 1111 3812 b
1126 3789 1140 3818 )
1155 3790 1236 3815 Trast.
1252 3790 1281 3814 de
1296 3789 1389 3815 Morbo
1407 3791 1471 3817 Gall.
1488 3799 1508 3816 c.
1524 3796 1566 3821 79.

717 3821 731 3848 (
745 3828 756 3843 ⁶
798 3822 890 3851 Gymn.
916 3823 997 3846 Patav.
1015 3819 1034 3844 l.
1051 3828 1072 3849 3.
1090 3827 1110 3844 c.
1128 3821 1150 3844 8.
1166 3820 1195 3844 ad
1213 3823 1240 3845 A.
1259 3828 1327 3850 153²·

973 3852 982 3883 (
997 3850 1009 3874 t·
1026 3851 1035 3881 J
1058 3858 1079 3877 c.
1096 3857 1132 3881 ¹5·
1151 3851 1223 3889 paulo
1246 3856 1302 3876 ante
1317 3851 1362 3877 cit.

1498 3823 1501 3825 -
1628 3791 1642 3820 (
1658 3796 1670 3815 e
1687 3790 1696 3820 )
1712 3793 1748 3815 De
1763 3791 1854 3816 Morbo
1870 3792 1935 3818 Gall.
1952 3793 1970 3817 l.
1987 3795 2012 3819 ιζ
2028 3801 2051 3818 c.
2071 3802 2107 3825 ις,

1388 3823 1397 3852 (
1416 3822 1454 3852 f)
1472 3822 1531 3846 Hist.
1548 3824 1641 3852 Gymn.
1660 3823 1743 3845 Patav.
1760 3821 1774 3844 l·
1796 3830 1818 3851 3.
1836 3824 1859 3847 S.
1877 3831 1900 3848 2.
1917 3831 1942 3850 c·
1959 3831 1996 3853 11·
2013 3832 2037 3851 n.
2056 3833 2091 3855 55.

1423 3851 1433 3882 (
1449 3852 1466 3878 l<
1483 3856 1495 3881 2
1512 3852 1531 3878 l.
1548 3860 1572 3878 ι.
1589 3851 1681 3879 eonfit.
1699 3852 1792 3879 Medic.
1808 3855 1846 3883 63.
