2498 4075
486 186 638 251 Epist·
677 187 838 239 Anat·
876 190 1093 243 Medica
1126 186 1304 240 XLII.
1344 188 1463 241 Art.
1497 191 1572 244 18.
1607 194 1661 246 &
1693 208 1766 257 19.

88 260 247 306 depress'a,
272 264 340 297 imo
363 264 459 296 altera
483 264 618 297 minoris
641 263 721 297 facie
752 265 903 300 nonnihil
938 279 1087 302 excavata

88 319 151 350 qua
175 306 329 348 majorem
344 307 543 348 excipiebat.
567 308 615 340 Ea
638 309 727 340 canis
749 309 897 343 undecim
922 321 1019 343 annos
1033 323 1088 345 na-

91 360 123 383 ta
148 375 156 389 ‚
195 362 211 382 a
242 349 342 392 longo
377 349 442 391 jam
468 359 612 393 tempore
635 353 821 392 graveolens
857 354 1007 386 reddebat
1041 357 1087 388 lo-

90 395 175 427 tium
198 415 207 430 ,
243 391 305 425 sine
352 394 526 435 ejulatibus
559 404 663 426 tamen
686 417 698 433 ,
731 393 826 428 credo
866 399 910 429 ob
941 397 1052 430 laevem
1076 419 1086 435 ‚

90 448 190 478 eoque
220 433 332 470 saltem
367 447 430 469 non
467 446 738 479 compungentem
759 460 772 477 ‚
806 439 1005 474 calculorum
1038 441 1088 474 su-

89 479 272 520 perficiem,
294 479 395 513 donec
419 480 610 513 convullivis
635 482 777 514 motibus
799 482 1016 516 accedentibus
1035 495 1088 516 ex-

90 523 191 555 tin&a
215 521 287 556 est.
322 524 407 566 Quae
432 521 512 556 mihi
546 527 688 557 narravit
715 549 725 565 ,
758 524 835 559 dum
871 537 925 558 eos
946 526 1086 559 calculos

89 576 230 599 recentes
261 564 439 600 ostenderet
461 588 470 602 ,
509 567 595 599 illius
619 566 712 600 herus
736 568 799 600 Vir
822 569 1085 603 Generofiffimus

89 618 127 642 ex
160 608 220 642 hoc
263 612 358 643 Sacro
402 608 671 650 Philosophorum
703 611 859 653 collegio
883 636 890 644 .
922 612 977 644 Ab
1016 613 1085 645 aliis

89 661 196 685 autem
229 653 263 684 in
298 662 348 685 tot
380 653 510 687 canibus
544 653 705 695 conspeffi
747 656 817 687 sunt
860 655 1011 692 calculi,
1049 665 1085 688 ut

89 693 148 727 iiiii
181 707 233 728 eos
266 705 393 729 tantum
428 695 556 737 seligam
580 698 637 739 qui
661 707 713 730 aut
748 708 902 736 numero,
926 708 980 731 aut
1005 699 1085 732 stru—

87 738 177 770 fiura
199 761 211 777 ,
241 749 295 772 aut
327 739 464 781 pondere
488 764 497 777 ,
530 749 584 773 aut
621 741 688 773 sede
721 741 883 782 digniores
923 741 994 775 sunt
1028 742 1086 783 qui

88 791 307 815 memorentur
332 808 341 822 ,
374 782 460 816 haud
492 782 588 817 facile
621 783 718 816 finem
741 786 902 816 inveniam
929 807 936 817 .
971 786 1009 817 In
1032 795 1086 821 ca-

87 834 127 856 ne
149 826 207 866 qui
228 824 283 857 diu
316 824 480 860 stillicidio
504 827 602 860 urinae
637 827 833 859 laboraverat
856 829 870 865 (
902 825 920 859 b
954 830 988 866 )‚
1013 838 1084 868 par-

90 866 239 901 vulorum
271 869 471 903 calculorum
507 870 626 912 aliquot
659 869 745 903 mille
768 870 800 902 in
822 869 920 911 vesica
954 869 1083 909 destenrcz

90 912 206 952 reperti
240 910 310 944 sunt
334 936 345 945 .
380 913 526 945 Alterius
563 917 572 951 (
606 923 622 944 c
654 917 668 952 >
704 911 802 946 vesica
835 923 934 946 unum
968 913 1084 946 habuit

88 955 146 995 qui
172 978 181 994 ‚
213 955 256 988 ob
278 956 442 989 minorem
475 958 562 990 intus
596 955 753 989 inclusum
777 980 786 995 ,
820 956 942 990 aetitem
968 955 1086 988 refere-

87 997 144 1029 bat
167 1020 178 1035 ,
211 998 320 1039 pondo
362 999 561 1041 sesquilibrae
585 1024 593 1032 .
636 998 695 1032 Sed
726 1002 816 1032 tertii
851 1000 904 1037 (d
926 1003 938 1038 )
960 1020 970 1036 ,
1006 997 1085 1041 saepe

85 1051 160 1074 cum
183 1040 351 1076 doloribus
374 1066 388 1083 ,
419 1045 451 1076 &
484 1042 663 1076 vehementi
697 1042 820 1083 ejulatu
858 1043 983 1075 utinam
1015 1042 1086 1075 red-

84 1083 192 1117 dentis
215 1105 225 1121 ‚
257 1086 418 1120 calculum
440 1107 451 1125 ,
483 1087 540 1128 qui
576 1084 680 1118 vesicae
705 1086 804 1118 inerat
845 1084 985 1126 aspera5
1021 1096 1084 1117 non

85 1126 237 1169 laevigata
260 1153 270 1169 ,
295 1139 331 1163 ut
352 1130 386 1161 in
410 1130 589 1164 Patavium
623 1128 813 1171 superficie,
835 1128 889 1162 etsi
911 1126 985 1162 esset
1009 1140 1087 1170 pau-

85 1170 121 1203 lo
158 1170 241 1205 infra
286 1172 411 1214 pondus
454 1172 621 1205 unciarum
662 1172 764 1205 trium
786 1195 799 1212 ,
830 1172 997 1204 miraberis
1039 1181 1086 1204 ta-

86 1225 161 1247 men
207 1217 312 1257 magis
355 1225 452 1258 quam
499 1214 717 1256 sesquilibrcm
736 1227 749 1254 ,·
779 1215 834 1249 hic
879 1218 965 1248 enim
997 1218 1086 1248 canis

87 1257 204 1299 :suopte
238 1269 351 1300 genere
393 1268 460 1290 erat
502 1258 649 1291 minimus
675 1282 682 1289 .
718 1258 873 1301 Denique
908 1259 1019 1300 potius
1050 1268 1086 1291 ut

85 1300 170 1334 sedes
184 1313 281 1343 quam
304 1311 339 1334 ut
362 1301 522 1341 calculus,
545 1301 740 1335 describatur
757 1326 766 1341 ‚
792 1302 1086 1344 praetermittendus

85 1356 153 1378 non
189 1345 232 1378 est
262 1356 360 1388 quem
383 1345 502 1386 probus
536 1344 673 1387 Juvenis
717 1345 844 1380 auditor
877 1355 964 1378 meus
997 1347 1088 1378 annis

85 1387 307 1431 superioribus
330 1388 413 1421 mihi
438 1388 605 1427 narrabat,
628 1399 702 1421 cum
726 1388 755 1421 se
778 1389 944 1422 exercendi
965 1391 1090 1430 gratia,

85 1442 199 1464 canem
242 1431 416 1473 persecaret
440 1456 449 1471 ,
491 1430 732 1473 deprehendisse
757 1457 764 1466 .
809 1433 960 1465 Ureteres
993 1433 1090 1474 paulo

84 1475 183 1517 :supra
221 1474 331 1509 locum
366 1486 431 1517 quo
463 1475 497 1507 in
541 1474 677 1508 vesicam
708 1475 858 1508 influunt
880 1498 890 1512 ,
924 1486 1023 1508 unum
1056 1477 1090 1508 in

84 1520 231 1551 canalem
262 1519 358 1552 ambo
393 1518 628 1551 conveniebant
651 1541 664 1558 ‚
698 1518 856 1551 alterutro
890 1530 1000 1552 eorum
1025 1530 1088 1560 non

85 1562 272 1595 latiorem:
304 1563 330 1595 is
364 1572 440 1595 raro
472 1561 622 1602 exemplo
655 1572 734 1595 unus
770 1572 829 1602 pro
852 1571 989 1603 utroque
1024 1573 1090 1595 me-

85 1605 175 1638 diam
218 1605 403 1654 perfojabat
448 1604 485 1636 ad
530 1602 688 1638 inferiora
725 1604 833 1650 velicae
868 1615 992 1646 partem
1014 1629 1024 1645 ‚
1054 1607 1088 1638 in

86 1658 219 1691 eamque
253 1649 375 1681 lotium
404 1645 563 1680 inferebat
586 1672 595 1680 .
628 1648 682 1682 Ad
704 1646 802 1689 huius
837 1647 939 1689 igitur
970 1648 1088 1682 canalis

82 1693 220 1724 initium
252 1703 320 1733 quo
354 1700 492 1724 uretercs
516 1716 525 1730 ,
561 1700 597 1724 ut
618 1692 743 1725 dicium
767 1689 829 1729 est,
852 1691 1088 1732 confluebant,

82 1735 259 1769 haerentem
295 1734 455 1768 calculum
486 1735 609 1767 invenit
629 1757 642 1774 ‚
674 1745 811 1776 eumque
854 1746 919 1766 non
949 1737 995 1768 ita
1028 1736 1090 1770 du-

81 1789 158 1812 rum
184 1802 191 1809 .
227 1778 306 1810 Non
352 1786 459 1810 tamen
491 1776 558 1810 haec
582 1800 591 1816 ,
628 1779 797 1819 multoque
831 1780 934 1812 minus
977 1790 1089 1812 caetera

83 1833 155 1864 quae
189 1822 337 1854 Donatus
360 1825 370 1860 <
396 1824 446 1859 e)
481 1821 680 1854 calculorum
723 1820 874 1862 congeffit
897 1845 906 1861 ,
941 1823 1086 1863 exempla

78 1873 281 1909 repertorum
315 1865 349 1896 in
395 1863 535 1904 jecinore
568 1875 697 1907 quoque
721 1886 731 1902 ‚
769 1873 825 1897 aut
866 1863 931 1905 ejus
964 1865 1084 1899 veficu-

79 1909 137 1949 la,
160 1917 230 1941 tum
254 1908 438 1940 ventriculo
462 1931 472 1946 ,
505 1910 536 1940 &
559 1908 717 1941 intestinis
741 1907 910 1941 brutarum
942 1911 1084 1942 animan.

79 1953 190 1991 tium,
212 1952 320 1984 omnia
335 1972 346 1990 ,
371 1950 452 1983 sicut
483 1950 540 1983 ille
562 1948 659 1990 feeit,
682 1950 856 1984 Aristoteli
891 1951 962 1984 sunt
995 1953 1083 1994 obji-

79 1994 194 2028 cienda
220 2019 227 2033 ‚
262 1995 395 2035 ponenti
418 1990 526 2035 (f),
558 1992 676 2026 nullum
710 1993 827 2026 animal
850 2019 859 2033 ,
894 1995 950 2036 nzfi
982 1995 1082 2029 homi-

78 2049 167 2077 nem,
190 2036 374 2079 calculofimi
393 2034 467 2079 fieri
485 2034 586 2080 pqffe;
608 2037 642 2070 id
666 2038 750 2070 enini
773 2039 930 2071 continuo
964 2038 1005 2072 lic
1028 2051 1082 2072 ex-

78 2082 239 2125 plicavit,
263 2089 297 2112 ut
319 2080 356 2113 de
381 2080 527 2113 urinariae
540 2078 708 2113 dumtaxat
733 2081 838 2113 veiicae
861 2082 991 2115 calculis
1002 2094 1082 2123 prae-

77 2125 162 2159 clare
187 2132 336 2166 appareat
369 2123 416 2155 ibi
449 2122 579 2164 quidem
604 2123 661 2156 esse
695 2124 859 2161 locutum;
886 2125 950 2157 alio
974 2137 1081 2158 autem

81 2170 157 2203 loco
181 2167 236 2210 (g
256 2169 270 2205 )
292 2177 389 2208 quein
414 2167 583 2200 Donatum
615 2165 730 2208 fugisse
756 2190 766 2205 ,
800 2168 899 2201 miror
921 2190 930 2206 ,
968 2168 1085 2201 diserte

79 2211 230 2253 scripsit,
266 2220 349 2242 renes
381 2210 415 2241 in
449 2207 561 2243 hostiis
591 2208 797 2251 saepenumero
844 2210 974 2243 calculis
996 2234 1008 2250 ,
1042 2213 1084 2243 (y

78 2255 215 2297 pannis,
242 2254 283 2286 (9⁹
300 2251 427 2294 papulis
461 2250 591 2295 refertos
613 2252 782 2295 conspici,
804 2261 897 2295 atque
919 2262 1015 2287 eriam
1033 2265 1083 2295 Je-

82 2308 140 2330 cur
162 2299 204 2330 (ff
229 2303 293 2329 απ.

129 2340 178 2372 18.
203 2342 253 2373 Ex
276 2350 314 2372 eo
337 2348 444 2371 autem
468 2338 553 2380 quod
579 2338 656 2371 alibi
682 2342 693 2378 (
716 2337 736 2372 h
757 2342 770 2378 )
795 2338 929 2373 tradidit
954 2339 1084 2373 Aristo-

81 2383 183 2421 teles‚
206 2394 264 2416 non
281 2381 384 2424 solum
415 2381 571 2416 ‘'numo-rem
592 2405 602 2421 ,
629 2381 685 2423 sed
717 2383 811 2416 etiam
836 2382 915 2424 sicca
948 2385 1083 2425 quaeciam

81 2433 291 2460 concrementa
324 2427 358 2457 in
395 2424 526 2458 vesicam
549 2424 743 2467 descendere,
768 2436 805 2459 ex
840 2426 951 2467 quibus
981 2427 1083 2460 calcu-

79 2470 108 2504 li
139 2467 342 2511 conficiantur
363 2490 378 2507 ,
410 2467 626 2509 antiquissima
658 2468 754 2510 origo
786 2470 981 2511 intelligitur
1014 2470 1083 2503 sen-

78 2515 191 2546 tentiae
214 2522 325 2545 eorum
346 2512 403 2553 qui
427 2523 444 2544 e
469 2512 596 2544 renibus
619 2511 727 2545 delabi
750 2513 919 2546 inchoatos
942 2513 1083 2547 calculos

79 2555 189 2590 veficae
213 2566 349 2598 omnes,
371 2556 404 2587 in
428 2554 540 2597 hisque
564 2564 733 2596 propterea
768 2557 964 2597 peculiarem
998 2557 1080 2590 sern-

78 2611 135 2642 per
160 2600 307 2633 nucleum
332 2600 364 2631 in
400 2608 511 2631 centro
535 2599 696 2639 inveniri,
719 2600 918 2634 tradiderunt
941 2625 948 2631 .
987 2602 1080 2640 Qo-

76 2655 152 2677 rum
175 2651 348 2685 utrumque
382 2641 438 2675 etfi
462 2644 497 2674 in
531 2643 642 2675 multis
677 2649 789 2676 verum
820 2642 904 2684 else,
929 2655 993 2677 non
1026 2647 1079 2677 in-

78 2686 173 2720 ficior
197 2697 209 2726 ;
240 2685 413 2728 aliquando
433 2694 539 2718 tamen
573 2686 727 2719 libentius
758 2685 872 2720 faciam
896 2699 969 2720 cum
992 2688 1079 2729 Hip.

78 2738 210 2772 pocrate
233 2731 246 2767 (
268 2730 279 2761 ι’
301 2731 336 2769 ),
360 2730 418 2771 qui
442 2741 481 2762 ex
505 2729 629 2763 diutius
651 2728 798 2763 cohibita
823 2732 913 2764 urina
945 2731 978 2764 id
1002 2734 1078 2772 qui·-

79 2776 157 2806 dem
178 2773 266 2813 quod
290 2772 504 2806 tenuiffimum
528 2774 561 2804 in
582 2773 651 2814 ipsa
675 2774 737 2811 est,
761 2775 912 2813 excerni,
937 2775 1016 2815 quod
1026 2784 1082 2806 νε-

78 2827 114 2850 ro
136 2813 338 2858 craffiffimum
361 2836 371 2850 ,
404 2827 439 2849 ac
471 2815 708 2857 turbidiffimum
730 2817 768 2857 eft
790 2839 801 2856 ,
834 2817 1009 2850 coacervari
1039 2818 1081 2849 (r

81 2859 271 2901 concrescere
292 2880 305 2898 ,
336 2857 448 2892 docuit
463 2882 472 2896 ‚
496 2862 526 2891 &
546 2860 686 2900 primum
710 2861 832 2901 quidem
848 2871 960 2902 parum
985 2881 995 2897 ‚
1030 2860 1080 2893 dc-

79 2903 154 2936 inde
175 2900 278 2942 majus
294 2900 368 2943 fieri
391 2915 402 2934 ⁴.
434 2903 507 2935 dum
530 2902 610 2935 enim
630 2901 773 2936 νοίνῑιιιν
796 2903 833 2937 ab
856 2905 945 2936 urina
958 2925 971 2941 ,
992 2904 1080 2944 quid-

79 2946 155 2987 quid
178 2943 306 2987 craffum
328 2945 517 2986 compatrum
546 2945 651 2987 fuerit
675 2967 685 2983 ‚
717 2947 756 2978 ad
772 2946 805 2988 se
826 2946 925 2989 ipfizm
947 2947 1075 2987 adapta-

80 2999 115 3022 re
137 3011 146 3026 ‚
182 2995 274 3030 atque
300 2987 345 3029 fic
379 2987 534 3030 augescere
576 2988 618 3021 &⁰
658 2988 689 3021 in
720 2997 822 3022 totum
855 2989 1039 3030 concrescere
1063 3014 1072 3022 .

79 3032 183 3072 <Qod
206 3032 305 3064 citius
329 3030 458 3072 quidem
489 3030 574 3073 posse
606 3030 698 3071 fieri,
721 3032 913 3067 Observatio
936 3032 1074 3066 ostendit

78 3075 215 3119 Joanm's
240 3073 346 3107 Dolaei
371 3074 423 3115 ss<
444 3077 457 3113 )
478 3096 487 3110 ,
511 3077 568 3117 qui
592 3087 608 3108 e
632 3075 732 3108 vesica
755 3076 917 3117 cujusdam
941 3077 1075 3118 Equitis

82 3119 224 3152 emissam
249 3118 416 3150 materia-m
441 3117 547 3152 aLbam
569 3119 830 3161 mucilaginosam
857 3120 970 3154 scribit
988 3118 1075 3161 subi-

83 3170 115 3194 to
149 3160 188 3195 ab
211 3171 278 3194 aere
300 3167 424 3193 externo
459 3161 490 3192 in
516 3160 699 3204 subflavum
729 3162 882 3196 calculum
917 3161 1040 3206 riguisse
1066 3188 1074 3196 .

83 3205 142 3238 Sed
177 3206 227 3238 vel
257 3201 320 3236 sine
354 3205 432 3236 aeris
468 3206 590 3237 eXterni
625 3206 749 3239 attactu
782 3205 955 3248 putrescere
981 3210 1077 3244 >intus

82 3256 301 3282 remorantem
339 3249 464 3280 urinam
500 3248 615 3289 poste,
653 3252 870 3291 experimenta
902 3248 1077 3283 ’monstrant

82 3293 191 3326 Praecl.
215 3290 376 3324 Brendelii
398 3292 412 3328 <
434 3291 445 3323 l
469 3294 500 3328 J,
525 3293 580 3333 qui
613 3303 650 3325 ex
685 3292 741 3325 illa
776 3294 978 3336 putrescente
1011 3294 1076 3327 cal-

81 3337 233 3369 culorum
256 3334 384 3367 deducit
407 3336 565 3375 originem
580 3356 589 3371 ‚
613 3348 686 3369 cum
711 3336 815 3370 videat
840 3338 904 3379 (m
926 3340 940 3377 )
962 3340 992 3369 &
1013 3337 1076 3370 du-

83 3390 132 3412 ras
154 3377 290 3414 crustas,
317 3380 348 3410 δι
372 3381 534 3410 mucelam
559 3380 801 3422 pultaceamque
826 3385 991 3414 materiam
1026 3382 1080 3415 cla-

170 3420 334 3463 Morgagni
345 3423 379 3454 de
389 3421 457 3454 Sed.
474 3421 612 3464 &Caufi
625 3421 725 3456 Morb.
740 3424 900 3458 Tom.11.

226 3626 330 3652 Earund.
347 3629 405 3651 Dec.
422 3634 445 3656 3.
463 3628 493 3651 A.
514 3634 534 3656 5.
552 3627 575 3650 &
590 3629 615 3651 6.
633 3626 689 3652 obs.
707 3633 763 3654 260.

197 3626 244 3688 ie.
263 3658 304 3681 cit.
322 3658 389 3686 supra
403 3658 436 3691 ad¹
449 3665 472 3681 n.
491 3661 529 3682 1⁶.
589 3657 652 3688 (f)
669 3659 729 3684 Sest.
747 3669 783 3685 10.
801 3661 878 3686 Probl-
897 3670 935 3691 42.

203 3693 212 3717 )
229 3691 264 3741 Ιέε
280 3691 358 3716 Aere,
374 3689 450 3717 Aquis
465 3688 488 3712 8(
503 3692 554 3712 caet.
571 3696 594 3712 n.
612 3697 646 3712 22.
665 3698 702 3719 23.

173 3696 213 3746 s)
251 3726 314 3747 rogr.
330 3718 358 3742 de
375 3718 470 3742 Calculi
488 3718 568 3742 veficae
583 3721 605 3744 ἃ
620 3725 672 3745 caat.
690 3721 788 3746 natalis.
805 3730 831 3746 ii.
848 3731 872 3747 2.

177 3755 193 3778 ρ
210 3746 224 3776 J
238 3751 262 3772 O
281 3749 326 3773 usc-
344 3750 439 3774 Patlwl.
456 3748 514 3772 Obs.
535 3757 564 3778 34
577 3766 584 3774 .

177 3785 188 3802 ι
204 3780 217 3807 )
234 3757 295 3805 Segi.
312 3787 382 3809 prox„
397 3788 434 3809 24.
450 3779 511 3804 obs.
529 3786 567 3804 ιο.

933 3724 947 3752 (
962 3731 986 3746 m
1001 3723 1014 3752 )
1030 3731 1053 3747 n.
1071 3732 1091 3748 ι.

635 3752 650 3780 (
661 3759 675 3780 4
690 3751 705 3780 3
720 3754 791 3777 Ceut·
808 3762 830 3783 5.
846 3754 905 3778 obs,
925 3756 962 3778 26.

824 3631 837 3659 Ε
852 3639 864 3655 c
879 3634 889 3658 )
909 3631 971 3656 ibid.
989 3632 1014 3655 in
1031 3633 1138 3661 Appenni.
1156 3632 1237 3665 subn.
1254 3635 1276 3656 6.
1290 3632 1322 3666 ad
1338 3631 1398 3656 Obs.
1416 3639 1454 3661 23.

764 3692 778 3720 (
793 3690 809 3715 k
827 3692 840 3720 )
856 3693 915 3722 Eph.
933 3695 965 3717 Ν.
985 3664 1122 3723 ρι’..ξΒΞᾳΒζ
1140 3663 1230 3687 Partib.
1249 3664 1355 3686 Animal.
1372 3665 1391 3687 l.
1409 3671 1420 3692 3
1448 3671 1468 3687 c.
1485 3672 1510 3693 4.

1025 3756 1033 3783 ί
1051 3761 1063 3778 r
1078 3755 1091 3782 )
1106 3756 1181 3778 Tom.
1200 3763 1222 3784 3.
1241 3757 1267 3778 P.
1287 3762 1306 3783 3.
1320 3753 1375 3778 off.
1397 3763 1432 3780 ia.

1973 199 2062 261 163

1138 277 1192 304 re,
1217 265 1524 311 granisduriuseulis
1547 267 1751 306 distinctam,
1773 283 1845 313 quae
1869 282 1945 306 mox
1969 273 2036 313 ipsa
2048 286 2131 317 quo..

1138 322 1201 350 que
1222 310 1368 342 durescat
1391 334 1399 341 .
1433 312 1505 344 Effe
1538 322 1644 345 autem
1677 315 1785 346 urinas
1809 326 1879 356 quae
1902 314 2028 348 facilius
2054 342 2062 355 ,
2096 331 2132 353 ac

1139 354 1235 385 citius
1258 353 1314 385 ista
1335 351 1499 394 deponant
1514 377 1527 393 ‚
1549 355 1682 388 minime
1715 356 1843 391 dubitat
1866 358 1884 399 s
1901 369 1919 389 n
1942 363 1956 397 )
1979 379 1988 394 ‚
2023 360 2077 392 ubi
2100 365 2131 394 δε

1136 397 1275 429 duorum
1310 395 1472 429 infantum
1496 399 1645 430 meminit
1677 399 1806 433 alterius
1839 404 1893 433 vix
1915 400 1996 435 duos
2028 404 2095 436 nati
2122 429 2130 443 ‚

1139 439 1266 471 alterius
1303 440 1377 472 octo
1399 441 1530 473 circiter
1560 441 1626 473 dies
1647 463 1660 480 ³
1691 444 1749 484 qui
1781 443 1921 476 calculos
1954 454 2024 477 tum
2058 455 2132 478 ante

1140 491 1276 514 mortem
1310 482 1511 517 excluserant
1532 504 1543 520 ‚
1576 493 1645 517 tum
1684 486 1804 518 mortui
1836 488 1922 520 intus
1958 488 2097 521 habuere
2122 512 2129 518 .

1139 526 1276 567 Qalem
1299 533 1404 558 autem
1435 527 1625 560 calculosam
1655 529 1819 565 materiam
1850 531 1881 561 in
1915 532 2132 574 quinquennis

1137 570 1226 610 pueri
1260 568 1410 601 cadavere
1447 570 1597 603 Meadius
1620 574 1632 608 (
1654 575 1706 611 ο)
1735 572 1876 611 viderit,
1900 576 1931 605 δε
1965 585 2018 615 per
2049 586 2131 617 quos

1137 612 1253 652 gradus
1282 612 1317 643 in
1349 611 1518 653 lapideam
1539 615 1689 646 duritiem
1713 614 1866 653 tranfire‚
1900 618 2133 650 animadverte-

1136 657 1204 694 rit,
1226 653 1420 695 cognoscere
1444 666 1483 687 ex
1505 656 1574 698 ipso
1607 659 1726 698 poteris
1749 669 1757 690 :
1789 661 2060 698 quemadmodum
2093 673 2132 693 ex

1137 697 1209 730 Cel.
1233 697 1367 731 Hallero
1390 702 1400 736 (
1421 707 1445 739 p
1468 701 1478 735 )
1502 700 1608 740 qualia
1632 700 1738 733 credat
1773 702 1875 742 prima
1898 701 1955 734 else
1979 703 2011 734 in
2049 707 2132 737 reni-

1138 740 1196 773 bus
1227 741 1428 774 calculorum
1459 742 1556 774 initia
1578 766 1585 773 .
1718 744 1790 776 Sive
1823 753 1930 776 autem
1963 744 2133 779 inclinatus

1135 785 1275 817 calculus
1288 806 1306 823 ‚,
1324 783 1386 816 sive
1410 784 1525 818 calculi
1557 787 1690 818 materia
1727 798 1743 818 e
1775 788 1903 820 renibus
1927 788 1959 820 in
2000 788 2133 827 vesicam

1134 826 1298 861 descendat
1322 849 1335 865 ,
1369 829 1481 875 aut-in
1514 827 1573 864 hac
1595 830 1776 870 gignatur3
1799 840 1884 863 certe
1907 832 2047 864 calculus
2082 832 2134 864 in-

1133 881 1332 903 crementum
1368 879 1455 910 capit
1490 882 1528 903 ex
1551 873 1658 906 eadem
1683 874 1847 906 materia:
1888 884 1946 907 nec
1980 875 2080 908 aliena
2116 887 2134 908 a

1137 924 1213 945 vero
1246 913 1371 946 tradere
1396 913 1545 946 videntur
1578 916 1603 947 ii
1625 917 1680 958 qui
1714 915 1839 949 firmius
1876 918 1959 949 inter
1993 918 2021 952 se
2045 926 2135 959 apta-

1137 965 1209 989 tum
1253 957 1295 989 iri
1336 958 1478 990 materiae
1519 957 1606 990 illius
1651 960 1825 1000 particulas
1850 981 1859 996 ‚
1900 959 2024 1001 ajunt,
2068 972 2135 1003 quo

1137 999 1251 1031 lentius
1285 1001 1515 1045 incrementum
1541 1001 1616 1037 θεῖς
1638 1002 1799 1035 infirmius
1834 1012 1937 1036 autem
1955 1029 1963 1044 ‚
1987 1016 2054 1045 quo
2085 1015 2136 1037 ce-

1137 1042 1255 1074 lerius:
1279 1044 1310 1075 &
1334 1043 1389 1084 qui
1411 1053 1513 1084 maius
1544 1043 1625 1076 illud
1651 1044 1719 1078 fore
1742 1046 1843 1079 aestate
1878 1058 1975 1087 quam
1999 1050 2134 1090 hyeme,

1137 1086 1257 1127 quippe
1280 1084 1383 1117 aestate
1417 1086 1638 1119 multominus
1660 1089 1762 1120 diluta
1788 1091 1921 1121 materia
1950 1092 1989 1123 ab
2014 1103 2110 1133 aquea
2126 1113 2136 1128 ,

1137 1138 1215 1161 tunc
1249 1139 1364 1170 magna
1396 1139 1435 1161 ex
1470 1137 1560 1170 parte
1593 1140 1648 1171 pei·
1679 1140 1788 1164 cutem
1813 1131 2010 1173 prodeunte,
2034 1136 2136 1167 urinae

1137 1172 1289 1215 portione
1314 1183 1324 1203 .-
1356 1182 1426 1214 quae
1459 1174 1557 1204 altera
1580 1172 1663 1205 mihi
1696 1173 1826 1207 videtui·
1858 1174 1979 1215 causa,
2012 1188 2089 1214 cur,
2114 1176 2137 1209 fi

1137 1216 1231 1257 optio
1260 1215 1370 1251 detur,
1391 1215 1507 1248 calculi
1540 1214 1657 1248 excisio
1693 1216 1733 1249 ab
1767 1226 1924 1250 autumno
1958 1221 2066 1261 potius
2099 1219 2137 1253 ad

1137 1270 1220 1298 ver,
1243 1270 1340 1300 quam
1365 1270 1381 1290 a
1418 1270 1488 1291 vere
1520 1258 1558 1292 ad
1590 1268 1782 1293 autumnum
1815 1259 2005 1296 differatur.

1138 1301 1197 1335 §ed
1232 1311 1346 1344 praeter
1377 1302 1641 1336 inchoamentum
1673 1302 1788 1336 calculi
1821 1302 1883 1336 sive
1917 1305 1950 1336 in
1975 1306 2104 1339 renibus
2127 1328 2138 1344 ‚

1138 1344 1201 1378 sive
1223 1347 1257 1378 in
1293 1344 1392 1379 vesica
1429 1344 1606 1379 formatum
1627 1368 1636 1384 ‚
1671 1346 1822 1379 accrescit
1859 1346 1967 1380 eadem
2001 1351 2136 1383 materia

1139 1390 1263 1422 circuni
1297 1400 1344 1421 res
1381 1399 1510 1431 quoque
1543 1389 1618 1422 alias
1641 1411 1653 1429 ,
1687 1388 1883 1423 extrinsecus
1926 1392 1959 1423 in
2002 1391 2140 1430 vesicam

1142 1430 1321 1465 immissas.
1354 1431 1547 1473 Cuiusmodi
1580 1432 1728 1475 exempla
1759 1444 1833 1466 cum
1876 1444 1891 1465 a
1926 1434 2071 1474 pluribus
2105 1438 2138 1468 δε

1142 1475 1259 1518 scripta
1287 1500 1296 1514 ,
1328 1477 1358 1507 δε
1391 1476 1523 1508 εοΙΙεὲὶε
1550 1475 1614 1508 fint
1638 1476 1762 1517 plura,·
1794 1487 1855 1518 ego
1877 1476 1918 1508 iis
1941 1477 2141 1519 potissimum

1142 1518 1355 1552 describendis
1380 1530 1451 1561 quae
1476 1517 1542 1560 ipse
1567 1540 1577 1555 ‚
1612 1529 1666 1552 aut
1689 1520 1798 1552 Amici
1823 1517 1984 1559 vidimus,
2009 1532 2068 1555 nec
2092 1530 2142 1556 ta-

1141 1573 1213 1595 men
1236 1562 1407 1599 omnibus,
1432 1562 1652 1594 immorabor.

1188 1617 1235 1646 i9.
1262 1606 1349 1638 Nam
1372 1605 1454 1638 illud
1475 1604 1564 1647 quod
1589 1603 1672 1639 mihi
1696 1605 1725 1639 se
1749 1605 1890 1648 primum
1910 1607 2052 1648 obtulit,
2077 1606 2142 1649 jam

1142 1659 1215 1682 ante
1250 1647 1308 1681 hos
1342 1657 1403 1681 tres
1426 1671 1435 1685 ,
1469 1651 1500 1680 δε
1536 1648 1751 1692 quadraginta
1774 1660 1873 1685 annos
1895 1654 1929 1685 in
1953 1652 2144 1695 Ephemeri-

1140 1693 1235 1726 dibus
1266 1691 1389 1724 editum
1412 1689 1456 1724 est
1486 1692 1635 1725 Caesarcae
1664 1694 1709 1726 N.
1734 1694 1776 1725 C.
1810 1695 1999 1729 Academiae
2022 1699 2033 1734 (
2058 1704 2076 1736 q
2097 1697 2111 1734 )
2134 1718 2144 1726 .

1141 1737 1233 1776 Qin
1266 1745 1380 1777 praeter
1416 1746 1520 1768 meam
1544 1735 1635 1768 illam
1658 1759 1668 1774 ,
1703 1736 1879 1779 descriptio
1915 1739 2014 1772 altera
2054 1747 2141 1771 extat

1140 1779 1276 1821 ejusdem
1302 1778 1396 1820 ipsius
1419 1778 1506 1812 casus
1529 1801 1538 1816 ,
1573 1779 1613 1812 ab
1635 1790 1675 1813 eo
1693 1782 1765 1822 -qui
1799 1792 1905 1815 ineam
1928 1782 2047 1816 editam
2084 1789 2139 1814 ne-

1140 1825 1234 1856 sciret
1257 1843 1266 1858 ,
1299 1822 1428 1863 vulgata
1459 1821 1617 1854 sexdecim
1641 1823 1710 1865 post
1749 1826 1839 1858 annis
1871 1828 1904 1858 in
1937 1825 2142 1860 Adnotatio-

1136 1878 1175 1899 iic
1217 1865 1390 1908 quadam‘‚
1437 1866 1601 1907 Operibus
1649 1866 1797 1908 adjuncta
1843 1869 1916 1903 Cel.
1954 1869 2146 1902 Vallisnerii·

1135 1912 1150 1948 (
1173 1920 1188 1941 r
1211 1913 1224 1949 )
1247 1931 1257 1946 ,
1290 1910 1346 1950 qui
1372 1920 1495 1941 mecum
1519 1909 1686 1952 Chirurgo
1720 1909 1842 1944 secanti
1876 1911 2031 1946 affuerat.
2071 1914 2145 1945 De-v

1139 1952 1326 2008 scriptiones
1356 1951 1489 1994 quidem
1522 1952 1623 1985 ainbae
1657 1956 1691 1986 in
1737 1954 1831 1988 rebus
1868 1957 2038 1998 praecipuis
2071 1955 2152 1989 satis«

1135 1997 1336 2029 conveniunt
1360 1996 1444 2030 inter
1467 1995 1495 2028 se
1520 2009 1527 2028 z
1562 1998 1595 2028 in
1622 1996 1785 2031 nonnullis
1811 2007 1917 2033 autem
1942 1998 1963 2032 si
1985 1997 2063 2042 quid
2089 1998 2146 2032 di-

1137 2043 1282 2078 screpant
1307 2050 1317 2076 3
1353 2038 1394 2072 lic
1419 2038 1560 2079 habeto,
1584 2051 1634 2073 iiie
1657 2051 1760 2074 meam
1783 2052 1871 2075 certe
1896 2043 2023 2085 scriptis
2055 2054 2144 2075 man*

1136 2080 1219 2115 daffe
1250 2083 1361 2116 eodem
1385 2104 1395 2119 ‚
1429 2092 1464 2115 ut
1498 2082 1610 2116 solitus
1644 2082 1712 2116 sum
1736 2108 1745 2122 ,
1781 2082 1934 2120 sectionis
1975 2087 2026 2120 die
2050 2112 2057 2119 .
2096 2087 2145 2118 Et

1136 2126 1276 2159 calculus
1297 2127 1354 2167 qui
1377 2125 1480 2159 adhuc
1508 2126 1585 2160 'cum
1619 2137 1674 2159 acu
1708 2128 1761 2161 cui
1784 2129 1910 2164 circum
1942 2139 2143 2165 accreverat,

1137 2168 1221 2211 apud
1254 2180 1303 2201 me
1336 2169 1475 2202 servatur
1497 2194 1507 2209 ‚
1543 2169 1688 2212 profe&o
1713 2181 1779 2204 non
1803 2171 1846 2206 est
1866 2173 2039 2215 duriffimus
2064 2186 2071 2206 .-
2107 2172 2141 2207 id

1136 2212 1224 2253 quod
1249 2213 1389 2253 primum
1412 2212 1478 2254 ejus
1512 2212 1706 2255 magnitudo
1738 2227 1812 2248 cum
1850 2216 1988 2258 pondere
2021 2217 2141 2250 collata

1137 2255 1296 2297 fignificat
1321 2279 1329 2289 .
1363 2258 1451 2289 Cum
1494 2259 1580 2289 enim
1615 2268 1654 2289 ex
1684 2256 1807 2291 duabus
1840 2261 1963 2293 constet
1995 2260 2141 2302 partibus

1139 2310 1275 2345 quarum
1298 2298 1427 2341 lingulae
1460 2299 1497 2333 ad
1530 2300 1655 2334 ovalem
1691 2299 1831 2343 figuram
1868 2302 2047 2343 accedunt,
2072 2315 2140 2336 ma-

1137 2354 1252 2385 jorque
1285 2343 1371 2376 intra
1406 2354 1503 2385 quam
1536 2354 1607 2378 acus
1638 2354 1785 2385 mucro,
1818 2348 1850 2378 &
1884 2348 1980 2380 tertia
2005 2346 2103 2380 ferme
2127 2370 2137 2385 ‚

1138 2395 1173 2418 ut
1198 2385 1340 2428 proclive
1373 2386 1415 2419 est
1446 2387 1588 2428 judicare
1615 2412 1624 2426 ,
1656 2399 1726 2429 pars
1759 2388 1838 2422 latet
1860 2412 1871 2429 ‚
1905 2390 2000 2433 longa
2026 2389 2064 2424 sit
2086 2390 2138 2424 di-

1136 2432 1223 2470 gitos
1258 2428 1452 2463 transversos
1484 2440 1564 2469 tres,
1591 2430 1654 2464 lata
1685 2431 1766 2465 duos
1790 2455 1800 2470 ,
1825 2432 1888 2465 alta
1915 2444 2014 2467 unum
2038 2437 2068 2468 δε
2092 2433 2139 2468 se-

1134 2473 1195 2506 mis
1219 2494 1227 2510 ‚
1265 2474 1372 2505 minor
1405 2483 1513 2507 autem
1548 2486 1619 2515 quae
1654 2476 1819 2509 urethram
1855 2475 2003 2511 fimiliter
2040 2488 2136 2523 atque

1134 2517 1169 2549 in
1194 2516 1256 2548 alia
1282 2516 1419 2557 Virgine
1443 2522 1452 2556 (
1472 2517 1524 2559 s)
1548 2518 1631 2563 leg-es
1654 2539 1666 2556 ‚
1699 2519 1873 2560 opplebat,
1902 2520 1992 2555 alteri
2018 2526 2135 2566 prioris

1133 2560 1232 2602 partis
1264 2559 1379 2594 calculi
1411 2570 1558 2593 extremo
1583 2561 1625 2593 lic
1659 2565 1848 2596 continuata
1875 2588 1884 2603 ,
1915 2575 1950 2598 ut
1982 2569 2020 2601 ad
2054 2566 2136 2610 ejus-

1131 2603 1205 2636 dem
1228 2602 1310 2635 latus
1344 2603 1527 2637 extrorsum
1553 2606 1692 2637 emineat
1716 2605 1754 2639 ad
1789 2607 1941 2648 angulum
1976 2611 2099 2644 rectum
2121 2635 2134 2652 ,

1132 2646 1358 2688 magnitudine
1389 2656 1495 2689 aequet
1521 2648 1617 2680 medii
1650 2648 1749 2691 digiti
1774 2650 1943 2686 articulum
1977 2656 2134 2695 tertium;

1131 2699 1269 2732 utraque
1302 2698 1418 2723 tamen
1462 2691 1553 2724 limul
1595 2703 1670 2725 cum
1713 2704 1768 2726 acu
1810 2693 1895 2727 infra
1932 2698 2055 2737 pondus
2087 2700 2132 2732 est

1132 2734 1259 2766 nummi
1292 2735 1385 2767 unius
1410 2736 1552 2776 argentei
1585 2734 1742 2777 philippei
1769 2762 1777 2769 .
1813 2738 1983 2773 Friabilem
2022 2751 2131 2776 autem

1133 2787 1248 2818 magna
1280 2788 1320 2809 ex
1354 2786 1445 2819 parte
1482 2788 1644 2811 externam
1679 2778 1790 2813 saltem
1824 2781 1938 2814 calculi
1962 2781 2021 2816 esse
2054 2784 2130 2818 sub·-

1134 2821 1304 2856 stantiam,
1337 2819 1604 2863 spongiosamque
1635 2831 1797 2856 texturam
1824 2846 1833 2861 ,
1873 2824 2029 2867 inspec‘tio
2062 2829 2130 2870 ipsa

1133 2862 1303 2897 confirmat
1328 2887 1335 2894 .
1370 2865 1519 2896 Lamellae
1553 2868 1637 2897 enim
1669 2865 1815 2906 quaedam
1850 2876 1958 2901 tenues
1993 2872 2131 2906 nonnul-

1131 2908 1172 2940 lis
1210 2918 1248 2939 ex
1291 2907 1370 2939 locis
1410 2918 1464 2949 per
1507 2906 1536 2940 se
1567 2907 1754 2941 exciderunt
1777 2935 1786 2949 ‚
1818 2909 2034 2955 subjectasque
2077 2927 2129 2948 ca-

1126 2950 1272 2984 vernulas
1295 2948 1512 2991 patefccerunt
1534 2972 1544 2988 ‚
1579 2951 1666 2985 albus
1692 2961 1819 2990 autern,
1843 2965 1880 2987 ut
1902 2957 2040 2990 calculus
2063 2961 2127 2996 est,

1125 2992 1320 3035 pulvisculus
1341 3014 1349 3028 ‚
1382 2993 1486 3035 qualis
1507 3004 1545 3025 ex
1578 2997 1708 3029 cariosis
1747 2997 1877 3038 salignis
1919 2999 2042 3034 baculis
2077 3002 2128 3036 so-

1125 3038 1171 3071 let
1193 3059 1204 3076 ‚
1241 3048 1256 3069 e
1291 3036 1414 3069 calculo
1451 3036 1538 3069 ultro
1569 3036 1685 3071 defluit
1707 3063 1715 3073 .
1751 3041 1833 3077 Quae
1864 3049 1899 3074 ut
1935 3054 1998 3076 non
2033 3045 2127 3079 licuit:

1125 3083 1160 3114 in
1203 3079 1323 3113 recenti
1367 3080 1653 3120 animadvertere,
1697 3081 1738 3115 sic
1777 3093 1922 3126 tempore
1955 3088 2126 3129 interjectio

1126 3125 1255 3162 obvia,
1293 3133 1375 3154 nunc
1409 3124 1498 3155 volui
1523 3124 1560 3156 ad
1584 3123 1831 3168 descriptionem
1869 3129 1956 3162 illam
1988 3130 2122 3165 addere.

1127 3166 1184 3200 Est
1206 3168 1306 3208 igitur
1330 3166 1382 3198 hic
1406 3167 1544 3199 calculus
1569 3169 1609 3201 iis
1630 3170 1807 3203 corticibus
1826 3170 2019 3212 insinuans,
2042 3176 2124 3216 qui,

1129 3210 1150 3243 si
1175 3211 1231 3243 alii
1268 3210 1411 3242 duriores
1434 3210 1554 3251 lapides
1577 3211 1670 3245 fimul
1702 3214 1736 3245 in
1762 3213 1859 3246 velica
1883 3212 2037 3257 fuissent,
2062 3217 2123 3250 ho-

1129 3264 1200 3287 rum
1214 3253 1347 3285 occursu
1361 3262 1425 3284 non
1449 3252 1614 3288 difficilius
1638 3257 1807 3297 potuissent
1833 3259 2007 3299 abrumpi,
2027 3261 2058 3293 δ’(
2090 3261 2126 3294 in

1129 3296 1307 3338 fragmenta
1320 3295 1500 3330 diffiliendo
1512 3322 1521 3336 ,
1543 3310 1605 3340 qua
1618 3298 1733 3332 lotium
1747 3299 1852 3332 exibat
1864 3322 1874 3338 ‚
1885 3311 1959 3334 cum
1972 3301 2033 3335 hoc
2048 3314 2115 3345 pro.

1129 3340 1219 3378 dire,
1245 3341 1386 3380 quamin
1399 3339 1561 3380 seneillo,
1584 3342 1697 3384 dequo
1710 3353 1747 3374 ex
1769 3343 1888 3384 Tulpii
1909 3343 2124 3380 Observatio-

1132 3394 1169 3415 ne
1192 3385 1224 3415 in
1250 3381 1477 3425 Sepulclireto(
1492 3387 1529 3423 t)
1552 3385 1687 3417 relatum
1697 3385 1758 3418 est.
1781 3385 1852 3419 Nec
1865 3387 1970 3421 multo
1984 3391 2125 3423 durioris

1642 3428 1672 3460 X
1719 3438 1736 3460 2
1989 3439 2086 3466 natu-'

1517 3635 1530 3663 (
1546 3634 1562 3658 d
1582 3633 1589 3664 )
1605 3637 1663 3659 Dec.
1680 3632 1729 3659 ead,
1746 3635 1817 3669 ³29·
1835 3634 1858 3659 Sc
1878 3642 1913 3659 io.
1931 3634 1988 3660 obs.
2013 3644 2064 3667 170·

1569 3665 1582 3694 ζ
1600 3666 1613 3688 h
1629 3666 1642 3693 )
1659 3666 1719 3689 Hist.
1740 3666 1844 3690 Animal.
1861 3666 1877 3689 1.
1895 3674 1915 3695 3.
1932 3674 1952 3691 c.
1973 3674 2008 3697 ¹5-

1122 3711 1127 3716 .
1144 3696 1176 3718 A.
1194 3701 1216 3722 4.
1234 3694 1292 3717 Obs.
1308 3697 1348 3722 64.

1153 3724 1167 3753 (
1182 3733 1198 3747 η
1214 3725 1226 3752 )
1244 3732 1267 3747 n.
1286 3732 1307 3746 2-
1369 3724 1410 3753 (ο
1428 3726 1436 3755 ¹)
1453 3728 1487 3750 De
1503 3726 1562 3754 imp.
1581 3726 1630 3750 Sol.
1648 3726 1670 3749 8<
1686 3728 1748 3749 Lun.
1766 3733 1790 3750 c·
1805 3735 1826 3750 2.

1494 3759 1508 3785 ί,
1520 3756 1562 3785 f)
1578 3756 1723 3786 Sepulchra.
1740 3757 1801 3781 Sess.
1818 3758 1861 3781 hac
1881 3765 1918 3788 ²3·
1937 3756 1997 3783 obs.
2016 3766 2038 3791 ς,
