2498 4075
356 257 495 293 remedia
511 282 521 298 ‚
545 252 732 288 volatilibus
755 253 951 296 corpusculis
974 252 1053 287 foeta
1069 276 1077 290 ‚
1101 255 1133 286 δι
1151 264 1226 299 ,φιε
1248 253 1354 286 vomi-

355 312 425 337 tum
439 303 545 336 cient,
573 298 839 331 sternutationem
866 303 1018 332 movent,
1044 296 1104 328 alia
1128 297 1286 337 ejusmodi
1301 321 1308 330 .

400 358 431 388 4,
456 340 752 378 AGRICOLAM
766 341 798 372 in
811 340 896 373 idem
909 339 1086 372 intulerant
1098 336 1352 379 Nosocomium‚

354 398 430 424 cum
452 387 500 422 ibi
523 384 670 418 docerem
694 383 825 416 ineunte
850 393 934 415 anno
950 381 1040 425 1748.
1065 380 1171 415 media
1193 382 1353 417 aetateho-

355 434 500 467 minem,
524 426 737 468 subpinguem
753 447 761 463 ‚
789 425 955 469 apoplexia
969 448 981 465 ,
1006 436 1078 467 quae
1101 428 1197 460 tertia
1220 425 1279 460 effe
1301 426 1353 460 di-

355 475 490 509 cebatur
505 495 515 511 ‚
538 470 619 504 forti
643 468 722 503 adeo
743 477 929 510 correptum
944 491 956 508 ‚
980 476 1016 501 ut
1039 479 1056 500 e
1080 468 1131 501 via
1154 470 1187 502 in
1212 481 1276 513 qua
1298 481 1351 504 ce-

353 519 502 553 ciderat,
526 513 566 549 ab
589 511 796 545 Nosocomio
820 521 884 544 non
907 512 953 544 ita
977 510 1105 549 diffita,
1130 513 1164 544 in
1187 511 1250 547 hoc
1274 524 1350 556 pro-

354 562 443 595 tinus
466 564 638 599 exceptus,
662 554 730 597 jam
752 554 883 598 stertens
905 577 914 592 ‚
939 563 1078 597 totoque
1100 565 1236 597 corpore
1260 555 1346 590 reso-

352 605 441 640 lutus
467 625 478 641 ,
515 610 552 634 ut
576 599 704 633 nullum
731 597 865 641 usquam
889 597 1017 640 sensus,
1040 607 1095 631 aut
1129 595 1241 633 motu!
1260 599 1345 634 indi—

348 648 440 683 cium
463 644 576 681 daret,
601 641 743 683 pulsibus
769 651 875 689 autem
898 640 940 675 fic
963 641 1102 675 exilibus
1122 665 1134 682 ,
1158 651 1194 675 ut
1219 644 1348 677 mittere

351 690 540 732 sanguinem
565 696 630 720 non
654 684 715 718 smt
740 684 824 722 auh,
853 685 937 718 intra
962 685 1103 727 septem,
1126 696 1165 718 an
1188 687 1267 720 οᾶο
1288 687 1350 722 ho-

352 745 402 768 ras
427 731 606 766 interierit.
632 730 763 771 Qarto
785 728 857 771 post
881 728 932 762 die
956 727 1023 761 haec
1033 729 1114 761 mihi
1138 731 1250 763 omnia
1276 741 1351 763 nar-

351 785 420 812 rata
454 775 526 808 sunt
551 796 563 814 ‚
593 771 750 814 fimulque
783 772 918 805 cadaver
943 771 981 805 ad
1013 770 1233 806 disse&ionem
1257 773 1350 807 obla-

350 829 421 854 tum
439 844 446 850 .
472 817 574 857 Quod
598 816 785 858 priusquam
809 816 1021 856 attingerem,
1047 813 1163 849 frustra
1186 817 1345 859 quaesivi,

347 875 419 904 quo
443 871 610 902 tempore,
633 859 750 902 quibus
775 857 1029 899 praecedentibus
1053 858 1151 891 causis
1171 882 1181 898 ,
1214 870 1269 894 aut
1292 873 1348 895 co.

349 906 541 943 mirantibus
566 902 661 945 signis
684 924 694 940 ,
728 911 782 935 aut
808 902 929 936 relictis
965 903 1058 935 noxis
1083 900 1155 936 duae
1187 903 1251 937 illae
1273 916 1347 947 quas

347 948 526 991 praegreslae
547 946 762 985 dicebantur,
786 944 916 980 fuissent
939 945 1143 988 apoplexiae;
1165 947 1347 981 nihilenim

351 992 388 1026 de
412 992 496 1032 illis,
521 999 575 1030 aut
597 991 637 1025 de
663 988 722 1023 hac
746 989 861 1023 ultima
886 999 1000 1031 praeter
1021 1000 1056 1022 ea
1079 999 1151 1031 quae
1174 991 1244 1024 dixi
1267 1013 1276 1031 ‚
1300 993 1361 1024 re-‘

347 1035 430 1073 scire
456 1035 572 1077 potui.
598 1035 761 1070 Attamen
781 1044 860 1067 vcum
885 1031 955 1066 vasa
977 1033 1062 1066 circa
1086 1042 1184 1074 caput
1216 1035 1345 1077 turgida

345 1079 585 1121 conspicerem,
607 1080 638 1111 δε
662 1078 695 1110 in
720 1076 892 1119 subpingui
915 1087 1051 1118 corpore
1075 1086 1142 1109 tam
1168 1078 1345 1111 violentam

349 1122 552 1166 apoplexiam
575 1118 689 1160 fuisse,
713 1119 857 1154 audirem
879 1131 892 1160 ‚·
914 1118 1153 1154 confertiffimae
1177 1121 1345 1155 Studioso-

348 1177 421 1201 rum
445 1175 572 1199 coronae
595 1164 702 1198 dicere
726 1174 791 1197 non
814 1163 985 1203 dubitavi,
1012 1164 1131 1198 mirum
1154 1162 1244 1204 fore,
1281 1164 1302 1198 si
1327 1177 1343 1199 a

349 1209 502 1252 sanguine
527 1208 617 1241 illam
639 1205 729 1242 fuisse
749 1229 759 1246 ‚
793 1219 857 1242 non
880 1206 1077 1241 ostenderem
1097 1232 1106 1240 .
1236 1209 1344 1245 CAL-

347 1253 507 1290 VARiA
530 1252 633 1293 igitur
655 1250 814 1285 continuo
838 1250 989 1293 adaperta
1007 1272 1018 1288 ,
1053 1261 1129 1284 cum
1163 1249 1197 1285 id
1220 1250 1310 1285 fieret
1337 1276 1347 1292 ,

348 1297 518 1338 multoque
542 1296 642 1338 magis
660 1304 738 1328 -cum
751 1293 916 1328 cerebrum
931 1294 1149 1331 eximeretur,
1173 1296 1265 1337 niger
1281 1306 1346 1328 non

349 1351 466 1383 paucus
488 1337 613 1380 sanguis
635 1337 793 1377 defluxit;
818 1337 946 1371 evidens
970 1346 1077 1371 autem
1110 1346 1178 1370 erat
1200 1360 1210 1376 ‚
1247 1340 1344 1372 etiam

347 1395 386 1418 cx
411 1381 627 1418 Infundibulo
650 1382 737 1415 exire
761 1405 768 1412 .
802 1379 970 1422 Ejusmodi
1008 1380 1132 1423 sanguis
1156 1392 1220 1415 non
1245 1382 1344 1416 modo

349 1425 423 1462 vasa
447 1427 557 1459 omnia
581 1424 773 1459 distenderat
797 1436 868 1467 quae
893 1435 948 1465 per
975 1425 1124 1458 Tenuem
1149 1426 1343 1468 meningem,

348 1470 537 1509 cerebrum,
561 1472 592 1502 δε
615 1468 811 1502 cerebellum
848 1467 1098 1501 convestientem
1119 1491 1129 1506 ‚
1165 1467 1313 1502 feruntur
1332 1492 1347 1509 ,

347 1515 582 1551 verumetiam
606 1511 665 1546 sub
688 1511 746 1545 hac
768 1512 802 1544 in
828 1512 936 1545 medio
959 1510 1182 1553 hemisphaerii
1207 1510 1347 1552 sinistri,

346 1560 432 1595 inte‘r
455 1555 526 1592 vasa
550 1554 665 1590 effusus
688 1564 754 1588 erat
779 1565 843 1588 non
867 1556 913 1588 ita
937 1554 1076 1588 multus:
1101 1554 1221 1589 multus
1245 1565 1352 1590 autem

348 1605 382 1637 in
410 1600 597 1638 ventriculis
620 1598 793 1633 omnibus.
819 1600 856 1631 In
881 1597 1085 1632 Lateralibus
1117 1601 1204 1632 enirn
1237 1610 1351 1640 praeter

346 1656 501 1687 grumum
524 1645 582 1685 qui
605 1643 705 1682 duas,
728 1654 766 1675 ne
788 1641 895 1675 dicam
918 1651 981 1675 tres
996 1668 1005 1683 ,
1028 1643 1137 1675 uncias
1162 1643 1300 1683 pondere
1313 1655 1354 1676 ae-

347 1684 447 1731 quare
471 1686 646 1721 videbatur
668 1708 680 1725 ,
717 1684 839 1718 fluidus
878 1684 1003 1727 sanguis
1038 1685 1197 1728 reliquam
1230 1695 1352 1727 partem

345 1733 448 1769 ferme
472 1740 602 1764 omnem
625 1740 737 1763 eorum
760 1728 1015 1761 ventriculorum
1043 1749 1053 1765 ,
1086 1730 1119 1760 &
1143 1729 1278 1763 tertium
1302 1731 1352 1763 in-

348 1777 440 1819 super
461 1797 470 1812 ‚
489 1782 710 1819 quartumque
732 1771 933 1813 occupabat.
959 1772 1047 1804 Cum
1070 1770 1153 1804 unde
1176 1772 1351 1815 erupisset,

347 1819 565 1863 inquirerems
590 1814 632 1850 fic
654 1815 873 1858 reperiebam.
899 1814 1025 1848 Sinistri
1050 1815 1226 1848 ventriculi
1245 1815 1352 1858 super-

345 1863 440 1901 ficies
465 1859 624 1903 posterior
645 1882 656 1899 ‚
689 1862 720 1893 &
742 1858 898 1893 Thalami
922 1859 979 1900 qui
1004 1858 1039 1891 in
1062 1869 1100 1891 eo
1123 1866 1192 1892 erat
1215 1881 1228 1898 ‚
1261 1861 1351 1893 nervi

347 1906 467 1952 Optici
492 1905 545 1940 sua
567 1903 791 1946 inaequalitate
814 1902 1041 1935 lacerationem
1053 1901 1234 1944 prodebat:
1254 1915 1353 1947 quam

348 1951 458 1988 multo
474 1949 585 1992 -rnagis
610 1947 768 1988 prodebat
793 1944 972 1986 superficies
995 1946 1167 1979 ventriculi
1190 1945 1317 1981 dexteri
1340 1970 1352 1988 ,

350 2003 468 2036 utpote
491 2004 564 2036 quae
588 2001 654 2024 non
678 1991 775 2025 modo
788 1989 909 2032 ubique
933 1998 998 2022 erat
1023 1990 1214 2029 inaequalis,
1238 2001 1351 2025 verum

350 2039 479 2083 insuper
504 2037 560 2070 vix
584 2034 687 2069 ullum
711 2033 888 2076 vestigium
915 2031 1061 2067 servabat
1085 2032 1241 2067 Thalami
1267 2032 1313 2067 sui
1337 2057 1348 2073 ‚

351 2083 477 2118 nullum
502 2089 608 2115 autem
631 2078 758 2121 prorsus
781 2077 895 2111 Striati
918 2077 1064 2119 corporis
1085 2100 1096 2115 ‚
1128 2075 1220 2119 cujus
1244 2075 1349 2111 sedem

351 2125 484 2163 tenebat
508 2122 680 2158 substantia
703 2121 851 2165 quaedam
873 2119 978 2154 lurida
995 2142 1008 2160 ,
1039 2119 1152 2154 colore
1175 2131 1214 2153 ex
1237 2120 1352 2155 subru-

352 2172 413 2207 bro
429 2195 439 2212 ‚
463 2171 495 2204 δι
517 2163 663 2202 subflavo
686 2164 774 2207 quasi
799 2163 893 2198 misto
908 2187 921 2205 ,
944 2163 1071 2198 mucosa
1092 2184 1102 2200 2
1128 2162 1220 2205 plane
1241 2175 1354 2199 corru-

354 2225 431 2261 pta,
457 2211 521 2246 sine
545 2209 612 2244 ullo
636 2218 741 2243 tamen
766 2209 856 2250 gravi
878 2207 996 2241 odore.
1023 2207 1211 2242 Ventriculi
1236 2208 1355 2242 utrius-

355 2271 418 2302 que
441 2266 555 2291 cavum
580 2262 645 2287 erat
670 2251 923 2295 amplificatum,
949 2251 1074 2294 septum
1098 2251 1259 2285 Lucidum
1285 2263 1355 2293 per-

358 2310 512 2344 ruptum,
536 2298 681 2332 Fornicis
707 2296 875 2340 vestigium
898 2296 1023 2329 nullum
1043 2318 1053 2334 ,
1087 2294 1240 2336 plexuum
1264 2296 1357 2329 Cho-

358 2345 490 2381 roidum
514 2344 569 2376 vix
593 2342 720 2381 ullum,
744 2340 842 2382 idque
866 2339 884 2373 a'
905 2337 1033 2373 finistris
1056 2338 1227 2374 dumtaxat
1250 2362 1265 2379 ‚
1300 2350 1358 2373 nec

354 2388 497 2432 turgidis
521 2385 651 2419 vasculis
667 2406 676 2422 ,
702 2384 752 2418 sed
764 2383 979 2426 pallentibus.
1003 2384 1151 2421 Quarum
1164 2393 1270 2417 rerum
1285 2384 1359 2417 nul-

358 2435 387 2467 la
412 2430 471 2466 effe
495 2439 624 2472 poterat
648 2428 821 2461 admiratio
843 2450 853 2466 ‚
889 2426 945 2460 ubi
969 2435 1058 2460 tanta
1082 2424 1171 2460 effufi
1197 2425 1358 2468 sanguinis

357 2478 455 2519 copia
480 2474 585 2508 fuerat
600 2494 610 2508 ,
633 2482 791 2514 quantam
815 2470 978 2508 diximus,
1005 2472 1036 2503 δε
1060 2481 1099 2503 ex
1121 2481 1162 2503 eo
1185 2481 1357 2504 concreve-

359 2530 409 2555 rat
434 2517 557 2560 amplus
580 2517 636 2549 ille
661 2526 793 2556 grunius
815 2517 871 2557 qui
883 2514 1048 2548 dexteram
1071 2513 1294 2555 sinistramque
1305 2526 1359 2548 ca—

361 2565 393 2596 vi
418 2572 543 2606 partem
559 2585 567 2600 ,
589 2558 641 2593 sed
666 2558 747 2592 hanc
773 2559 895 2600 magis,
920 2566 1083 2591 tenuerat.
1111 2557 1170 2590 Ob
1193 2569 1264 2590 eam
1297 2558 1359 2599 igi-

358 2616 413 2641 tur
438 2604 625 2640 effusionem
649 2601 811 2644 sanguinis
836 2610 961 2634 tantam
984 2611 1023 2633 ne
1047 2600 1108 2633 hoc
1130 2599 1263 2643 quidem
1286 2600 1356 2634 sum

359 2653 518 2685 miratus,
543 2646 631 2689 quod
653 2645 825 2679 ventriculi
848 2645 936 2677 tertii
961 2643 1058 2677 latera
1082 2653 1148 2676 non
1171 2644 1216 2677 ita
1241 2644 1360 2694 perspi·

359 2706 417 2728 cue
441 2692 648 2734 apparuerint
672 2689 733 2722 sive
757 2700 773 2720 a
795 2686 1045 2729 compreffione‚
1073 2687 1360 2721 fiveadistrafflo-

359 2749 398 2771 ne
419 2762 428 2776 ,
461 2735 525 2768 {ive
549 2735 648 2769 etiarn
672 2744 687 2765 a
712 2731 903 2765 laceratione
929 2730 1133 2764 subsederant
1158 2742 1171 2769 5
1195 2742 1267 2764 narn
1293 2730 1359 2773 ipsa

359 2791 490 2824 quoquc
515 2778 644 2811 natium
665 2799 674 2814 ,
709 2777 739 2808 &
764 2774 895 2810 testium
918 2774 1065 2817 proxima
1100 2772 1280 2815 superficies
1314 2776 1360 2807 ita

361 2825 498 2859 lacerata
522 2830 611 2863 erat,
637 2830 673 2854 ut
696 2818 845 2861 dignosci
869 2829 914 2852 eae
927 2817 1186 2852 Protuberantiae
1211 2828 1276 2851 non
1288 2817 1358 2859 pos.

364 2868 429 2902 sent
453 2890 460 2898 .
594 2863 646 2899 Ad
681 2861 748 2896 haec
779 2873 850 2905 quae
876 2870 989 2903 praeter
1014 2870 1171 2895 maturam
1197 2862 1230 2893 in
1254 2862 1359 2903 capite

364 2909 532 2952 conspecta
559 2907 652 2945 sunt,
676 2906 741 2941 duo
765 2904 933 2945 supersunt
956 2916 1028 2946 quae
1052 2903 1177 2942 addam,
1202 2905 1359 2938 nimirum

365 2952 589 2988 Vertebralem
615 2951 767 2984 arteriam
791 2948 970 2984 sinistram,
994 2957 1166 2990 antequam
1190 2948 1223 2980 in
1246 2947 1363 2981 Bafila-

367 3009 436 3032 rem
458 2995 656 3032 conflueret,
678 2991 868 3030 subduram‚
892 2989 1023 3025 crassam
1041 3015 1052 3031 ‚
1076 2991 1181 3025 albam
1205 3002 1244 3025 ex
1265 2990 1362 3026 dimi..

368 3041 422 3075 dia
448 3037 538 3073 fuisse
562 3037 839 3080 partee‘Molares
864 3045 970 3069 autem
995 3034 1203 3077 posteriores,
1228 3034 1363 3069 inferio-

366 3083 478 3127 resque
501 3080 610 3114 dentes
636 3079 805 3122 plerosque
819 3088 873 3113 aut
885 3088 1043 3117 trunc05‚
1067 3079 1242 3121 nigrosque
1265 3080 1364 3113 etiam

367 3130 402 3162 in
427 3124 586 3160 radicibus
610 3122 702 3157 fuisse
725 3145 734 3160 ‚
772 3132 808 3156 ut
832 3134 848 3155 a
870 3121 994 3156 dextris
1017 3147 1027 3162 ,
1052 3132 1106 3155 aut
1128 3125 1259 3165 penitus
1282 3125 1363 3156 exci.

367 3169 466 3209 disse,
489 3178 524 3202 ut
548 3181 565 3202 a
589 3166 739 3206 fim'stris,
765 3165 861 3208 idque
885 3177 901 3199 a
925 3174 1070 3207 ternpore
1093 3177 1157 3198 non
1182 3166 1228 3199 ita
1251 3165 1366 3203 brevi·‚

368 3226 442 3249 narn
466 3211 666 3246 alveolorum
691 3221 730 3244 ne
752 3209 910 3246 indicium
935 3209 1066 3252 quidem
1090 3208 1227 3243 restabat
1250 3209 1365 3248 ullum,

365 3260 436 3293 imo
460 3255 563 3300 ipsum
586 3254 706 3288 osseum
730 3252 868 3287 maxillae
892 3264 1009 3294 corpus
1032 3252 1096 3293 jam
1110 3252 1138 3287 se
1163 3254 1211 3287 ibi
1234 3263 1364 3286 contra-

367 3309 457 3336 xerat
472 3324 481 3338 ,
506 3298 766 3341 subsederatque.
901 3297 945 3329 Et
969 3307 1008 3329 ne
1031 3307 1047 3328 a
1070 3298 1174 3338 capite
1197 3296 1319 3330 osseum
1331 3308 1363 3330 e·-

369 3344 419 3386 jus
443 3344 582 3377 fulcrum
606 3341 858 3384 produfiamque
880 3340 912 3374 in
937 3339 998 3373 hoc
1022 3341 1123 3372 cranii
1147 3351 1278 3373 caveam
1301 3339 1366 3373 dis-

369 3387 520 3431 jungam3
543 3397 617 3419 cum
631 3384 791 3419 vertebras
803 3384 936 3419 cervicis
951 3394 1061 3416 omnes
1076 3405 1086 3421 ,
1110 3383 1277 3426 pluresque
1287 3382 1365 3417 tho-

371 3433 450 3465 racis
473 3430 639 3467 reseratas‚
663 3426 885 3470 inclusamque
917 3426 1089 3461 medullam
1114 3427 1278 3468 Spinalem
1312 3427 1363 3459 in-

370 3475 545 3517 spicerem,
571 3471 639 3507 vidi
663 3473 745 3505 inter
769 3470 876 3511 hanc,
900 3472 932 3503 &
955 3471 1066 3511 Piam,
1088 3480 1185 3512 quam
1209 3478 1327 3503 vocant
1350 3492 1362 3509 ,

369 3519 554 3559 meningen]
577 3517 611 3548 in
637 3514 855 3557 superioribus
878 3513 1009 3557 quidem
1034 3513 1175 3547 thoracis
1206 3514 1361 3547 vertebris

368 3562 406 3595 ad
430 3561 533 3604 spatia
557 3570 622 3593 non
645 3558 773 3592 modica
795 3556 933 3592 effusum
956 3556 1142 3599 sanguinem
1162 3578 1173 3596 ,
1209 3557 1361 3599 huncque

791 177 948 234 Liber
983 178 1050 233 V·
1085 175 1171 228 De
1204 175 1460 231 addendis
1498 176 1569 231 ad
1602 176 1786 230 Libros
1819 176 2100 243 superiores

1405 264 1422 286 a
1445 251 1526 287 facie
1548 251 1740 294 posteriori,
1765 250 1805 284 ab
1830 252 2001 294 eademque
2025 251 2205 293 meningem
2228 252 2317 287 illam
2349 253 2396 287 ita

1403 306 1421 329 e
1444 307 1561 330 carneo
1585 296 1750 329 rubentem
1775 295 1882 329 colore
1893 321 1907 334 ‚-
1929 295 2054 328 nullum
2078 303 2113 328 ut
2136 295 2349 338 sanguiserum
2359 298 2394 330 in

1405 350 1440 373 ea
1464 350 1517 373 vas
1542 351 1558 373 a
1579 341 1686 381 capite
1710 338 1749 372 ad
1772 338 1915 372 thoracis
1936 337 2000 371 fere
2023 337 2164 371 medium
2177 338 2394 380 agnoscereli-

1403 392 1490 417 ceret
1503 405 1515 422 ,
1538 393 1611 417 cum
1636 381 1675 415 ab
1698 382 1851 415 anteriori
1875 380 1957 415 facie
1970 382 2084 414 arteria
2104 392 2177 423 quae
2199 381 2329 424 simplex
2340 394 2395 426 per

1403 424 1546 459 medium
1576 425 1760 465 ferebatur,
1781 425 1917 459 distenta
1941 424 2091 467 sanguine
2122 422 2358 467 conspiceretur
2384 449 2394 458 .

1402 468 1463 502 Sed
1486 466 1639 503 &Craffa
1661 468 1794 502 meninx
1815 479 1878 511 qua
1901 468 2122 502 vertebrarum
2145 469 2272 502 interna
2294 470 2393 504 latera

1399 510 1614 546 convestiebat
1628 536 1638 552 ‚
1661 523 1678 545 a
1700 511 1885 546 subfistente
1907 511 2059 553 sanguine
2081 510 2168 554 quasi
2191 512 2370 554 nigricabat
2385 538 2393 546 .

1527 555 1683 595 Thorax,
1706 566 1801 598 quem
1818 577 1828 592 ‚
1850 563 1886 589 ut
1907 554 2053 599 quaedam
2064 565 2102 587 ex
2116 556 2213 597 paulo
2234 565 2307 589 ante
2319 556 2394 590 scri-

1400 598 1463 640 ptis
1479 623 1488 638 ,
1509 598 1622 633 diebus
1645 597 1886 640 insequentibus
1908 597 2094 640 perlustravi
2108 620 2121 637 ,
2142 609 2200 632 cor
2221 598 2336 633 habuit
2359 601 2393 632 in

1400 641 1533 676 homine
1559 641 1732 684 subpingui
1756 653 1821 675 non
1846 642 1964 684 pingue
1989 656 1998 679 ς
2023 641 2110 684 quod
2135 653 2209 676 cum
2235 642 2392 685 sanguine

1401 694 1494 722 atro,
1520 688 1552 719 &
1574 695 1730 719 concreto
1751 685 1836 719 haud
1859 685 1988 723 multo,
2011 685 2327 728 continebatpaucas
2340 689 2394 727 ,δι

1401 727 1548 761 modicas
1571 730 1795 762 concretiones
1818 727 1986 771 polyposas
2012 752 2021 767 ,
2056 729 2090 760 in
2122 728 2256 762 dextero
2288 740 2393 763 tamen

1402 771 1586 805 ventriculo
1610 773 1706 815 paulo
1730 771 1886 813 majores,
1911 780 1945 805 ut
1969 783 2030 805 una
2055 772 2278 805 Pulmonarem
2305 773 2394 807 subi-

1401 824 1449 848 ret
1475 817 1646 850 arteriam.
1669 816 1787 850 Cordis
1812 814 1984 848 substantia
2007 823 2074 848 erat
2099 816 2189 849 valde
2212 816 2302 850 laxa.
2326 819 2393 850 Co-

1399 860 1529 892 ronat-ia
1553 869 1655 900 vena,
1678 870 1741 902 qua
1765 858 1862 892 bafim
1886 857 2128 901 cordisatergo
2149 858 2274 901 cingit,
2299 871 2394 903 aequo

1398 901 1523 936 latior:
1552 903 1755 936 Pulmonaris
1779 903 1895 937 arteria
1917 912 1982 935 non
2006 903 2073 944 ipsa
2096 902 2229 944 quidem
2262 904 2359 937 latior
2382 917 2393 941 ;

1400 945 1450 985 sed
1474 947 1637 980 tenuiores
1661 945 1777 980 habere
1800 946 1937 987 parietes
1960 969 1971 986 ‚
2003 954 2038 978 ut
2062 946 2205 980 valvulas
2227 957 2358 990 quoque
2384 972 2394 987 ,

1400 990 1465 1023 visa
1489 989 1553 1023 est:
1579 990 1718 1032 amplior
1742 1000 1817 1023 vero
1841 989 1934 1023 Sinus
1957 989 2064 1023 cordis
2086 988 2205 1023 sinister
2216 1013 2237 1030 ‚.
2253 1001 2316 1032 qua
2340 1001 2395 1023 ve-

1398 1033 1492 1067 nosos
1515 1045 1531 1066 e
1555 1033 1707 1076 pulmone
1729 1033 1911 1075 excipiebat
1934 1043 2058 1066 ramos.
2085 1032 2232 1066 Valvulae
2265 1034 2395 1068 alterius

1397 1076 1541 1109 Mitralis
1564 1078 1650 1111 imus
1674 1076 1793 1111 limbus
1816 1076 1943 1109 crassior
1962 1075 2047 1109 fuit:
2073 1076 2322 1110 Semilunarium
2337 1087 2396 1118 ag÷

1397 1120 1525 1161 ger-ibus
1548 1129 1613 1153 non
1638 1130 1780 1162 magnae,
1805 1120 1858 1153 sed
1881 1118 2106 1159 craffiusculae,
2131 1121 2396 1154 increverantos-

1397 1163 1454 1196 seae
1477 1165 1701 1197 concretiones
1725 1188 1733 1195 .
1769 1164 1888 1205 Magna
1915 1173 2020 1196 tamen
2053 1164 2169 1196 arteria
2194 1163 2272 1197 illuc
2295 1163 2395 1206 usque

1397 1206 1480 1240 unde
1505 1205 1662 1241 finistram
1687 1208 1857 1240 emittebat
1882 1206 2100 1245 subclaviam,
2127 1206 2219 1242 sana.
2245 1208 2324 1241 Inde
2340 1218 2393 1240 ve-

1398 1261 1435 1283 ro
1460 1250 1545 1286 albas
1557 1251 1718 1285 ostendere
1741 1252 1774 1284 in
1788 1249 1870 1285 facie
1884 1251 2059 1290 interiore,
2082 1253 2113 1282 Sc
2126 1250 2297 1291 posteriore
2312 1261 2396 1292 prae-

1398 1292 1531 1333 sertim,
1555 1295 1694 1327 maculas
1718 1305 1782 1327 non
1807 1295 1885 1327 raris
1908 1294 2007 1334 locis,
2031 1294 2208 1335 incipiebat
2224 1306 2235 1325 .-
2257 1304 2395 1336 quarum

1398 1337 1581 1375 nonnullae,
1608 1340 1638 1370 &
1663 1338 1763 1380 prima
1789 1336 1986 1379 potissimum
2002 1363 2009 1377 ,
2033 1339 2066 1369 in
2091 1334 2207 1370 osseam
2230 1336 2393 1380 squamam
2434 1354 2435 1357 =

1394 1380 1677 1423 degeneraverant.
1703 1380 1927 1422 Respondebat
1951 1380 2005 1413 illa
2018 1381 2118 1416 prima
2131 1380 2235 1414 canali
2259 1381 2396 1414 arterio-

1398 1423 1454 1464 so,
1477 1424 1524 1457 ibi
1547 1425 1628 1458 olim
1653 1425 1801 1466 patenti,
1825 1435 1927 1464 nunc,
1953 1432 1989 1456 ut
2012 1424 2115 1464 solet,
2139 1423 2291 1461 occluso;
2315 1424 2395 1461 nisi.

1398 1467 1487 1510 quod
1511 1469 1543 1501 in
1567 1467 1630 1502 hoc
1653 1468 1813 1507 homine,
1837 1478 1910 1500 raro
1934 1468 2081 1509 exemplo
2096 1492 2104 1507 ,
2128 1467 2214 1509 ejus,
2239 1467 2321 1501 unde
2343 1468 2396 1500 in-

1401 1512 1502 1553 cipit,
1525 1511 1690 1544 orificium
1715 1513 1747 1544 in
1771 1511 1886 1544 arteria
1911 1510 2096 1545 Pulmonari
2120 1510 2211 1545 hians
2234 1510 2301 1544 vidi
2326 1531 2335 1548 ,
2361 1519 2397 1543 ut

1401 1552 1570 1597 specillum
1593 1555 1771 1588 immittere
1794 1553 1832 1589 ad
1856 1554 2077 1597 sesquilineam
2090 1554 2325 1588 Bononiensem
2339 1566 2396 1596 po-

1400 1598 1538 1632 tuerim.
1671 1599 1711 1632 In
1733 1599 1859 1633 Ventre
1882 1609 1952 1640 quae
1975 1608 2092 1640 praeter
2115 1607 2262 1632 naturam
2285 1597 2399 1636 essent,

1403 1640 1475 1675 haec
1497 1642 1648 1675 adnotavi
1663 1667 1671 1676 .
1695 1642 1797 1675 Renis
1821 1642 1987 1683 utriusque
2010 1640 2189 1682 superficies
2223 1640 2287 1675 fuit
2309 1641 2398 1683 quali

1403 1684 1581 1723 tuberosa3
1605 1685 1655 1719 sed
1677 1685 1814 1719 leviter:
1840 1685 1971 1718 alterius
1994 1685 2123 1726 insuper
2157 1685 2297 1727 quodam
2322 1686 2397 1717 loco

1404 1727 1608 1766 subfidebat,
1633 1730 1691 1770 qui
1712 1728 1803 1763 locus
1824 1728 1948 1761 ambitu
1971 1728 2230 1770 circumscriptus
2255 1736 2323 1761 erat
2334 1729 2398 1762 cir-

1403 1772 1492 1811 culi,
1516 1769 1607 1813 cujus
1629 1771 1782 1805 diameter
1805 1769 2019 1804 transversum
2040 1770 2182 1812 digitum
2218 1771 2362 1813 aequabat
2387 1783 2396 1806 3

1404 1814 1532 1848 suberat
1555 1815 1638 1848 renis
1662 1814 1857 1854 substantia,
1880 1815 1926 1847 ibi
1949 1813 2151 1853 duriuscula,
2175 1813 2212 1848 ad
2238 1814 2400 1847 modicam

1404 1867 1512 1891 tamen
1535 1857 1743 1892 altitudinem
1764 1884 1772 1892 .
1805 1857 1913 1892 Iliacae
1938 1860 2061 1891 arteriae
2085 1858 2186 1892 ambae
2212 1857 2360 1890 flexuosae
2385 1879 2395 1894 ‚

1380 1926 1382 1930 Α
1405 1912 1502 1944 atque
1515 1924 1524 1939 ,
1547 1910 1583 1935 ut
1598 1900 1638 1934 fic
1652 1900 1757 1937 dicam
1771 1923 1780 1939 ‚
1805 1901 1956 1935 varicosae
1967 1900 2064 1935 ferme
2075 1901 2171 1935 instar
2185 1901 2339 1943 Splenicae
2352 1911 2401 1934 ar-

2289 1945 2400 1977 Caere-

1402 1999 1437 2022 ra
1459 2000 1530 2032 quae
1552 1990 1586 2021 in
1609 1990 1761 2024 cadavere
1783 1989 1845 2024 hoc
1869 1989 2080 2032 perlustravi,
2105 1987 2234 2023 fuerunt
2248 1988 2333 2022 intra
2345 1998 2401 2021 na-

1402 2041 1482 2067 turae
1507 2031 1640 2066 modurn
1654 2056 1663 2066 .

1447 2087 1478 2116 5.
1501 2074 1601 2108 Unde
1623 2077 1822 2119 potiffimum
1844 2084 1934 2109 tanta
1959 2075 2119 2117 sanguinis
2141 2076 2234 2117 copia
2258 2076 2291 2109 in
2309 2076 2385 2109 Late

1403 2119 1485 2152 rales
1506 2118 1631 2153 cerebri
1655 2121 1852 2155 ventriculos
1873 2118 2023 2161 erupisset
2046 2140 2055 2155 ‚
2080 2120 2232 2161 plexuum
2255 2118 2383 2154 Choroi

1405 2162 1484 2196 dum
1498 2161 1687 2197 universalis
1709 2162 1945 2206 propemodum
1968 2162 2143 2197 destruffio
2153 2163 2296 2203 indicat,
2320 2174 2402 2205 quo-

1405 2216 1477 2240 rum
1502 2205 1574 2239 vasa
1598 2203 1730 2242 forsitan
1752 2206 1807 2242 hic
1829 2207 1898 2241 illic
1921 2206 2055 2240 dilatata
2077 2228 2087 2244 ,
2121 2216 2250 2248 repente
2272 2206 2404 2240 diffilie-

1406 2251 1474 2284 rint
1499 2273 1507 2281 .
1544 2249 1747 2286 Potiffimum
1769 2251 1837 2285 dixi
1859 2262 1869 2289 5
1902 2260 1975 2283 nam
2000 2250 2071 2283 vasa
2094 2261 2224 2294 quoque
2247 2251 2312 2292 aliav
2331 2256 2403 2293 quae

1408 2304 1467 2336 per
1491 2294 1748 2329 ventriculorum
1773 2294 1970 2330 Lateralium
1996 2293 2175 2338 superficies
2209 2293 2371 2328 ducuntur
2396 2318 2405 2333 ,

1409 2338 1444 2369 in
1468 2335 1583 2370 harum
1605 2337 1855 2379 dilaceratione,
1878 2349 1975 2377 quam
1999 2338 2163 2379 sanguinis
2186 2362 2194 2377 ,
2220 2350 2235 2371 e
2258 2337 2405 2379 plexibus

1409 2379 1572 2413 effluentis
1591 2405 1601 2421 ,
1633 2383 1772 2424 impetus
1795 2393 1860 2416 non
1884 2381 1987 2414 solum
2011 2403 2022 2420 ,
2046 2379 2099 2414 sed
2122 2382 2152 2413 ἃ
2175 2382 2269 2423 copia
2292 2380 2404 2414 distra-

1409 2423 1486 2457 hens
1509 2422 1649 2463 fecerit,
1671 2425 1739 2468 ipsa
1764 2427 1884 2469 pariter
1905 2424 2073 2459 dilacerari
2085 2424 2177 2470 simul
2200 2424 2380 2458 debuerunt
2395 2449 2403 2457 .

1409 2467 1626 2513 Veri-autem
1661 2468 1762 2503 simile
1794 2470 1839 2504 est
1861 2491 1871 2508 ‚
1907 2468 2070 2510 sanguinis
2094 2478 2251 2510 majorem
2282 2474 2405 2510 partem

1410 2522 1426 2543 e
1449 2510 1527 2542 vahs
1550 2511 1692 2546 dexteris
1704 2512 1836 2553 exiisse5
1859 2523 1933 2546 nam
1958 2524 1973 2544 a
1996 2511 2279 2546 dextrislaceratas
2290 2522 2403 2545 omnes

1409 2552 1614 2595 superficies,
1636 2558 1668 2588 δι
1692 2558 1821 2599 plexum
1845 2566 1953 2589 totum
1990 2553 2196 2597 absumptum
2230 2554 2371 2589 vidimus
2394 2580 2402 2587 .

1408 2597 1480 2629 Nec
1505 2608 1583 2630 vero
1605 2599 1692 2642 quod
1716 2611 1849 2643 magnus
1876 2599 1931 2632 ille
1955 2599 2117 2641 sanguinis
2139 2608 2272 2640 grumus
2304 2599 2338 2631 in
2364 2595 2404 2631 fi-

1411 2639 1507 2673 nistra
1534 2644 1654 2685 magis,
1677 2655 1775 2687 quam
1798 2646 1831 2677 in
1854 2642 1982 2677 dextera
2007 2649 2098 2685 parte
2121 2640 2220 2675 fuerit
2243 2667 2253 2684 ‚
2277 2641 2404 2676 obstare

1410 2682 1444 2716 id
1467 2685 1573 2718 credas
1596 2686 1673 2721 huic
1696 2687 1887 2735 conjefiurae
1912 2700 1922 2724 3
1955 2685 2005 2719 sed
2030 2685 2140 2728 potius
2163 2684 2268 2720 favere
2293 2710 2301 2719 .
2335 2687 2404 2718 Pri-

1410 2738 1463 2759 ma
1486 2728 1572 2761 enim
1597 2752 1607 2767 ,
1647 2733 1677 2763 δέ
1701 2742 1804 2773 major
1826 2729 1980 2763 resolutio
2001 2739 2075 2763 cum
2098 2729 2131 2762 in
2154 2729 2252 2763 latere
2288 2739 2406 2772 corpo-

1410 2773 1455 2804 ris
1479 2771 1547 2804 fieri
1578 2773 1781 2808 consueverit
1813 2772 1901 2817 quod
1933 2771 2056 2806 cerebri
2087 2771 2313 2815 hemisphaerio
2344 2782 2407 2813 op-

1410 2815 1546 2856 ponitur
1570 2817 1671 2859 magis
1694 2818 1768 2851 laeso
1791 2829 1801 2856 3
1840 2815 2026 2850 credibilius
2059 2815 2102 2849 est
2125 2838 2137 2855 ‚
2167 2815 2331 2850 hominem
2365 2815 2406 2848 si-

1410 2858 1597 2893 nistrorsum
1620 2861 1765 2896 cecidisse
1788 2865 1798 2901 (
1821 2860 1840 2893 b
1862 2864 1875 2898 )
1900 2882 1909 2898 ‚
1939 2859 2076 2901 ideoque
2107 2858 2266 2902 sanguinis
2304 2858 2406 2902 majo-

1409 2912 1476 2935 rem
1498 2905 1626 2944 copiam
1651 2926 1660 2941 ,
1695 2913 1851 2947 perrupto
1873 2903 2001 2938 Lucid·
2032 2901 2122 2945 septo
2145 2923 2155 2939 ‚
2190 2915 2206 2936 e
2242 2905 2405 2938 ventricu-

1415 2945 1448 2978 lo
1471 2944 1604 2980 dextero
1628 2948 1660 2980 in
1684 2947 1844 2984 sinistrum
1866 2943 2030 2981 defluxisse
2054 2971 2061 2979 .
2097 2946 2216 2980 Casum
2241 2956 2348 2981 autem
2372 2949 2407 2978 in

1415 2989 1578 3024 sinistrum
1602 2990 1685 3024 latus
1709 2991 1789 3025 illud
1812 2992 1910 3025 etiam
1932 2989 2053 3024 indicat
2076 2989 2164 3035 quod
2188 2989 2314 3033 sanguis
2348 2990 2406 3024 sub

1415 3033 1526 3066 Tenui
1560 3036 1709 3075 meninge
1739 3034 1856 3070 effusus
1889 3034 1922 3066 in
1948 3032 2063 3066 sinistri
2090 3035 2153 3066 suit
2188 3031 2405 3077 hemisphaerii

1414 3086 1505 3116 parte
1526 3098 1536 3115 ‚
1562 3088 1627 3111 non
1650 3078 1773 3112 dexteri
1798 3103 1807 3113 .
1829 3076 1932 3119 Cujus
1954 3078 1988 3110 in
2011 3089 2050 3110 eo
2074 3087 2202 3119 quoque
2225 3077 2327 3120 major
2349 3078 2407 3111 lae-

1415 3117 1461 3151 fio
1485 3119 1549 3154 fuit
1573 3145 1583 3160 ‚
1615 3120 1704 3165 quod
1737 3133 1796 3165 pro
1830 3121 1952 3154 Striato
1986 3130 2121 3163 corpore
2152 3120 2315 3155 mucosam
2348 3121 2408 3156 ha-

1415 3162 1488 3196 buit
1511 3162 1948 3207 substantiam.Cujusmodi
1971 3164 2186 3197 mutationem
2210 3165 2244 3198 in
2268 3163 2409 3199 substan-

1415 3206 1460 3238 tia
1483 3208 1601 3241 cerebri
1627 3231 1636 3246 ‚
1662 3209 1737 3242 alias
1759 3209 1810 3254 (c
1831 3211 1846 3248 )
1868 3207 1906 3240 ad
1929 3216 1961 3241 te
1985 3204 2164 3249 scripsimus
2185 3229 2197 3247 ,
2220 3219 2285 3241 non
2312 3207 2407 3242 semel

1416 3259 1433 3281 a
1456 3251 1547 3283 nobis
1581 3251 1672 3285 fuisse
1693 3250 1918 3294 deprehensam
1938 3275 1946 3282 .
1981 3252 2035 3283 An
2059 3262 2134 3284 vero
2159 3250 2208 3284 bis
2229 3251 2406 3294 praegreffae

1413 3292 1447 3325 in
1470 3292 1531 3327 hoc
1553 3293 1685 3329 homine
1708 3295 1882 3337 apoplexiae
1905 3294 1964 3328 ista
1979 3295 2119 3327 mutatio
2133 3292 2261 3328 effeetus
2284 3305 2321 3329 ex
2336 3307 2408 3337 par-

1417 3344 1449 3371 te
1472 3335 1593 3374 fuerit,
1617 3350 1656 3372 an
1683 3338 1829 3372 vasorum
1853 3338 2023 3376 dilatatio,
2050 3348 2088 3369 an
2112 3337 2249 3371 laxiores
2272 3339 2407 3372 redditae

1403 1947 1515 1979 teriae:
1540 1945 1575 1978 in
1597 1943 1719 1979 sinistra
1744 1945 1810 1979 vidi
1834 1944 1994 1978 lamellam
2017 1945 2157 1979 osseam.

1416 3389 1512 3413 certae
1534 3381 1679 3423 quaedam
1703 3381 1825 3414 cerebri
1847 3391 1976 3422 partes,
1999 3391 2073 3414 cum
2096 3392 2156 3423 pro
2179 3390 2269 3416 certo
2291 3381 2406 3416 defini-
2456 3403 2461 3408 »

1415 3434 1447 3456 re
1469 3434 1533 3457 non
1558 3425 1675 3464 liceat;
1697 3426 1734 3458 ad
1759 3425 1887 3458 tertiam
1910 3423 2038 3468 praestat
2063 3423 2243 3467 apoplexiae
2280 3424 2407 3468 sangui-

1414 3475 1480 3498 neae
1503 3466 1669 3500 historiam
1693 3467 1845 3501 transire.

1455 3510 1485 3540 6-
1511 3511 1740 3546 MULIER
1766 3512 1918 3554 pinguis,
1944 3513 1976 3545 &
1999 3511 2118 3553 semper
2134 3535 2145 3552 ‚
2167 3518 2325 3553 quantum
2340 3523 2405 3545 no-

1412 3553 1440 3586 ti
1473 3556 1685 3589 meminerant
1707 3578 1722 3596 ,
1764 3554 1875 3590 clauda
1896 3578 1911 3596 ,
1954 3564 2053 3589 annos
2087 3563 2162 3587 nata
2196 3553 2404 3631 quingng-{k

356 3707 2398 3724 mmmm

431 3792 443 3820 (
458 3791 471 3816 b
487 3790 501 3820 )
519 3790 578 3814 Vid.
593 3792 704 3821 Epist„-
721 3801 749 3819 n.
766 3802 803 3824 ²5.
819 3794 841 3819 ἃ
858 3792 932 3823 Epist.
949 3799 971 3823 3-
989 3798 1014 3818 n·
1033 3800 1073 3823 14·

1132 3795 1147 3824 ζ
1160 3798 1175 3816 c
1193 3792 1207 3821 )
1223 3791 1297 3822 Epist.
1314 3799 1339 3822 9.
1354 3799 1378 3816 n·
1395 3793 1435 3817 16.
1451 3789 1475 3815 ἃ
1491 3788 1550 3820 seqq.
