2498 4075
432 159 525 215 180

358 225 477 281 astoloffi
499 238 600 279 capite
622 232 869 276 extra‘inenfizm
883 257 894 273 ,
916 240 1064 266 veternus
1088 232 1181 266 illum
1193 228 1355 276 opp7⁴cffi133

363 290 399 316 at
423 281 522 317 erectio
546 279 647 320 capite
661 301 673 317 ,
691 278 872 320 finiftraque
895 282 1004 318 aperta
1027 277 1183 315 carmide,
1219 272 1359 314 molofflus

354 325 394 368 se
411 323 445 366 fi?
469 322 609 364 concuffit
632 322 673 354 (Φ
696 321 890 363 exagitavit.
917 320 1029 360 Neque
1052 318 1178 361 prorsus
1210 316 1363 350 filendum

360 367 428 406 est',
452 364 768 408 Experientiffirnum
792 364 910 396 Virum
928 363 1124 397 >Lamurium
1147 365 1237 400 (0),
1261 371 1362 402 quan-

359 421 456 451 quam
480 420 543 442 non
568 420 605 441 ex
629 405 798 449 proposito
833 405 866 439 id
900 407 1063 448 quaerebat
1086 428 1095 441 ,
1144 411 1172 437 ἃ
1219 404 1361 445 perbrevi

357 463 502 495 tempore
526 451 685 494 spectabat
707 463 717 489 5
741 461 816 483 cum
845 447 1017 483 earundem
1051 449 1236 481 arteriarum
1271 457 1363 479 trun-

357 508 413 529 cos
459 495 586 529 robusto
629 495 699 527 cani
743 492 910 534 obligasset
947 514 960 531 ‚
1003 492 1089 529 hunc
1136 492 1169 524 in
1215 490 1362 532 soporem

356 538 520 577 incidisse.

404 595 454 624 25.
481 586 570 615 Inter
588 582 804 623 experimenta
817 579 895 611 adeo
906 576 1118 620 discrepantia
1132 601 1144 618 ,
1169 577 1276 619 accipe
1293 589 1362 619 quae

359 626 532 666 ‘'Valsalva,
556 625 589 657 id
613 635 737 662 unum,
761 626 794 656 &
818 634 855 655 ex
891 623 1060 663 proposito
1091 631 1233 663 quaerens
1254 644 1267 661 ,
1298 632 1362 653 non

359 670 475 706 semel,
499 668 548 703 sed
573 677 620 700 ter
646 667 807 706 instituit,
831 678 886 698 nec
899 664 1010 705 brevi,
1036 664 1086 697 sed
1099 665 1241 706 longiori
1263 675 1363 706 quam

357 714 467 756 quivis
491 713 588 748 alius,
613 710 700 753 quod
724 709 819 742 sciam
834 733 844 749 ,
869 710 1025 750 temporis
1050 707 1155 749 spatio
1178 710 1362 748 protraxit,

359 756 543 789 adnotando
568 764 637 787 tum
663 755 694 786 in
728 753 914 785 viventibus
947 752 1079 784 canibus
1101 774 1112 790 ,
1145 760 1214 783 tum
1249 749 1361 783 deinde

359 801 457 832 etiam
480 800 514 832 in
538 798 698 836 mortuis,
721 795 807 837 quod
832 796 870 828 ab
893 796 1016 828 nemine
1037 794 1095 836 qui
1119 793 1153 827 id
1177 804 1276 827 unum
1310 806 1362 827 ex-

359 844 571 884 perimentum
597 840 788 880 susceperit,
813 837 935 872 fastum
960 838 1046 880 legi3
1071 847 1144 870 nam
1176 838 1362 874 Drelincur-

361 887 425 919 tius
448 886 505 928 (p
529 889 538 923 )
564 886 597 916 in
622 883 734 917 eodem
767 881 905 915 molosso
938 890 990 913 tot
1024 880 1115 914 simul
1151 889 1330 929 tentaverat
1355 905 1364 921 ,

358 939 395 962 ut
420 940 517 972 pauca
540 939 608 969 quae
633 939 671 959 ex
695 935 825 959 mortuo
848 923 1038 967 descripsit,
1061 925 1126 957 alio
1150 925 1365 967 potiusquam

357 971 445 1012 huc,
469 970 631 1005 referenda
654 969 712 1004 esse
734 969 924 1003 videantur.
1059 969 1166 1010 Igitur
1188 979 1261 1000 curn
1287 968 1366 1001 Val-

358 1016 445 1049 salva
468 1013 659 1048 Carotidem
684 1023 853 1056 utramque
878 1012 1029 1044 arteriam
1063 1013 1097 1044 in
1130 1011 1217 1043 collo
1253 1011 1366 1044 infimo

355 1061 428 1095 ⁷cani
453 1057 642 1101 obligasti-t,-
665 1067 791 1091 artuum
817 1065 921 1089 motus
946 1054 1029 1088 nihil
1053 1054 1241 1088 detrimenti
1266 1052 1366 1097 passus

357 1102 420 1138 est:
448 1100 615 1135 demissum
638 1111 742 1136 tarnen
766 1099 911 1133 manebat
933 1108 1053 1141 caput,
1087 1101 1120 1133 ,δε
1152 1097 1236 1139 quali
1271 1097 1368 1131 obtu-

357 1145 427 1179 sum
452 1145 640 1190 apparebat.
667 1145 854 1186 insequente
879 1152 983 1175 autem
1008 1142 1125 1178 noste,
1150 1141 1251 1173 multa
1266 1152 1367 1174 exore

359 1190 455 1222 saliva
478 1188 607 1225 emissa,
631 1200 722 1221 mane
744 1187 808 1229 jam
833 1185 1024 1219 hebetudine
1048 1185 1104 1217 illa
1128 1183 1280 1223 discussa,
1315 1184 1366 1218 hi-

356 1233 417 1265 lari
443 1233 570 1275 aspcc⁶tu
594 1233 682 1265 canis
705 1230 815 1264 oblata
839 1229 927 1263 avide
950 1227 1163 1263 comedebat,
1197 1239 1270 1261 cum
1304 1228 1366 1261 ali-

353 1288 416 1318 qua
441 1286 547 1309 tamen
573 1277 606 1307 in
630 1273 841 1316 deglutiendo
865 1271 1076 1306 difficultate.
1111 1272 1164 1307 Sic
1196 1271 1364 1306 commode

356 1321 499 1363 quinque
523 1319 589 1352 dies
613 1319 721 1358 vixit,
744 1328 852 1349 omnes
876 1327 934 1358 pro
959 1327 990 1349 re
1012 1324 1085 1348 nata
1109 1322 1212 1356 partes
1247 1326 1365 1357 corpo-

357 1365 399 1397 ris
423 1361 572 1405 expedite
596 1360 778 1398 movendo3
804 1363 835 1392 ὃς
860 1371 916 1403 per
940 1358 1019 1392 aedes
1053 1357 1245 1391 ambulando
1269 1384 1274 1390 .
1310 1360 1366 1391 In-

355 1417 442 1441 terea
463 1417 537 1439 vero
560 1405 674 1446 labia,
694 1408 724 1438 &
749 1413 867 1446 caput,
892 1407 921 1436 δε
956 1401 1035 1435 colli
1069 1403 1226 1434 anteriora
1263 1413 1367 1438 tume-

355 1462 388 1484 re
412 1458 599 1492 coeperant:
626 1452 658 1482 ἃ
682 1448 838 1492 qufflnvis⁴
857 1446 914 1481 seri
941 1456 1089 1488 magnam
1114 1446 1242 1487 copiam
1266 1457 1303 1479 ex
1313 1456 1366 1478 ore

352 1494 537 1530 emitterem
562 1503 668 1526 tamen
694 1493 796 1533 magis
822 1492 945 1532 semper
968 1489 1126 1526 crescente
1150 1498 1275 1524 tumore
1297 1512 1307 1527 ,
1331 1500 1366 1526 ac

355 1537 480 1571 viribus
504 1536 664 1578 paulatim
688 1533 930 1573 deficientibus,
953 1533 1043 1571 sexto
1068 1531 1233 1565 obiitdie.

353 1583 392 1614 In
416 1580 547 1614 diss'ecto
568 1581 654 1613 collo
681 1588 840 1622 repertum
863 1577 926 1616 est,
951 1578 1065 1610 laceras
1087 1575 1238 1618 quasdam
1261 1585 1366 1618 partes

352 1635 523 1668 gangraeua
547 1623 667 1656 tentari
692 1632 815 1664 coeptas
839 1620 920 1655 esse:
945 1620 1031 1654 nihil
1056 1629 1163 1653 autern
1197 1630 1252 1663 per
1286 1631 1364 1652 con-

356 1669 479 1701 striftns
505 1669 633 1700 arterias
660 1677 763 1699 meare
786 1664 824 1698 ad
847 1673 944 1706 caput
978 1662 1118 1706 potuisse
1142 1687 1149 1693 .
1193 1663 1364 1708 Jugulares

354 1715 493 1747 Internae
520 1709 672 1744 nonnihil
699 1709 861 1751 sanguinis
885 1705 1032 1749 grumos]
1068 1706 1224 1741 habebant
1246 1718 1256 1744 ,-
1289 1717 1363 1738 cum

353 1767 439 1788 vena:
465 1763 584 1789 caeterae
602 1778 614 1794 ,
639 1763 837 1796 quaecunque
860 1763 916 1794 per
939 1760 1059 1792 caput,
1082 1759 1172 1782 extra
1197 1760 1364 1788 cranium,

353 1800 525 1837 seruntur,
550 1798 697 1840 plurimo
722 1797 871 1837 sanguine
894 1803 1071 1827 tumerent.
1087 1793 1146 1826 Sed
1171 1804 1286 1835 paucus
1299 1803 1364 1826 erat

355 1845 390 1876 in
414 1841 493 1875 valis
516 1842 656 1877 cerebri,
683 1840 808 1883 egregie
832 1839 979 1881 alioquin
1003 1836 1031 1870 se
1057 1836 1203 1869 habentis
1227 1862 1233 1866 .

355 1890 392 1922 In
418 1884 557 1919 dextero
581 1884 689 1921 cordis
713 1883 896 1916 ventriculo
920 1882 1056 1915 initium
1079 1880 1295 1912 concretionis
1307 1890 1366 1921 po-

355 1928 494 1973 lyposae.
628 1928 778 1968 Denique
802 1935 910 1960 tumor
932 1926 989 1968 qui
1014 1932 1119 1967 partes
1142 1934 1249 1955 omnes
1269 1933 1365 1955 occu-

353 1976 448 2017 pabat
472 1972 575 2012 colli,
600 1975 632 2004 &
655 1972 774 2012 capitis
800 1971 995 2009 exteriores,
1019 1967 1179 2008 stagnante
1202 1965 1295 1999 fiebat
1319 1965 1363 1998 se-

353 2030 412 2059 ro,
436 2015 524 2059 quod
547 2015 655 2048 colore
681 2018 710 2046 &t
735 2015 939 2047 concretione
969 2010 1143 2054 gelatinam
1176 2008 1329 2042 referebat
1354 2034 1360 2043 .

483 2060 565 2094 Haec
587 2070 657 2101 quae
682 2057 845 2091 noviisime
871 2055 1021 2089 Valsalva
1034 2053 1274 2092 observaverat,
1288 2063 1362 2085 cum

354 2119 413 2150 per
438 2107 560 2138 litteras
584 2100 775 2143 Malpighio
799 2097 1019 2142 fignificasset5
1051 2098 1169 2139 gratias
1206 2095 1260 2130 liic
1295 2096 1363 2137 egit

356 2148 486 2192 epistt—la
502 2170 513 2186 ,
537 2145 632 2188 paulo
656 2144 823 2188 postquam
847 2144 986 2177 Romam
1009 2150 1134 2173 venerat
1150 2164 1162 2180 ,
1190 2138 1264 2173 data
1297 2141 1364 2181 pri·-

353 2193 405 2226 die
439 2192 513 2225 idus
550 2188 742 2222 Decembres
779 2188 822 2221 A.
862 2189 951 2227 1691.
996 2183 1152 2228 fimulque
1198 2183 1238 2217 ad
1269 2193 1363 2225 expe-

356 2239 533 2271 timentum
576 2231 679 2266 rursus
703 2255 715 2272 ,
759 2242 814 2264 nec
859 2229 950 2262 semel
973 2252 983 2265 ,
1007 2227 1185 2260 iterandum
1217 2226 1364 2260 hortatus

354 2281 397 2314 rst-
424 2304 434 2319 ,
466 2275 598 2312 videndi
644 2275 733 2308 causa
756 2298 768 2314 ,
813 2284 892 2307 num
917 2273 1036 2313 semper
1059 2271 1115 2304 illa
1139 2269 1226 2313 quasl
1246 2269 1363 2313 gelati-

361 2335 400 2356 na
426 2328 632 2359 occurreret,
655 2327 833 2361 >exteraque
857 2316 895 2351 ad
920 2315 1054 2353 eundem
1078 2314 1212 2353 modum
1236 2313 1367 2358 respon*

356 2367 485 2403 derent.
785 2363 787 2365 ’

405 2414 455 2447 ;6.
483 2412 596 2451 Itaque
621 2406 712 2439 alteri
739 2405 812 2439 cani
846 2403 966 2437 easdem
998 2403 1140 2436 vinculis
1176 2400 1368 2433 constrinxit

358 2455 493 2489 arterias
512 2466 521 2484 .·
545 2449 739 2492 eandemque
765 2449 878 2491 primis
902 2447 1014 2481 diebus
1049 2445 1134 2478 vidit
1166 2445 1282 2484 capitis
1315 2442 1368 2474 de-

359 2497 535 2533 rniffionem
553 2520 561 2535 ,
585 2493 695 2536 quod,
721 2502 756 2526 ut
780 2492 902 2525 collum
926 2501 1078 2534 quoque,
1101 2486 1254 2522 nonnihil
1277 2488 1367 2519 intu-

362 2550 509 2580 muerat,
534 2537 724 2579 eandemque
754 2537 786 2568 in
810 2535 884 2567 cibo
908 2533 1063 2577 capiendo
1085 2531 1301 2570 aviditatem,
1333 2530 1367 2561 in

357 2583 569 2626 deglutiendo
594 2590 702 2613 autem
726 2578 949 2614 difficultatem
972 2575 1218 2611 animadvertit:
1253 2582 1369 2616 praete-

358 2641 411 2663 rea
437 2625 638 2661 manifestam
663 2623 884 2658 musculorum
908 2621 1131 2655 debilitatem.
1157 2618 1215 2651 Sed
1249 2615 1370 2650 accide-

358 2675 412 2707 bat
436 2671 538 2713 saepe,
562 2677 598 2701 ut
623 2666 751 2709 sanguis
776 2677 791 2697 e
816 2666 946 2699 vulnere
972 2672 1138 2700 manaret:
1174 2660 1261 2705 quod
1295 2671 1369 2693 cum

360 2716 457 2752 fiebat
474 2738 486 2754 ,
507 2713 594 2746 canis
618 2723 655 2743 eo
690 2710 742 2744 die
766 2708 934 2751 respuebat
960 2710 1097 2742 omnino
1119 2705 1228 2739 cibum
1244 2726 1254 2741 ,
1276 2715 1371 2746 quem

359 2757 513 2804 postridie
537 2780 551 2797 ,
583 2753 820 2796 conquiescente
845 2751 995 2794 sanguine
1015 2778 1023 2790 ‚
1055 2751 1203 2792 vegetior
1235 2747 1338 2782 faetus
1363 2771 1373 2787 ‚

360 2801 531 2837 avidiffime
556 2797 745 2843 appetebat.
772 2799 829 2828 Per
852 2794 921 2829 haec
946 2796 1065 2830 exastis
1078 2793 1189 2826 diebus
1203 2791 1346 2834 pluribus
1361 2814 1373 2830 ,

358 2858 432 2881 cum
453 2844 579 2886 sanguis
602 2842 739 2874 omnino
763 2839 892 2873 effluere
916 2837 1081 2872 destitisset
1096 2861 1105 2876 ‚
1131 2839 1162 2870 &
1186 2836 1272 2868 canis
1285 2845 1372 2876 :eque

361 2887 598 2934 propemodum
622 2883 687 2926 jam
711 2884 855 2921 valeret,
879 2894 913 2915 ac
937 2891 1106 2926 antequam
1130 2879 1254 2912 arteriae
1288 2877 1373 2909 obli-

360 2940 533 2975 garentur,
561 2926 713 2970 vigefirno
737 2926 871 2961 secundo
894 2938 932 2960 ex
957 2938 1025 2969 quo
1048 2927 1082 2959 id
1097 2923 1231 2957 *factum
1243 2920 1372 2961 fuerat³

365 2977 514 3018 superato
539 2970 615 3010 die,
638 2979 766 3003 necatus
792 2982 806 3002 a
832 2969 979 3014 Valsalva
994 2995 1005 3010 ,
1030 2966 1192 3010 sthusque
1214 2964 1277 3001 est.

362 3016 558 3053 Carotidum
583 3015 679 3047 altera
703 3013 787 3046 infra
813 3013 966 3054 injectum
991 3013 1158 3046 vinculum
1181 3011 1280 3043 levem
1307 3020 1325 3050 p

363 3063 394 3099 sa
418 3061 667 3095 lacerationem,
696 3056 881 3099 sanguinem
905 3057 980 3089 illac
1004 3056 1081 3099 saepe
1105 3053 1252 3091 fuderat,
1273 3052 1374 3085 donec

364 3106 475 3150 paucis
499 3111 571 3136 ante
595 3110 733 3134 mortem
755 3098 866 3145 diebus
891 3099 933 3132 fic
960 3100 1034 3133 satis
1058 3098 1216 3141 glutinata
1228 3096 1290 3128 est.
1316 3095 1374 3128 Sed

394 3162 431 3182 ua
455 3146 590 3180 vinculo
614 3144 794 3179 consiti&ae
821 3144 972 3183 fuerant,
995 3142 1095 3176 ambae
1118 3140 1271 3174 connexis
1291 3140 1375 3171 inter

382 3204 396 3225 e
419 3189 597 3234 parietibus*
617 3189 651 3221 in
676 3188 887 3231 ligamentum
908 3186 1118 3220 induruerant
1143 3183 1237 3216 instar
1266 3181 1373 3216 umbi-

369 3236 516 3270 licalium
539 3234 689 3267 vasorum
701 3255 712 3271 ,
738 3239 773 3264 ut
787 3229 868 3262 nihil
881 3227 1026 3263 humoris
1041 3254 1050 3269 ,
1074 3228 1156 3261 nihil
1173 3229 1251 3260 aeris
1263 3225 1375 3267 injeeti

370 3277 602 3314 transmiserint:
616 3280 678 3315 (tu
689 3274 796 3318 quales
809 3273 996 3307 Swietcnius
1007 3278 1015 3312 (
1028 3276 1070 3313 q)
1084 3295 1091 3308 ,
1103 3275 1134 3304 &
1145 3271 1253 3313 quales
1265 3270 1377 3302 Emet-

370 3333 421 3357 tus
431 3325 474 3362 (r)
485 3317 756 3362 deprehenderint
770 3342 777 3356 ‚
791 3316 875 3358 apud
888 3317 974 3358 iplos
988 3317 1153 3353 videbis).
1180 3316 1295 3355 Neque
1308 3312 1379 3345 ullae

371 3376 476 3401 tamen
490 3363 614 3397 arteriae
629 3363 698 3395 aliae
709 3385 721 3401 ,
733 3365 762 3394 &
778 3361 974 3393 nominatim
988 3358 1187 3393 Vertebrales
1199 3380 1210 3396 ,
1233 3356 1324 3390 factae
1344 3366 1381 3388 ne

372 3408 516 3453 pauxillo
528 3404 657 3448 quidem
672 3413 758 3438 erant
772 3404 897 3437 latiores
914 3427 919 3432 .
1033 3405 1069 3435 In
1084 3401 1211 3435 cerebro
1222 3399 1303 3433 nihil
1317 3397 1383 3432 fuit

376 3452 587 3485 adnotatione
611 3448 768 3490 dignum,
792 3446 849 3480 nisi
877 3444 966 3490 quod
988 3447 1070 3479 circa
1085 3444 1223 3488 Spinalis
1236 3441 1381 3477 medullae

374 3495 506 3530 initium
517 3501 657 3535 repertus
669 3491 710 3524 est
723 3492 863 3529 humor,
873 3488 963 3532 cujus
978 3490 1099 3529 pondus
1113 3489 1242 3521 tertiam
1252 3488 1382 3519 circiter

377 3539 476 3574 unciae
501 3546 622 3578 partem
645 3544 806 3579 aequaret,
829 3543 941 3569 natura
966 3542 1071 3566 autem
1084 3529 1380 3575 periimilisvidere-

1328 3006 1374 3040 as-

922 154 1087 213 ,Liber
1122 152 1190 204 lt.
1224 152 1308 203 De
1344 148 1552 203 Morbis
1584 147 1842 202 Thoracis

1406 237 1460 277 tur
1491 225 1638 263 humoris
1670 226 1758 262 illius
1801 227 1856 269 qui
1881 226 1915 258 in
1958 235 2036 260 cavo
2066 226 2280 261 articulorum
2300 235 2417 260 occur-

1411 280 1455 304 r1t
1470 294 1480 305 ,a

1455 324 1507 356 27.
1532 314 1572 347 In
1594 323 1687 354 parva
1708 324 1836 355 quoque
1857 312 1972 345 catella
1988 335 2000 352 ,
2021 313 2138 346 vinctis
2163 314 2288 354 arteriis
2313 313 2418 345 Caro-

1412 357 1534 391 tidibus
1558 380 1566 394 ,
1606 355 1672 388 haec
1695 355 1872 388 observavit
1894 381 1900 387 .
1939 356 2100 394 Prioribus
2123 356 2250 396 canibus
2275 356 2418 398 vegetior

1413 400 1496 435 fuit.
1524 398 1584 447 Sed
1608 398 1777 438 triduum,
1799 397 1883 435 haud
1900 400 2036 441 amplius
2051 422 2063 439 ,
2084 401 2193 439 vixit,
2215 399 2324 433 cibum
2336 398 2417 434 sem-

1414 455 1467 487 per
1489 452 1623 474 omnmo
1646 444 1805 479 aversata,
1827 445 1858 475 &
1881 442 2019 484 quadam
2041 443 2128 485 quasi
2154 443 2238 476 rabie
2261 443 2381 485 percita
2405 466 2415 481 ,

1413 496 1449 522 ,ut
1473 496 1582 519 omnes
1607 485 1766 518 allatraret
1789 511 1796 517 .
1829 485 1970 519 Diss'esta
1992 484 2075 518 nihil
2100 485 2251 528 adnotatu
2284 486 2418 528 dignum

1414 531 1556 563 obtulit:
1580 540 1763 572 quanquam
1777 530 1945 564 Carotides
1968 531 2001 563 in
2023 528 2083 564 hac
2105 531 2224 572 pariter
2236 531 2319 565 arete
2339 540 2417 565 con·

1414 573 1529 607 {tristae
1553 581 1682 614 repertae
1707 572 1777 605 sunt
1792 595 1799 602 .
1973 587 1974 591 =

1458 617 1509 653 28-
1535 616 1615 664 Non
1637 617 1726 659 parvi
1751 615 1907 649 momenti
1929 614 1982 660 est·
1995 627 2053 658 pro
2076 616 2229 658 Caleno,
2251 616 2289 650 de
2312 617 2417 654 tribus

1411 660 1543 693 canibus
1575 670 1608 691 1n
1631 659 1748 702 quibus
1780 658 1930 694 Valsalva
1953 670 2021 699 ejus
2052 660 2184 692 iteravit
2217 661 2419 703 experimen.

1413 713 1502 742 tum,
1525 714 1563 735 ne
1584 713 1683 735 unum
1705 701 1836 745 quidem
1858 700 1949 735 fuisse
1971 704 2029 745 qui
2050 713 2104 736 aut
2119 702 2229 746 sopore
2246 727 2259 744 ,
2281 713 2335 738 aut
2358 705 2418 738 ob-

1412 747 1618 780 mutescentia
1641 747 1873 787 corriperetur.
1900 745 1988 780 Nam
2010 747 2099 788 quod
2121 747 2273 783 latratum
2296 749 2329 782 in
2349 750 2417 792 pri-

1414 791 1474 824 mis
1497 788 1623 825 duobus
1646 799 1710 821 non
1731 789 1921 821 memoravit
1940 812 1950 829 ,
1984 790 2053 821 noli
2075 790 2150 824 ideo
2171 790 2293 823 credere
2320 815 2330 831 ,
2364 791 2417 826 de-

1415 832 1529 874 fuisse5
1552 844 1626 866 cum
1648 831 1753 865 videas
1777 833 1810 865 in
1832 831 1943 865 catella
1967 831 2054 874 ipsa,
2079 832 2137 866 nisi
2161 843 2196 867 ut
2220 833 2353 877 quadam
2369 847 2418 870 ra-

1415 879 1467 911 bie
1490 879 1644 919 percitam
1665 873 1856 918 significaret
1878 900 1887 914 ‚
1920 886 1984 908 non
2007 873 2098 910 fuisse
2130 888 2382 912 memoraturum
2404 902 2418 920 ,

1416 923 1451 955 in
1474 921 1599 955 duobus
1622 929 1725 953 autem
1748 918 1908 961 prioribus
1930 919 1979 951 vel
2003 918 2163 961 quandam
2185 922 2219 953 in
2235 921 2418 963 deglutien-

1417 965 1461 1000 do
1485 963 1732 1009 difficultatem,
1756 962 1795 998 ab
1818 962 1908 999 aliis,
1931 961 2017 1004 quod
2041 962 2136 996 sciam
2154 989 2162 1003 ‚
2187 975 2249 998 non
2274 965 2418 999 animad-

1417 1008 1557 1047 versam,
1581 1007 1759 1046 adnotasse,
1782 1006 1906 1042 indicio
1930 1004 2177 1040 manifestiffimo
2197 1029 2206 1045 ,
2240 1017 2333 1041 tanto
2355 1011 2417 1042 mi-

1418 1063 1475 1085 nus
1498 1051 1775 1093 praetermissurum
1794 1074 1807 1090 ,
1830 1048 1916 1092 fiqua
1939 1047 2046 1085 fuisset
2064 1073 2077 1090 ,
2115 1050 2264 1086 omnibus
2286 1053 2320 1086 in
2342 1063 2418 1087 cane

1418 1095 1585 1128 observatu
1609 1094 1735 1132 facilem
1758 1094 1845 1126 vocis
1868 1094 2154 1135 imminutionem,
2177 1105 2243 1127 non
2265 1096 2364 1130 modo
2387 1108 2419 1130 a-

1416 1138 1626 1175 bolitionem.
1758 1139 1919 1169 Caeterum
1941 1148 1979 1169 ex
2001 1137 2042 1170 iis
2065 1147 2136 1181 quae
2159 1137 2347 1179 adnotavit,
2372 1141 2423 1174 vi-

1417 1181 1532 1215 dentur
1555 1180 1702 1225 quasdam
1725 1180 1763 1213 ad
1788 1181 1978 1222 peculiarem
2001 1179 2200 1222 singulorum
2214 1193 2328 1217 canum
2355 1184 2420 1217 dis-

1417 1224 1610 1269 positionem
1634 1223 1831 1267 potiffirnum
1855 1225 2006 1261 attinere,
2031 1235 2066 1259 ut
2078 1224 2163 1266 quod
2178 1226 2300 1259 'catella
2313 1227 2421 1261 cibum

1419 1269 1575 1310 respueret
1599 1292 1606 1306 ,
1642 1280 1676 1301 ac
1701 1267 1811 1302 rabida
1844 1266 2091 1309 quodammodo
2113 1267 2185 1301 esset
2209 1294 2218 1309 ,
2254 1279 2309 1303 aut
2331 1272 2421 1315 quod

1419 1314 1541 1356 primus
1562 1312 1616 1346 ille
1638 1312 1726 1345 canis
1750 1318 1863 1353 praeter
1885 1322 2032 1353 magnam
2054 1312 2120 1344 vim
2142 1311 2288 1347 humoris
2308 1324 2347 1349 ex
2367 1326 2422 1349 ore

1417 1355 1556 1392 emissam
1570 1380 1583 1397 ,
1605 1355 1675 1392 sero
1696 1354 1856 1397 stagnante
1871 1354 2032 1388 tumidum
2054 1355 2131 1387 adeo
2142 1356 2287 1397 collum,
2309 1367 2423 1400 caput-

1417 1411 1479 1443 que
1500 1399 1627 1434 haberet
1647 1413 1677 1445 5-
1694 1398 1750 1432 nifi
1773 1397 1858 1431 forte
1881 1398 1967 1431 dicas
1990 1421 2000 1436 ,
2036 1398 2181 1433 catellam
2203 1400 2302 1433 citius
2325 1412 2423 1443 quam

1419 1443 1486 1478 haec
1510 1443 1578 1477 fieri
1603 1444 1745 1485 possent,
1771 1441 1945 1479 interiiss'es
1969 1441 2112 1475 inaltero
2134 1452 2240 1477 autem
2254 1455 2325 1476 cane
2348 1456 2423 1479 cum

1419 1488 1537 1522 fluente
1561 1487 1671 1527 saepius
1695 1486 1844 1527 sanguine
1864 1508 1877 1526 ,
1911 1484 1971 1518 seri
1994 1487 2091 1518 etiarn
2126 1495 2246 1528 partem
2270 1499 2325 1530 per
2355 1489 2424 1531 pla-

1417 1542 1490 1574 gam
1514 1529 1621 1564 exiisse
1639 1554 1652 1570 ,
1675 1538 1710 1566 ut
1732 1539 1840 1562 tumor
1862 1529 1920 1570 qui
1943 1529 1977 1561 in
2000 1528 2071 1570 ipso
2082 1531 2344 1572 quoqueoattolli
2355 1542 2423 1565 coe-

1416 1583 1503 1618 perat
1517 1598 1529 1616 ,
1551 1584 1614 1607 non
1637 1572 1770 1619 crescere
1791 1594 1801 1610 ,
1833 1571 1882 1605 sed
1907 1571 2078 1607 decrescere
2102 1575 2211 1618 potius
2242 1574 2390 1610 debuerit
2413 1604 2422 1613 ‚

1417 1620 1494 1654 Sane
1519 1627 1571 1652 aut
1595 1615 1896 1662 aliquid-ejusmodi
1915 1639 1927 1655 ,
1963 1625 2017 1649 aut
2040 1616 2101 1648 alia
2125 1617 2159 1649 in
2182 1617 2254 1650 aliis
2278 1630 2422 1661 quorun-

1417 1663 1490 1695 dam
1506 1662 1655 1694 vasorum
1678 1658 1847 1700 dispositio
1871 1658 2000 1693 videtur
2025 1657 2174 1698 effecisse,
2200 1672 2238 1694 ne
2262 1662 2424 1697 eodemo..

1417 1716 1504 1739 mnes
1530 1714 1655 1737 tumore
1679 1702 1874 1734 afficerentur
1896 1725 1908 1741 ,
1942 1701 1962 1735 fi
1986 1713 2058 1735 vera
2092 1701 2187 1744 hujus
2221 1704 2311 1738 causa
2333 1706 2375 1740 est
2406 1719 2423 1742 a

1416 1748 1564 1782 Valialva
1588 1749 1622 1780 in
1647 1748 1753 1788 priore
1774 1755 1849 1778 caue
1873 1747 2054 1787 excogitata
2077 1745 2159 1788 (s)
2182 1772 2191 1781 .
2216 1748 2353 1784 Putabat
2375 1751 2426 1782 vi-

1418 1792 1559 1831 delicet,
1582 1790 1709 1826 sublato
1735 1788 1896 1831 sanguinis
1919 1799 1973 1829 per
1996 1791 2124 1822 arterias
2147 1791 2286 1833 impulsu
2306 1815 2319 1831 ,
2353 1804 2424 1827 eum

1419 1847 1513 1878 quem
1540 1833 1771 1878 respondentes
1794 1843 1878 1865 venae
1911 1831 2030 1866 terrent
2050 1855 2060 1871 ,
2093 1834 2128 1866 in
2150 1832 2202 1867 his
2226 1833 2389 1870 substitiffe
2414 1861 2422 1875 ,

1419 1879 1502 1913 unde
1525 1887 1614 1912 tanta
1639 1878 1694 1909 illa
1717 1877 1857 1919 ipsarum
1883 1877 2067 1919 turgentia,
2090 1879 2122 1909 δε
2145 1878 2233 1920 quod
2257 1879 2427 1922 consequi-

1418 1932 1493 1961 tur,
1517 1921 1575 1954 seri
1599 1920 1738 1955 scceffio,
1761 1922 1793 1953 &
1817 1918 1996 1959 stagnano,
2020 1919 2193 1962 praesertim
2216 1933 2313 1963 cum,
2335 1924 2427 1958 infir-

1418 1975 1508 1999 mato
1532 1965 1575 1997 ob
1600 1963 1800 1997 deficientem
1826 1962 1987 1996 influxum
1999 1961 2185 2006 sanguinis,
2209 1965 2361 2002 fibrarum
2373 1978 2427 2000 ro-

1417 2010 1513 2055 bore,
1538 2009 1612 2044 satis
1634 2006 1774 2050 propelli
1797 2017 1863 2039 non
1887 2005 2005 2049 posset.
2032 2006 2165 2047 Qodfi
2188 2010 2336 2052 cogitato
2348 2009 2426 2045 huic

1415 2052 1550 2094 objicias
1572 2073 1580 2088 ‚
1604 2052 1639 2085 in
1662 2050 1791 2082 cerebro
1813 2058 1918 2082 tamen
1942 2049 2044 2083 serum
2068 2048 2200 2085 effusum
2226 2064 2287 2085 non
2312 2054 2427 2095 fuiffe,

1415 2107 1515 2138 neque
1538 2094 1604 2136 ejus
1625 2103 1740 2133 venas,
1764 2093 1915 2136 Sinusque
1938 2115 1950 2132 ,
1980 2104 2037 2127 nec
2060 2105 2108 2127 eas
2133 2095 2166 2127 in
2189 2107 2265 2138 quas
2289 2096 2325 2130 hi
2347 2096 2427 2131 desi-

1415 2148 1517 2176 nunt,
1539 2137 1710 2185 Jugulares
1731 2146 1824 2169 venas
1847 2137 1991 2168 Internas
2013 2135 2174 2173 restitante
2197 2139 2350 2182 sanguine
2373 2150 2426 2177 tu-

1415 2180 1546 2219 muisse,
1568 2193 1639 2225 quae
1663 2179 1732 2214 vasa
1756 2180 1866 2213 omnia
1890 2180 2030 2215 Inter-nis
2054 2181 2266 2219 Carotidibus
2298 2186 2426 2226 respon.

1416 2228 1531 2260 debant
1555 2237 1566 2265 3
1599 2224 1652 2262 fac
1675 2224 1738 2258 tibi
1771 2222 2009 2256 Vei-tebralium
2034 2226 2220 2260 arteriarum
2256 2229 2362 2260 veniat
2386 2230 2422 2264 in

1417 2279 1556 2303 mentem
1572 2292 1583 2309 ,
1606 2279 1684 2310 quas
1709 2265 1763 2299 etsi
1784 2266 1934 2301 Valsalva
1958 2268 2093 2301 minime
2117 2269 2250 2304 latiores
2272 2270 2374 2305 faetas
2397 2285 2428 2306 a·

1419 2312 1628 2358 nimadgvertit
1651 2313 1666 2349 (
1688 2319 1702 2344 t
1724 2313 1737 2349 )
1759 2320 1769 2347 3
1804 2311 1912 2351 negari
1937 2318 2044 2343 tamen
2068 2323 2132 2345 non
2164 2313 2269 2356 potest
2291 2340 2301 2355 ‚
2333 2325 2428 2351 tanto

1420 2358 1491 2400 plus
1514 2355 1700 2398 sanguinis,
1723 2361 1846 2395 quanto
1870 2354 1975 2388 nunus
1987 2355 2157 2389 Carotides
2181 2366 2347 2399 poterant,
2373 2371 2429 2393 ex-

1419 2398 1553 2443 cepisse,
1577 2402 1608 2431 δε
1634 2397 1672 2432 ad
1696 2395 1859 2431 cerebrum
1881 2395 2107 2438 transvexisse,
2130 2401 2162 2432 ἅτ
2184 2401 2427 2437 inCarotidum

1419 2454 1523 2478 ramos
1537 2466 1549 2481 ,
1571 2452 1637 2475 non
1660 2441 1736 2474 illos
1758 2447 1886 2473 tantum
1908 2439 1987 2474 duos
2011 2440 2198 2483 posteriores
2218 2466 2231 2484 ,
2264 2446 2320 2486 qui
2343 2446 2428 2479 cras..

1420 2487 1514 2522 fiores
1537 2484 1667 2523 bestiis,
1688 2495 1785 2525 quam
1810 2482 2020 2522 hominibus,
2042 2484 2208 2526 obtigere,
2231 2486 2282 2521 sed
2307 2490 2428 2532 &plu-

1421 2542 1468 2566 res
1493 2530 1573 2563 alios
1595 2529 1735 2563 minores
1754 2550 1766 2567 ,
1790 2525 1851 2562 suis
1875 2527 2043 2568 proximos
2066 2527 2197 2564 surculis
2222 2553 2231 2568 ,
2264 2541 2338 2565 curn
2361 2532 2428 2566 his-

1421 2585 1483 2618 que
1507 2572 1803 2609 communicantes,
1827 2568 2012 2608 immisisse,
2036 2582 2132 2613 eaque
2154 2574 2278 2607 ratione
2303 2575 2429 2619 sangui-

1419 2620 1469 2651 nis
1494 2628 1547 2659 per
1570 2615 1736 2648 cerebrum
1756 2614 2017 2660 circumitionem
2065 2614 2257 2650 uadantenus
2270 2616 2397 2654 servasse
2416 2646 2426 2660 ,

1421 2664 1453 2695 ἃ
1476 2659 1564 2703 quod
1588 2658 1819 2701 consequitur,
1843 2655 1983 2702 ejusdem
2006 2659 2039 2691 iu
2065 2669 2080 2690 e
2104 2670 2160 2705 per
2181 2671 2274 2698 venas
2284 2661 2426 2701 reditum

1423 2702 1592 2748 adjuvisse.

1467 2759 1517 2789 29.
1543 2748 1653 2789 Atque
1676 2744 1743 2780 haec
1768 2744 1860 2788 ipsa,
1883 2745 2027 2787 quamvis
2052 2745 2143 2778 aliter
2169 2746 2206 2780 ab
2230 2747 2301 2783 aliis
2324 2751 2429 2793 expli-

1424 2801 1492 2825 cata
1517 2815 1530 2832 ,
1562 2791 1646 2825 ratio
1670 2788 1711 2823 est
1732 2811 1741 2825 ‚
1772 2789 1978 2832 quamobrem
2002 2789 2083 2822 olim
2114 2790 2259 2825 Andreas
2284 2794 2430 2829 Vesalius

1425 2836 1479 2878 (u
1501 2838 1514 2874 )
1535 2858 1548 2874 ,
1581 2836 1613 2866 ἃ
1640 2831 1896 2874 Christophorus
1921 2844 1937 2866 a
1962 2833 2053 2874 Vega
2088 2834 2144 2876 (x
2167 2838 2176 2874 >
2200 2857 2208 2871 ,
2243 2846 2306 2869 non
2331 2838 2431 2871 modo

1424 2879 1631 2912 Recentiores
1645 2900 1658 2917 ,
1680 2887 1745 2909 non
1768 2878 2023 2919 experimentum
2046 2876 2179 2919 quidem
2201 2879 2319 2913 Galeni
2341 2904 2354 2921 ‚
2379 2880 2430 2915 sed

1425 2921 1512 2964 quod
1535 2921 1678 2954 Galenus
1701 2919 1774 2952 inde
1798 2919 1948 2962 arguebat
1969 2942 1981 2959 ‚
2007 2919 2185 2961 negandum
2209 2922 2265 2958 effe
2283 2946 2294 2961 ‚
2322 2924 2430 2960 existi-

1427 2964 1604 2998 maverint.
1632 2963 1733 3000 Quod
1759 2962 1780 2995 {i
1807 2963 1844 2996 ab
1866 2964 2115 3000 Recentioribus
2137 2963 2250 2998 iisdem
2272 2979 2393 3010 quaeras
2416 2992 2431 3009 ,

1424 3020 1480 3043 cur
1511 3007 1598 3042 idem
1630 3008 1881 3048 experimentum
1912 3015 2054 3049 repetens
2077 3008 2315 3043 Drelincurtius
2340 3016 2394 3054 (y
2417 3016 2432 3054 )

1426 3053 1649 3094 apoplexiam,
1671 3060 1706 3083 ut
1730 3048 1786 3092 ipfi
1809 3049 1920 3094 ajunt,
1945 3059 2029 3083 certe
2052 3060 2215 3087 veternum
2239 3052 2326 3096 sequi
2339 3054 2432 3089 vide-

1427 3095 1494 3143 rie?
1519 3106 1582 3128 non
1606 3093 1693 3129 aliud
1717 3091 1846 3126 fortasse
1880 3093 2049 3127 discrimen
2074 3093 2217 3136 proferre
2240 3106 2394 3139 poterunt
2417 3122 2431 3139 ‚

1427 3140 1487 3172 nih
1512 3140 1608 3172 aliam
1631 3138 1701 3170 aliis
1725 3137 1758 3169 in
1782 3135 1908 3171 canibus
1929 3139 2117 3173 arteriarum
2154 3138 2397 3181 dispositionem
2421 3166 2429 3174 .

1555 3184 1610 3215 Sin
1633 3190 1737 3215 autem
1759 3192 1879 3226 quaeras
1902 3203 1911 3218 ‚
1943 3180 2023 3215 unde
2046 3192 2123 3224 ergo
2153 3181 2433 3225 strangulationem

1428 3227 1492 3259 cita
1515 3237 1599 3260 mors
1622 3224 1860 3266 consequatur?
1893 3225 1982 3268 ajunt
2002 3246 2012 3263 ‚
2045 3236 2060 3257 a
2084 3225 2312 3262 constrifflone
2345 3228 2433 3271 sequi

1426 3270 1633 3315 Jugularium
1656 3278 1805 3302 venarum
1829 3289 1838 3304 ,
1874 3270 1992 3310 quippe
2015 3268 2144 3304 illatum
2168 3271 2287 3306 interea
2310 3282 2325 3304 e
2349 3273 2433 3305 Ver-

1432 3314 1606 3347 tebralibus
1629 3311 1751 3345 arteriis
1772 3334 1784 3349 ,
1807 3323 1877 3353 quae
1902 3312 2015 3354 laqueo
2040 3323 2102 3345 non
2125 3309 2253 3354 possunt
2277 3313 2434 3350 constrin-

1432 3359 1487 3398 gi,
1510 3358 1542 3389 in
1565 3355 1730 3389 cerebrum
1754 3353 1937 3396 sanguinem
1971 3365 2034 3387 non
2057 3354 2263 3391 referentium
2285 3382 2292 3388 .
2328 3359 2373 3392 Et
2397 3369 2434 3391 ne

1433 3400 1517 3433 forte
1538 3399 1649 3444 dicas,
1672 3409 1727 3431 nec
1752 3398 1955 3432 Vertebrales
1979 3407 2083 3433 tamen
2104 3409 2195 3432 venas
2219 3400 2337 3443 laqueo
2354 3412 2435 3433 con-

1434 3444 1544 3486 stringi
1570 3443 1674 3486 polle,
1697 3443 1805 3484 itaque
1826 3453 1882 3485 per
1906 3442 1963 3477 has
1975 3442 2158 3483 sanguinem
2180 3443 2346 3478 reductum
2370 3445 2434 3482 iri;

1435 3485 1691 3520 animadvertunt
1718 3486 1819 3525 alibi,
1845 3495 1921 3519 tunc
1945 3497 2000 3527 per
2021 3485 2192 3519 Carotides
2226 3498 2353 3529 quoque
2377 3488 2437 3519 ali-

1433 3531 1510 3573 quid
1533 3530 1691 3572 sanguinis
1716 3528 1754 3561 ad
1777 3529 1938 3562 cerebrum
1952 3529 2144 3573 importari5
2167 3531 2337 3564 eminentia
2352 3532 2437 3565 enirn

2291 3576 2393 3617 Alpe-

375 3666 2420 3683 ffl——ss———mffl——W———ss-—ss———W

443 3729 450 3757 (
468 3740 481 3754 0
497 3730 510 3758 )
528 3731 608 3752 Mem.
626 3727 655 3761 de
671 3727 690 3759 Ρ,
706 3727 776 3760 ᾼεειά.
794 3729 825 3751 R.
842 3726 883 3752 des
900 3728 938 3751 Sc.
956 3729 984 3751 A.
1004 3734 1063 3755 1749
1089 3728 1143 3755 Exp
1168 3736 1190 3751 2.

439 3760 510 3820 ((ζὲ
529 3759 584 3782 vici.
602 3765 666 3781 enim
685 3760 748 3780 inira.
762 3773 768 3785 ,
788 3765 813 3781 η.
834 3767 870 3786 32.
932 3758 945 3786 (
961 3763 971 3779 t
994 3757 1042 3785 )r·,
1059 3761 1095 3789 ³⁶*

1254 3726 1267 3752 (
1281 3731 1297 3752 p
1316 3722 1325 3753 ζ
1342 3725 1395 3746 loco
1411 3723 1484 3747 modo
1501 3724 1543 3748 cit.

1161 3760 1175 3787 ζ
1193 3766 1208 3781 (ι
1224 3757 1237 3785 )
1256 3758 1289 3779 De
1307 3761 1372 3782 corp.
1393 3755 1456 3777 hum.
1475 3754 1536 3778 fabr<
1556 3754 1571 3778 l.
1591 3762 1612 3781 7.
1632 3762 1652 3777 c.
1674 3760 1710 3780 19.

527 3789 581 3814 th.
596 3787 658 3817 apud
675 3787 743 3815 easp.
762 3788 880 3813 Hofmart
903 3788 1042 3812 Com'rnent.
1061 3795 1087 3811 m
1103 3794 1125 3811 c.
1145 3796 1181 3815 10.
1199 3787 1241 3813 cit.
1262 3787 1329 3814 supra
1345 3801 1352 3813 ,
1369 3785 1399 3808 ad
1418 3792 1440 3808 n.
1457 3792 1495 3809 22.

1605 3723 1619 3752 ζ
1636 3732 1649 3752 q
1668 3722 1675 3752 l
1693 3722 1701 3749 (
1720 3731 1731 3747 r
1747 3723 1760 3752 >
1776 3724 1838 3747 luzis
1855 3722 1967 3747 indicatis
1983 3721 2050 3751 supra
2066 3722 2095 3746 ad
2112 3729 2137 3746 n.
2153 3729 2191 3751 24.

1558 3785 1601 3814 (γ
1619 3785 1630 3812 )
1650 3785 1703 3808 an.
1724 3784 1808 3812 supra,
1828 3792 1842 3808 n
1871 3791 1907 3812 24,
