2498 4075
452 170 540 225 360

380 251 430 328 *gi
480 249 566 291 Qis
589 248 670 282 ausit
692 248 821 283 credere
834 270 844 286 ‚
867 257 920 283 tot
952 250 1232 293 experientiffimis
1255 251 1383 286 Profes-

421 294 510 328 ribus
531 291 565 326 id
588 302 652 325 non
677 290 870 334 respondisse
893 293 982 335 quod
1006 293 1084 326 adeo
1115 296 1344 329 commendant
1367 295 1384 330 ἒ

378 339 488 380 Igitur
511 338 542 369 &
564 333 642 368 huic
664 335 808 369 remedio
832 334 904 369 suus
928 335 972 370 est
998 336 1173 378 aliquando
1195 338 1304 373 locus.
1331 341 1384 373 A-

376 380 436 418 lias
459 388 566 414 autem
599 377 665 410 illis
696 378 907 420 clysmatibus
941 390 1012 422 quae
1045 380 1202 421 probabat
1225 383 1347 416 Caelius
1371 408 1382 425 ,

378 434 436 459 aut
459 423 531 457 aliis
555 419 642 454 aliud
665 421 837 463 agentibus
856 445 866 461 ,
897 423 932 454 in
955 422 1074 464 quibus
1107 423 1261 465 profuisse
1282 427 1382 459 inter-

374 468 454 502 dum
481 489 491 504 ,
523 463 591 498 scio
639 475 686 498 uae
710 475 748 497 ex
772 475 854 507 aqua
877 475 985 506 parata
1009 474 1098 499 erant
1131 468 1166 500 in
1189 479 1253 509 qua
1275 480 1381 511 pernae

372 521 411 545 os
433 508 598 543 incoaum
638 517 750 548 uerat,
774 507 825 541 vel
850 509 952 550 magis
973 520 1071 551 quam
1092 508 1238 544 confeeta
1256 522 1296 544 ex
1318 512 1382 546 ela-

376 554 506 587 boratis
529 550 729 593 pharmacis,
752 551 871 585 nedum
895 563 932 585 ex
954 553 1049 586 rebus
1071 553 1187 588 itidem
1225 555 1344 590 vilibus
1369 579 1377 588 .

377 595 585 630 Crediderim
608 604 716 628 autern
735 616 746 632 ‚
781 593 873 628 fuisse
896 595 1041 637 quaedam
1065 607 1103 630 ex
1125 597 1165 630 iis
1194 601 1377 640 composita.

371 650 444 682 quae
468 638 563 673 utilia
586 636 685 671 essent
710 638 835 675 nervis,
859 639 967 672 Reeto
1002 639 1152 673 intestino
1187 644 1343 682 proximis
1365 665 1376 680 ‚

401 694 461 716 uos
484 693 568 725 pone
589 680 728 715 ischium
752 692 788 714 os
821 681 1046 716 descendentes
1083 684 1186 727 aliqui
1219 692 1375 728 tanquam

368 724 523 760 ichiadis
546 725 651 759 sedem
674 724 880 768 spetstabant‚
903 725 1078 767 praesertim
1102 738 1141 760 ex
1164 737 1232 770 quo
1254 729 1373 764 Coite-

371 781 425 804 rus
449 774 459 809 (
479 768 536 811 g)
571 768 737 811 scripserat
760 790 768 805 ,
807 769 949 810 spatium
983 770 1070 803 inter
1093 770 1241 804 infimam
1266 772 1372 814 Spinae

368 812 563 849 medullam,
587 811 777 845 &Craffam
801 810 895 854 hujus
920 814 1103 856 meningem
1126 824 1181 855 per
1204 816 1292 856 quod
1303 827 1373 849 ner-

372 857 407 889 vi
433 855 484 889 illi
509 854 748 895 traducuntur,
772 854 800 888 se
823 855 855 888 in
880 854 1083 894 arthriticis,
1105 856 1306 899 ischiadicis,
1331 861 1376 894 ζῇν

367 898 544 942 podagricis
567 897 731 932 multoties
752 898 839 932 tenui
854 897 944 940 βενε),
967 899 1095 933 interim
1113 901 1237 941 pituita
1259 902 1377 945 viscosa

369 939 523 984 refertum
546 940 786 985 deprehendiffe.
813 942 921 979 Quam
934 942 1209 977 Observationem
1234 945 1290 978 vix
1308 947 1374 978 Ar-

371 985 463 1019 nisaei
486 985 614 1026 verbis,
637 996 706 1018 eam
729 988 1016 1020 commemorantis
1037 1010 1048 1026 ‚
1079 985 1173 1020 fuisse
1206 988 1240 1022 in
1264 988 1376 1030 Sepul-

366 1029 516 1063 chretum
539 1032 554 1069 (
575 1028 629 1072 h)
654 1029 788 1062 relatam
810 1054 820 1069 ‚
856 1029 963 1066 minus
985 1040 1067 1072 aegre
1090 1029 1161 1063 fero
1189 1056 1199 1071 ‚
1231 1031 1320 1074 quod
1344 1044 1375 1065 e.

364 1072 506 1115 jusmodi
529 1072 649 1106 humor
671 1073 705 1105 in
728 1073 768 1106 iis
791 1073 890 1107 etiam
912 1075 1090 1116 reperitur,
1113 1074 1173 1118 qui
1184 1085 1224 1108 ex
1235 1086 1273 1108 eo
1286 1086 1376 1110 mor—

363 1117 400 1149 bi
423 1127 538 1159 genere
561 1126 627 1150 non
651 1116 861 1151 laborarunt.

412 1163 444 1192 6.
471 1160 573 1202 Qod
596 1159 634 1193 de
657 1159 852 1202 clysteribus
862 1159 995 1201 censui,
1016 1160 1105 1196 idern
1116 1171 1246 1204 quoque
1268 1162 1307 1197 de
1318 1174 1372 1196 ex-

364 1202 481 1237 hibitis
504 1203 714 1246 purgantibus
737 1203 917 1246 pharmacis
937 1224 947 1240 ‚
979 1206 1011 1236 &
1041 1204 1080 1238 de
1105 1203 1270 1247 sanguinis
1293 1206 1371 1239 mis.

363 1246 450 1281 fione
473 1245 640 1284 censeam,
665 1245 784 1280 necesse
806 1247 871 1282 est.
896 1246 986 1280 Nam
1009 1246 1100 1290 quod
1123 1247 1161 1282 ad
1184 1247 1266 1283 hanc
1290 1251 1371 1283 atti-

363 1299 419 1324 net
442 1302 452 1322 .·
489 1299 524 1323 ut
548 1289 633 1323 nihil
657 1289 696 1323 de
718 1290 872 1331 opinione
896 1301 1009 1324 eorum
1033 1290 1138 1325 dicam
1173 1293 1232 1334 qui
1255 1292 1373 1327 ischia-

363 1333 437 1367 dem
460 1334 500 1367 ab
523 1333 621 1366 irrito
645 1341 768 1367 naturae
789 1344 908 1367 conatu
932 1331 992 1367 effe
1014 1356 1022 1371 .
1057 1333 1193 1369 credunt
1219 1361 1228 1376 ,
1263 1336 1372 1378 super-

361 1376 470 1412 fluum
495 1377 684 1420 sanguinem
709 1387 764 1419 per
786 1376 1043 1411 haemorrhoides
1075 1379 1234 1421 expellere
1265 1382 1370 1414 niten-

361 1423 426 1459 tis3
450 1430 536 1455 certe
559 1419 735 1454 eorundem
758 1420 1054 1456 Observationibus
1078 1420 1220 1464 Maiores
1254 1424 1373 1466 pra-’lu-

353 1474 505 1505 *xerunt,
529 1466 564 1497 in
588 1464 707 1507 quibus
725 1463 869 1506 Joannes
894 1464 1052 1498 Zecchius
1075 1468 1088 1504 (
1112 1466 1126 1499 z·
1149 1469 1159 1504 )
1184 1467 1242 1509 qui
1268 1468 1371 1501 ratio-

362 1520 403 1542 ne
419 1532 428 1549 ,
454 1511 486 1542 &
510 1508 708 1551 experientia
731 1506 831 1541 fretus
849 1529 861 1546 ‚
893 1507 1085 1550 sanguinem
1119 1520 1158 1543 ex
1194 1509 1260 1544 illis
1282 1512 1371 1544 venis

361 1558 534 1586 evocatum
559 1552 677 1585 mirum
699 1550 732 1584 in
754 1551 887 1585 modum.
900 1551 1079 1596 ischiadicis
1101 1552 1270 1594 opitulari,
1295 1554 1372 1589 scri-

364 1596 428 1640 psit
452 1621 460 1629 .
493 1594 703 1628 Mirabiliora
725 1593 813 1628 idem
837 1603 946 1628 narrat
968 1595 1007 1629 de
1030 1594 1200 1630 celerrimo
1226 1596 1372 1637 eiusdem

362 1639 473 1673 morbi
498 1638 614 1676 abitu,
637 1636 659 1670 fi
674 1648 753 1671 vena
776 1637 815 1671 ad
840 1637 1088 1681 respondentem
1112 1639 1300 1674 malleolum
1315 1652 1373 1676 ex‘-

361 1684 516 1717 teriorem
542 1682 664 1715 secetur
682 1703 691 1719 ‚
725 1680 940 1715 confirmante
964 1682 1049 1717 haud
1072 1684 1117 1716 ita
1140 1683 1285 1718 diffimssi
1310 1686 1373 1719 Ri-

360 1728 442 1760 verii
466 1730 476 1765 (
500 1725 518 1766 l<
541 1729 551 1764 )
577 1725 819 1758 Observatione
840 1749 849 1758 .
885 1724 1012 1769 Vidisse
1045 1725 1104 1760 hos
1137 1738 1210 1769 quae
1245 1727 1335 1770 ajunt
1357 1749 1368 1766 ‚

359 1772 434 1813 quis
458 1768 652 1802 inficietur?
675 1767 770 1802 Num
803 1778 909 1803 tamen
934 1770 969 1803 i'n
1001 1768 1153 1812 exsangui
1180 1793 1190 1811 ,
1221 1773 1252 1804 δε
1275 1770 1369 1805 infir-

361 1812 502 1849 miffimo
524 1812 657 1848 homine
682 1811 717 1846 id
739 1821 841 1847 tentes
863 1812 952 1856 quod
977 1813 1011 1846 in
1035 1811 1169 1847 robusto
1189 1836 1202 1853 ,
1234 1816 1266 1847 &
1298 1815 1368 1849 san-

361 1858 470 1902 guinis
493 1856 611 1899 pleno,
637 1865 692 1890 aut
716 1868 733 1890 a
757 1855 922 1900 suppreffis
945 1856 1369 1894 haemorrhoidibusischia-

360 1903 435 1937 dico
458 1896 565 1940 sarsto,
590 1900 670 1935 bene
693 1900 760 1934 illis
783 1899 972 1941 succeffisle,
995 1900 1150 1935 credibile
1173 1899 1241 1934 est?
1284 1906 1285 1909 ’

360 1946 537 1989 Purgantia
560 1955 691 1988 quoque
715 1943 888 1988 pharmaca
922 1945 990 1978 scio
1022 1952 1057 1977 te
1090 1943 1270 1979 arthriticis
1303 1946 1370 1980 illis

362 2001 431 2026 non
455 1989 607 2024 daturum
630 2011 643 2029 ,
679 1999 822 2032 quorum
845 1999 963 2031 corpus
985 1987 1158 2022 exsuccum
1180 2010 1192 2026 ,
1224 1988 1369 2031 viresque

360 2034 542 2069 imbecilles
557 2055 569 2072 ,
593 2033 684 2066 nervi
708 2030 803 2066 facile
826 2032 861 2065 in
884 2030 1074 2066 consensum
1096 2031 1267 2070 trahendi,
1291 2043 1370 2066 ven-

361 2079 500 2113 triculus
520 2077 658 2120 denique
692 2076 719 2109 is
754 2075 793 2110 fit
816 2076 875 2117 qui
898 2075 974 2109 inde
1006 2086 1116 2119 capere
1138 2075 1372 2110 detrimentum

358 2121 458 2168 poffit
476 2145 485 2155 .
518 2120 579 2155 Sed
602 2130 667 2154 non
692 2128 862 2162 propterea
884 2118 1019 2152 illorum
1054 2117 1274 2163 quodcunque
1297 2132 1313 2153 a
1337 2129 1370 2153 te

356 2165 452 2201 ‘credi
476 2165 650 2206 omnibus,
673 2165 705 2196 &
729 2162 850 2205 semper
873 2164 1063 2196 nociturum
1080 2188 1090 2204 ‚
1114 2161 1265 2196 existimo
1285 2188 1294 2196 .
1327 2162 1368 2198 Id

363 2212 454 2245 enim
477 2209 497 2243 si
522 2206 619 2245 esset;
643 2205 849 2242 arthritidem
870 2217 1063 2249 nunquam,
1086 2217 1124 2239 ne
1156 2207 1370 2249 incipientem

363 2254 520 2299 quidem,
545 2250 718 2296 abegissent
741 2276 750 2292 ‚
790 2260 845 2284 aut
871 2248 1041 2284 arcuislent
1068 2249 1191 2283 Medici
1227 2251 1371 2293 plerique

361 2298 570 2337 vetustiores,
596 2305 631 2330 ut
654 2296 712 2339 qui
737 2295 931 2338 purgatione
954 2295 987 2326 in
1012 2294 1127 2337 primis
1151 2293 1222 2327 usos
1245 2303 1374 2328 utrum·

363 2355 427 2387 que
451 2341 481 2376 se
504 2340 709 2385 praestitiffe,
731 2337 909 2372 testantur.
935 2337 989 2371 Ne
1011 2337 1154 2379 singulos
1178 2338 1369 2380 nominem,

361 2388 442 2423 facit
466 2397 577 2420 eorum
601 2383 710 2418 assecla
735 2383 923 2417 Demetrius
934 2382 1197 2428 Pepagpmenus,
1221 2381 1370 2416 Michae-

363 2434 404 2467 lis
427 2430 601 2472 Palaeologi
620 2426 821 2466 Archiater,
845 2427 928 2470 qui,
952 2424 1015 2458 hoc
1037 2425 1193 2467 jubente,
1217 2424 1366 2460 libellum

364 2477 403 2511 de
430 2472 573 2516 Podagra
599 2464 748 2514 scripsit,
770 2480 923 2513 tanquam
948 2468 1064 2502 incerti
1085 2467 1244 2501 Auc‘t'oris
1264 2491 1273 2506 ,
1307 2480 1365 2503 nec

364 2518 507 2555 seorsum
530 2528 546 2550 a
570 2516 694 2557 magnis
717 2514 939 2548 voluminibus
962 2511 1138 2556 parabilem
1159 2534 1169 2549 ,
1203 2512 1366 2547 Patavinis

364 2565 456 2607 typis
479 2561 586 2595 nostra
611 2560 767 2593 memoria
791 2558 966 2596 excusum,
990 2555 1139 2598 quand0;
1163 2563 1199 2591 ut
1222 2554 1260 2589 de
1285 2558 1370 2590 anti-

365 2608 479 2651 quiore
503 2605 650 2639 editione
671 2601 778 2635 fileam
800 2613 814 2641 ;
844 2601 986 2634 Lutetiae
1008 2599 1202 2633 Parisiorum
1227 2601 1368 2634 seorsum

364 2652 484 2686 exierat
510 2650 551 2681 A.
567 2647 659 2689 1558.
671 2656 728 2678 nec
753 2644 817 2678 fine
840 2644 908 2678 veri
921 2642 1076 2677 Auecoris
1092 2644 1368 2685 nomine‚quem-

360 2692 538 2730 admodum
561 2693 592 2725 &
617 2688 798 2723 Andomari
821 2689 862 2722 A.
889 2689 981 2728 1619.
1007 2686 1120 2720 edente
1137 2687 1265 2731 joanne
1290 2688 1366 2722 Ber-

362 2737 474 2784 gefio,
496 2736 553 2779 qui
576 2732 661 2768 haud
680 2756 693 2773 ,
725 2741 805 2775 puto
823 2754 834 2770 ,
869 2742 943 2765 eum
968 2729 1027 2763 fibi
1050 2729 1194 2764 laborem
1218 2729 1366 2773 sumpsis-

362 2785 432 2822 set,
456 2790 492 2814 ut
516 2791 532 2813 e
555 2777 670 2821 gallica
688 2776 817 2820 Jamoti
841 2775 982 2809 versione
1006 2774 1142 2808 latinum
1165 2773 1284 2807 faceret
1311 2798 1320 2813 ,
1344 2775 1367 2808 fi

364 2837 488 2870 grae,
514 2826 546 2856 &
581 2822 680 2854 latine
704 2820 847 2854 Lutetiae
883 2816 1035 2861 prodiisse
1060 2839 1070 2855 ‚
1104 2818 1326 2861 eleganterque
1349 2830 1367 2851 a

363 2871 483 2906 Marco
496 2864 633 2899 Musuro
656 2864 754 2897 latine
778 2862 964 2902 redditum,
986 2872 1051 2894 non
1066 2861 1260 2903 ignorasset.
1287 2862 1372 2895 Eum

366 2914 475 2957 igitur
498 2910 646 2942 libellum
670 2905 693 2939 fi
717 2907 768 2939 vel
791 2905 977 2941 festinanter
999 2906 1098 2938 verses
1120 2917 1131 2944 ,·
1156 2914 1313 2949 quantum
1338 2906 1371 2937 in

368 2953 543 2991 arthritide
567 2955 597 2985 &
620 2949 776 2987 sananda,
801 2952 831 2983 δι
855 2948 990 2984 arcenda
1016 2950 1206 2992 purgationi
1243 2948 1368 2982 tribue-

367 3002 414 3035 rit
471 2998 607 3030 Graecus
658 2993 833 3028 Archiater
866 3016 875 3031 ‚
932 2993 1065 3027 Graecos
1122 2992 1196 3026 illos
1249 3001 1367 3026 veteres

364 3042 517 3078 ‘Medicos
539 3039 662 3073 secutus
682 3061 692 3077 ,
724 3038 880 3070 continuo
904 3036 1065 3078 intelliges
1085 3060 1093 3068 .
1127 3037 1185 3070 Sed
1219 3047 1257 3070 ne
1281 3034 1365 3070 forte

363 3096 480 3131 putes,
505 3085 538 3117 in
562 3093 646 3116 terra
668 3081 837 3114 dumtaxat
861 3080 990 3114 Graecia
1013 3079 1047 3113 id
1070 3078 1207 3113 feliciter
1229 3079 1366 3121 ceffisse‚

365 3131 514 3172 mihique
535 3125 672 3169 objicias
696 3125 806 3166 magni
828 3122 939 3157 nostro
961 3133 1109 3165 tempore
1133 3124 1273 3157 nominis
1296 3123 1368 3157 Me-

367 3176 502 3210 dicum,
530 3170 758 3204 asseverantem
780 3190 790 3206 ,
823 3166 992 3201 catharsim
1023 3178 1154 3201 omnem
1179 3167 1227 3202 vel
1247 3177 1302 3210 per
1325 3166 1370 3200 le-

366 3217 508 3257 aientia,
531 3214 649 3247 nedum
675 3224 729 3256 per
752 3211 911 3245 validiora
936 3210 1190 3251 medicamenta,
1216 3209 1370 3244 arthriti-

368 3263 413 3296 cis
437 3260 615 3303 plurimum
639 3267 773 3293 nocere,
799 3254 862 3288 five
886 3254 1033 3297 praesenti
1058 3253 1176 3287 mederi
1196 3277 1209 3295 ,
1240 3253 1302 3286 five
1325 3263 1372 3288 et-

367 3308 434 3340 iam
459 3311 599 3337 venturo
622 3299 818 3343 paroxysmo
851 3299 928 3331 velis
973 3309 1138 3332 occurrere
1166 3320 1180 3338 ,
1213 3299 1281 3331 imo
1304 3297 1332 3330 se
1356 3320 1370 3337 ‚

368 3358 438 3384 tam
461 3349 495 3380 in
518 3345 549 3378 se
572 3344 665 3387 ipso,
688 3354 786 3386 quarn
810 3343 844 3374 in
868 3342 938 3374 aliis
960 3340 1046 3374 faffla
1071 3340 1216 3383 periculo
1237 3365 1247 3381 ‚
1279 3352 1369 3374 com-

374 3401 502 3437 pertum
525 3387 665 3428 habere,
690 3387 778 3420 illam
802 3396 914 3428 parum
939 3383 1018 3418 adeo
1041 3385 1128 3417 votis
1150 3382 1341 3426 respondisse
1358 3407 1368 3422 ‚

366 3444 406 3470 ut
428 3433 546 3469 malum
566 3455 579 3472 ‚
611 3431 690 3472 quod
710 3428 856 3463 debuerat
887 3438 1090 3461 averruncare
1109 3450 1122 3467 ‚
1155 3436 1247 3470 atque
1280 3438 1369 3461 aver—

369 3488 436 3514 tere
468 3501 479 3516 ‚
528 3471 696 3517 accerseret
723 3484 736 3513 ;
788 3484 826 3506 ne
862 3472 966 3514 igitur
990 3471 1057 3506 haec
1081 3470 1163 3505 mihi
1195 3470 1368 3513 objicias;

370 3523 454 3558 duos
477 3531 518 3555 ex
539 3517 734 3552 nostratibus
755 3516 941 3561 praeclaros,
967 3526 1042 3549 cum
1066 3516 1233 3553 viverent,
1257 3513 1366 3549 Medi-

671 170 828 224 Liber
861 170 949 235 IV,
988 171 1067 224 De
1100 171 1309 228 Morbis
1335 171 1694 241 ChirurgiciS,
1723 175 1780 227 &
1815 170 2210 228 Universalibus

1434 263 1489 286 cos
1513 252 1579 284 tibi
1601 262 1763 294 opponam
1779 274 1789 291 ,
1813 250 1898 293 ipsos
1922 262 2052 294 quoque
2084 251 2270 287 arthriticos
2290 276 2303 295 ,
2340 255 2371 287 &
2395 254 2431 287 in

1435 294 1464 329 se
1502 294 1577 337 ipfis
1622 296 1847 336 purgationem
1894 304 2043 338 expertos
2064 317 2078 335 ,
2111 296 2261 330 Marcum
2293 297 2432 332 Gatina.

1436 340 1518 372 riam
1533 359 1543 376 ,
1567 339 1598 370 &
1623 339 1754 371 Petrum
1778 337 1923 380 Bayrum
1943 362 1952 372 .
1990 338 2144 378 Qorum
2167 339 2221 373 ille
2251 344 2261 379 (
2286 341 2297 373 l
2319 344 2333 379 )
2354 352 2432 375 curn

1433 381 1567 424 singulis
1601 391 1656 422 per
1679 381 1847 414 biennium
1871 379 2029 415 mensibus
2060 380 2156 414 semel
2189 387 2397 418 evacuatione
2420 405 2432 421 ‚

1434 424 1567 467 singulis
1588 433 1695 457 autem
1717 423 1926 458 hebdomadis
1951 425 2000 457 bis
2023 424 2228 459 minoratione
2251 426 2321 460 usus
2343 426 2438 466 esset,

1434 469 1478 501 sic
1501 474 1629 500 curatus
1643 465 1721 509 fui,
1744 468 1874 509 inquit,
1897 471 1939 502 ev·
1959 478 2018 509 pro
2041 474 2123 501 certo
2145 478 2299 510 nunquam
2328 468 2432 513 paffus

1427 510 1501 552 sum
1525 509 1675 553 podagrae
1697 509 1835 544 dolores.
1861 511 1987 553 Bayrus
2010 520 2118 544 autem
2141 511 2221 553 (m)
2242 524 2316 547 curn
2330 515 2432 546 octies

1431 553 1516 596 jam,
1540 563 1593 587 aut
1615 553 1718 587 decies
1742 551 2020 589 vehementiffimis
2043 553 2212 589 laborasset
2234 556 2432 590 cruciatibus

1429 599 1578 631 omniurn
1604 596 1816 630 articulorum
1832 621 1842 638 ‚
1864 607 1901 631 ut
1924 596 2024 630 solam
2047 598 2193 638 linguam
2205 610 2332 633 movere
2356 600 2432 643 pos-

1428 641 1498 680 set,
1521 639 1700 682 iisdemque
1723 640 1829 674 rursus
1853 641 2052 683 affligeretur
2066 663 2077 678 ,
2099 640 2230 683 sumpto
2254 643 2431 676 eleetuario

1426 684 1483 717 suo
1511 683 1738 726 caryocostino
1760 706 1772 723 ,
1806 684 1970 718 ambulare
1994 683 2105 726 potuit
2128 685 2242 719 eodem
2265 686 2316 720 die
2335 709 2348 726 ‚
2370 697 2432 729 po-

1423 727 1532 761 stridie
1555 737 1660 760 autem
1683 726 1750 768 jam
1775 727 1857 760 liber
1879 737 1946 760 erat
1969 740 1978 758 ε
2013 726 2102 769 quod
2124 728 2220 761 etiarn
2245 730 2349 771 postea
2382 730 2432 763 bis

1423 771 1496 813 pari
1520 769 1674 804 felicitate
1697 781 1845 812 expertus
1867 769 1932 804 est.
1955 770 2047 807 Quin
2058 769 2198 812 denique
2222 773 2432 815 posteaquam

1424 813 1537 847 eodem
1577 813 1751 856 pharmaco
1791 823 1841 847 ter
1880 822 2035 856 quaterve
2067 812 2199 855 singulis
2232 819 2324 849 annis
2355 827 2432 849 curn

1426 856 1637 900 plenitudinis
1660 858 1779 891 indicia
1803 858 2002 899 perciperet,
2024 858 2075 890 uti
2090 857 2258 900 coepisset,
2274 858 2355 901 sunt
2365 870 2432 892 m-o-

1427 903 1464 934 do
1481 900 1649 942 plusquam
1671 901 1788 942 viginti
1804 900 1861 942 fhx
1883 902 1957 945 cinni
1982 924 1991 940 ,
2024 901 2136 942 inquit
2155 923 2168 940 ‚
2203 900 2315 943 quibus
2346 901 2432 935 nullo

1426 944 1516 977 modo
1540 955 1558 976 a
1580 943 1675 976 dic‘t'is
1696 942 1854 976 doloribus
1867 942 1925 986 fui
1949 943 2124 982 molestatus
2148 956 2158 975 .·
2181 945 2279 987 idque
2301 954 2360 977 non
2376 944 2432 985 so..

1428 986 1494 1020 lum
1517 987 1550 1020 in
1572 996 1620 1019 me
1642 985 1709 1028 ipso
1731 1007 1741 1023 ,
1764 986 1821 1028 sed
1841 987 1874 1019 in
1897 987 2069 1020 innumeris
2099 985 2276 1021 hominibus
2296 987 2431 1029 probavi

1429 1030 1639 1072 experimento
1667 1040 1675 1060 :
1699 1029 1763 1063 hoc
1788 1039 1893 1063 autem
1915 1030 1960 1064 est
1991 1028 2075 1063 illud
2099 1029 2185 1063 idem
2218 1032 2431 1064 eluc'tuarium

1426 1072 1516 1115 quod
1539 1074 1755 1115 Capivaccius
1779 1073 1882 1107 noster
1905 1074 1978 1114 (n)
2000 1072 2136 1106 maxime
2159 1075 2432 1108 commendandum

1425 1115 1500 1161 effe,
1522 1116 1649 1150 dicebat
1664 1141 1675 1157 ,
1700 1117 1734 1149 in
1759 1115 1950 1156 arthritide,
1967 1116 2052 1158 ficut
2073 1117 2281 1158 experimento
2294 1115 2433 1160 fuicsae-

1423 1158 1542 1202 pzffime
1560 1158 1729 1202 probatum
1752 1184 1761 1193 .
1798 1161 1883 1201 Qae
1916 1159 2015 1194 fufius
2047 1157 2086 1191 de
2123 1160 2234 1203 Bayro
2268 1171 2431 1194 memora-

1427 1207 1481 1240 vi,
1506 1214 1545 1236 ne
1567 1203 1772 1244 Gatinariae,
1794 1203 1915 1237 diceres
1935 1224 1945 1240 ,
1969 1202 2180 1246 purgationes
2205 1203 2342 1238 feliciter
2364 1202 2430 1238 ces-

1425 1245 1511 1285 fisse,
1536 1248 1611 1289 quia
1636 1256 1711 1280 tunc
1736 1246 1878 1289 podagra
1902 1248 2009 1280 vexari
2039 1247 2236 1289 incipiebat,
2260 1258 2430 1290 praeterea-

1423 1301 1487 1332 que
1509 1299 1584 1323 toto
1607 1290 1666 1323 illo
1691 1291 1827 1324 biennio
1850 1288 1934 1323 nihil
1959 1312 1968 1326 ‚
1992 1300 2047 1323 aut
2072 1300 2185 1332 parum
2208 1292 2247 1324 de
2271 1292 2350 1325 vino
2373 1293 2425 1325 bi-

1424 1333 1475 1366 bit
1499 1345 1508 1366 :
1531 1344 1729 1376 quamquam
1753 1335 1831 1367 novi
1865 1345 1926 1375 ego
1961 1334 2145 1367 litteratum
2179 1334 2299 1367 Virum
2321 1357 2331 1373 ,
2367 1336 2427 1378 qui

1423 1376 1480 1410 diu
1506 1377 1713 1419 multumque
1730 1400 1743 1418 ‚
1766 1388 1833 1410 non
1858 1378 1945 1411 secus
1969 1388 2003 1410 ac
2028 1375 2152 1416 frater,
2176 1378 2349 1412 arthritide
2375 1390 2428 1412 ve-

1423 1429 1538 1461 xatus,
1567 1421 1742 1464 omniaque
1779 1421 1840 1453 alia
1874 1429 2023 1463 expertus
2041 1443 2053 1460 ‚
2077 1422 2111 1453 in
2136 1421 2248 1464 hisque
2284 1432 2428 1456 annuum

1422 1475 1484 1506 pro
1507 1465 1584 1498 vino
1607 1475 1697 1507 aquae
1721 1473 1858 1507 potum,
1882 1464 1964 1497 nihil
1990 1473 2097 1498 tamen
2122 1464 2333 1507 proficiebat,
2357 1466 2427 1499 imo

1423 1507 1538 1541 debilis
1557 1533 1567 1549 ‚
1601 1518 1772 1550 macerque
1795 1507 1891 1541 fiebat
1917 1533 1927 1548 ,
1960 1507 2063 1541 donec
2088 1519 2160 1542 ante
2183 1508 2271 1542 suam
2296 1520 2426 1551 parcam

1423 1563 1551 1585 coenam
1574 1551 1724 1595 quotidie
1748 1561 1810 1586 una
1845 1551 1895 1585 uti
1929 1553 2033 1593 coepit
2068 1563 2106 1585 ex
2129 1552 2351 1595 melanogogis
2375 1555 2427 1596 pi-

1422 1595 1499 1628 lulis
1523 1596 1710 1637 Langelotti
1724 1619 1735 1636 ,
1758 1593 1844 1629 unde
1865 1592 1992 1628 mucosa
2018 1593 2083 1627 fere
2105 1619 2118 1635 ,
2141 1607 2198 1630 nec
2221 1597 2267 1630 ita
2290 1597 2392 1630 multa
2415 1623 2426 1638 ‚

1422 1637 1595 1680 dejiciebat
1618 1664 1627 1670 .
1651 1639 1703 1672 Sic
1726 1639 1812 1671 enim
1836 1638 1950 1671 melius
1973 1637 2090 1671 habere
2113 1641 2271 1681 incipiens
2292 1663 2302 1680 ,
2324 1640 2426 1674 domo

1423 1682 1550 1725 prodiit
1576 1695 1586 1714 .-
1619 1681 1753 1723 vidique
1786 1693 1849 1724 ego
1872 1681 1978 1724 postea
2002 1681 2065 1714 fine
2100 1683 2244 1725 scipione
2275 1683 2426 1718 inceden-

1423 1733 1488 1758 tem
1511 1724 1611 1759 firmo
1634 1724 1738 1768 gressu
1756 1745 1766 1762 ‚
1788 1734 1887 1767 atque
1910 1724 2064 1767 expedito
2086 1748 2099 1765 ,
2129 1726 2331 1769 pristinoque
2354 1739 2427 1761 cor-

1421 1770 1510 1811 poris
1533 1768 1650 1803 habitu
1676 1793 1685 1809 ‚
1709 1769 1819 1810 paucis
1841 1789 1851 1804 ‚
1874 1767 1953 1801 bene
1977 1768 2138 1802 valentem
2154 1792 2165 1807 ,
2188 1781 2256 1812 quo
2279 1779 2426 1813 tempore

1419 1814 1486 1846 n'on
1513 1811 1570 1845 nifi
1595 1812 1734 1854 quinRO
1759 1822 1892 1853 quoque
1915 1811 1965 1844 die
1990 1822 2089 1844 unam
2113 1824 2152 1846 ex
2174 1814 2215 1845 iis
2240 1813 2350 1854 pilulis
2372 1813 2428 1847 su-

1419 1857 1547 1889 mebat.
1573 1856 1689 1899 Neque
1713 1854 1851 1888 dubium
1875 1854 1917 1889 est
1939 1877 1950 1893 ,
1984 1856 2064 1897 quin
2087 1856 2292 1890 recentiffimi
2316 1857 2431 1896 Media

1420 1900 1501 1933 cinae
1525 1900 1721 1941 Scriptores,
1745 1898 1803 1930 nifi
1827 1898 1876 1931 his
1899 1897 2014 1932 similia
2037 1907 2115 1933 nota
2140 1897 2294 1934 haberent
2317 1910 2428 1934 exem..

1420 1944 1472 1986 pla
1497 1963 1508 1980 ‚
1530 1941 1589 1985 ipsi
1612 1953 1743 1985 quoque
1766 1952 1900 1974 omnem
1926 1941 2108 1976 arthriticis
2128 1943 2283 1977 omnibus
2307 1945 2427 1986 purga

1419 1988 1544 2021 tionem
1567 1995 1710 2019 vetarent
1737 1996 1745 2017 :
1773 1984 1832 2026 ipsi
1857 1996 1935 2019 vero
1959 1984 2132 2028 pharmaca
2163 1986 2296 2030 quidem
2332 1990 2429 2022 vehe-

1419 2033 1581 2066 mentiora
1605 2052 1617 2069 ,
1641 2028 1817 2070 praesertim
1841 2030 1876 2062 in
1900 2028 2099 2071 paroxysmo
2119 2054 2129 2070 ,
2154 2041 2219 2063 non
2244 2031 2387 2073 probant
2412 2043 2424 2072 5

1420 2075 1556 2108 mitiora
1583 2081 1690 2107 autem
1713 2073 1762 2105 vel
1788 2083 1825 2105 eo
1849 2071 2011 2112 instante,
2035 2082 2132 2115 atque
2159 2074 2239 2108 adeo
2264 2075 2427 2118 incipien-

1420 2127 1476 2157 te,
1499 2117 1618 2151 nedum
1642 2116 1681 2151 ad
1704 2116 1783 2149 alios
1806 2115 2027 2157 prohibendos
2058 2118 2268 2160 paroxysmos
2291 2142 2301 2159 ,
2334 2130 2428 2156 com-e

1422 2160 1597 2196 mendant.

1464 2217 1494 2248 7.
1520 2207 1571 2239 De
1593 2204 1687 2239 diaeta
1710 2216 1841 2249 quoque
1863 2229 1873 2247 ,
1907 2214 1945 2239 ut
1978 2214 2098 2240 vocant
2121 2229 2133 2246 ‚
2158 2206 2267 2241 ‘lastea
2299 2216 2428 2241 certum

1423 2249 1466 2284 est
1499 2251 1598 2282 etiam
1635 2259 1730 2293 atque
1764 2251 1861 2284 etiam
1893 2248 1954 2283 esse
1988 2249 2204 2293 cogitandum
2238 2251 2428 2294 priusquam

1423 2291 1603 2328 arthriticis
1626 2294 1805 2336 imperetur
1826 2305 1839 2334 ,·
1872 2304 1909 2326 ne
1933 2292 2019 2326 forte
2052 2295 2225 2336 impuriori
2259 2295 2391 2336 corpori
2414 2315 2428 2333 ‚

1423 2347 1479 2371 aut
1503 2335 1796 2379 hypochondriacis
1821 2335 2049 2371 affeetionibus
2070 2338 2217 2372 obnoxio
2239 2360 2248 2376 ‚
2275 2341 2330 2373 asir
2354 2338 2428 2371 lan-

1419 2380 1523 2424 guido
1556 2382 1738 2416 ventriculo
1780 2382 1885 2414 multo
1931 2381 2001 2422 plus
2049 2380 2239 2415 detrimenti
2279 2382 2393 2416 afferat
2416 2406 2427 2423 ,

1419 2436 1517 2468 quam
1542 2424 1698 2458 utilitatis
1721 2449 1729 2456 .
1769 2424 1861 2462 Quin
1885 2426 1983 2457 etiam
2020 2427 2202 2459 utilitatem
2236 2425 2317 2460 hanc
2351 2426 2426 2458 bre-

1417 2479 1490 2502 vem
1515 2465 1596 2507 esse,
1620 2470 1651 2500 &
1672 2467 1820 2509 fugacem
1845 2468 1893 2500 vel
1917 2470 1950 2501 in
1974 2469 2015 2502 iis
2038 2470 2096 2512 qui
2120 2469 2168 2502 lac
2193 2470 2272 2503 bene
2297 2470 2426 2509 ferant,

1418 2511 1609 2553 scripserunt
1633 2511 1759 2545 Medici
1783 2511 1994 2551 nobilissimi,
2018 2514 2050 2545 δε
2072 2513 2325 2556 ςυειῐῃρνίωωη,
2340 2539 2350 2554 ,
2387 2526 2426 2548 eo

1420 2554 1537 2588 omisso
1560 2578 1570 2594 ‚
1603 2554 1640 2588 ad
1666 2554 1815 2589 sanorum
1848 2556 1969 2588 vietum
1993 2577 2003 2592 ‚
2038 2558 2248 2598 quantumvis
2284 2556 2387 2591 lenem
2412 2579 2424 2595 ‚

1421 2601 1600 2645 mitemque
1625 2598 1778 2632 redierint
1803 2621 1814 2637 ‚
1846 2598 2052 2632 arthritidem
2083 2602 2226 2645 reverti,
2263 2600 2425 2644 longeque

1420 2653 1532 2686 pejus,
1558 2653 1656 2684 quam
1679 2652 1772 2676 antea
1796 2664 1806 2681 ‚
1832 2652 1944 2675 vexare
1965 2666 1975 2682 ,
2007 2651 2063 2676 aut
2087 2653 2156 2684 ejus
2179 2642 2254 2677 loco
2276 2645 2425 2679 internos

1420 2684 1621 2730 gravissimos
1653 2688 1737 2719 oriri
1770 2685 1901 2719 morbos
1922 2707 1936 2725 ,
1970 2696 2052 2728 quos
2082 2697 2168 2719 mors
2197 2685 2283 2720 haud
2318 2690 2425 2722 multo

1419 2729 1489 2774 post
1511 2729 1723 2772 consequatur
1745 2752 1753 2758 -
1779 2729 2005 2763 Veruntamen
2028 2740 2130 2772 neque
2154 2741 2250 2764 omne
2271 2732 2343 2773 lac,
2367 2744 2425 2766 nec

1418 2784 1615 2817 quacunque
1638 2773 1764 2807 ratione
1790 2772 1954 2814 sumptum
1976 2795 1988 2812 ,
2019 2772 2087 2806 haec
2111 2773 2180 2816 post
2206 2774 2235 2807 se
2259 2776 2424 2818 relinquat

1423 2815 1655 2857 incommoda,
1678 2816 1798 2850 necesse
1821 2815 1883 2857 est,
1906 2824 1941 2849 ut
1966 2826 2045 2859 puta
2068 2817 2090 2850 si
2115 2817 2155 2849 iis
2165 2818 2283 2861 quibus
2306 2831 2425 2853 conve-

1425 2863 1495 2895 niat
1518 2883 1527 2898 ,
1553 2871 1616 2893 non
1640 2858 1748 2903 ipsum
1781 2859 1879 2894 modo
1902 2882 1911 2897 ‚
1944 2858 1995 2893 sed
2029 2862 2063 2893 &
2096 2860 2164 2894 cibi
2198 2862 2252 2895 alii
2285 2864 2424 2905 congrui

1424 2903 1556 2948 quidem
1579 2925 1590 2943 ‚
1623 2915 1680 2937 nec
1703 2915 1796 2948 aequo
1831 2903 1934 2947 plures
1959 2902 2044 2938 haud
2069 2903 2166 2937 aliter
2188 2916 2222 2938 ac
2253 2906 2331 2949 saepe
2355 2907 2424 2940 aliis

1422 2953 1457 2982 in
1483 2948 1606 2981 morbis
1629 2947 1667 2980 fit
1689 2968 1701 2986 ‚
1734 2947 1846 2982 eodem
1870 2956 2013 2989 ternpore
2048 2947 2253 2989 praebeantur
2279 2974 2287 2983 .
2321 2949 2424 2984 Certe

1417 3004 1455 3026 ex
1479 2991 1775 3025 Observationibus
1798 3002 1875 3035 quas
1896 2986 2015 3023 Daniel
2040 2990 2211 3026 Puerarius
2234 3016 2247 3032 ‚
2269 2994 2387 3036 opinor
2414 3019 2424 3035 ,

1418 3034 1590 3069 Thesauro
1613 3034 1738 3069 addidit
1761 3034 1902 3069 Thomae
1925 3033 2062 3067 Burneti
2085 3037 2099 3073 (
2122 3046 2139 3068 o
2155 3036 2194 3078 )‚
2215 3047 2276 3069 una
2300 3037 2343 3070 est
2356 3038 2425 3069 Ex-

1418 3080 1494 3113 cell.
1511 3080 1676 3119 Comitis,
1700 3079 1779 3121 qui,
1802 3089 1876 3112 cum
1900 3078 2097 3111 ventriculus
2122 3079 2307 3113 ulteriorem
2331 3080 2423 3115 laetis

1419 3123 1513 3157 usum
1537 3134 1601 3156 non
1626 3122 1723 3156 ferret
1739 3148 1747 3162 ,
1772 3121 1926 3165 pultaceis
1949 3121 2014 3163 ipse
2038 3121 2162 3156 vescens
2177 3147 2186 3162 ,
2210 3133 2283 3157 curn
2297 3122 2424 3157 saccha-

1421 3178 1460 3200 ro
1479 3192 1487 3206 ‚
1510 3170 1539 3200 8<
1565 3167 1643 3199 laete
1667 3167 1805 3208 paratis,
1828 3168 1859 3197 &
1881 3164 2068 3206 gallinaceis
2091 3166 2188 3206 pullis
2204 3187 2212 3202 ‚
2237 3178 2316 3208 pane
2341 3167 2423 3202 lafie

1422 3212 1552 3244 imbuto
1576 3210 1732 3248 nutritis,
1758 3209 1977 3251 paulatimque
1990 3207 2027 3241 ad
2041 3207 2212 3251 pristinum
2237 3211 2358 3244 vistum
2373 3222 2424 3245 re..

1423 3255 1552 3294 versus,
1574 3253 1750 3286 levioribus
1773 3261 1924 3290 tantum,
1946 3253 1974 3283 δι
2000 3250 2094 3285 facile
2118 3251 2284 3293 abigendis
2308 3255 2424 3288 articus

1421 3298 1529 3332 lorum
1553 3296 1742 3333 doloribus,
1766 3306 1830 3329 non
1854 3295 2063 3338 primisillis,
2089 3296 2219 3329 vivebat
2241 3296 2422 3330 obnoxius.

1421 3342 1492 3374 Alii
1517 3352 1624 3374 autem
1647 3350 1704 3372 non
1723 3341 1817 3381 pauci
1841 3338 2006 3373 arthritici
2030 3350 2104 3373 cum
2126 3339 2293 3373 biennium
2327 3339 2421 3374 circi-

1421 3394 1470 3417 ter
1494 3386 1541 3418 lac
1566 3381 1783 3425 sumpsissent,
1807 3382 1928 3417 innoxie
1953 3382 2062 3423 postea
2085 3383 2159 3415 vino
2182 3405 2192 3421 ‚
2217 3383 2418 3424 compotatio-

1420 3427 1567 3470 nibusque
1590 3425 1801 3467 indulserunt.
1827 3427 1909 3459 Haec
1931 3425 2005 3458 ille.
2029 3425 2204 3459 Cornelius
2225 3435 2332 3460 autem
2344 3426 2419 3458 Cel-

1421 3471 1468 3504 sus
1489 3474 1545 3512 (p
1567 3474 1580 3509 )
1603 3470 1683 3503 olim
1707 3469 2065 3503 memoriaelitterarum
2090 3469 2278 3511 mandavit,
2302 3469 2419 3504 arthri-

1419 3516 1502 3549 ticos
1526 3512 1694 3556 quosdam,
1715 3522 1785 3547 cum
1807 3512 1922 3554 asinino
1944 3510 2022 3561 {asie
2041 3519 2117 3554 poto
2138 3523 2178 3547 ex
2199 3511 2306 3597 totoffi
2327 3509 2420 3552 eluifi

2298 3561 2350 3588 ent
2362 3576 2375 3593 ,

426 3725 441 3751 (
454 3732 473 3751 g
488 3722 503 3749 )
521 3721 622 3746 observ.
640 3723 714 3746 Anat.
777 3722 791 3751 (
810 3722 825 3745 h
841 3722 855 3750 )
870 3720 930 3745 Sefl.
948 3716 990 3743 hac
1007 3719 1029 3742 8-
1045 3719 1105 3753 Obs.
1121 3721 1144 3743 6.

434 3753 442 3777 s
461 3754 469 3775 l
486 3752 499 3780 3
517 3753 571 3775 Vid.
587 3752 649 3781 apud
668 3755 758 3777 Donat.
776 3760 798 3775 c.
814 3754 838 3776 8.
857 3752 924 3781 supra
939 3749 969 3774 ad
986 3757 1010 3773 n.
1027 3756 1051 3777 4.
1066 3754 1108 3774 cir.

431 3785 443 3807 (
460 3791 475 3805 r»
496 3787 504 3811 1
520 3781 612 3806 Consil.
628 3783 720 3807 Medic.
737 3791 751 3807 a
768 3783 861 3808 Scholz.
878 3781 937 3807 edit.
955 3786 1007 3810 ²3².

1207 3718 1221 3746 (
1237 3718 1247 3741 ἰ
1262 3717 1273 3746 )
1290 3717 1398 3742 consult.
1416 3718 1485 3742 Med.
1504 3724 1543 3747 43.

1170 3749 1184 3777 (
1201 3754 1223 3772 m
1239 3748 1251 3777 j
1265 3750 1301 3772 De
1318 3746 1429 3772 medena.
1442 3745 1511 3773 hum.
1529 3753 1596 3775 corp.
1614 3747 1684 3771 mal·s
1700 3746 1800 3772 Enehir.
1818 3746 1877 3770 Dist.
1897 3754 1933 3773 19.
1951 3751 1980 3770 tr.
2000 3753 2021 3770 1.
2037 3751 2059 3769 c.
2078 3753 2100 3770 1.

1068 3782 1082 3810 ί
1097 3789 1109 3805 ο
1128 3780 1135 3810 )
1152 3777 1226 3805 Thes.
1244 3777 1314 3804 Med.
1333 3778 1409 3805 Prast.
1426 3779 1444 3804 l.
1461 3783 1484 3806 ἰ-
1502 3779 1526 3804 S.
1540 3785 1579 3808 40.
1597 3776 1622 3801 in
1638 3775 1679 3802 fin.

1604 3715 1612 3745 (
1630 3715 1646 3740 k
1662 3716 1676 3744 )
1692 3718 1763 3741 Cent.
1780 3723 1801 3739 2.
1818 3716 1876 3740 Obs.
1896 3715 1963 3739 Med.
1984 3721 2021 3745 ²5·

1740 3778 1749 3806 s
1764 3784 1781 3808 p
1795 3774 1811 3807 )
1827 3776 1863 3803 De
1879 3774 1970 3802 Medic.
1988 3778 2005 3802 ι.
2024 3784 2050 3807 4.,
2066 3783 2087 3801 c.
2104 3782 2143 3805 ²4-
