2498 4075
41 994 99 1120 J
101 996 254 1107 O.
316 992 786 1109 BAPTI

789 992 1124 1106 STAE

902 1172 1567 1228 AMICUM

61 1303 595 1369 EPISTOLA
637 1302 1801 1372 ANATOMICO-MEDICA
1856 1300 2087 1364 XLIX.

706 1441 790 1492 De
825 1440 1069 1495 febribus
1105 1445 1256 1496 verba
1292 1442 1455 1495 fiunt.

332 1571 386 1603 UI
410 1570 605 1614 longiffimas
628 1583 643 1604 a
668 1585 718 1608 me
741 1573 881 1605 Litteras
904 1583 967 1606 non
1002 1574 1051 1607 ita

211 1649 220 1651 „
243 1614 305 1623 —-.
342 1613 465 1655 pridem
491 1616 668 1657 acceperis,
691 1627 776 1650 nunc
800 1616 942 1657 expeetas
980 1615 1051 1650 for-

217 1669 220 1671 ·
266 1664 282 1666 ’
344 1656 419 1691 tasse
440 1659 623 1701 longiores,
648 1670 684 1694 ut
707 1670 844 1702 quarum
881 1670 1052 1701 argumen-

344 1710 415 1734 tum
439 1700 500 1734 fint
524 1700 656 1741 Febres,
681 1703 788 1737 morbi
811 1703 957 1736 omnium
991 1703 1054 1736 fre-

225 1780 227 1782 .
256 1746 303 1786 „⁴2
342 1744 559 1786 quentill'imi‚
582 1747 612 1777 &
636 1748 717 1780 varii
731 1747 832 1786 adeo,
856 1756 950 1788 atque
967 1747 1051 1781 mul..

224 1789 291 1797 “““
345 1787 494 1829 tiplices.
518 1789 562 1821 Et
584 1788 655 1823 sane
677 1802 748 1833 quae
773 1789 846 1829 ipsis
869 1792 902 1821 in
935 1790 1051 1831 Sepul-

343 1830 456 1865 chreto
479 1831 650 1873 affignatur
671 1834 764 1866 Libri
788 1831 850 1865 iv.
877 1832 985 1865 Sestio
1018 1835 1045 1866 Ι.

32 1887 132 1910 unam
154 1888 194 1910 ex
216 1875 451 1918 prolixioribus
473 1873 532 1908 effe
546 1897 555 1912 ‚
578 1876 687 1909 vides.
712 1877 792 1910 Haec
818 1885 924 1908 tamen
959 1877 1042 1917 Epi-

33 1918 116 1953 stola
145 1930 180 1954 ut
206 1918 388 1954 breviffima
413 1929 476 1951 non
499 1917 560 1958 (it;
581 1929 665 1953 certe
689 1921 776 1952 inter
800 1920 962 1961 longiores
978 1930 1043 1953 non

34 1964 119 1996 erit.
146 1963 236 2003 Qid
260 1964 348 1997 enim
372 1961 446 1999 hic,
470 1961 653 1995 sce-{tionem
679 1963 771 1995 illam.
793 1964 958 1998 imitatus,
993 1974 1040 1995 re-

33 2016 163 2048 petam,
187 2017 242 2040 aut
266 2006 442 2047 anticipem
465 2015 541 2050 quae-
561 2005 661 2045 satis,
686 2005 855 2048 aptiusque
889 2005 967 2039 alibi
1001 2007 1040 2039 ad

34 2059 67 2084 te
91 2050 199 2092 scripsi
218 2075 225 2088 ‚
249 2060 303 2083 aut
327 2048 502 2091 scripturus
526 2050 594 2083 lum
609 2075 616 2089 ,
639 2051 677 2082 de
702 2058 752 2083 tot
788 2050 909 2082 morbis
942 2060 1037 2090 agens

32 2094 227 2137 quibuscum
253 2094 305 2126 sua
328 2101 413 2125 certa
435 2090 533 2124 febris
557 2092 730 2134 conjunfta
753 2091 816 2126 est?
840 2094 878 2125 In
902 2093 957 2125 ilfa
982 2105 1038 2127 au-

33 2147 101 2171 tem
125 2138 273 2171 Sectione
296 2133 542 2177 quamplurimae
565 2136 816 2170 Observationes
852 2136 925 2169 sunt
959 2147 1038 2178 quas

37 2181 184 2215 Bonetus
209 2179 276 2223 ipse
301 2179 419 2213 fatetur
435 2201 445 2216 ,
469 2177 541 2212 aliis
564 2180 645 2213 locis
667 2191 737 2222 quce
761 2178 904 2218 indicat,
930 2178 969 2211 ab
1013 2178 1043 2212 se

37 2225 202 2267 proponi,
227 2226 258 2256 &
282 2224 385 2256 ex‘iis
407 2221 445 2255 d‘e
469 2224 586 2264 quibus
609 2234 673 2256 nori
698 2222 839 2262 fatetur,
862 2223 937 2254 aii-as
961 2233 1044 2262 prae-

36 2277 121 2301 terea
146 2265 308 2309 agnovisse
333 2265 445 2298 videor
466 2265 505 2298 de
528 2267 646 2308 quibus
669 2266 754 2299 idem
779 2265 874 2298 fateri
907 2264 1008 2307 posset
1034 2292 1042 2299 .

39 2311 132 2347 Quin
158 2312 256 2343 etiarn
282 2309 432 2352 quasdam
443 2310 479 2341 in
500 2309 554 2342 illa
579 2311 687 2343 eadem
712 2310 859 2343 Sestione
873 2320 937 2341 non
951 2308 1046 2342 semel

36 2353 157 2397 pofitas
181 2353 418 2386 animadverti:
441 2364 518 2394 quas
541 2351 731 2397 singillatim
766 2363 829 2386 non
863 2364 1007 2385 memoro
1031 2375 1041 2391 ‚

37 2399 115 2441 quia
140 2406 171 2430 te
195 2405 275 2440 puto
292 2422 300 2435 ‚
326 2396 348 2429 ii
372 2396 563 2438 diligentius
586 2408 686 2440 quam
709 2408 791 2439 ego,
813 2396 915 2438 ipsam
939 2396 1043 2438 perle-

38 2452 118 2483 gas,
143 2440 190 2474 vel
216 2442 321 2482 plures
346 2439 421 2472 alias
444 2439 738 2474 animadversurum
753 2463 765 2480 ‚
789 2440 944 2482 simulque
960 2451 1044 2472 non-

36 2485 143 2518 nullas
166 2484 380 2522 miraturum,
405 2484 437 2515 in
462 2483 581 2526 quibus
617 2482 822 2518 incredibilia·
854 2483 937 2525 leges
958 2505 968 2520 ,
1007 2490 1046 2515 ut

37 2537 113 2571 puta
136 2529 169 2559 in
193 2526 350 2569 pestilenti
375 2527 574 2561 hemitritaeo
595 2531 611 2567 ζ
630 2527 682 2569 a)
708 2537 863 2569 repertam
888 2530 971 2560 inter
992 2537 1047 2559 ce-

36 2571 123 2605 rebri
147 2572 310 2612 meninges
333 2571 509 2604 immanem
532 2572 678 2604 cimicum
702 2573 852 2612 copiam,
874 2580 910 2603 ut
935 2570 968 2602 in
992 2580 1046 2610 pe-

35 2615 183 2648 stilentiis
205 2612 397 2656 quibusdam
444 2617 454 2653 (
482 2612 535 2653 b)
581 2624 669 2647 natas
706 2614 814 2656 paffim
838 2616 871 2646 in
895 2612 1046 2647 humanis

35 2658 229 2700 corporibus
252 2657 379 2698 viperas
400 2667 436 2689 ac
458 2656 592 2690 lacertas
606 2682 614 2697 ‚
638 2668 701 2699 quae
723 2656 809 2690 mille
832 2656 991 2690 hominum
1011 2655 1046 2688 in

39 2702 104 2734 dies
128 2700 196 2742 post
218 2701 379 2733 cruciatus
403 2699 613 2734 acerbiffimos
636 2701 876 2737 interficerent,
902 2708 957 2732 aut
982 2697 1044 2739 (c)

39 2746 172 2776 inventa
209 2743 399 2780 hominum,
429 2747 460 2776 δι
484 2755 641 2786 equorum
659 2744 765 2787 jecora
788 2741 955 2785 husonibus
972 2742 1045 2784 sca-

39 2788 161 2822 tem-ia.
297 2785 384 2818 Mihi
408 2797 485 2820 vero
508 2788 662 2821 statutum
686 2789 727 2821 est
753 2787 878 2828 aliquot
918 2784 1044 2817 Obser-

42 2831 187 2863 vationes
209 2840 279 2872 quae
302 2840 340 2861 ex
364 2830 525 2864 Valsalvae
561 2831 739 2873 praesertim
779 2829 899 2864 schedis
935 2827 1047 2870 super-

41 2874 135 2911 sunt,
160 2872 216 2906 hie
239 2870 412 2906 describere
432 2897 441 2911 ‚
465 2875 497 2906 in
521 2886 662 2917 quarum
684 2875 841 2917 plerisque
873 2871 953 2905 illud
988 2882 1047 2908 po-

41 2920 109 2951 tius
133 2916 322 2952 miraberis,
344 2917 431 2958 quod
455 2918 524 2960 post
549 2929 658 2961 graves
673 2940 684 2955 ,
706 2929 760 2952 aut
783 2919 878 2952 citius
914 2915 1048 2957 opinio-

43 2972 82 2995 ne
105 2960 328 2993 interimentes
351 2958 479 3000 febres,
504 2963 559 2994 vix
582 2961 781 3004 quidquam,
807 2959 971 2994 interdum
1006 2969 1045 2990 ne

43 3006 102 3038 vix
125 3004 255 3046 quidem
279 3012 480 3044 compertum
505 3007 546 3039 fit
569 3006 657 3048 quod
671 3017 778 3039 earum
790 3003 963 3046 gravitati,
991 3010 1046 3034 aut

45 3048 184 3089 impetui
210 3045 434 3088 responderet,
460 3047 557 3090 usque
583 3050 662 3082 adeo
685 3050 718 3083 id
742 3047 821 3091 saepe
864 3048 944 3081 latet
992 3055 1047 3087 per

43 3090 133 3134 quod
157 3089 261 3123 febres
286 3089 502 3124 interficiunt!

90 3144 120 3166 2.
144 3133 233 3166 VIR
257 3135 392 3175 triginta
416 3136 543 3168 circiter
567 3147 667 3169 annos
691 3145 782 3168 natus
805 3132 923 3167 incidit
946 3134 979 3165 in
1003 3130 1051 3165 fe.

44 3179 132 3212 brim
152 3177 294 3217 lentam,
317 3175 406 3209 nullo
430 3181 608 3213 attentione
631 3179 732 3221 digno
755 3179 975 3220 symptomate
999 3176 1054 3209 sti-

44 3226 176 3264 patam,
199 3219 257 3253 nisi
280 3220 368 3263 quod
393 3223 551 3265 appetitus
575 3232 640 3256 erat
652 3223 790 3256 omnino
801 3220 961 3262 dejeetus.
979 3221 1053 3252 Pul-

43 3264 118 3304 sus,
141 3267 171 3297 δι
194 3264 280 3296 vires
303 3266 334 3296 in
359 3264 425 3297 dies
447 3265 622 3299 deficiunt·
649 3266 795 3299 Tandem
820 3274 858 3298 ex
882 3265 1054 3304 inopinato

44 3308 185 3342 moritur
201 3331 206 3337 .
340 3307 550 3344 DISSECTI
562 3311 669 3343 omnia
686 3310 800 3342 viscera
815 3321 829 3341 a
842 3308 991 3340 Valsalva
1004 3307 1056 3339 in-

46 3361 140 3384 venta
165 3349 237 3383 sunt
261 3349 350 3388 sana,
378 3350 400 3383 fi
425 3351 491 3386 haec
514 3355 672 3394 excipias.
707 3352 817 3395 Cystis
841 3351 932 3384 fellea
966 3350 1055 3383 fusco

45 3393 197 3429 infeffiam
221 3394 331 3427 colore
355 3395 453 3428 bilem
477 3397 688 3436 continebat,
711 3397 744 3428 in
768 3406 862 3438 eaque
875 3395 1055 3434 calculum,

46 3439 180 3472 molaris
202 3437 308 3470 dentis
331 3440 575 3479 magnitudine,
599 3441 708 3473 colore
755 3439 875 3481 pallido
902 3463 911 3477 ,
959 3438 1054 3472 facile

45 3481 228 3515 friabilem.
255 3481 347 3515 Intus
370 3493 467 3516 cavus
489 3495 554 3516 erat
572 3506 580 3519 ,
607 3483 775 3525 pluresque
799 3483 877 3515 alios
889 3482 1050 3520 calculos,

44 3523 161 3567 eosque
184 3526 315 3566 nigros,
337 3525 475 3559 inclusos
499 3527 658 3560 habebat.
794 3526 963 3558 Pulmones
979 3536 1054 3558 vero

134 3568 298 3609 Morgagni
309 3570 343 3601 de
355 3571 420 3603 Sed.
433 3571 475 3603 (φ
485 3570 572 3612 Cazts.
586 3570 688 3603 Morb.
705 3572 804 3604 Tom.
817 3570 862 3601 ΙΙ.

1102 1574 1204 1616 nigris
1229 1571 1362 1606 maculis
1387 1578 1475 1606 erant
1498 1568 1663 1602 distineri.
1690 1570 1874 1604 Pericardio
1900 1580 2035 1612 parum,
2063 1574 2117 1598 aut

1103 1617 1190 1651 nihil
1214 1615 1274 1650 seri
1298 1617 1419 1648 inerat.
1445 1612 1581 1653 Sanguis
1605 1613 1638 1645 in
1663 1612 1724 1646 hoc
1749 1612 1902 1647 cadavere
1928 1623 1994 1646 crat
2006 1610 2118 1658 admo-

1103 1660 1183 1695 dum
1207 1658 1378 1694 coenosus,
1403 1659 1438 1691 in
1460 1655 1567 1690 cordis
1599 1665 1705 1690 autem
1738 1657 1930 1691 ventriculis
1965 1660 2120 1696 coagula-

1108 1714 1160 1737 tus
1176 1729 1183 1737 .

1150 1758 1180 1789 3.
1209 1746 1280 1778 Sive
1304 1744 1425 1777 lentam
1449 1742 1588 1781 febrim,
1613 1741 1676 1776 five
1702 1744 1878 1786 malignam
1904 1742 2017 1781 Fuisse,
2052 1751 2122 1773 cre-

1107 1790 1187 1828 das3
1210 1799 1296 1821 certe
1320 1799 1390 1829 quae
1415 1797 1472 1828 per
1496 1784 1717 1820 dissectionem
1742 1797 1865 1829 reperta
1892 1787 1961 1820 sunt
1997 1793 2122 1827 praeter

1107 1844 1281 1870 naturam,
1303 1831 1337 1862 in
1363 1830 1435 1862 aliis
1458 1840 1588 1870 quoque
1613 1828 1699 1863 haud
1724 1841 1796 1863 raro
1820 1840 2024 1868 occurrunt,
2060 1828 2119 1870 qui

1103 1887 1206 1918 neque
1228 1873 1386 1916 ejusmodi
1410 1874 1646 1913 aegrotatione,
1681 1884 1784 1916 neque
1821 1873 1998 1915 praesertim
2032 1871 2121 1913 ejus.

1101 1920 1190 1952 modi
1216 1926 1329 1960 genere
1354 1918 1468 1949 mortis
1494 1914 1704 1951 absumuntur
1720 1942 1727 1949 .
1865 1919 1943 1950 Non
1968 1920 2012 1950 ita
2038 1916 2120 1957 sepe

1103 1963 1222 1995 accidit
1238 1984 1247 1999 ,
1273 1970 1308 1994 ut
1332 1961 1365 1992 in
1389 1961 1485 1992 corde
1508 1957 1578 2000 ipso
1603 1972 1637 1992 ea
1664 1960 1904 2003 conspiciantur
1928 1973 1998 2003 quae
2034 1959 2118 1992 Val-

1097 2006 1185 2038 salva
1212 2006 1244 2037 in
1271 2014 1370 2045 puero
1395 2002 1501 2040 vidit,
1525 2013 1620 2044 quem
1647 2002 1790 2040 hee'lica,
1828 2007 1949 2045 opinor
1973 2029 1981 2043 ,
2017 2002 2118 2036 febris

1096 2048 1243 2086 sustulit,
1269 2056 1455 2089 quanquam
1478 2045 1633 2078 nonnulla
1660 2046 1731 2080 sunt
1754 2059 1825 2089 quae
1850 2050 1881 2080 in
1911 2049 2063 2086 vivente,
2087 2050 2119 2079 δε

1094 2090 1224 2126 fortasse
1248 2092 1343 2123 etiarn
1366 2092 1399 2121 in
1425 2099 1556 2122 mortuo
1579 2087 1724 2129 fuerint,
1752 2102 1791 2123 an
1804 2102 1893 2131 non,
1919 2093 1995 2125 lcire
2008 2091 2116 2125 aveas.

1140 2147 1172 2177 4.
1203 2134 1330 2167 PUEK
1353 2131 1489 2175 quidam
1515 2134 1614 2165 macie
1648 2133 1816 2167 confectus
1862 2135 1947 2168 obiit
1974 2161 1980 2167 .

1097 2178 1200 2211 COR
1225 2177 1329 2209 valide
1353 2186 1425 2209 curn
1452 2175 1632 2217 pericardio
1655 2178 1863 2210 nectebatur.-
1905 2190 1972 2221 quo
2020 2177 2114 2211 fimul

1098 2233 1174 2255 curn
1198 2220 1391 2263 pinguedine
1415 2216 1559 2260 separato
1576 2241 1587 2258 ‚
1612 2230 1666 2260 per
1685 2231 1817 2254 omnem
1830 2224 2027 2255 exteriorem
2047 2233 2118 2254 mu-

1101 2265 1263 2297 sculorum
1289 2263 1395 2296 cordis
1418 2261 1534 2295 faciem
1561 2263 1708 2304 quaedam
1733 2264 1841 2305 paffim
1865 2264 1999 2306 disjeeta
2035 2266 2119 2298 albi-

1101 2309 1140 2342 da
1165 2318 1301 2348 corpora
1325 2306 1559 2340 cernebantur.
1584 2305 1717 2340 Horum
1730 2307 2021 2350 pleraquefigura,
2047 2321 2118 2342 ma-

1101 2351 1298 2394 gnitudine,
1317 2350 1425 2383 colore
1449 2360 1545 2391 parva
1571 2349 1654 2382 milii
1679 2361 1776 2391 grana
1801 2350 2007 2385 referebant:
2033 2364 2118 2386 non-

1100 2396 1188 2428 nulla
1215 2403 1320 2426 autern
1345 2401 1434 2425 erant
1460 2392 1625 2434 aliquanto
1650 2404 1792 2435 majora,
1816 2394 1917 2436 figura
1944 2396 2114 2430 abnormi.

1100 2441 1160 2472 Per
1183 2436 1394 2479 diaphragma
1419 2434 1678 2478 lympliaedueius
1694 2436 1767 2469 satis
1792 2438 1960 2472 manifesto
1986 2451 2117 2482 appare-

1102 2483 1202 2515 bant.

1152 2535 1180 2565 5.
1204 2523 1262 2556 Sed
1286 2522 1350 2567 jam
1376 2521 1414 2555 ad
1437 2533 1473 2556 ea
1497 2522 1718 2562 transeamUS,
1740 2535 1811 2566 quse
1836 2524 1920 2558 idem
1945 2527 1977 2559 in
2013 2529 2116 2562 tribus

1103 2568 1253 2602 foeminis
1275 2566 1484 2606 oblervavit‚
1508 2564 1544 2599 ad
1567 2567 1653 2601 aliud
1678 2565 1822 2601 febrium
1848 2580 1945 2611 genus
1972 2574 2115 2606 attinen-

1104 2622 1171 2645 tra.

1143 2660 1174 2687 6.
1201 2653 1433 2687 MULIERIS
1458 2664 1613 2688 annorum
1639 2654 1777 2696 triginta
1805 2682 1814 2696 ‚
1862 2662 2111 2699 temperamenti

1099 2696 1228 2734 hilion,
1252 2698 1374 2740 duplici
1398 2695 1486 2730 febre
1510 2700 1648 2731 tertiana
1673 2698 1736 2739 jam
1760 2699 2029 2740 diulaborantis,
2055 2705 2113 2736 ab·

1098 2742 1218 2775 domen
1244 2741 1360 2774 baculo
1385 2740 1563 2782 percussum
1588 2741 1651 2775 est-
1678 2743 1823 2784 Excepta
1858 2745 1891 2775 in
1928 2747 1957 2778 S.
1994 2747 2107 2780 Mariae

1098 2785 1137 2818 de
1162 2786 1240 2817 Vita
1269 2782 1527 2819 Nosocomium,
1550 2784 1588 2818 de
1613 2783 1797 2818 abdominis
1822 2786 1934 2820 dolore
1960 2799 2108 2823 tantum-

1101 2828 1200 2862 modo
1224 2828 1437 2869 querebatur.
1463 2826 1521 2859 Sed
1547 2829 1646 2861 tertio
1670 2840 1707 2860 ex
1730 2840 1795 2871 quo
1822 2829 1963 2870 perculsa
2000 2832 2107 2867 fuerat

1099 2872 1152 2905 elie
1175 2872 1276 2913 coepit
1301 2870 1454 2903 delirare.
1482 2870 1593 2904 Pulsus
1618 2882 1683 2903 etat
1709 2884 1843 2912 parvus,
1868 2876 2010 2908 &celer.
2027 2877 2108 2911 Non

1101 2915 1195 2949 semel
1221 2915 1348 2947 vomitu
1373 2911 1542 2946 humorem
1568 2913 1684 2956 ejecit,
1711 2927 1799 2957 aquae
1815 2917 1978 2958 limilem,
2002 2923 2109 2963 inqua

1099 2971 1175 2993 caro
1199 2969 1307 2991 recens
1331 2957 1398 2989 lota
1422 2955 1484 2989 est.
1511 2957 1659 2990 Tandem
1685 2960 1780 2991 aneto
1805 2960 1837 2992 in
1861 2961 1927 2994 dies
1959 2965 2074 2997 morbo
2097 2989 2110 3005 ‚

1098 3002 1247 3036 interiit.
1379 3000 1647 3033 ABDOMtle
1672 3001 1806 3035 musculi
1831 3004 1955 3038 contusi
1991 3011 2110 3050 reperti

1101 3046 1175 3080 sunt
1200 3044 1240 3077 lic
1264 3052 1392 3080 tamen,
1419 3053 1453 3075 ut
1477 3055 1578 3086 neque
1604 3048 1742 3078 exterius
1760 3072 1767 3084 ,
1793 3058 1892 3088 neque
1915 3050 2000 3083 intra
2038 3063 2111 3085 ven-

1102 3098 1183 3122 trem
1208 3088 1310 3121 ullum
1333 3095 1456 3119 extaret
1480 3086 1677 3120 contusionis
1702 3090 1879 3124 indicium.
1906 3093 2016 3135 Hepar
2040 3094 2111 3128 sub-

1106 3134 1217 3167 album
1243 3133 1279 3163 ad
1305 3130 1461 3163 duritiem
1486 3131 1634 3164 nonnihil
1660 3134 1838 3173 vergebat.-
1871 3134 1937 3177 ejus
1972 3137 2107 3172 vesicula

1106 3188 1177 3220 quae
1203 3174 1319 3215 insigni
1345 3183 1410 3206 erat
1434 3173 1679 3214 magnitudine,
1704 3177 1776 3209 bilis
1801 3186 1871 3209 atro
1893 3180 2002 3213 colore
2026 3180 2108 3214 infe-

1107 3222 1187 3258 ἀρε,
1210 3229 1270 3250 tres
1293 3218 1424 3250 circiter
1448 3218 1555 3250 uncias
1579 3219 1785 3257 continebat,
1812 3219 1903 3261 cujus
1927 3225 2037 3264 portio
2049 3226 2109 3258 ali-

1106 3275 1170 3306 qua
1194 3263 1289 3294 etiam
1314 3263 1345 3292 in
1366 3260 1544 3293 ventriculo
1568 3263 1696 3294 inventa
1721 3263 1785 3295 est.
1813 3265 1952 3306 Reliqua
1976 3269 2008 3300 in
2034 3280 2110 3301 ven-

1107 3317 1155 3341 tre
1179 3305 1350 3339 secnndutn
1374 3314 1541 3337 naturam.
1676 3306 1713 3337 ln
1749 3306 1896 3340 Thorace
1942 3311 2109 3350 pulmones

1108 3363 1172 3393 qua
1197 3350 1355 3381 vertebras
1379 3346 1583 3389 spectabant,
1610 3359 1724 3390 magna
1750 3360 1840 3383 erant
1865 3351 2009 3395 phlogosi
2033 3354 2111 3389 affe-

1107 3397 1177 3434 cti,
1198 3403 1309 3425 caetera
1339 3392 1403 3423 lani
1420 3414 1428 3420 .
1453 3392 1576 3424 Dexter
1596 3393 1792 3425 ventriculus
1834 3395 1939 3429 cordis
1985 3399 2108 3432 medio-

1107 3448 1193 3471 crem
1219 3434 1406 3478 polyposam
1429 3436 1669 3468 concretionem
1692 3435 1853 3471 habebat.

1152 3491 1183 3522 7.
1211 3481 1278 3517 Qui
1304 3478 1484 3511 abdominis
1507 3479 1608 3511 ifflum
1623 3503 1631 3516 ,
1654 3480 1685 3511 &
1707 3479 1745 3514 de
1767 3480 1854 3514 illius
1876 3480 2043 3519 dumtaxat
2055 3486 2111 3520 do.

1108 3525 1175 3558 lore
1199 3524 1342 3566 querelas
1377 3519 1563 3562 spediaffeu
1589 3531 1702 3600 caelgrl?
1724 3535 1794 3565 quae
1817 3524 1987 3560 consecuta
2011 3529 2110 3572 sunt,

1996 3571 2070 3606 laeso

114 3787 257 3816 (a)Obs
284 3785 416 3817 fas-11·
479 3786 843 3818 (b205l262.§.8.812.
907 3789 946 3816 (c

965 3786 972 3816 J
991 3786 1051 3810 raia.
1070 3787 1089 3816 ς.
1111 3795 1139 3811 m
