2498 4075
497 179 664 246 Epist.
702 179 872 231 Anat.
907 175 1126 231 Medica
1161 176 1341 229 XXV.
1382 177 1506 229 Art.
1545 195 1586 238 ς.
1622 178 1677 229 <St
1716 182 1762 227 6.

111 258 335 292 Pulmonarem
360 257 486 293 adibat.
620 259 767 299 Denique
794 258 916 290 Cranio
948 257 1119 290 circumse-

111 303 186 340 ἂο,
208 301 295 345 quod
322 303 446 345 antiqui
471 300 577 333 morbi
602 299 702 333 sedem
726 302 891 333 continere
917 300 1119 333 existimaba-

111 354 187 383 tur,
211 348 295 378 intra
318 346 437 379 cerebri
459 344 656 377 ventriculos
680 355 769 386 aquae
794 345 957 379 multum,
982 344 1117 385 glandu-

112 388 151 435 lae
183 397 288 421 autem
313 389 423 431 plexus
444 387 624 421 Choroidis
659 388 837 430 plurimum
869 387 1003 422 tumida:
1038 399 1118 420 con-

88 434 89 441 *
112 433 227 474 spectae
250 432 342 465 sunt.

154 486 185 518 5.
209 475 277 509 Hic
302 474 449 509 Sacerdos
473 474 494 507 si
520 473 605 508 idem
628 485 691 507 non
717 473 840 515 fuitpac
875 473 1057 509 Monachus
1079 474 1118 508 de

110 530 178 561 quo
200 519 283 552 mihi
317 523 331 559 (
353 521 365 553 i
386 522 399 558 )
422 517 570 550 Valsalva
598 516 726 551 dixerat
749 532 758 555 3
793 520 843 552 bis
869 519 997 552 alterius
1030 514 1119 551 defe-

110 564 200 596 stum
226 564 307 596 renis
330 562 396 605 ipse
417 559 552 599 viderit,
579 560 692 595 necesse
715 562 774 594 est.
801 565 847 595 At
871 561 892 594 {i
917 561 1004 594 idem
1029 561 1117 601 fuit,

109 615 146 640 ut
171 607 291 649 opinor
312 629 323 646 ,a
355 613 408 638 aut
430 605 462 636 in
488 606 646 639 “si-affatu
671 604 709 638 de
734 607 820 641 Aure
854 606 1004 638 Humana
1028 608 1041 645 (
1064 605 1082 646 l<
1103 609 1117 644 )

110 660 174 683 non
209 649 327 683 sinister
350 660 403 682 ren
435 646 539 680 fuerat
573 648 753 682 scribendus
773 672 785 689 ,
818 648 868 682 secl
892 648 1030 687 dexter3
1063 657 1117 681 aut

108 691 164 726 hic
188 705 253 727 non
275 692 404 729 dexter.
428 689 479 723 sed
504 690 643 725 sinister.
671 694 793 725 Verum
817 692 977 725 alterlibet
1000 703 1053 725 ren
1064 690 1116 724 de-

110 735 233 777 fuerim
254 748 327 770 cum
350 734 424 770 esset
448 735 475 767 is
499 747 563 778 quo
589 747 655 769 uno
669 735 768 769 homo
791 734 847 768 iste
858 733 1011 776 praeditus
1024 744 1116 775 erat,

109 781 246 814 naturali
272 777 509 821 magnitudine,
536 781 593 819 &‚
617 778 943 821 quodconsequitur,
966 790 1030 811 non
1045 788 1116 810 tan-

108 834 181 858 tum
205 825 279 857 lotii
300 823 469 856 secerneret
496 847 505 861 ,
529 831 686 864 quantum
708 822 774 855 duo
799 821 1014 861 secrevissent5
1040 832 1117 855 num

108 869 183 901 inde
207 868 356 910 pleraque
378 864 557 899 deducenda
583 865 653 900 sunt
677 877 717 898 ex
741 866 780 899 iis
806 864 1021 899 incommodis
1043 865 1117 907 qui-

110 912 169 945 bus
193 911 306 944 tandiu
329 908 607 943 conflictabatur?
632 920 708 942 num
732 909 908 950 praesertim
930 922 969 942 ex
991 920 1059 952 quo
1079 907 1118 941 ad

109 957 267 988 minorem
291 966 324 985 ea
348 964 408 996 qua
431 964 513 994 opus
536 951 668 992 fuisset,
692 951 858 985 secretorii
881 954 981 986 urinae
1004 953 1120 994 organi

108 997 367 1040 magnitudinem
390 996 474 1029 labes
498 996 660 1030 accesserat
684 995 788 1038 aliqua
814 995 853 1029 ab
869 997 994 1028 interna
1017 994 1120 1037 hyda-

107 1041 196 1078 tide‚
221 1053 292 1083 quae
312 1064 322 1080 ,
345 1038 367 1072 si
390 1051 454 1072 non
479 1039 566 1073 aliud
588 1063 600 1079 ,
624 1049 656 1072 at
679 1048 764 1072 certe
788 1039 910 1082 aliquid
935 1037 972 1071 de
994 1050 1026 1071 ea
1054 1051 1121 1071 ma-

106 1084 278 1127 gnitudine
291 1083 476 1116 detrahebat
489 1110 496 1122 ,
522 1095 598 1116 num
611 1108 618 1118 .
642 1084 776 1126 inquam
788 1106 800 1122 ,
824 1093 902 1117 tunc
927 1081 1035 1115 saltem
1051 1084 1119 1119 plus

105 1141 193 1172 aquae
217 1129 251 1161 in
264 1126 381 1161 cerebri
406 1127 592 1160 ventriculis
603 1127 761 1160 cumulari
786 1124 1007 1169 coeptumest?
1032 1127 1121 1159 Nam

107 1181 197 1206 antea
220 1182 349 1214 quoque
373 1170 515 1213 aliquam
539 1170 628 1203 illius
651 1171 779 1212 copiam
802 1171 836 1203 in
860 1170 901 1203 iis
924 1167 1040 1206 fuisse,
1062 1181 1117 1203 ca-

105 1217 187 1259 pitis
210 1215 388 1253 debilitas,
412 1216 443 1247 &
465 1226 535 1257 quae
561 1213 598 1247 ad
609 1212 776 1246 thoracem
801 1213 1120 1247 attinebantincom-

107 1259 206 1293 moda
240 1258 388 1292 videntur
411 1256 585 1299 fignificare
610 1282 618 1295 ,
649 1268 723 1291 cum
748 1259 781 1290 in
805 1258 869 1290 illo
898 1255 981 1290 nihil
1008 1267 1121 1299 praete-

106 1316 180 1343 rea,
202 1303 235 1335 in
259 1301 322 1336 hoc
347 1312 421 1334 vero
445 1301 529 1334 nihil
554 1311 611 1341 per
627 1300 797 1334 sedtionem
813 1299 1045 1342 deprehensum
1055 1300 1118 1339 sit,

105 1346 194 1390 quod
217 1347 335 1379 merito
361 1344 502 1379 accuses.
530 1346 652 1377 Verum
665 1343 822 1378 undenam
847 1343 963 1385 fiebat,
986 1353 1022 1377 ut
1036 1356 1120 1387 prae-

104 1393 200 1433 cipue
222 1389 300 1423 dum
325 1389 440 1428 staret,
462 1388 530 1422 illis
541 1389 754 1431 corriperetur
766 1387 944 1432 deliquiis?
967 1388 1019 1420 An
1030 1386 1121 1430 quod

103 1435 212 1468 nullus
236 1434 339 1475 magis
361 1443 460 1474 quam-
482 1431 592 1464 stantis
616 1455 623 1468 ,
661 1431 825 1465 hominem
847 1429 935 1465 lasset
966 1433 1115 1474 corporis

103 1476 208 1512 situs?
231 1477 286 1510 An
297 1475 631 1520 quodventticulum-‚
655 1473 718 1517 jam
731 1487 784 1518 per
811 1475 839 1508 se
850 1474 988 1508 debilem
1003 1499 1011 1512 ,
1033 1486 1117 1517 pon-

103 1522 163 1557 dus
187 1529 265 1554 tunc
290 1521 391 1562 magis
414 1518 601 1553 distraheret
627 1518 825 1561 praegrandis
845 1520 970 1551 omenti
993 1517 1006 1550 Ρ
1038 1518 1115 1551 Hoc

106 1575 215 1599 autem
239 1563 321 1598 unde
344 1562 387 1597 sic
410 1561 607 1597 intortum?
638 1563 671 1594 Si
696 1574 735 1595 ex
758 1561 891 1596 historia
915 1570 1081 1604 appareret
1104 1585 1118 1603 ‚

103 1606 186 1652 quid
209 1618 324 1651 praeter
341 1619 382 1640 ea
407 1619 478 1650 quae
501 1606 650 1638 adnotata
663 1605 754 1643 sunt,
780 1605 910 1638 homini·
931 1614 985 1639 aut
997 1606 1117 1638 extrin-

104 1653 217 1692 secus,
242 1660 298 1684 aut
321 1651 457 1683 interius
481 1648 638 1682 accidisset
662 1670 671 1685 ‚
705 1648 787 1683 unde
811 1657 984 1683 omentum·
1002 1647 1060 1683 diu
1084 1649 1119 1682 in

103 1706 205 1730 unum
228 1694 337 1727 locum
361 1693 474 1734 adigi,
497 1692 736 1735 compr-imique
760 1689 861 1735 posset
884 1716 897 1732 ‚
929 1704 996 1726 rem
1017 1703 1119 1734 expo-

91 1750 177 1773 'nere
199 1748 329 1770 conarer
354 1736 391 1770 ad
415 1747 487 1770 eum
511 1735 576 1769 fere
599 1735 735 1770 modum
757 1735 795 1770 ad
817 1747 912 1779 quem
933 1735 1119 1778 Ruyschius

103 1786 119 1822 (
143 1781 154 1815 l
176 1785 189 1822 )
212 1779 350 1824 ejusdem
373 1780 637 1814 coarctationem
655 1802 668 1817 ‚.
690 1781 972 1823 mutationemque
995 1781 1028 1812 in
1053 1778 1119 1812 far-

103 1826 235 1859 ciminis
259 1824 400 1858 sormam
423 1824 598 1866 explicavit
614 1848 622 1855 .
759 1825 810 1857 Ut
832 1822 871 1857 ad
887 1823 969 1857 illud
994 1822 1119 1856 redeam

101 1867 194 1913 quod
217 1869 377 1912 praecipue
400 1868 455 1901 hic
477 1867 571 1900 nobis
596 1865 803 1909 propositumv
821 1866 883 1906 est,
909 1867 1062 1901 videlicet
1082 1866 1120 1900 ad

100 1913 203 1947 animi
224 1911 446 1949 defeStiones3
470 1910 539 1943 noli
565 1911 706 1951 mirari,
726 1909 751 1943 si
775 1912 808 1944 in
832 1910 895 1945 hoc
907 1922 1036 1954 quoque
1060 1910 1120 1944 ho-

100 1958 189 1991 mine
211 1967 277 1989 non
298 1955 361 1989 sine
381 1953 546 1996 interje6³ffl
570 1965 741 1987 nervorum
754 1955 917 1988 mentione
943 1954 1054 1996 possim
1066 1967 1117 1987 ea-

101 2012 175 2035 rum
185 1999 310 2034 causam
335 1998 498 2038 indicare,
521 1997 650 2040 quando
664 1997 747 2031 nihil
774 1997 832 2032 nisi
858 2000 891 2031 in
906 1999 1060 2038 cerebro,
1083 2001 1118 2030 δε

103 2043 145 2080 ad
171 2043 384 2077 ventriculum
409 2050 570 2084 repertum
592 2040 652 2080 est,
674 2042 731 2075 ubi
755 2041 839 2076 hanc
863 2040 956 2076 fuisse
978 2065 990 2081 ,
1011 2040 1118 2083 conji-

102 2089 251 2126 ciamus5
273 2087 360 2119 nervi
384 2095 497 2120 autem
515 2083 574 2117 five
597 2082 639 2118 ad
663 2086 826 2129 originem
845 2084 1032 2127 compressi,
1056 2084 1117 2117 five

102 2131 181 2166 alibi
203 2131 325 2164 irritati
349 2155 358 2169 ‚
390 2141 488 2172 quam
511 2127 672 2169 saepiffime
692 2152 704 2168 ‚
738 2132 770 2163 &
805 2127 1033 2162 evidentiffime
1069 2127 1119 2161 fa-

101 2177 216 2211 ciunt,
239 2184 276 2208 ut
302 2174 412 2207 animo
435 2171 620 2205 deficiamus
644 2197 650 2202 .
682 2171 819 2205 Constat
841 2171 874 2205 id
899 2183 938 2204 ex
960 2180 1013 2203 tot
1036 2170 1118 2203 deli-

101 2219 191 2262 quiis
212 2229 283 2260 quae
298 2217 446 2251 homines.
466 2213 668 2258 prehendunt
682 2225 737 2248 aut
759 2216 854 2248 certis
878 2215 978 2247 animi
995 2211 1119 2245 affeffti-

100 2263 161 2297 bus
185 2260 224 2294 de
245 2259 424 2304 improviso
446 2258 665 2301 perturbatos,
689 2267 742 2291 aut
765 2257 941 2290 teterrimis
963 2255 1119 2290 odoribus

102 2304 292 2348 perculsos,
328 2313 382 2337 aut
407 2300 611 2335 acerbissimis
646 2301 849 2336 nervosarum
883 2301 1025 2343 partium
1047 2322 1059 2339 ,
1084 2303 1116 2333 δε

101 2348 274 2382 ventriculi
298 2346 497 2389 praesertirn,
520 2343 686 2377 doloribus
708 2353 893 2387 correptos.
919 2344 990 2376 Nec
1014 2342 1120 2376 obsta-

81 2430 84 2434 „
103 2404 137 2426 re
164 2416 173 2429 ,
209 2390 316 2424 credas
338 2402 410 2433 quae
433 2388 472 2422 de
496 2386 608 2421 cordis
628 2397 720 2421 motu
745 2388 808 2420 hoc
841 2397 983 2428 tempore
1005 2385 1120 2428 dispu-

103 2445 237 2473 tantur,
261 2433 346 2477 quasi
370 2446 387 2466 a
410 2432 514 2465 nervis
538 2432 672 2464 minime
695 2430 842 2473 penderet
864 2455 871 2462 .
904 2428 1006 2463 Aliud
1031 2431 1118 2462 enim

109 2479 153 2513 est
177 2477 291 2521 absque
313 2478 415 2510 nervis
438 2473 523 2517 posse
546 2473 585 2507 ad
609 2484 734 2517 tempus
758 2485 814 2507 cor
839 2475 958 2507 moveri
980 2485 988 2505 :
1028 2471 1119 2505 aliud

105 2524 148 2556 iis
171 2521 272 2561 laesis,
297 2523 330 2553 δε
354 2518 529 2563 praesertim
552 2519 714 2556 irritatis,
741 2529 807 2552 non
831 2517 916 2561 posse
928 2516 1036 2550 cordi-s
1049 2527 1119 2549 mo-

104 2575 178 2600 tum
200 2564 334 2601 vitiari,
361 2564 540 2606 plurimum
564 2562 695 2602 minui,
721 2573 817 2605 atque
840 2561 919 2594 adeo
942 2562 1118 2593 interrum-

104 2611 158 2653 pi.
186 2605 275 2642 Illud
287 2608 430 2649 primum
455 2606 531 2640 sicui
554 2606 609 2638 alii
624 2630 635 2645 ‚
658 2604 958 2646 certeAmpliffimo
982 2604 1118 2637 Senacio

102 2657 158 2694 (m
169 2656 186 2692 ),
201 2660 268 2685 erat
291 2660 429 2687 notum,
453 2658 549 2693 atque
562 2649 785 2691 perspe&umf.
810 2648 958 2682 Sednum
983 2657 1119 2690 propte-

103 2708 155 2731 rea
177 2696 305 2738 negavit
330 2695 464 2728 alterum
488 2692 501 2726 ?
534 2695 612 2726 Imo-
628 2704 701 2726 vero
724 2692 746 2726 fi
780 2693 969 2735 praeclarum
990 2690 1057 2735 ejus
1078 2690 1117 2724 de

105 2741 253 2782 Syncope
275 2747 372 2780 caput
392 2741 462 2778 (n)
485 2737 598 2779 leges5,
614 2737 738 2770 videbis
751 2737 841 2774 sane,
866 2735 952 2770 haud
977 2735 1070 2768 aliter
1082 2745 1134 2767 ac¹

107 2782 208 2816 modo
232 2793 246 2815 a
270 2793 320 2815 me
343 2781 466 2815 factum
490 2780 533 2814 est
545 2804 560 2819 ,a
579 2780 612 2814 id
635 2781 710 2814 mali
736 2780 867 2813 subinde
883 2780 922 2813 ab
945 2779 1049 2812 nervis
1060 2778 1117 2811 ubi

107 2826 166 2859 ubi
189 2827 326 2859 irritatis
341 2848 352 2865 ‚
374 2823 549 2867 praesertim
572 2836 646 2857 vero
668 2823 730 2858 sive
753 2825 787 2856 in
810 2823 942 2857 cerebro
953 2819 1117 2864 compres-

106 2868 166 2906 sis,
191 2868 251 2909 sive
263 2869 325 2909 ibi,
339 2871 438 2902 autin
449 2868 630 2902 ventriculo
639 2867 810 2901 stimulatis
830 2891 841 2907 ‚
863 2866 1014 2900 deducere
1029 2890 1036 2897 .
1052 2866 1118 2898 Ve-

108 2924 180 2948 rum
193 2923 230 2945 ne
254 2912 343 2946 abiis
355 2911 533 2947 recedamus
544 2924 614 2955 quae
638 2914 671 2945 in
693 2910 916 2945 morbidorum
929 2910 1117 2945 cadaverum

108 2956 252 2991 sectione
275 2956 511 2996 inveniuntur,·
544 2955 625 2990 hanc
649 2967 719 2999 quae
744 2955 890 2999 sequitur
910 2977 923 2995 ,
958 2952 1117 2988 Valsalvae

109 3000 379 3076 pbsqrvationem
403 2999 548 3042 perlege,
573 3002 605 3033 &
629 3010 742 3033 nervos
764 3020 774 3037 ,
797 2997 819 3031 si
845 3008 960 3042 potes,
983 2997 1118 3030 minime

110 3054 187 3077 :ncu
205 3056 239 3077 a.

154 3090 189 3119 6.
212 3088 298 3121 VIR
319 3086 572 3128 Nobilissimus,
596 3097 685 3131 patre
707 3095 800 3120 natus
826 3086 1038 3119 articulorum
1060 3083 1120 3119 do-

110 3131 235 3165 loribus
256 3154 269 3171 ‚
305 3133 337 3163 δε
361 3130 519 3164 catat-rhis
535 3132 711 3171 obnoxio,
742 3142 758 3164 a
783 3131 885 3173 prima
909 3128 1121 3162 adolescentia

109 3175 195 3208 varis
205 3198 223 3215 ,.
241 3177 272 3208 &
299 3173 424 3215 scabie,
448 3185 526 3209 mox
547 3176 717 3208 virulentis
730 3174 938 3217 gonorrhoeis
961 3172 1063 3215 saepe‚
1087 3175 1119 3205 δε

110 3218 200 3261 penis
222 3218 401 3256 ulceribus,
426 3216 561 3261 denique
581 3219 615 3251 in
637 3229 778 3252 extrema
791 3217 955 3260 juventute
980 3217 1121 3259 paternis

110 3262 179 3296 illis
202 3260 369 3295 dolor-ibus
392 3271 523 3294 vexatus
544 3286 554 3301 ,
583 3273 657 3296 cum
680 3262 718 3295 ab
741 3261 793 3295 his
815 3261 966 3294 omnibus
989 3259 1121 3293 liberari

111 3315 242 3349 cuperet
263 3328 277 3345 ,
311 3303 470 3347 disparem
493 3306 672 3339 curationis
702 3306 828 3339 exitum
851 3303 965 3338 habuit
988 3328 995 3334 .
1031 3304 1122 3337 Nam

111 3349 201 3390 quod
233 3349 274 3382 adi
294 3353 439 3381 venereas
470 3349 541 3381 illas
571 3359 670 3383 noxas
703 3348 860 3382 attinebat
883 3370 893 3386 ,
925 3359 967 3381 eae
990 3346 1122 3389 quidem

112 3393 207 3427 facile
240 3393 390 3426 remediis
412 3390 664 3434 obsequebantur
686 3417 699 3434 ‚
735 3393 889 3435 nulloque
913 3391 1028 3424 reli&o
1052 3390 1123 3434 post

113 3437 143 3470 se
167 3437 231 3470 luis
254 3436 413 3477 vestigio,
437 3432 625 3468 facessebant
650 3460 657 3467 .
680 3436 908 3469 Articulorum
934 3445 1041 3468 autem
1064 3434 1123 3467 do-

112 3481 216 3518 lores,
242 3480 387 3522 quamvis
410 3490 464 3512 nec
489 3478 580 3511 semel
601 3502 614 3518 ‚
645 3481 677 3512 δε
701 3478 916 3513 multifariam
940 3480 1123 3523 impugnati

112 3524 152 3557 ab
173 3525 213 3557 iis
237 3523 415 3566 praesertim
439 3522 577 3556 Medicis
596 3545 605 3559 ,
640 3524 695 3564 qui
718 3546 727 3560 ,
765 3534 839 3557 cum
861 3523 985 3556 venerei
1010 3521 1123 3556 subesse

112 3566 237 3610 aliquid
259 3567 496 3603 existimarent,
521 3565 620 3599 modo
644 3565 880 3610 hydrargyrum
894 3591 905 3607 ‚
930 3566 1006 3599 alias
1019 3566 1126 3608 ligno-

110 3621 183 3645 rum
204 3610 337 3644 decocta
361 3609 573 3644 exhibuerant
595 3634 603 3647 ‚
626 3609 771 3643 sudorem
795 3611 1024 3651 concitantes,
1046 3620 1127 3643 nun—

204 3655 372 3698 Morgagni
383 3655 417 3687 de
433 3654 501 3687 Sed.
515 3654 557 3686 Θ
569 3652 655 3695 Caufi
670 3653 772 3687 Morb.
791 3654 892 3687 Tom.
907 3657 933 3687 Ι.

2014 176 2111 237 257

1169 267 1265 301 quam
1288 265 1395 289 tamen
1419 256 1466 289 ita
1490 255 1575 297 abigi
1600 263 1798 296 potuerunt,
1821 263 1931 287 utnon
1955 253 2085 286 subinde
2110 255 2182 297 plus

1170 302 1277 333 minus
1311 299 1510 332 incommodi
1535 295 1679 331 afferrent
1704 319 1715 335 ,
1750 297 1961 338 articulosque
1995 296 2181 330 debilitatos

1171 342 1385 385 relinquerent
1400 367 1407 375 .
1433 344 1527 384 Qos
1551 351 1585 375 ut
1609 338 1835 381 confirmaret,
1859 350 1975 373 temere
1988 351 2041 383 per
2063 339 2182 374 secon-

1168 386 1240 420 silio
1263 394 1378 427 capt0,
1400 385 1561 421 Euqaneis
1585 384 1728 421 balneis,
1752 386 1784 416 &
1809 384 1888 417 lutis
1912 394 1985 417 cum
2006 383 2054 415 vel
2068 393 2180 425 praetcr

1171 430 1306 463 modum
1330 428 1401 462 usus
1424 428 1520 466 esset3
1544 440 1601 461 nec
1626 426 1672 461 sui
1697 427 1766 459 voti
1789 437 1926 469 compos
1937 426 1979 460 est
2002 425 2126 465 fafffls,
2149 429 2181 459 ἃ

1171 485 1249 507 mox
1269 472 1386 514 capitis
1408 471 1574 505 doloribus
1598 481 1662 504 non
1687 468 1750 504 sine
1774 470 1987 511 plenitudinis
2019 468 2106 503 sensu
2129 479 2181 500 vt·-

1171 518 1239 551 xari
1262 516 1387 558 coepit,
1412 525 1483 549 tum
1506 515 1679 549 oculorum
1703 512 2016 548 inflammationibus
2037 537 2046 552 ,
2070 514 2104 545 &
2128 523 2181 544 na-

1170 562 1254 594 rium
1279 558 1531 600 haemotrhagiis
1554 582 1561 588 .
1600 559 1750 597 Qarum
1774 557 1839 590 illae
1864 568 1902 590 eo
1926 558 2029 598 magis
2053 554 2180 588 sinistro

1168 605 1265 637 oculo
1288 611 1489 641 nocuerunt,
1512 599 1601 644 quod
1613 601 1666 634 hic
1689 600 1801 633 multis
1825 610 1898 633 ante
1909 602 1997 633 anuis
2021 598 2180 632 consimili

1168 646 1227 680 diu
1249 644 1379 680 affectus
1403 645 1541 686 morbo,
1563 656 1603 678 ex
1626 643 1768 677 erosione
1791 644 1927 677 Cornea:
1952 644 2068 677 tunicae
2093 641 2184 675 albu-

1169 691 1277 732 ginem
1301 698 1502 722 contraxerat
1517 713 1524 727 ‚
1548 699 1619 731 quae
1645 687 1781 720 secundo
1806 685 1891 726 hoc,
1914 687 2034 728 pariter
2057 685 2185 718 diutur-

1170 744 1214 766 no
1232 758 1244 774 ‚
1269 731 1480 766 incommodo
1503 732 1594 766 aucta
1617 729 1719 764 fuerat
1743 755 1752 769 ‚
1787 741 1823 763 ut
1848 729 1999 763 nonnihil
2023 729 2187 770 promine-

1168 787 1240 817 ret,
1263 777 1456 820 pupillaeque
1481 787 1496 808 e
1520 773 1868 818 regionerespondens,
1893 772 2019 816 objech
2042 771 2188 812 duplica-

1170 833 1201 853 re
1224 820 1386 854 videretur
1407 845 1414 852 .
1448 817 1706 860 Haemorrhagiae
1732 827 1835 850 autem
1860 842 1870 856 ,
1905 817 2007 849 irritis
2038 815 2188 856 complu-

1170 865 1253 898 rium
1278 863 1483 898 Medicorum
1507 862 1637 896 auxiliis
1657 886 1669 902 ,
1702 861 1814 894 tandiu
1835 871 2036 903 perrexerunt
2057 882 2069 899 ‚
2089 858 2189 891 donec

1170 908 1318 941 Valsalva
1342 906 1434 941 facile
1460 905 1588 940 remedii
1614 904 1901 948 genusrndkavir,
1924 903 2011 937 velut
2038 902 2188 943 alias(o)

1171 950 1209 984 de
1232 950 1295 984 hoc
1319 951 1391 993 ipso
1414 949 1659 984 Generosiffimo
1683 949 1773 988 Viro‘
1790 947 1829 981 ad
1851 957 1882 980 te
1897 947 2088 985 scribentes,
2113 945 2189 978 satis

1172 995 1398 1036 exposuimus.
1425 993 1484 1027 Sed
1506 1005 1580 1027 cum
1605 992 1709 1035 postea
1733 999 1831 1034 caput
1854 991 1980 1024 assiduis
2004 990 2090 1023 curis
2112 1012 2121 1026 ‚
2155 991 2187 1035 ὃς

1173 1039 1360 1078 graviffimis
1398 1036 1654 1077 cogitationibus
1677 1037 1780 1075 magis
1805 1058 1816 1074 ‚
1849 1034 2009 1077 magisque
2033 1032 2190 1066 infirmas-

1174 1079 1249 1120 set3
1276 1082 1372 1115 rediit
1395 1081 1503 1114 creber
1527 1079 1688 1120 sanguinis
1713 1078 1817 1113 fluxus
1838 1102 1851 1118 ,
1876 1077 1925 1110 sed
1948 1089 1964 1110 e
1987 1078 2113 1110 narium
2138 1087 2191 1108 va-

1176 1126 1296 1165 sculis,
1319 1135 1354 1159 ut
1379 1125 1498 1166 opinor
1523 1147 1531 1161 ,
1568 1123 1784 1164 superioribus
1809 1145 1819 1160 ‚
1845 1120 2004 1163 rediitque
2028 1119 2191 1153 interdum

1174 1170 1346 1204 oculorum
1369 1167 1585 1201 inflammatio
1608 1177 1672 1198 non
1698 1166 1775 1199 levis
1797 1189 1809 1204 ‚
1843 1174 1913 1197 tum
1947 1165 2092 1205 frequens
2117 1185 2126 1199 ‚
2160 1167 2192 1195 ὅ(

1174 1215 1360 1253 repentinus
1385 1212 1479 1245 faciei
1506 1210 1603 1244 rubor
1628 1233 1638 1248 ,
1663 1208 1830 1252 sensusque
1853 1208 1970 1241 caloris
1993 1208 2026 1239 in
2051 1207 2154 1249 capite
2181 1230 2191 1245 ‚

1173 1257 1353 1290 debilitatis
1376 1264 1482 1290 autem
1507 1252 1672 1295 cujusdam
1695 1251 1732 1285 ad
1757 1250 1907 1285 infimum
1929 1251 2062 1293 occiput
2083 1272 2092 1286 ,
2124 1249 2192 1283 haec

1175 1310 1284 1336 autem
1307 1302 1417 1334 omnia
1442 1308 1520 1332 tunc
1543 1297 1646 1340 magis
1668 1319 1677 1334 ,
1709 1307 1784 1329 cum
1810 1296 1870 1328 alvi
1897 1320 1908 1336 ,
1932 1305 1986 1327 aut
2011 1293 2116 1327 vesicae
2138 1306 2194 1326 ex·-

1170 1345 1327 1378 cretiones
1350 1343 1597 1378 minuebantur.
1624 1339 1772 1375 Tandem
1806 1339 1944 1381 septimo
1968 1340 2096 1371 circiter
2120 1346 2192 1371 ante

1171 1389 1300 1422 obitum
1325 1387 1427 1422 mense
1450 1385 1705 1431 quotiescunque
1730 1394 1784 1418 aut
1808 1383 1963 1417 scalarum
1985 1381 2138 1425 gradibus
2161 1393 2196 1414 a*

1170 1431 1330 1466 scenderet
1354 1457 1363 1472 ,
1397 1440 1451 1465 aut
1474 1440 1528 1473 per
1560 1438 1689 1472 aequum
1711 1451 1723 1468 ‚
1756 1430 1787 1460 δε
1811 1427 1942 1469 planum
1967 1426 2076 1459 locum
2099 1425 2197 1468 paulo

1173 1476 1308 1509 celerius
1335 1475 1511 1509 ambularet
1536 1495 1546 1511 ,
1582 1481 1635 1505 aut
1660 1470 1789 1504 brachia
1827 1471 1871 1502 ita
1896 1469 2074 1511 praesertim
2098 1478 2134 1502 ut
2159 1469 2194 1501 in

1175 1518 1310 1553 vestibus
1332 1516 1503 1553 induendis
1515 1516 1677 1555 facimus,
1701 1524 1863 1551 moveret,
1887 1523 1964 1547 tunc
1977 1514 2118 1556 primum
2129 1524 2197 1545 coe-

1177 1564 1228 1606 pit
1253 1563 1524 1600 animadvertere,
1547 1559 1717 1592 molestum
1739 1558 1898 1600 quendam
1922 1555 2059 1599 frigoris
2072 1555 2195 1590 sensum

1176 1607 1234 1640 fibi
1260 1606 1298 1640 ad
1320 1606 1513 1640 inferiorem
1537 1602 1630 1636 sterni
1655 1612 1780 1642 partem
1804 1601 1939 1634 excitari
1963 1624 1969 1631 .
2001 1601 2070 1638 Qui
2096 1599 2199 1634 sensus

1175 1650 1335 1693 paulatim
1359 1650 1440 1684 adeo
1464 1654 1608 1681 mutatus
1632 1645 1674 1679 est
1697 1646 1854 1686 temporis
1868 1641 2028 1686 progressu
2044 1668 2056 1684 ,
2080 1653 2115 1678 ut
2130 1643 2198 1686 post

1175 1705 1276 1728 unum
1303 1717 1311 1728 q
1346 1703 1399 1727 aut
1424 1693 1559 1726 alterum
1594 1688 1732 1724 mensem
1757 1688 1863 1731 frigus
1887 1686 1969 1722 illud
1993 1689 2026 1721 in
2049 1686 2203 1721 dolorem

1176 1738 1408 1771 acerbiffimum
1432 1736 1584 1770 desineret
1611 1757 1618 1770 ,
1645 1734 1701 1776 qui
1726 1734 1886 1767 continuo
1909 1731 1948 1765 ad
1971 1741 2069 1774 caput
2093 1730 2204 1765 ascen»

1177 1781 1252 1816 dere
1276 1792 1363 1825 aegro
1386 1780 1577 1814 videbatur:
1601 1780 1632 1810 &
1657 1787 1735 1811 tunc
1760 1777 1854 1811 illico
1877 1775 1987 1815 visus,
2011 1774 2139 1818 pulsus,
2166 1780 2200 1810 ἃ

1176 1826 1303 1859 animus
1326 1823 1518 1858 deficiebant
1542 1847 1548 1853 .
1588 1823 1633 1853 Et
1656 1832 1840 1864 quanquam
1864 1821 1964 1854 initio
1986 1830 2052 1853 non
2076 1818 2135 1853 nisi
2159 1821 2199 1853 iis

1176 1881 1259 1912 quos
1293 1868 1437 1902 diximus
1457 1891 1469 1908 ‚
1501 1866 1649 1907 corporis
1682 1865 1827 1899 motibus
1861 1865 1928 1899 haec
1961 1863 2162 1899 succederent
2188 1876 2198 1903 3

1178 1912 1282 1953 postea
1307 1922 1411 1945 tamen
1424 1911 1473 1944 vel
1498 1910 1560 1942 sine
1576 1908 1646 1943 ullo
1669 1919 1760 1943 motu
1775 1908 1833 1942 sibi
1857 1908 1989 1943 deficere
2002 1907 2171 1942 videbatur
2191 1934 2200 1941 .

1178 1956 1260 1996 Sed,
1284 1955 1373 1998 quod
1397 1956 1517 1988 mirum
1540 1952 1582 1986 est
1604 1977 1615 1992 ‚
1648 1952 1686 1986 ad
1710 1952 1915 1987 violentiores
1937 1950 2094 1995 quosdam
2127 1963 2201 1985 mo-

1177 2009 1255 2040 tus,
1279 2008 1316 2033 ut
1341 2008 1416 2041 puta
1438 1998 1699 2033 sternutationis,
1725 2007 1780 2029 aut
1805 1996 1891 2030 tuffis
1917 2021 1927 2035 ,
1952 1994 2035 2028 nihil
2061 1995 2199 2039 ejusmo-

1173 2043 1234 2082 di,
1256 2042 1354 2085 atque
1379 2042 1458 2075 adeo
1482 2041 1603 2074 nullam
1626 2040 1763 2073 omnino
1787 2041 1969 2083 patiebatur
1993 2040 2172 2074 molestiam
2188 2066 2198 2074 .

1175 2087 1360 2126 Nunquam
1384 2084 1523 2127 spirandi
1539 2084 1637 2117 ullam
1658 2083 1884 2118 difficultatem
1896 2084 2123 2128 percipiebat3
2149 2083 2198 2118 sed

1176 2130 1297 2172 capitis
1320 2128 1400 2172 saepe
1422 2128 1650 2168 debilitatem,
1673 2137 1708 2162 ut
1731 2127 1895 2163 interdum
1919 2126 1979 2161 sibi
2003 2127 2128 2163 Casurus
2150 2130 2199 2161 vi-

1177 2173 1329 2211 deretur,
1353 2174 1387 2206 ni
1411 2172 1551 2207 fulcrum
1576 2171 1709 2214 aliquod
1733 2171 1984 2214 apprehenderet
2005 2197 2013 2205 .
2037 2174 2126 2215 Saepe
2150 2182 2199 2204 et-

1176 2217 1244 2248 iam
1268 2224 1339 2249 tum
1363 2216 1507 2250 interdiu
1529 2239 1542 2257 ,
1575 2225 1647 2249 turn
1671 2216 1773 2248 ηοὲὲιι
1796 2214 1973 2250 convulsivi
2007 2226 2115 2250 motus
2139 2216 2199 2249 ali-

1176 2257 1311 2301 quando
1334 2259 1515 2293 universum
1538 2270 1654 2300 corpus
1675 2281 1687 2297 ,
1711 2258 1787 2292 alias
1812 2269 1937 2301 partem
1962 2259 2103 2301 aliquam
2124 2270 2199 2293 cor-

1178 2301 1339 2344 ripiebant
1352 2326 1364 2341 ,
1389 2302 1553 2345 palpebras
1568 2301 1745 2344 praesertim
1760 2324 1769 2339 ‚
1794 2305 1826 2335 &
1837 2302 2172 2337 brachiumsinistrum
2186 2316 2196 2335 .-

1176 2356 1261 2379 nunc
1295 2345 1458 2380 convulsio
1480 2345 1623 2388 digitum
1653 2345 1812 2388 quendam
1837 2346 2050 2389 prehendebat
2084 2359 2197 2382 manus

1177 2389 1317 2423 dexterae
1340 2401 1413 2423 cum
1437 2389 1551 2423 dolore
1572 2401 1580 2421 .·
1606 2389 1708 2422 modo
1732 2387 1844 2432 stupor
1867 2389 1999 2424 eandem
2023 2402 2154 2425 minum
2178 2416 2191 2431 ‚

1177 2437 1211 2466 δε
1233 2444 1303 2466 crus
1327 2442 1457 2473 totum,
1482 2433 1557 2466 huic
1583 2431 1773 2474 respondens
1798 2446 1807 2465 :
1832 2445 2074 2477 nonnumquam
2098 2444 2190 2469 utro-

1176 2488 1238 2518 que
1260 2478 1294 2508 in
1316 2477 1452 2509 brachio
1477 2474 1634 2509 sentiendi
1657 2474 1794 2510 facultas
1818 2478 1953 2511 omnino
1992 2478 2159 2513 deficiebat
2186 2492 2193 2513 .·

1176 2519 1349 2561 aliquando
1376 2529 1548 2562 utrumque
1574 2518 1686 2553 dolore
1711 2519 1910 2554 afficiebatur
1934 2534 1941 2555 .·
1976 2533 2031 2556 nec
2055 2534 2127 2556 raro
2156 2525 2194 2557 ai

1174 2562 1314 2606 sinciput
1340 2563 1434 2596 dolor
1457 2573 1548 2604 erat,
1573 2572 1626 2598 aut
1649 2563 1887 2599 constrictionis
1911 2565 2013 2601 sensus
2038 2566 2074 2601 ad
2108 2569 2194 2601 occi·

1176 2616 1236 2649 put
1258 2631 1277 2657 -Δ
1301 2608 1413 2650 Atque
1438 2607 1506 2641 haec
1543 2608 1654 2641 omnia
1689 2610 1868 2651 promiscue
1902 2609 1939 2644 ad
1974 2611 2060 2645 diem
2094 2611 2192 2656 usque

1174 2660 1295 2683 mortis
1318 2663 1437 2693 aegrum
1463 2651 1654 2695 torquebant
1677 2676 1684 2683 .
1712 2655 1877 2689 Caeterum
1901 2654 1966 2689 fere
1991 2656 2028 2690 ad
2050 2666 2121 2690 eum
2144 2656 2193 2691 us-

1173 2693 1348 2744 que-diem
1372 2695 1518 2729 ciborum
1541 2697 1727 2738 appetitus,
1751 2697 1879 2732 somnus
1900 2723 1912 2739 ,
1943 2701 2097 2735 naturalis
2119 2712 2192 2734 cor-

1173 2747 1266 2779 poris
1288 2739 1380 2772 color
1396 2765 1403 2779 ,
1427 2743 1459 2774 ὃς
1484 2739 1630 2773 hilaritas
1653 2740 1810 2783 intrepidi
1834 2744 1935 2776 animi
1958 2744 2191 2779 constiterunt.

1172 2781 1259 2814 Haec
1281 2793 1357 2815 cum
1382 2786 1430 2817 ita
1453 2783 1482 2816 se
1508 2782 1682 2825 haberent;
1702 2785 1769 2818 dici
1793 2797 1858 2819 non
1883 2786 2009 2829 potest,
2031 2790 2064 2821 in
2089 2800 2191 2831 quot,

1174 2827 1209 2857 δε
1241 2837 1338 2868 quam
1362 2830 1464 2860 varias
1498 2828 1666 2860 sententias
1692 2830 1725 2861 &
1756 2829 1922 2871 praesentes
1945 2854 1958 2871 ,
1991 2833 2024 2863 &
2054 2831 2190 2867 consulti

1174 2869 1365 2910 perlitteras
1378 2872 1499 2905 Medici
1514 2882 1576 2903 non
1594 2870 1699 2904 infimi
1716 2874 1857 2906 nominis
1873 2873 2069 2908 discederent
2082 2899 2094 2916 ‚
2116 2888 2191 2911 cum

1175 2912 1232 2944 alii
1255 2913 1340 2946 nihil
1364 2914 1445 2953 esse,
1468 2914 1611 2947 dicerent
1633 2937 1646 2954 ,
1680 2915 1738 2948 nisi
1763 2916 2080 2959 hypochondriacam
2116 2920 2192 2953 asse-

1175 2956 1319 2989 ctionem
1335 2981 1347 2997 ,
1371 2959 1426 2991 alii
1453 2957 1628 2991 humorum
1651 2957 1826 2993 siccitatem
1851 2960 1958 2995 nescio
1980 2975 2076 3006 quam
2100 2987 2108 3002 ,
2135 2965 2191 2997 alii

1175 3010 1364 3049 nerveorum
1389 3001 1594 3044 quorundam
1608 3012 1769 3037 ramorum
1789 3003 2032 3040 exsiccationem
2055 3006 2129 3042 cum
2141 3011 2195 3041 ni-

1174 3054 1240 3076 mia
1263 3043 1439 3078 humorum
1463 3045 1647 3078 mobilitate
1669 3047 1879 3090 conjuntftam
1897 3073 1910 3089 ,
1935 3050 1991 3083 alii
2014 3050 2190 3093 spasmodi·

1175 3097 1250 3121 cum
1272 3087 1563 3138 rheumatismum,
1588 3098 1641 3123 aut
1667 3091 1911 3127 convulsionem
1935 3105 1949 3126 a
1975 3093 2083 3129 salinis
2108 3098 2191 3129 acri-

1174 3130 1233 3164 bus
1257 3133 1424 3174 particulis
1448 3144 1482 3165 in
1507 3131 1669 3172 thoracis,
1694 3138 1727 3168 δε
1749 3146 1880 3170 artuum
1905 3137 2065 3172 musculos
2089 3138 2118 3171 se
2141 3141 2190 3172 in-

1173 3174 1370 3225 serentibus,
1395 3176 1508 3218 ibique
1531 3187 1646 3211 nervos
1669 3177 1905 3215 stimulantibus
1932 3207 1940 3221 ,
1974 3182 2029 3213 alii
2053 3183 2190 3226 denique

1174 3220 1391 3252 irritationem
1415 3220 1611 3254 avirulentis
1634 3233 1672 3254 ex
1695 3223 1746 3256 lue
1768 3234 1897 3256 venerea
1909 3225 2094 3267 particulis,
2119 3239 2194 3269 quae·

1175 3264 1211 3295 in
1234 3263 1423 3297 mediastino
1447 3262 1651 3299 substitissent
1667 3290 1674 3297 .
1702 3268 1795 3300 Unus
1806 3267 1955 3301 Valsalva
1978 3269 2125 3311 pleraque
2138 3282 2191 3303 eo-

1177 3317 1248 3340 rum
1272 3307 1389 3350 quibus
1412 3318 1495 3349 aeger
1519 3317 1743 3351 torqueretur,
1769 3323 1784 3343 a
1807 3311 1895 3345 causa
1918 3324 1989 3354 quae
2012 3315 2096 3347 intra
2119 3325 2190 3346 cra*-

1178 3353 1270 3384 nium
1293 3349 1391 3396 esset,
1416 3353 1596 3393 repetebat,
1620 3362 1688 3386 tum
1710 3353 1838 3389 dolores
1861 3357 1977 3398 capitis
2002 3367 2101 3400 prope
2126 3357 2196 3390 assi-¹

1177 3393 1258 3427 duos
1282 3394 1438 3436 Ιρεξὶειηε,
1468 3399 1500 3428 &
1524 3396 1744 3431 convulsiones
1766 3422 1777 3437 ,
1810 3411 1881 3442 quae
1904 3398 1947 3433 ad*
1972 3409 2044 3439 tot,
2069 3403 2100 3433 ὅ(
2124 3410 2192 3434 tam

1176 3436 1312 3471 diversas
1337 3447 1440 3479 partes
1464 3440 1666 3481 pertinebant
1686 3463 1700 3480 ,
1730 3450 1801 3475 tum
1823 3454 1843 3484 q
1869 3454 1894 3476 ae
1916 3442 1986 3485 post
2010 3443 2193 3478 affeetiones

1177 3493 1216 3514 ex
1240 3491 1328 3524 parte
1351 3480 1472 3515 similes>
1492 3483 1667 3527 aliquando
1692 3485 1726 3516 in
1748 3451 1953 3532 cadavsribtis
1977 3486 2193 3530 deprehende-

1177 3528 1386 3576 1·at.··Itaque
1410 3535 1445 3558 ut
1468 3527 1577 3560 caeteri
1601 3527 1722 3561 auxilia
1734 3530 1980 3571 proponebant,
2006 3543 2076 3574 quae
2100 3543 2194 3575 pecu-

1178 3569 1251 3602 liari
1284 3568 1433 3612 quusque
1456 3580 1569 3605 eorum
1593 3570 1755 3606 sententiae
1786 3571 2031 3615 convenirent;
2063 3574 2103 3609 sic
2128 3575 2195 3620 ipse

1178 3622 1338 3655 quantum
1373 3625 1407 3646 ea
1449 3625 1519 3656 quae
1555 3614 1718 3691 sanguilnis
1766 3618 1894 3659 copiam
1926 3642 1937 3659 ,
1980 3628 2035 3653 aut
2066 3629 2197 3662 turgen-

1767 3672 1783 3692 2
2050 3665 2152 3705 tiam,

127 3718 2195 3735 Q*

772 3762 1030 3793 (k)e.2.n.14.

176 3762 191 3790 (
206 3762 216 3784 i
231 3762 245 3790 )
263 3761 363 3786 Advers.
380 3763 454 3786 Anat.
472 3761 522 3784 ΠΙ.
540 3760 656 3785 Animad.
672 3768 711 3791 32.

180 3792 246 3822 (η)
697 3793 856 3824 (0)Epist‹
875 3802 952 3823 1411.
972 3804 1007 3824 ²4

262 3792 279 3818 l.
295 3801 319 3822 4.
337 3792 376 3816 ch.
396 3800 432 3817 12.
451 3799 473 3816 n.
492 3798 513 3814 2.
533 3800 554 3820 5.
570 3799 594 3820 7.
614 3799 635 3820 9.

1096 3767 1105 3796 s
1122 3767 1132 3790 ί
1149 3765 1158 3796 l
1174 3768 1237 3793 Obs.
1254 3771 1325 3794 Anat.
1341 3768 1413 3794 Chir-›
1425 3770 1464 3798 63.

1526 3769 1541 3799 Ε
1556 3777 1580 3793 m
1597 3770 1610 3798 )
1626 3769 1711 3795 Τωίῑέ
1726 3772 1758 3797 du
1776 3774 1856 3797 Coeus
1873 3774 1888 3798 l.
1906 3782 1930 3798 ι,
1945 3775 1983 3799 ch.
2001 3783 2023 3802 7.
