2498 4075
260 1529 283 1548 tx

290 1552 317 1570 Χ

414 214 517 265 442

777 199 935 254 Liber
968 200 1037 253 V·
1068 197 1154 252 De
1187 199 1440 255 addendis
1474 199 1542 256 ad
1572 199 1757 256 Libros
1789 203 2072 269 superiores

348 282 398 309 ter
421 287 569 314 naturam
594 275 757 320 proposita
773 300 789 326 ι,
826 276 1000 312 secundum
1031 276 1196 312 consuetas
1231 286 1352 312 naturae
1405 276 1522 312 addest
1540 279 1634 314 'Nam
1657 279 1773 321 praeser
1794 291 1845 314 eas
1866 291 1944 325 quas
1967 281 2078 326 saepius
2102 283 2163 320 sibi
2196 289 2368 326 occurrisse

348 320 434 363 leges
456 319 586 355 fortass'e
607 319 665 354 esse
689 318 844 362 potuisse,
867 330 905 364 ut
928 329 1005 362 puta
1040 330 1114 354 cum
1147 322 1180 354 in
1214 321 1317 354 bobus
1339 342 1350 359 ,
1401 321 1525 355 indicat
1559 323 1766 363 Abrahamus
1795 325 1980 366 Cyprianus
2013 326 2067 369 (q
2087 332 2132 368 ),,,
2161 340 2265 366 ἢωηὲη
2286 315 2402 371 aster}

348 363 401 399 lue
422 365 564 403 eneffis,
588 362 695 405 paffim
726 362 850 397 videbis
882 363 1239 398 adnotatam²nimiam
1268 361 1347 397 vesi'-

343 402 430 443 culae
453 406 536 441 sellis
558 406 792 449 plenitudinem
806 431 815 447 ,
838 408 906 440 imo
929 407 975 440 ab>
995 407 1157 441 nonnullis
1180 419 1240 450 pro
1271 418 1346 441 cau-

405 450 552 484 habitam
573 449 765 494 dysenteriae
787 461 859 494 quae
881 451 974 484 boves
996 452 1216 489 cruciaverat,
1239 454 1270 485 &
1293 452 1347 484 in-

348 493 372 534 f,
381 493 586 528 animationis
598 515 608 531 ,
631 492 838 537 sphacelique
850 493 1075 529 intestinorum
1084 517 1097 534 ,
1120 499 1186 536 qu'o
1197 495 1347 529 videlicet

347 540 441 575 tanto
475 535 631 577 majorem
665 539 793 579 copiam
826 536 1003 571 immisisset
1033 537 1193 572 erodentia
1227 538 1303 573 bilis
1336 562 1346 577 ,

326 587 336 593 ²
347 589 473 623 quanto
496 579 560 622 ipsa
583 578 643 614 hac
667 581 770 622 magis
795 579 912 615 referta
936 591 1022 615 erat.
1046 581 1117 615 Vix
1129 591 1231 620 unus,
1255 580 1345 624 quod

347 625 468 661 sciam,
493 622 700 658 Mauchartus
724 623 786 663 (h)
820 634 886 657 rem
918 624 1012 658 aliter
1042 625 1194 667 explicari
1228 623 1312 668 poss'e
1335 647 1346 662 ,

348 667 495 705 censuit,
521 665 585 700 sive
606 677 671 700 non
695 677 763 700 tam
786 668 852 701 bile
874 679 973 710 quam
995 669 1096 706 aeris,
1119 670 1151 702 in
1166 668 1347 710 putrescen-

346 721 379 748 te
403 711 468 746 bile
491 709 521 743 se
543 709 779 752 expandentis,
802 711 970 752 particulis
992 709 1125 745 distendi
1158 709 1324 746 vesiculam
1339 736 1349 753 ,

349 753 581 797 conjiciendo,
604 753 665 788 five
685 776 695 791 ,
730 755 856 797 quando
888 753 979 789 istam
1013 755 1093 788 aeris
1125 755 1349 796 expansionem

348 797 516 841 aliquoties
546 800 557 837 (
581 806 646 832 non
682 795 840 839 semper)
870 797 1073 832 observatam
1106 797 1168 832 esse
1191 820 1202 835 ‚
1233 798 1317 833 dicit
1341 822 1351 839 ,

346 840 499 885 ponendo
515 864 524 879 ‚
548 840 587 873 ab
613 840 763 876 Duodeni
787 840 931 876 intestini
956 842 1075 875 tunicis
1087 840 1351 876 inflammatione

346 883 573 921 tumentibus,
600 894 655 917 aut
682 883 904 925 spasmodice,
927 885 1126 923 constrictis,
1159 894 1214 919 aut
1248 888 1348 920 etiam

345 927 488 964 flatuum
511 926 701 969 expanfione
725 927 926 970 compressas,
950 928 1089 962 liberum
1108 953 1118 969 ‚
1153 928 1348 971 pleniorem-

345 983 407 1016 que
431 971 595 1005 influxum
607 970 770 1005 bilisinid
783 970 968 1005 intestinum
982 971 1146 1014 prohiberi
1168 982 1223 1014 per
1243 974 1350 1007 Com-

347 1016 453 1048 munis
465 1014 579 1049 duetus
590 1023 762 1048 extremam
774 1025 895 1056 partem
906 1015 951 1048 ob
965 1026 1013 1049 eas
1024 1015 1132 1049 causas
1140 1017 1354 1056 contrastam,

348 1059 431 1092 unde
442 1058 541 1092 illain
556 1056 725 1092 vesiculam
739 1058 869 1092 uberius
878 1067 951 1092 tum
963 1057 1208 1101 regurgitando‚
1222 1069 1291 1093 tum
1305 1062 1355 1093 in-

348 1100 487 1136 fluendo
509 1101 649 1136 divertat
673 1124 686 1142 ,
717 1099 821 1144 sicque
840 1099 927 1136 ¹hanc
949 1102 1106 1137 distendat
1129 1125 1142 1143 ,
1172 1101 1352 1146 praesertim

347 1144 418 1188 (id
440 1144 529 1189 quod
553 1144 667 1180 addere
689 1145 857 1188 poterat)
892 1156 966 1180 cum
989 1146 1166 1187 multiplex
1203 1158 1258 1188 per
1296 1146 1352 1182 he-

348 1189 560 1232 paticysticos
584 1188 699 1223 duetus
720 1188 759 1222 fit
784 1190 819 1222 in
840 1188 1004 1230 ‘bovinam
1038 1189 1208 1224 vesiculam
1242 1200 1349 1233 aperta

348 1234 421 1266 via.
446 1231 534 1267 Mihi
558 1242 634 1266 vero
658 1240 829 1274 antequam
853 1231 1085 1268 Manchartum
1115 1234 1253 1276 legerem
1274 1257 1284 1271 ,
1317 1235 1351 1269 in

349 1285 491 1311 mentem
516 1283 646 1310 venerat
668 1274 760 1308 causa
783 1275 844 1309 alia
867 1275 1057 1315 dubitandi,
1082 1277 1211 1311 facilior
1235 1275 1350 1311 fortas-

354 1318 386 1354 se
400 1341 411 1357 ,
433 1320 465 1354 &
488 1329 563 1355 cum
585 1317 799 1361 frequentiori
821 1319 890 1361 lege
923 1320 1077 1354 naturalis
1110 1319 1350 1355 consuetudinis

349 1362 444 1398 valde
466 1362 663 1397 conveniens
685 1387 694 1396 .
724 1363 812 1396 Cum
834 1364 923 1396 enim
945 1363 1019 1397 bilis
1042 1376 1058 1397 e
1078 1364 1214 1399 veficu1a
1228 1364 1352 1406 plenio-

344 1417 416 1443 rem
437 1405 597 1457 effluxum
620 1414 734 1441 natura
757 1416 938 1448 opportune
960 1418 998 1440 eo
1012 1406 1353 1450 temposeinstituerit,

348 1461 426 1487 cum
451 1449 673 1489 ventriculus,
706 1450 892 1493 proximave
923 1448 1077 1484 intestina
1110 1452 1272 1486 alimentis
1304 1463 1354 1486 re-

345 1494 457 1535 ferta,
480 1503 610 1529 tumore
634 1493 702 1536 ipsa
724 1493 781 1530 suo
806 1491 975 1528 vesiculam
1001 1503 1132 1536 urgent;
1166 1495 1264 1528 boves
1299 1507 1353 1530 au-

319 1547 421 1584 xxtem
446 1550 464 1572 a
486 1537 602 1581 primis
624 1537 723 1581 usque
756 1537 929 1571 contraQae
960 1538 1023 1572 luis
1054 1540 1169 1573 diebus
1201 1538 1353 1573 alimenta

344 1582 463 1628 *omnia
486 1580 669 1616 aversentur
695 1606 705 1622 ‚
736 1579 889 1623 consequi
921 1579 998 1615 hinc
1020 1604 1030 1619 ‚
1068 1581 1254 1625 cogitabam
1273 1608 1282 1623 ,
1317 1592 1353 1617 ut

349 1634 529 1668 numquam
552 1622 735 1667 compressa
769 1622 904 1657 vesicula
937 1625 1033 1667 longe
1066 1625 1221 1667 majorem
1255 1637 1353 1669 quam

353 1670 432 1703 alias
457 1666 557 1701 soleat
580 1692 590 1707 ,
612 1665 784 1701 influentis
805 1666 927 1709 jugiter
950 1668 1025 1706 bilis
1047 1671 1175 1711 copiam
1199 1670 1348 1707 retineat,

350 1713 392 1747 ab
414 1721 516 1753 eaque
539 1717 653 1754 praeter
675 1710 811 1744 modum
834 1711 1055 1753 expandatur.
1076 1713 1186 1749 Quam
1198 1712 1352 1753 dubitan-

349 1755 385 1790 di
409 1755 570 1789 rationem
592 1777 601 1793 .
633 1753 738 1797 qualis
759 1764 795 1787 ea
816 1764 945 1797 cunque
967 1755 1028 1795 sit,
1047 1767 1122 1791 cum
1146 1759 1180 1791 in
1203 1756 1354 1790 Theatro

347 1798 552 1834 Anatomico
575 1795 829 1840 proposuissem,
850 1808 916 1831 non
937 1796 1130 1841 displicuisse
1152 1800 1194 1833 iis
1216 1801 1274 1842 qui
1306 1810 1356 1833 me

351 1842 526 1880 audiebant
540 1862 551 1879 ,
573 1843 605 1875 δι
628 1841 827 1875 nominatim
850 1840 1021 1876 Profeffori
1045 1843 1250 1883 Clariffimo‚
1274 1843 1355 1877 mei-

349 1897 432 1930 que,
455 1885 535 1919 dum
558 1885 706 1925 viveret,
729 1882 946 1921 amantiffimo
967 1886 1091 1921 Carolo
1112 1886 1295 1924 Gianeuae,
1318 1897 1357 1920 ex

351 1930 440 1965 edita
464 1927 537 1971 ejus
562 1927 796 1963 Dissertatione
817 1930 832 1967 (
853 1928 867 1961 i
890 1932 902 1968 )
925 1931 1089 1972 cognovi.

391 1985 423 2017 4.
448 1973 636 2017 Tumorum
659 1979 768 2006 autem
781 1987 793 2011 ;
818 1971 860 2006 de
880 1971 932 2006 his
955 1974 1042 2009 enim
1066 1973 1136 2017 post
1149 1973 1308 2008 Febresad
1324 1983 1356 2009 te

355 2016 572 2061 scripseram·,
595 2018 628 2048 δε
651 2015 757 2054 sedes,
779 2018 812 2050 δι
835 2025 949 2050 natura
970 2027 1044 2054 cum
1067 2017 1179 2060 saepius
1202 2028 1257 2061 per
1291 2018 1322 2052 se
1345 2041 1356 2057 ‚

351 2071 423 2096 tum
447 2059 539 2103 plane
562 2069 617 2101 per
639 2057 863 2094 diffeffionem
886 2069 1025 2102 patent3
1058 2071 1095 2095 ut
1126 2059 1190 2095 sine
1223 2061 1354 2096 dubita-

351 2106 443 2139 tione
465 2102 580 2138 referre
602 2103 637 2136 in
662 2102 907 2146 Sepulchretum
930 2102 1024 2146 possis
1045 2115 1117 2148 quae
1140 2105 1182 2146 ab
1201 2104 1354 2148 diligenti

355 2146 573 2187 Observatore
591 2146 624 2191 J.
650 2146 728 2179 Alb.
754 2146 857 2181 Henr.
881 2147 1041 2182 Reimaro
1062 2150 1098 2181 in
1121 2147 1253 2188 perutili
1266 2149 1355 2192 ⁴Dis-

355 2192 530 2227 sertatione
553 2189 593 2224 de
616 2190 765 2223 Tumore
789 2191 1086 2234 Ligamentorum,
1117 2192 1229 2235 Fungo
1261 2194 1354 2226 Arti-

355 2237 505 2272 culorum
525 2233 638 2273 dieto,
661 2232 829 2276 proposita
861 2234 935 2268 sunt
956 2258 972 2275 ‚
1005 2237 1036 2268 &
1068 2245 1321 2270 commemorata
1344 2261 1354 2269 .

353 2281 427 2315 Nec
450 2278 519 2321 ejus
539 2277 709 2312 dumtaxat
734 2278 894 2313 Tumoris
916 2279 1185 2320 Ligamentorum
1206 2281 1290 2316 circa
1305 2290 1356 2313 ar—

355 2324 475 2359 ticulos
489 2347 499 2363 ‚
518 2331 706 2365 quanquam
729 2320 798 2364 ejus
820 2320 1020 2364 potiffimum
1034 2333 1047 2362 ;
1059 2320 1111 2355 sed
1122 2322 1259 2369 aliorum
1272 2335 1356 2366 quo—

355 2380 418 2412 que
441 2365 700 2401 Observationes
724 2366 760 2398 in
784 2365 840 2399 illa
862 2367 1029 2406 invenies,
1050 2368 1107 2408 qui
1131 2365 1170 2399 ad
1191 2367 1358 2408 Junfituras

356 2413 476 2457 pariter
491 2433 502 2449 ,
523 2418 664 2452 genuum
685 2407 864 2452 praesertim
885 2431 899 2449 ,
928 2417 1139 2443 occurrerunt
1161 2431 1176 2449 ‚
1207 2408 1251 2443 ut'
1278 2420 1356 2452 puta

356 2466 412 2490 aut
440 2455 482 2489 ab
504 2454 570 2488 acri
593 2450 730 2486 humore
750 2454 764 2492 (
784 2452 803 2491 l<
824 2454 838 2491 )
861 2452 897 2485 in
919 2463 1000 2487 cavo
1024 2451 1154 2486 articuli
1185 2462 1336 2486 acervato
1350 2476 1358 2490 ,

357 2501 388 2534 δέ
410 2497 474 2533 ossa
501 2522 512 2538 ,
542 2504 599 2531 aut
631 2495 837 2537 cartilagines
870 2496 1020 2529 erodente
1041 2518 1053 2536 ,
1085 2494 1179 2528 hasve
1213 2495 1295 2539 (l)
1325 2498 1359 2530 in

358 2543 456 2578 aliam
480 2539 688 2574 substantiam
713 2547 883 2579 mutante,
906 2539 1111 2581 tumidasque
1128 2538 1286 2579 faciente,
1303 2549 1359 2573 aut

359 2600 376 2621 a
400 2580 639 2626 mucilaginosis
660 2581 820 2622 glandulis
842 2585 919 2621 (m)
943 2582 1168 2622 tumentibus,
1191 2594 1365 2626 earumque

357 2634 389 2667 δι
413 2629 526 2663 ossium
549 2624 729 2660 laesionibus
752 2624 950 2658 occasionem
974 2625 1191 2667 praebentibus
1214 2649 1226 2666 ,
1257 2629 1290 2659 δι
1312 2627 1362 2658 vi-

352 2672 461 2711 'ciffim
493 2670 534 2704 ab
565 2678 678 2703 eorum
710 2669 885 2701 imminuta
918 2667 1071 2709 preHione
1101 2669 1227 2703 causam
1260 2672 1363 2711 magis

359 2712 596 2753 intumescendi
620 2711 872 2753 accipientibus.
896 2711 1034 2744 Omitto
1056 2711 1118 2746 alia
1140 2737 1150 2752 ,
1182 2724 1256 2756 quae
1288 2725 1364 2748 cum

363 2762 415 2798 his
437 2758 595 2801 reperies,
618 2754 788 2797 exempla,
810 2753 874 2788 suis
919 2756 1032 2797 uaeque'
1053 2754 1229 2798 fignisquo
1243 2755 1362 2797 adeius

361 2804 435 2840 fieri
459 2798 587 2846 potest,
608 2798 779 2834 distinem
802 2806 839 2830 ut
860 2797 898 2832 de
913 2797 1051 2832 :derium
1076 2808 1228 2839 moveant
1258 2800 1365 2842 legen-

353 2849 396 2890 'di
419 2854 555 2884 caetera,
576 2853 649 2886 quae
672 2841 829 2891 angustiis
849 2842 1006 2886 temporis
1029 2841 1192 2880 exclusus,
1228 2842 1366 2885 adjicere

363 2901 430 2926 non
452 2888 562 2932 potuit
576 2907 587 2923 ‚
611 2895 810 2919 nominatim
831 2883 869 2917 de
883 2885 1098 2918 articulorum
1114 2885 1366 2928 hydrope<n),

362 2933 455 2977 cujus
477 2927 685 2974 proposuerat
708 2937 822 2962 notas.
849 2927 908 2961 Sed
930 2930 960 2961 &
992 2927 1157 2970 signorum
1190 2928 1296 2963 causas
1328 2940 1367 2962 ex

363 2979 405 3013 iis
426 2986 498 3019 quae
520 2984 575 3016 per
596 2970 796 3006 diffefflones
813 2969 897 3004 cons
918 2971 1084 3011 iciuntur,
1104 2971 1245 3007 dilucide
1257 2972 1362 3015 expli—

365 3029 441 3057 cat,
465 3025 502 3052 ut
525 3015 648 3059 ganglii
671 3018 686 3054 (
706 3014 758 3057 o)
783 3023 879 3048 rotun
904 3015 1015 3048 itatem
1030 3037 1040 3051 ,
1065 3015 1284 3050 mobilitatem
1298 3037 1308 3053 ‚
1331 3017 1362 3048 &

365 3077 382 3098 a
404 3061 500 3101 casu,
522 3060 572 3094 vel
595 3059 635 3092 ab
658 3058 727 3090 ifiu
749 3057 788 3091 de
807 3053 1109 3096 industniainslicfto
1122 3058 1361 3099 discussionem,

366 3110 422 3145 δε,
447 3116 487 3139 ne
508 3102 600 3146 plura
622 3111 817 3138 memorem,
840 3099 955 3134 ossium
977 3102 1011 3133 in
1035 3102 1131 3142 Spina
1154 3102 1299 3137 Ventosa
1312 3113 1364 3135 ex-

365 3149 551 3195 pansionem
574 3146 629 3188 (p
651 3148 683 3183 ),
705 3142 798 3186 cujus
821 3144 930 3177 morbi
966 3142 1186 3188 Observatio‚
1209 3147 1241 3178 δε
1265 3145 1365 3179 seffio

367 3192 560 3238 producitur
583 3199 622 3221 eo
645 3187 823 3222 notabilior
844 3187 933 3228 quod
957 3198 1022 3220 non
1046 3190 1158 3230 pueri,
1183 3188 1235 3222 sed
1257 3187 1366 3223 homi-

367 3239 417 3272 nis
438 3242 579 3279 quatuor
602 3234 634 3264 δι
657 3232 781 3274 viginti>
800 3240 900 3264 annos
925 3232 993 3264 nati
1026 3231 1144 3265 tibiam
1176 3232 1332 3266 invaserat
1356 3256 1364 3264 .

501 3277 605 3311 Porro
628 3274 844 3318 expansorum
867 3272 982 3307 offium
1000 3275 1077 3307 alias
1100 3276 1133 3308 &
1155 3275 1366 3309 Observatio-

368 3334 445 3364 nes,
476 3323 508 3356 &
538 3318 739 3353 diffeaiones
767 3317 846 3350 alibi
874 3318 1012 3360 reperies
1043 3328 1122 3361 quas
1157 3318 1366 3363 Sepulchreto

1398 364 1467 399 fuse
1488 364 1667 410 d'escfript‘a,
1688 369 1721 399 &
1743 369 1934 410 pertractata
1957 380 1973 401 a
1995 368 2084 405 Frid.
2104 373 2176 417 jac.
2203 375 2403 413 Tittmanno

1393 408 1459 453 (r).
1483 409 1567 451 Qae
1579 418 1686 444 autem
1705 413 2034 446 commemoravimus
2048 416 2275 459 expansionum
2286 420 2401 457 offium

1398 453 1569 494 exempla,
1591 453 1716 496 aliaque
1738 465 1812 487 cum
1837 456 1918 497 leges
1927 466 1941 495 ,·
1962 454 2058 491 facile
2082 461 2399 502 animadvertes‚eas

1397 496 1508 530 deberi
1519 497 1632 545 ‘copiae
1654 498 1746 539 pravi
1769 496 1913 532 humoris
1937 500 2023 532 intra
2052 501 2118 536 ossa
2153 504 2363 542 redundantis
2387 530 2400 547 ‚

1397 538 1604 582 urgentisque
1625 540 1804 575 extrorsum
1825 539 1942 575 horum
1966 545 2101 584 parietes
2124 571 2133 586 ‚
2169 557 2233 581 non
2266 549 2401 586 difficile

1395 584 1542 618 cedentes
1563 603 1575 620 ,
1608 584 1665 616 ubi
1687 583 1786 617 osseas
1807 583 1925 621 fibras,
1951 585 2148 631 laminasque
2159 592 2328 627 interiores
2340 593 2402 629 hu-

1397 636 1469 660 mor
1481 625 1568 660 idem
1582 627 1763 660 molliverit
1777 652 1787 666 ,
1811 638 1866 661 aut
1879 626 1919 662 sic
1932 628 2079 668 eroserit,
2092 631 2348 679 diffolveritque,
2360 648 2399 672 ut

1400 670 1469 713 jam
1479 680 1643 712 perpaucae
1653 671 1829 704 exteriores
1843 672 1972 705 laminae
1985 674 2115 717 reliquae
2127 676 2187 710 fint
2199 678 2402 716 „Utrolibet

1401 715 1489 748 enim
1512 713 1611 747 inodo
1632 724 1667 746 os
1689 713 1842 748 duritiem
1866 716 1990 749 amittit
2016 717 2125 756 sulam.
2156 718 2263 762 Cujus
2294 727 2404 758 muta-

1403 757 1505 791 tionis
1538 756 1724 799 complures
1759 756 1910 792 historias
1940 759 2096 796 indicatas
2132 762 2257 798 videbis
2289 779 2306 800 a
2343 768 2401 802 Gl-

1403 800 1567 850 Morando
1591 804 1602 840 (
1616 800 1642 844 s
1659 804 1703 851 )-‚
1735 800 1793 834 ubi
1826 802 2046 838 admirabilem
2077 805 2167 841 illam
2200 812 2361 851 proponit
2393 834 2407 852 ‚

1402 855 1500 886 quam
1522 843 1590 886 ipse
1612 844 1696 877 vidit
1711 867 1718 875 .
1743 845 1831 887 Lege
1854 844 1892 879 fis
1906 846 2166 892 eandem,atque
2177 851 2316 886 alteram
2331 865 2405 896 quae

1399 888 1505 931 paucis
1530 887 1600 929 post
1624 887 1716 922 illam
1739 890 1831 922 annis
1853 888 1883 922 se
1904 889 2028 924 obtulit
2064 893 2212 935 Egregie
2247 895 2403 939 Lipsiensi

1399 929 1571 965 Profeffori
1594 931 1767 973 Ludwigio
1790 934 1801 970 (
1821 938 1836 965 t
1856 935 1890 972 ).
1917 933 2053 968 Videbis
2083 937 2118 969 in
2151 937 2210 973 hac
2237 939 2309 978 ¹alia
2341 939 2408 974 ossa

1404 983 1471 1008 tam
1495 974 1605 1010 mollia
1629 974 1738 1014 faota,
1760 985 1797 1009 ut
1818 974 1935 1009 leviori
1957 976 2057 1020 digiti
2080 980 2277 1023 impreffioni
2308 985 2405 1018 cede-

1404 1027 1496 1058 rent,
1518 1018 1578 1051 alia
1604 1017 1721 1052 lamina
1743 1027 1871 1052 externa
1895 1019 1974 1053 adeo
1998 1031 2192 1066 extenuata,
2225 1035 2261 1062 ut
2296 1026 2402 1069 subje-

1404 1063 1464 1095 ἄιε
1486 1061 1609 1096 cellulae
1632 1061 1786 1104 transpici
1809 1060 1956 1104 possent:
1996 1066 2031 1098 in
2066 1066 2125 1101 illa
2157 1079 2234 1104 vero
2268 1071 2403 1106 eandem

1403 1114 1570 1140 externam
1593 1105 1747 1139 laminam
1768 1105 1931 1140 redactam
1954 1107 2074 1150 alicubi
2111 1109 2149 1145 ad
2182 1113 2321 1149 formam
2353 1125 2410 1147 va-

1403 1150 1486 1191 ginae
1509 1148 1721 1182 membraneae
1744 1149 1779 1182 in
1802 1148 1877 1192 ipfis
1902 1149 2056 1191 femoris,
2079 1155 2110 1187 &
2134 1156 2225 1191 tibiae
2255 1158 2372 1193 ossibus
2391 1179 2408 1196 a,

1401 1192 1502 1226 solida
1525 1203 1636 1226 eorum
1661 1192 1837 1226 substantia
1860 1192 2037 1236 dissoluta,
2057 1197 2090 1229 δέ
2113 1198 2149 1231 in
2171 1200 2336 1244 sanguinis
2358 1200 2410 1235 al-

1401 1246 1496 1281 veum
1519 1244 1556 1269 ut
1581 1235 1775 1276 videbatur,
1799 1235 1923 1276 relata,
1944 1238 1976 1272 &
1999 1250 2056 1282 per
2078 1240 2153 1275 lotii
2174 1245 2243 1278 vias
2266 1244 2369 1286 ejecta
2391 1259 2402 1283 ς

1400 1278 1497 1325 hujus
1519 1279 1606 1313 enim
1629 1279 1840 1327 sedimentum
1861 1280 2002 1316 mirifica
2025 1292 2092 1316 erat
2114 1287 2230 1330 copia,
2265 1290 2296 1322 &
2327 1297 2408 1323 tunc

1402 1323 1518 1364 majori
1533 1344 1543 1360 ,
1566 1334 1639 1357 cum
1665 1334 1751 1366 pejus
1764 1323 1906 1358 membra
1918 1324 1947 1358 se
1960 1324 2122 1362 habebant
2133 1352 2144 1369 ,
2169 1339 2282 1365 natura
2297 1340 2406 1366 autem

1407 1367 1564 1409 peculiari
1583 1389 1594 1405 ,
1608 1366 1728 1400 ‘album
1747 1366 1921 1405 videlicet,
1943 1377 2080 1404 terreum
2093 1394 2102 1409 ,
2127 1383 2308 1409 cretaceum
2336 1399 2346 1415 ‚
2374 1377 2409 1411 δε

1405 1420 1463 1452 per
1486 1419 1635 1448 acetum,
1657 1409 1758 1443 aliave
1781 1411 1868 1444 acida
1892 1411 2051 1450 solubile,
2072 1414 2258 1458 cujusmodi
2289 1418 2411 1453 humo-

1405 1454 1495 1486 ribus
1516 1452 1633 1495 inje&a
1654 1453 1720 1487 ossa
1742 1454 1910 1493 emolliri,
1934 1456 2058 1490 constat
2082 1462 2095 1498 (
2118 1470 2139 1492 u
2159 1463 2190 1500 ).
2215 1461 2298 1496 Haec
2331 1474 2411 1497 cum

1405 1497 1570 1539 perleges3
1591 1494 1719 1531 fortasse
1741 1497 1807 1530 tibi
1829 1497 2078 1533 Observationis
2102 1502 2218 1539 Zelleri
2242 1508 2253 1544 (
2275 1515 2297 1538 x
2320 1508 2335 1545 )
2357 1517 2412 1540 ve-

1404 1542 1470 1574 niet
1494 1543 1528 1575 in
1551 1548 1712 1576 mentem.
1735 1544 1828 1574 Acor
1850 1543 1958 1582 enim,
1983 1544 2039 1585 qui
2060 1547 2223 1587 expirabat
2248 1558 2285 1581 ex
2318 1548 2411 1583 abdo.

1403 1585 1486 1618 mine
1507 1592 1612 1632 aperto
1636 1585 1829 1621 undecennis
1854 1587 1964 1627 pueri,
1987 1586 2115 1629 infignis
2137 1590 2303 1625 admodum
2315 1600 2409 1634 atque

1398 1634 1577 1672 penetrante
1601 1638 1684 1660 lmus
1700 1626 1793 1670 fuit5
1817 1637 1886 1661 erat
1910 1639 2017 1663 autern
2041 1632 2068 1663 is
2091 1642 2169 1673 puer
2193 1633 2371 1670 rachiticus
2393 1662 2405 1678 ,

1403 1670 1570 1717 ejusquelo
1595 1681 1613 1701 a
1637 1671 1709 1719 agieo
1731 1670 1863 1712 mollia,
1886 1680 1923 1706 ut
1947 1672 2060 1706 tibiam
2083 1675 2281 1712 incurvatam
2295 1704 2304 1719 ,
2328 1679 2410 1713 alia-

1404 1723 1460 1754 que
1474 1711 1571 1756 faczle
1595 1712 1719 1754 lemque
1741 1724 1832 1763 opera
1853 1713 1920 1756 scal
1942 1715 2002 1749 ello
2033 1716 2199 1759 discindere
2218 1723 2361 1762 potuerit
2395 1747 2406 1754 .

1394 1757 1616 1800 .Quapropter
1638 1757 1744 1790 minus
1767 1767 1885 1792 mirum
1925 1759 1995 1796 uit,
2019 1760 2130 1803 quod,
2151 1772 2186 1795 ut
2198 1763 2413 1799 rachiticiso.

1405 1800 1472 1834 lent
1486 1825 1496 1840 ,
1517 1800 1603 1834 circa
1626 1800 1781 1833 articulos
1806 1800 1938 1835 haberet
1962 1802 2067 1836 nodos
2086 1825 2098 1842 ‚
2133 1803 2254 1849 hosque
2277 1808 2410 1851 infignes

1406 1854 1444 1877 eo
1465 1844 1499 1877 in
1522 1844 1598 1877 loco
1620 1842 1677 1877 ubi
1700 1842 1838 1878 sternum
1859 1844 2006 1887 jungitur
2040 1846 2139 1880 costis
2161 1872 2172 1888 ,
2202 1859 2342 1893 utroque
2376 1853 2412 1889 in

1406 1887 1526 1927 latere,
1549 1886 1609 1929 qui
1639 1885 1748 1929 desciffi
1759 1911 1768 1925 ‚
1791 1887 1841 1928 asti
1856 1889 1979 1930 pariter
2003 1889 2187 1932 sanguinem
2213 1892 2377 1933 stillarunt
2399 1921 2414 1932 .

1405 1930 1572 1965 Credibile
1596 1939 1702 1980 autern
1724 1930 1789 1971 est,
1811 1933 1910 1974 pravo
1935 1932 2048 1966 eodem
2069 1932 2205 1970 humore
2227 1949 2296 1978 quo
2318 1937 2411 1973 fibrae

1405 1973 1495 2008 osseae
1518 1974 1759 2014 emolliuntur,
1789 1983 1844 2009 aut
1874 1973 2095 2010 dissolvuntur
2114 2003 2123 2019 ‚
2156 1978 2284 2014 vascula
2319 1982 2411 2016 erodi

1403 2029 1475 2061 quae
1498 2018 1682 2060 sanguinem
1704 2016 1849 2064 vehunt,
1872 2017 1978 2053 &hoc
1993 2018 2095 2053 effuso
2106 2021 2279 2058 medullare
2302 2026 2413 2060 oleum

1404 2062 1532 2096 reddere
1561 2061 1847 2105 sanguinolentum
1869 2083 1879 2100 ,
1914 2063 2021 2104 qualis
2066 2066 2098 2098 δι
2129 2066 2157 2098 is
2190 2077 2257 2101 erat
2290 2068 2412 2104 humor

1403 2116 1501 2148 quem
1522 2107 1608 2145 intra
1630 2103 1696 2138 offa
1719 2104 1758 2138 de
1780 2106 1901 2146 quibus
1922 2105 2087 2145 diximus,
2101 2109 2237 2145 invenit
2274 2112 2414 2147 Moran-

1403 2151 1463 2184 dus
1471 2160 1485 2188 ;
1506 2147 1631 2191 grumis
1654 2157 1761 2184 autem
1787 2148 1969 2191 sanguineis
1992 2148 2144 2187 refertam
2166 2154 2342 2189 medullam
2377 2157 2414 2190 in

1404 2192 1596 2236 quibusdam
1619 2190 1750 2226 suorum
1771 2192 1912 2226 offendit
1940 2194 2156 2237 Ludwigius;
2178 2200 2240 2240 qui
2273 2199 2306 2232 in
2372 2200 2435 2232 iis‘

1405 2247 1517 2271 eorum
1539 2237 1597 2270 vix
1617 2234 1831 2277 congelatam,
1862 2235 1920 2278 sed
1949 2238 2086 2271 maxime
2119 2240 2243 2276 mollem
2273 2242 2315 2276 ά*
2365 2252 2414 2277 ere

1400 2277 1532 2324 fluidam
1552 2276 1784 2322 deprehendit,
1805 2279 1875 2314 imo
1891 2277 2024 2321 fluidam
2046 2280 2088 2314 ἐν
2118 2283 2203 2326 quafi
2236 2285 2380 2329 aquosam
2402 2311 2412 2321 .

1406 2324 1507 2367 Quod
1530 2322 1584 2357 hic
1608 2333 1773 2360 memoro,
1796 2332 1833 2356 ut
1855 2333 1930 2364 cum
1953 2323 2125 2359 medullari
2147 2326 2208 2361 illo
2233 2329 2306 2362 oleo
2328 2341 2409 2364 con-

1407 2366 1511 2406 feras,
1532 2366 1622 2409 quod
1644 2365 1707 2398 tibi
1733 2366 1808 2400 alias
1830 2369 1886 2408 (y
1906 2369 1921 2406 )
1945 2378 1961 2399 a
1984 2378 2034 2400 me
2069 2370 2324 2406 animadversum
2356 2373 2412 2408 de-

1409 2409 1515 2455 scripsi
1540 2412 1625 2443 intra
1650 2409 1756 2442 virilis
1778 2410 1870 2443 tibiae
1892 2399 2083 2451 exostofim,
2114 2416 2146 2447 &
2167 2425 2297 2448 caveam
2331 2427 2415 2459 quo-

1410 2465 1473 2497 que
1498 2451 1637 2496 ejusdem
1660 2452 1755 2493 offis,
1777 2453 1912 2487 exostofi
1935 2454 2181 2496 respondentem
2203 2480 2215 2496 ,
2249 2458 2413 2502 liquidum

1412 2497 1490 2531 adeo
1513 2499 1544 2529 δι
1568 2497 1706 2530 multum
1729 2518 1739 2534 ‚
1772 2496 1832 2530 nisi
1855 2497 1941 2532 enim
1964 2499 2104 2533 multum
2128 2500 2185 2537 fit,
2212 2513 2326 2545 urgere
2358 2515 2416 2537 ex-

1412 2541 1552 2574 trorsum
1575 2539 1738 2573 emollitas
1761 2539 1874 2574 offiium
1895 2539 2031 2574 laminas
2044 2552 2108 2576 non
2133 2544 2255 2585 potest,
2272 2555 2307 2579 ut
2321 2555 2411 2584 tunc,

1414 2588 1444 2618 &
1468 2584 1565 2626 paulo
1595 2592 1668 2619 ante
1698 2584 1798 2617 etiam
1830 2584 1970 2618 diximus
1995 2608 2004 2616 .
2041 2587 2155 2629 Itaque
2186 2589 2221 2622 in
2256 2588 2417 2624 Morandi

1413 2627 1658 2662 Observatione
1681 2625 1814 2662 femoris
1836 2637 1871 2659 os
1893 2628 1933 2661 ad
1958 2627 2200 2664 trochanterem
2224 2639 2414 2673 externum,

1413 2673 1445 2703 δε
1469 2670 1575 2704 fibulae
1606 2678 1751 2705 extrema
1781 2669 1865 2704 faeta
1897 2680 1988 2705 erant
2019 2673 2166 2707 craffiora
2191 2698 2202 2715 ‚
2246 2683 2317 2708 turn
2350 2677 2417 2710 cal-

1413 2715 1510 2747 variae
1553 2713 1721 2748 craffitudo
1753 2713 1853 2756 duplo
1886 2723 1952 2747 erat
1985 2714 2088 2756 major
2110 2741 2121 2757 ‚
2165 2728 2264 2760 quam
2308 2718 2418 2756 secun.

1412 2756 1489 2792 dum
1524 2766 1670 2791 naturam
1692 2769 1702 2794 ;
1734 2756 1886 2799 sanguine
1931 2766 2037 2792 autem
2061 2780 2072 2796 ,
2116 2761 2173 2802 qui
2218 2770 2283 2795 erat
2330 2764 2418 2797 intes·

1414 2810 1585 2843 utramque
1629 2800 1695 2848 ejus
1750 2800 1895 2835 tabulam
1939 2811 1994 2842 per
2044 2811 2108 2835 non
2152 2803 2282 2837 brevem
2326 2817 2418 2840 com-

1414 2843 1601 2885 pressionem
1643 2843 1785 2885 expresso
1817 2867 1828 2882 ‚
1873 2854 1990 2886 magna
2032 2847 2173 2880 tenuitas
2218 2857 2318 2883 tantae
2364 2851 2415 2885 illi

1415 2886 1556 2922 succeffit
1602 2886 1802 2925 craffitudini
1826 2911 1834 2918 .
1865 2887 1948 2927 Haec
1991 2889 2093 2930 igitur
2138 2889 2177 2924 ad
2218 2891 2278 2925 illa
2323 2903 2416 2935 potes

1416 2931 1552 2973 adjicere
1575 2952 1585 2968 ,
1629 2941 1702 2973 quae
1745 2942 1784 2964 eo
1827 2940 1973 2971 tempore
2015 2932 2054 2965 de
2085 2932 2200 2967 offium
2232 2937 2416 2971 tumoribus

1413 2974 1454 3008 ad
1494 2983 1526 3007 te
1561 2972 1671 3015 scripsi
1695 2973 1810 3018 (z),
1834 2976 1865 3007 δε
1886 2973 1923 3008 de
1946 2985 2058 3009 eorum
2082 2976 2312 3019 emollitione(
2334 2991 2352 3012 a
2378 2984 2418 3021 )‚·

1413 3016 1460 3051 sic
1478 3017 1564 3051 enim
1586 3018 1648 3050 alia
1671 3019 1772 3059 magis
1793 3016 2004 3058 confirmari,
2028 3019 2190 3062 intelliges
2205 3021 2285 3056 ,alia
2307 3033 2415 3057 autem

1414 3063 1449 3094 in
1472 3061 1542 3095 aliis
1566 3060 1651 3103 posse
1694 3061 1857 3096 interdum
1899 3060 2063 3105 aliquanto
2085 3063 2180 3096 aliter
2203 3067 2235 3097 &
2259 3065 2287 3100 se
2310 3065 2410 3101 habe-

1415 3115 1449 3138 re
1467 3128 1479 3145 ,
1503 3106 1536 3137 ὅ(
1568 3103 1747 3146 explicari.

1461 3158 1490 3190 5.
1514 3147 1614 3181 Nunc
1637 3158 1693 3190 age
1726 3148 1766 3181 ab
1794 3146 2030 3181 durissimarum
2055 3150 2196 3191 partium
2231 3154 2415 3187 tumoribus

1416 3190 1454 3224 ad
1478 3190 1670 3224 molliffimae
1693 3212 1703 3228 ,
1738 3202 1851 3232 nempe
1875 3191 1914 3224 ad
1937 3190 2138 3226 Membrana:
2161 3193 2315 3236 Adiposae
2346 3198 2421 3231 Tu-

1417 3245 1520 3269 mores
1563 3233 1758 3268 transeamus
1780 3258 1788 3266 .
1835 3234 1988 3278 Qorum
2044 3235 2127 3270 mihi
2171 3237 2294 3273 interea
2337 3251 2421 3281 praes

1417 3287 1467 3310 ter
1490 3278 1565 3311 alias
1586 3281 1601 3317 (
1623 3275 1642 3309 b
1665 3280 1678 3317 )
1701 3276 1882 3315 indicatos,
1904 3278 1970 3312 duo
2001 3278 2057 3312 alii
2091 3279 2282 3323 obtigerunt
2312 3284 2419 3325 perlu-

1415 3320 1533 3355 strandi
1543 3345 1552 3355 .

2190 3368 2222 3398 6.
2246 3367 2376 3403 ANUS

519 3577 617 3606 Difpue
633 3577 664 3602 de
679 3577 732 3601 Lue
748 3579 845 3603 Vaeou.
872 3577 1020 3608 Tubingenfi

524 3609 609 3695 ὲῗίξῖ
621 3637 651 3662 ad
666 3607 838 3667 hillingioif'

546 3699 550 3702 ῃ
571 3674 604 3692 m.
622 3668 652 3702 de
666 3668 684 3693 ι’
697 3669 775 3693 Acad-
793 3670 823 3693 R.
837 3669 878 3694 des
893 3670 930 3695 Sc.
946 3671 978 3694 A.
998 3677 1066 3700 ¹753·

522 3699 576 3722 vid.
594 3697 668 3727 Epist.
691 3700 726 3729 58.
745 3706 770 3724 n.
787 3707 811 3729 7.

523 3727 598 3762 Epist.
615 3737 652 3758 ςο.
670 3737 694 3756 n,
711 3733 750 3753 60.
814 3730 829 3759 (
843 3736 861 3757 z
877 3731 891 3759 )
907 3729 969 3755 ibid.
990 3738 1013 3755 n.
1031 3739 1066 3762 57.
1084 3730 1107 3754 ἃ
1126 3730 1188 3760 seqq.

519 3758 594 3788 Epist,
612 3767 649 3792 5⁰·
667 3767 693 3786 n.
708 3766 744 3784 n.
761 3760 786 3785 δε
802 3760 849 3789 seq-

1037 3578 1060 3609 §.
1075 3579 1115 3604 18.

900 3609 1073 3639 (m)§·50·
1137 3608 1308 3639 (υς-46.

431 3577 515 3639 22²,

438 3639 517 3669 (4)

431 3669 509 3729 5³3

430 3731 505 3789 {53

1177 3581 1190 3605 (
1205 3579 1217 3603 ε’
1232 3579 1247 3607 )
1262 3578 1357 3605 Diffett.
1374 3579 1488 3610 inscripta
1504 3596 1511 3610 ‚
1532 3582 1591 3607 Non
1610 3581 1700 3610 semper
1714 3587 1745 3605 ex
1760 3581 1903 3608 cadaverum
1922 3580 2022 3610 sessione
2037 3584 2081 3609 Bac.

886 3637 896 3667 (
911 3648 924 3664 r
939 3643 949 3671 )
966 3639 1060 3664 niffen.
1076 3640 1281 3679 Oflpo-Stutom.
1298 3640 1352 3665 Cas.
1370 3611 1534 3666 §arvini-§8¹:35

980 3700 984 3703 ¹
1130 3671 1144 3699 (
1160 3677 1171 3694 ε
1186 3671 1200 3699 )
1215 3671 1300 3698 rrogr.
1319 3670 1418 3696 observ.
1438 3672 1462 3695 in
1477 3672 1559 3696 cadav.
1575 3670 1646 3699 eujus
1662 3671 1710 3696 offa
1725 3671 1836 3696 emollita
1852 3677 1934 3703 erant,
1952 3680 2051 3703 propon.

871 3700 885 3729 (
899 3706 914 3724 ⁸
931 3701 940 3729 l
955 3700 1048 3729 Disput.
1065 3699 1094 3725 de
1110 3700 1207 3725 Morbis
1222 3706 1253 3725 ax
1269 3700 1382 3725 strussura
1397 3703 1529 3731 glandular.
1548 3709 1569 3726 c.
1586 3710 1607 3725 ι,
1625 3711 1647 3726 n.
1667 3709 1704 3731 ις.
2009 3705 2012 3708 “

1246 3734 1259 3764 4
1274 3739 1290 3755 a
1307 3736 1316 3759 J
1332 3731 1387 3756 Vid.
1403 3733 1478 3757 etiam
1496 3732 1568 3761 Epist.
1587 3734 1625 3763 58.
1642 3733 1667 3756 h.
1682 3737 1707 3757 ⁶.
1724 3731 1747 3755 ac
1763 3731 1826 3771 seqq).

1596 3610 1764 3642 (pm-⁶²·
