2498 4075
382 90 484 140 2¹4

315 168 384 200 quo
406 155 504 190 febris
528 153 690 195 inceperat
712 172 725 190 ,
747 156 869 192 quartae
893 147 1017 188 sanguis
1041 146 1129 190 mitti
1153 157 1168 179 e
1191 144 1325 180 brachio

316 201 463 244 potuerit
486 223 493 230 .
528 199 559 230 Is
583 205 720 237 paucum
742 192 857 228 habuit
884 191 984 224 serum
1006 213 1019 229 ,
1050 188 1184 223 crustam
1219 198 1325 223 autem

317 245 400 279 duos
435 243 557 284 digitos
580 238 709 271 crassam
729 260 742 277 ,
776 248 814 270 ex
837 235 911 268 albo
942 232 1056 266 flavam
1080 257 1088 264 .
1125 233 1249 271 Quinta
1273 231 1325 265 die

318 288 425 331 pulsus
449 286 579 329 plenus,
603 284 633 314 &
657 280 778 314 durus:
806 290 871 312 nox
893 277 992 311 ferme
1015 275 1197 309 insomnis:
1222 276 1324 308 homo

320 334 434 371 spirare
456 340 520 362 non
545 333 669 368 poterat
683 349 691 355 .
715 325 803 357 Ante
825 321 889 364 ejus
911 320 974 353 diei
999 318 1093 352 finem
1104 322 1197 353 urina
1219 318 1324 360 inspe-

316 379 369 410 &a
394 375 497 407 saturo
533 379 598 402 erat
621 369 727 400 colore
752 389 760 403 ,
793 376 848 399 nec
872 363 963 396 valde
996 362 1151 404 pellucida
1178 374 1188 395 .·
1219 361 1325 404 pulsus

316 420 493 461 frequens,
515 413 645 456 aequalis
670 435 682 452 ,
705 421 769 442 non
793 409 888 442 durus
912 418 920 439 :
957 405 1100 439 difficilis
1122 406 1289 447 respiratio
1312 428 1324 444 ‚

314 467 349 496 ἃ
373 472 446 494 cum
471 458 594 502 gemitu
619 468 628 488 :
662 453 754 487 dolor
777 450 899 485 ibidem
921 462 928 484 ;
965 448 1133 482 decubitus
1157 451 1191 482 in
1214 457 1324 481 utrum

319 507 432 539 liberet
456 502 563 535 latus:
590 499 717 539 sputum
736 494 869 528 crassum
890 517 902 534 ,
936 493 1122 534 spumosum
1144 514 1153 529 ‚
1184 493 1323 534 variega-

316 559 387 583 tum
409 559 449 580 ex
475 545 575 579 flavo.
602 542 712 574 Noffiie
736 539 881 581 proxima
904 535 999 581 dolor
1021 560 1029 573 ‚
1061 539 1093 568 &
1122 533 1207 568 tussis
1232 545 1324 567 vexa.

316 601 409 626 runt.
436 590 532 623 Mane
555 585 647 619 dolor
671 580 833 616 remissus:
859 580 964 623 pullus
979 601 988 615 ‚
1013 582 1045 611 &
1069 578 1159 620 sputa
1183 576 1290 610 eadem
1313 602 1325 618 ‚

315 636 407 669 urina
430 641 579 676 quoque,
604 627 659 660 nili
686 625 773 670 quod
798 623 915 657 rubella
928 631 1018 659 erat,
1044 632 1163 663 pauca,
1189 625 1220 653 &
1246 632 1326 653 non-

314 679 398 712 nihi]
424 675 548 710 turbata
564 696 571 703 .
597 673 698 713 Prope
721 667 816 701 finem
840 666 905 709 ejus
927 665 1017 705 diei,
1039 676 1110 706 quae
1125 665 1209 697 sexta
1236 673 1323 703 erat,

316 723 441 760 sanzuis
464 716 570 751 missus
602 715 644 748 est
678 725 693 745 e
728 723 823 745 manu
845 710 972 743 dextera
999 723 1008 741 .·
1038 708 1090 739 sed
1112 709 1266 750 quoniam
1289 720 1325 740 o-

317 760 446 800 mnisin
471 770 585 803 aquam
597 756 712 791 effusus
737 755 801 793 est3
825 751 1049 795 ficinspecftari
1063 774 1076 791 ,
1098 759 1134 782 ut
1156 761 1212 792 par
1235 760 1300 784 erat
1316 777 1325 792 ‚

317 820 382 842 non
407 806 514 850 potuit
539 827 546 835 .
571 803 711 844 Septima
734 800 862 832 ineunte
885 796 936 830 die
961 805 1042 837 aeger
1065 793 1236 835 aliquanto
1259 806 1325 826 me-

319 854 384 886 lior
409 849 575 883 videbatur
598 869 605 875 .
643 845 769 876 Tamen
795 841 881 873 circa
906 840 997 871 illius
1020 837 1084 870 diei
1110 838 1211 870 finem
1231 837 1325 871 dolor

315 894 417 937 major
437 918 445 932 ‚
480 889 586 933 pulsus
609 886 715 920 minor
735 908 748 925 ,
781 888 814 917 &
838 883 1037 925 frequentior
1058 904 1070 920 ,
1099 890 1134 914 ut
1159 880 1326 923 respiratio

313 947 464 982 quoque3
488 935 596 976 lingua
621 929 707 963 arida
731 955 739 963 .
773 928 877 962 Initio
900 926 965 959 diei
988 925 1109 958 οᾶεινεε
1132 925 1251 959 multus
1276 924 1324 958 su-

315 983 395 1016 dor:
421 990 515 1022 quem
539 974 710 1014 Medicus,
734 984 749 1005 a
773 983 841 1014 quo
866 970 1018 1014 harstenus
1044 969 1177 1002 interius
1197 991 1209 1008 ,
1232 978 1321 1001 exte-

315 1024 441 1067 riuique
465 1020 611 1055 adhibita
635 1017 758 1051 fuerant
783 1026 853 1058 qua:
876 1025 894 1046 a
918 1013 1074 1055 plerisque
1086 1010 1187 1045 solent
1202 1037 1211 1050 ,
1233 1011 1323 1045 blan·

311 1068 352 1102 de
376 1075 562 1110 promovere
589 1061 753 1099 instituit;
776 1057 825 1092 sed
850 1057 913 1090 sine
937 1057 1092 1089 levamine
1116 1080 1122 1087 .
1162 1058 1235 1088 Imo
1258 1066 1323 1088 nox

313 1109 509 1155 implacide,
533 1110 565 1140 &
590 1105 627 1139 ad
651 1104 720 1146 ejus
743 1102 807 1135 diei
833 1100 925 1134 finem
950 1099 1121 1141 respiratio
1133 1097 1324 1141 frequentis.

314 1155 390 1189 {ima
405 1176 414 1191 ‚
440 1152 549 1195 pulsus
561 1160 674 1191 parvus
690 1172 700 1187 ,
724 1149 755 1180 &
780 1156 892 1188 parum
905 1142 1049 1187 preffioni
1072 1141 1228 1181 resistens,
1252 1141 1326 1184 spu-

311 1209 382 1233 tum
404 1195 533 1235 crudae,
556 1193 711 1234 flavaeque
736 1189 876 1222 materiae
897 1211 909 1228 ,
954 1197 1024 1229 quae
1048 1184 1153 1218 fluida
1176 1193 1269 1224 erat,
1293 1186 1326 1217 δε

315 1242 378 1278 sine
403 1240 533 1281 spuma,
556 1238 647 1270 urina
673 1233 779 1266 eadem
801 1257 808 1263 .
843 1232 908 1266 Die
933 1241 1014 1276 nona
1038 1228 1188 1261 inchoata
1207 1252 1220 1269 ,
1251 1239 1326 1261 cun-1

314 1284 466 1321 brachia,
491 1290 527 1316 ut
550 1281 670 1316 vellet,
696 1290 711 1310 e
743 1275 887 1318 stragulis
911 1273 1011 1315 pollet
1025 1282 1168 1309 exerere,
1196 1274 1228 1305 &
1253 1280 1324 1304 tum

311 1331 411 1364 etiam
427 1352 435 1367 ,
458 1325 604 1369 quamvis
627 1333 699 1356 cuni
724 1318 915 1353 difficultate
938 1339 946 1354 ‚
980 1316 1164 1358 loqueretur
1188 1337 1197 1353 ‚
1224 1315 1323 1347 mini-

311 1373 384 1408 stris
410 1378 576 1414 propterea
599 1376 675 1400 tunc
701 1363 891 1397 moriturum
916 1370 979 1393 non
989 1357 1212 1399 credentibus,
1236 1369 1323 1391 mor-

312 1426 388 1451 tuus
411 1413 473 1449 est.
607 1407 814 1444 THORAX
836 1406 987 1446 utrinque
1021 1414 1135 1445 aquam
1175 1401 1289 1436 habuit
1312 1425 1323 1442 ,

311 1469 443 1503 eamque
467 1469 482 1490 a
505 1456 626 1490 dextris
649 1452 760 1486 saltem
783 1447 903 1482 flavam
928 1452 959 1481 ἅ»-
983 1446 1147 1480 turbidam
1173 1470 1179 1478 .
1208 1447 1324 1479 Pulmo

313 1513 445 1546 uterque
467 1500 606 1543 superius
631 1495 669 1529 ad
693 1494 837 1537 pleuram
861 1492 1065 1527 nectebatur,
1090 1502 1161 1532 quae
1186 1489 1233 1521 ibi
1254 1513 1266 1529 ,
1290 1491 1323 1522 &

315 1548 388 1581 aliis
410 1552 538 1588 quoque
561 1544 594 1574 iri
620 1540 699 1573 locis
723 1537 867 1570 thoracis
888 1533 1012 1568 dexteri
1024 1533 1149 1566 craffior
1173 1531 1258 1566 fuit.
1286 1534 1324 1564 In

334 1603 377 1626 uo
401 1587 498 1623 frusta
522 1586 612 1620 illius
636 1581 722 1631 quasi
747 1579 937 1612 membranae
961 1575 1111 1618 impofita
1133 1585 1222 1610 erant
1246 1576 1325 1608 illae-

310 1603 352 1669 siae
376 1631 524 1674 alioquin
549 1626 726 1670 superficiei
753 1623 914 1665 pulmonis
935 1647 943 1653 .
980 1621 1048 1667 Hic
1071 1619 1163 1653 valde
1183 1621 1291 1662 gravis
1317 1641 1327 1656 ,

311 1677 461 1719 totusque
484 1685 523 1707 ex
547 1670 717 1706 substantia
741 1667 797 1700 illa
822 1665 979 1708 hepaticae
1004 1664 1100 1696 simili
1121 1688 1130 1703 ‚
1166 1662 1218 1696 sed
1242 1663 1325 1695 albi-

312 1721 377 1762 da,
403 1722 434 1753 δι
457 1717 536 1751 dura
560 1714 689 1758 quidem
709 1734 718 1750 ‚
753 1722 787 1743 ac
811 1710 916 1743 minus
940 1719 1036 1751 quam
1061 1706 1160 1744 solet,
1183 1717 1257 1739 curn
1282 1707 1327 1738 ita

312 1763 406 1800 densa
430 1761 472 1796 est
493 1773 503 1800 3
535 1768 572 1793 ut
597 1757 827 1796 semicorrupta
849 1752 902 1786 hic
924 1750 1085 1784 videretur
1105 1773 1119 1791 ,
1153 1748 1326 1792 praesertim

314 1820 388 1843 curn
421 1817 461 1840 ex
485 1803 646 1837 seriorum
679 1796 913 1832 bronchiorum
947 1794 1084 1828 orificiis
1103 1818 1116 1834 ,
1148 1793 1261 1826 multis
1291 1793 1326 1825 in

315 1853 420 1892 locis,
443 1847 592 1882 subalbus
617 1849 648 1878 δι
674 1841 825 1876 turbidus
850 1837 993 1882 prodiret
1019 1838 1137 1870 humor
1162 1861 1170 1867 .
1197 1838 1256 1869 Per
1278 1834 1329 1868 fa-

315 1898 398 1929 ciem
421 1901 493 1926 tum
518 1889 705 1934 pulmonis,
730 1883 916 1918 mediastino
928 1893 990 1925 qua
1015 1878 1228 1923 pericardium
1250 1890 1330 1911 con..

313 1941 423 1978 tinet,
448 1935 607 1977 attiguum
622 1956 633 1972 ,
655 1939 724 1964 tum
752 1925 932 1962 mediastini
956 1923 994 1958 ad
1019 1935 1090 1970 eam
1113 1921 1216 1955 sedem
1236 1944 1245 1960 ‚
1269 1933 1324 1955 ex-

314 1984 440 2017 tensum
463 1988 528 2012 erat
551 1974 783 2010 craffiusculum
807 1969 971 2014 quoddam
1003 1968 1090 2011 quali
1114 1975 1179 1999 rete
1205 1989 1218 2006 ,
1251 1965 1325 1998 sub-

314 2027 439 2061 flavum
453 2048 464 2063 ,
489 2032 587 2065 neque
610 2018 792 2060 inelegans,
816 2013 910 2047 facile
935 2009 1188 2050 detrahendum,
1211 2020 1326 2052 quem-

317 2067 491 2105 admodum
515 2068 547 2098 &
572 2066 709 2097 alterum
733 2058 820 2103 quod
844 2056 965 2090 ibidem
1005 2062 1156 2099 praeterea
1180 2064 1235 2096 per
1259 2064 1326 2085 me-

316 2114 488 2149 diastinum
513 2107 638 2142 vidisses
662 2103 823 2147 sanguinei
847 2101 967 2135 coloris
991 2123 997 2130 .
1033 2098 1132 2132 Nihil
1158 2097 1275 2141 horum
1310 2106 1327 2127 a

317 2156 469 2192 sinistris:
496 2153 574 2195 quin
597 2150 645 2183 ibi
669 2149 782 2192 pulmo
805 2155 858 2179 aut
884 2144 997 2182 sanus,
1021 2153 1074 2176 aut
1100 2141 1201 2175 ferme
1214 2140 1324 2172 ianus.

317 2205 356 2237 In
381 2196 561 2243 pericardio
584 2205 663 2238 aqua
687 2196 788 2224 inerat
821 2199 885 2222 non
908 2197 1006 2231 pauca
1039 2182 1274 2232 ejusdemmodi
1292 2193 1328 2216 ac

317 2248 352 2280 in
376 2244 508 2278 thorace
532 2239 663 2273 dextero
687 2233 861 2269 memoravi
885 2256 892 2263 .
923 2232 993 2264 Cor
1017 2232 1068 2263 vel
1102 2240 1161 2272 pro
1185 2227 1329 2261 hominis

318 2290 436 2326 statura
460 2293 611 2326 magnum
635 2292 645 2319 5
682 2278 732 2313 sed
756 2277 846 2310 valde
868 2276 976 2308 laxum
1000 2297 1008 2310 ‚
1032 2274 1250 2306 concretiones
1272 2269 1330 2303 ha-

322 2334 394 2368 buit
419 2326 613 2373 polyposas,
637 2324 767 2356 alteram
777 2332 846 2363 quae
870 2320 903 2351 in
917 2317 1058 2366 auricula
1084 2316 1241 2357 incipiens
1253 2312 1331 2346 dex-

320 2387 407 2412 tera,
432 2372 506 2406 inde
530 2380 584 2412 per
608 2366 824 2400 ventriculum
858 2370 1019 2395 annexum
1040 2371 1073 2392 in
1109 2359 1334 2392 Pulmonarem

322 2416 556 2464 producebatur
590 2413 738 2444 arteriam
769 2420 779 2447 3
819 2406 956 2439 alteram
987 2403 1084 2446 paulo
1115 2399 1327 2448 densiorem)

322 2465 427 2498 multo
450 2467 553 2493 autem
577 2454 729 2497 majorem
749 2475 758 2489 ‚
783 2451 903 2494 quippe
926 2458 996 2489 quae
1020 2454 1129 2479 totum
1154 2453 1231 2487 pene
1251 2444 1328 2492 lini-

322 2509 419 2542 strum
441 2499 656 2536 ventriculum
679 2494 855 2537 occupabat
869 2516 876 2528 ‚
900 2490 973 2524 inde
995 2500 1071 2522 vero
1082 2490 1222 2522 Aortam
1245 2485 1330 2520 subi-

322 2551 398 2586 bat.
424 2549 478 2582 Ex
499 2544 558 2578 hac
581 2554 654 2576 cum
677 2538 874 2574 extraherem
892 2558 903 2580 ,
936 2533 1101 2574 cylindrus
1128 2532 1251 2565 secutus
1285 2528 1329 2563 est

323 2608 362 2629 ex
385 2591 534 2633 sanguine
549 2585 638 2619 valde
660 2592 810 2618 concreto
821 2580 859 2613 ad
883 2576 1051 2620 spithamae
1066 2574 1304 2617 longitudinem
1318 2598 1326 2604 .

323 2640 397 2673 Nec
421 2636 526 2668 minus
549 2638 720 2665 concretus
743 2625 868 2667 sanguis
893 2630 959 2654 erat
972 2621 1028 2664 qui
1052 2618 1131 2653 vasis
1156 2619 1265 2651 saltem
1278 2617 1329 2650 su-

324 2679 527 2726 perioribus,
549 2684 585 2708 ut
608 2674 734 2708 collum
756 2668 908 2703 dissecans
932 2663 1076 2711 perspexi
1100 2686 1112 2703 ,
1144 2661 1330 2695 contineba-

325 2736 399 2760 tur.
424 2720 606 2763 Lam-mgis,
629 2720 660 2751 &
686 2711 863 2758 pharyngis
887 2711 956 2741 vala
981 2706 1153 2750 turgebant
1176 2730 1183 2737 .
1216 2705 1330 2754 ‘Facies

326 2781 364 2803 ex
388 2768 485 2801 rubro
509 2762 645 2797 livebat.
671 2759 721 2792 Ibi
746 2759 780 2789 in
805 2752 927 2788 sinistra
952 2751 1092 2784 auricula
1115 2749 1239 2790 sanguis
1266 2756 1332 2779 erat

327 2812 574 2847 semiconcretus
593 2830 600 2837 .
623 2806 732 2845 Caput
757 2808 863 2834 tamen
887 2806 951 2829 non
974 2794 1076 2827 incidi
1098 2815 1106 2830 ,
1143 2793 1214 2825 aliis
1238 2802 1334 2823 occu-

327 2866 442 2900 patus,
465 2861 501 2885 ut
525 2851 580 2882 vix
603 2848 704 2880 altero
728 2843 796 2887 post
820 2849 961 2874 mortem
993 2838 1045 2871 die
1068 2837 1231 2869 thoracem
1256 2857 1264 2871 ‚
1299 2845 1332 2883 ac

327 2907 470 2932 ventrem
492 2891 639 2926 dissecare
663 2888 846 2931 potuerim.
980 2883 1104 2914 Venter
1127 2880 1268 2913 exterius
1292 2878 1333 2927 li-

328 2942 422 2976 vebat
446 2937 484 2971 ad
507 2937 585 2969 ilia.
611 2932 749 2967 Interius
773 2939 877 2962 tamen
902 2924 985 2959 niliil
1009 2923 1066 2958 nifi
1080 2925 1189 2957 Colon
1213 2921 1336 2955 intesti-

329 2997 408 3020 num
429 2978 637 3024 respondebat
662 2975 795 3013 sanum,
819 2971 869 3005 sed
894 2981 960 3002 aere
984 2968 1155 3015 distentum
1181 2990 1188 2998 .
1224 2967 1335 3014 Hepat

329 3033 364 3064 in
389 3023 599 3060 transversum
632 3019 708 3052 adeo
743 3016 925 3060 porreetum
949 3037 961 3053 ,
993 3022 1029 3045 ut
1054 3013 1209 3045 summam
1244 3010 1335 3041 lienis

331 3081 476 3117 partem,
500 3067 557 3100 fibi
581 3064 665 3097 arete
688 3071 824 3099 nexam,
846 3067 951 3090 totam
976 3056 1177 3094 obduceret,
1200 3052 1335 3086 lividam

330 3114 528 3157 crepidinem
550 3109 589 3143 ad
614 3116 764 3149 magnum
787 3102 925 3136 trac‘him
951 3100 1083 3133 habebat
1108 3123 1115 3130 .
1149 3100 1250 3131 Livor
1273 3123 1278 3134 ,
1304 3107 1336 3127 a·

332 3159 460 3202 lioquin
484 3154 570 3188 haud
592 3152 654 3185 alte
668 3157 831 3193 penetrans
845 3169 854 3184 ,
878 3146 1063 3189 proximam
1077 3147 1206 3186 quoque
1228 3151 1336 3173 cavam

333 3212 456 3246 partem
486 3199 524 3231 ad
548 3198 650 3229 trium
680 3193 810 3226 circiter
834 3188 1012 3234 digitorum
1049 3188 1186 3232 spatium
1211 3184 1337 3216 inlicie-

333 3248 387 3280 bat
402 3269 409 3276 .
433 3245 596 3276 Caeterum
621 3249 687 3271 non
709 3235 819 3269 durius
841 3242 905 3264 erat
929 3242 1014 3272 Jecur
1037 3242 1047 3269 3
1072 3230 1122 3263 led
1147 3229 1243 3271 paulo
1267 3237 1337 3259 tan-

335 3299 407 3323 tum
429 3285 584 3320 albidius.
611 3281 689 3324 Ejus
712 3278 843 3312 veficula
867 3277 951 3307 intra
975 3285 1105 3316 paucam
1123 3273 1245 3311 bilem,
1267 3282 1337 3313 quae

336 3343 442 3367 tamen
469 3327 639 3370 subjectam
662 3325 800 3356 tinxerat
824 3328 984 3352 externam
1008 3316 1121 3349 faciem
1148 3316 1245 3349 Antri
1281 3324 1339 3356 py-

337 3378 422 3415 lori,
446 3373 585 3405 calculos
609 3369 647 3401 ad
671 3361 1010 3408 viginticontinebat,
1036 3362 1096 3393 alia
1111 3360 1190 3392 alios
1215 3358 1339 3399 magni-

338 3418 449 3453 tudine
468 3442 472 3453 .
497 3414 548 3448 sed
571 3410 735 3456 plerosque
760 3417 896 3451 parvo5,
918 3416 1016 3438 unum
1039 3405 1238 3440 maximum,
1261 3402 1339 3447 qui3

339 3472 381 3497 ut«
393 3460 523 3499 caeteri,
546 3458 632 3491 intus
648 3480 657 3496 ,
678 3462 827 3495 extraque
850 3447 1028 3494 nigricabat
1064 3458 1128 3480 non
1153 3446 1236 3480 secus
1261 3456 1294 3477 ac
1318 3444 1341 3476 si

912 67 1072 122 Liber
1106 66 1171 119 11.
1206 68 1291 120 De
1328 64 1537 119 Morbis
1572 59 1832 116 Thoracis

1372 143 1469 177 carbo
1490 140 1563 176 esset
1588 165 1597 180 ‚
1632 152 1726 184 quem
1749 142 1847 174 etiam
1869 150 1936 173 rara
1960 162 1969 177 ‚
2003 141 2036 172 δε
2057 136 2182 171 friabili
2206 135 2379 170 substantia

1375 185 1548 221 referebat.
1573 185 1695 218 Nullus
1708 184 1847 223 horum,
1872 184 2005 217 lucernae
2018 181 2187 220 admotus,
2210 179 2380 213 flammam

1374 230 1550 271 concepit,
1574 237 1628 261 aut
1651 227 1807 260 scintillas
1832 226 1956 264 emisit3
1982 226 2062 258 leves
2086 233 2210 257 tantum
2223 223 2381 266 quosdam

1375 274 1515 315 crepitus
1537 271 1699 305 interdum
1723 269 1867 304 edidere.
1894 270 1975 302 Lien
1996 279 2150 310 magnus,
2173 266 2381 299 etiamsicum

1377 316 1522 351 hominis
1546 314 1662 348 statura
1674 312 1861 352 conferres3
1884 314 1996 352 laxus,
2020 315 2052 345 &
2065 311 2204 345 exterius
2216 311 2355 342 albicans
2369 333 2379 341 .

1376 359 1586 394 'Ventriculus
1608 357 1744 400 denique
1767 366 1839 389 tota
1862 355 1980 389 sinistra
2003 364 2091 397 parte
2101 354 2240 388 exterius
2264 352 2381 385 habuit

1377 413 1547 445 utramque
1570 400 1685 434 faciem
1710 401 1833 442 magnis
1857 398 2067 442 quibusdam,
2090 401 2122 431 &
2145 397 2230 439 quasi
2254 395 2381 429 ramofis

1375 447 1509 481 maculis
1533 444 1717 478 dist-inciam
1739 455 1777 476 ex
1801 452 1870 476 atro
1893 442 2005 476 lividis
2025 466 2033 473 .
2057 442 2121 475 Hae
2145 441 2278 473 interius
2301 450 2382 482 quo-

1372 503 1433 534 que
1457 489 1650 532 apparebant
1670 510 1679 524 ‚
1703 490 1735 520 δε
1758 486 1796 520 ad
1818 486 2031 529 oesophagum
2053 485 2149 527 usque
2165 482 2382 526 produceban-

1376 544 1428 568 tur
1453 557 1465 574 ,
1497 531 1701 575 guttulasque
1725 530 1884 572 sanguinis
1906 531 2027 564 circum
2051 530 2136 562 inter
2168 528 2293 561 tunicas
2314 524 2381 559 hae-

1376 588 1478 611 rentes
1498 570 1681 612 habebant3
1705 584 1741 607 ut
1765 573 1815 607 his
1838 573 1990 606 omnibus
2013 572 2166 615 inspeetis
2187 594 2198 610 ,
2232 570 2270 605 de
2293 568 2382 611 adje-

1376 623 1426 655 θαι
1450 621 1581 654 demum
1605 617 1777 651 ventriculi
1800 615 2063 649 inflammatione
2087 626 2151 648 non
2176 614 2358 648 dubitares.

1417 676 1469 707 31.
1494 664 1526 695 Si
1552 662 1588 696 ad
1614 662 1668 695 has
1693 662 1804 702 longas
1836 658 1913 694 duas
1935 659 2084 703 historias
2118 659 2230 701 longas
2254 667 2380 704 quoque

1376 705 1660 742 animadversiones
1695 704 1840 738 adderem
1864 702 1926 736 five
1958 703 1997 737 ad
2019 702 2167 735 morbum
2201 701 2303 744 ejusve
2325 710 2381 733 cu-

1377 753 1535 785 rationem
1557 773 1565 788 ,
1599 749 1661 783 sive
1686 747 1725 782 ad
1748 745 1939 789 deprehensa
1963 757 2018 788 per
2041 745 2212 779 sefflonem
2238 746 2380 776 attinen-

1375 805 1447 835 tes;
1470 796 1542 837 quis
1566 793 1650 827 foret
1673 790 1831 835 Epistolae
1854 788 1996 824 modus?
2021 788 2194 831 praesertim
2218 799 2292 822 cum
2308 787 2382 827 plu-

1375 850 1408 872 ra
1432 837 1536 873 adhuc
1560 836 1695 875 restent,
1718 835 1851 868 minime
1874 831 2076 867 omittenda.
2103 833 2185 865 Satis
2208 832 2249 865 est
2266 857 2273 868 ‚
2299 829 2319 862 fi
2345 831 2381 862 in

1376 883 1506 916 illarum
1529 891 1661 923 utraque
1684 879 1751 913 duo
1775 877 1917 912 attendas
1936 901 1949 918 ,
1973 876 2108 910 alterum
2134 875 2171 909 ad
2197 875 2346 909 morbum
2369 895 2380 911 ,

1374 926 1512 960 alterum
1534 924 1576 958 ad
1599 924 1771 958 sectionem
1793 922 1933 965 spetstans
1947 945 1954 952 .
2087 919 2140 952 Ad
2157 919 2305 953 morbum
2330 925 2381 949 at-

1374 971 1456 1002 tinet
1477 968 1568 1002 color
1589 991 1598 1005 ,
1630 968 1662 999 in
1687 965 1788 1000 crusta
1811 966 1868 999 illa
1891 964 2054 1005 sanguinis
2080 986 2092 1003 ,
2131 961 2259 996 flavus:
2283 972 2381 1004 quem

1373 1011 1457 1046 mihi
1482 1012 1615 1045 memini
1639 1010 1848 1043 Albertinum
1869 1007 2004 1047 dixisse,
2027 1005 2169 1049 pejorem
2193 1030 2206 1046 ,
2241 1008 2273 1038 ὃς
2299 1004 2383 1044 peri.

1372 1054 1562 1090 culofiorem
1590 1053 1880 1088 inflammationem
1923 1050 2095 1085 secundum
2149 1048 2383 1082 observationes

1376 1100 1442 1133 suas
1465 1097 1662 1141 significare.
1686 1095 1786 1138 Qod
1811 1099 1843 1130 &
1866 1098 1900 1128 in
1927 1096 2027 1133 meis,
2051 1103 2210 1136 quantum
2236 1090 2384 1124 recorda-

1379 1145 1405 1175 ri
1430 1143 1578 1184 possum,
1604 1141 1787 1182 respondit.
1813 1141 1927 1182 Neque
1951 1140 2036 1171 enim
2059 1138 2204 1173 solumin
2228 1135 2279 1169 his
2303 1133 2383 1168 dua-

1377 1187 1458 1226 bus,
1483 1184 1534 1219 sed
1556 1186 1654 1218 etiam
1676 1186 1710 1217 in
1734 1194 1768 1216 ea
1791 1195 1862 1226 quae
1888 1182 1976 1224 supra
2000 1184 2013 1220 <
2034 1191 2054 1213 n
2077 1183 2090 1220 )
2114 1182 2147 1214 in
2160 1180 2303 1213 Lanione
2329 1177 2386 1211 de-

1375 1231 1492 1271 scripta
1515 1228 1558 1263 est
1587 1251 1595 1265 ‚
1619 1229 1652 1261 in
1678 1226 1809 1271 aliisque
1834 1234 1980 1267 praeterea
2005 1223 2215 1258 animadverti
2240 1222 2286 1255 vel
2310 1234 2383 1256 cum

1374 1271 1594 1307 diss‘effionem
1617 1269 1786 1314 adjungere
1820 1269 1906 1302 haud
1930 1269 2025 1302 licuit
2045 1290 2054 1305 ‚
2087 1276 2124 1301 ut
2149 1266 2324 1310 praesertim
2349 1267 2384 1299 in

1374 1318 1447 1350 viro
1472 1316 1621 1356 ebrioso,
1645 1315 1704 1358 qui
1729 1315 1762 1347 in
1786 1312 1893 1347 eadem
1916 1311 1971 1345 illa
1996 1309 2189 1344 Bononiensi
2213 1309 2385 1343 Constitu-

1372 1361 1486 1401 tione,
1509 1359 1600 1393 simul
1627 1366 1786 1402 pungente
1808 1356 1919 1390 dolore
1942 1355 2104 1398 penoris,
2127 1357 2160 1387 δέ
2185 1362 2275 1387 acuta
2297 1352 2386 1387 febre

1373 1413 1541 1445 correptus
1558 1428 1566 1441 ,
1589 1404 1668 1435 vino
1691 1400 1843 1445 quidem,
1868 1398 1920 1432 sed
1942 1409 2006 1432 non
2029 1409 2115 1431 venre
2149 1396 2287 1431 sectione
2312 1397 2385 1432 usus

1375 1446 1417 1481 est
1439 1446 1540 1480 donec
1563 1455 1676 1489 quarta
1701 1445 1805 1479 morbi
1830 1442 1883 1477 die
1904 1444 1938 1476 in
1961 1441 2048 1475 idem
2060 1439 2305 1476 Nosocomium
2326 1452 2386 1475 ex..

1375 1500 1486 1533 ceptus
1506 1513 1516 1528 ,
1550 1491 1606 1522 illa
1637 1489 1780 1530 primurn
1811 1486 1862 1521 die
1884 1509 1894 1525 ,
1928 1497 2005 1518 mox
2036 1487 2069 1519 &
2101 1485 2233 1527 quincta
2266 1486 2385 1519 iterum

1376 1534 1503 1576 sanguis
1526 1544 1542 1566 e
1564 1532 1700 1566 brachio
1723 1534 1927 1565 mitteretur.
1953 1528 2023 1566 Qui
2049 1527 2158 1562 missus
2180 1528 2222 1562 est
2245 1538 2384 1572 quarta,

1376 1580 1403 1610 is
1427 1577 1516 1612 valde
1540 1576 1672 1610 seffioni
1697 1574 1870 1610 resistebat.
1894 1573 2046 1614 tenuique
2068 1582 2199 1609 opertus
2223 1583 2288 1605 erat
2312 1585 2387 1607 cru-

1378 1621 1420 1654 sta
1447 1632 1484 1653 ex
1507 1619 1611 1653 livido
1633 1619 1815 1661 variegata,
1836 1616 1969 1651 difficile
1993 1615 2122 1649 secanda
2147 1639 2154 1646 .
2182 1615 2251 1655 Qi
2278 1626 2387 1650 autem

1378 1664 1508 1706 quintia
1523 1687 1534 1703 ,
1558 1665 1585 1696 is
1609 1673 1686 1695 vcro
1708 1661 1808 1695 crusta
1831 1659 1989 1694 obductus
2011 1670 2099 1701 aeque
2121 1659 2250 1698 tenaci,
2277 1658 2327 1692 sed
2337 1660 2388 1694 di-

1379 1708 1485 1749 gitum
1510 1706 1595 1744 alta,
1620 1708 1649 1738 δι.
1675 1704 1784 1743 flava,
1806 1705 1841 1737 in
1864 1713 2018 1746 grumos,
2040 1702 2118 1735 dum
2142 1703 2354 1737 inverteretur
2376 1726 2387 1742 ‚

1381 1750 1410 1783 se
1434 1749 1500 1792 ipse
1524 1748 1669 1783 dissolvit
1695 1760 1706 1786 3
1741 1748 1822 1782 adeo
1845 1757 1893 1780 res
1928 1753 2060 1778 mutatae
2085 1745 2276 1788 apparebant
2300 1748 2388 1781 intra

1379 1804 1479 1828 unum
1503 1793 1588 1827 diem
1613 1792 1619 1825 ἔ
1652 1794 1749 1827 Hanc
1771 1789 1902 1824 eandem
1936 1788 2066 1822 facilem
2089 1788 2286 1823 craffamenti
2319 1790 2389 1823 san-

1380 1838 1489 1880 guinis
1523 1838 1556 1870 in
1594 1846 1728 1877 grumos
1768 1834 2012 1869 dissolutionem
2046 1833 2081 1865 in
2104 1832 2233 1865 Ancilla
2259 1845 2388 1877 quoque

1380 1885 1393 1920 (
1416 1892 1432 1913 ο
1455 1884 1488 1920 )‚
1515 1882 1546 1913 &
1570 1880 1605 1912 in
1629 1880 1734 1911 lia-nio
1757 1878 1817 1911 illo
1841 1877 2089 1911 memoravimus
2115 1900 2123 1914 ,
2155 1877 2189 1908 in
2214 1887 2280 1919 quo
2304 1879 2390 1911 intra

1375 1922 1512 1957 biduum
1536 1923 1752 1956 mutationem
1777 1920 2006 1955 animadvertes
2026 1942 2039 1959 ‚
2071 1918 2122 1953 sed
2143 1921 2312 1953 contrario
2336 1933 2390 1955 or-

1376 1967 1477 2001 dine.
1513 1966 1562 1999 Hi
1585 1977 1694 1999 omnes
1720 1966 1843 1999 mortui
1877 1964 1949 1999 sunt
1973 1985 1983 2002 ‚
2018 1971 2056 1996 ut
2079 1964 2107 1996 is
2140 1965 2239 1997 etiarn
2262 1963 2301 1996 de
2323 1976 2390 2006 quo

1377 2011 1664 2057 dicere-coeperam
1687 2031 1696 2046 ,
1732 2008 1872 2043 ebriosus
1896 2033 1905 2048 ,
1938 2007 1996 2050 qui
2018 2005 2059 2039 ad
2081 2006 2245 2049 vesperum
2266 2007 2391 2042 dcceffit

1377 2053 1443 2088 diei
1469 2051 1607 2094 ejusdem
1631 2063 1693 2095 qua
1717 2053 1835 2085 iterum
1859 2050 1984 2094 sanguis
2010 2061 2101 2083 mane
2124 2048 2232 2084 missus
2256 2050 2363 2084 fuerat
2378 2075 2388 2084 .

1380 2099 1509 2138 Semper
1531 2095 1642 2129 cubuit
1665 2096 1699 2128 in
1724 2095 1877 2134 dorsum,
1901 2093 1965 2137 jam
1990 2092 2064 2126 inde
2088 2103 2229 2137 aquarta
2254 2093 2307 2128 die
2318 2106 2390 2127 ver-

1379 2139 1541 2183 tiginosus
1555 2164 1563 2177 ,
1588 2141 1621 2172 &
1643 2138 1801 2177 delirans,
1825 2138 1936 2179 lingua
1950 2138 2064 2179 nigra,
2086 2135 2246 2179 frequenti
2272 2137 2391 2179 pulsu,

1381 2188 1413 2218 &
1438 2184 1699 2219 intermittente,
1724 2192 1907 2226 quanquam
1918 2179 1958 2213 fic
1984 2179 2182 2222 satisdigitis
2207 2179 2388 2214 resistebat:

1382 2226 1419 2260 ad
1443 2238 1515 2269 quse
1540 2227 1705 2268 perpaucis
1729 2236 1801 2259 ante
1825 2233 1964 2258 mortem
1988 2224 2080 2259 horis
2103 2224 2216 2257 stertor
2236 2247 2249 2265 ,
2284 2226 2316 2258 &
2340 2224 2393 2259 su-

1381 2271 1492 2304 blimis
1517 2269 1684 2311 respiratio
1708 2269 1855 2303 accessere
1877 2294 1886 2302 .
2015 2268 2091 2312 Jam
2122 2279 2197 2300 vero
2229 2267 2318 2311 quod
2353 2267 2394 2302 ad

1385 2314 1559 2348 sectionem
1583 2313 1725 2353 attinet;
1746 2312 1834 2345 vides
1857 2312 1926 2345 sane
1946 2336 1958 2352 ,
1994 2310 2044 2345 his
2067 2322 2195 2354 quoque
2219 2310 2393 2347 novissimis

1386 2357 1533 2401 perleffls
1558 2354 1702 2402 historiis
1720 2379 1732 2396 ,
1756 2356 1872 2399 pleurae
1896 2354 2037 2388 laesiones
2059 2376 2069 2391 ,
2110 2365 2187 2396 quas
2212 2353 2293 2387 mihi
2319 2356 2395 2399 qui-

1384 2401 1457 2434 dem
1480 2401 1514 2432 in
1541 2397 1727 2440 hujusmodi
1751 2398 1874 2432 morbis
1897 2398 2015 2432 accidit
2038 2406 2075 2430 ut
2099 2395 2294 2431 offenderem
2322 2424 2330 2438 ‚
2355 2399 2394 2432 ab

1380 2456 1419 2477 eo
1443 2443 1585 2477 multum
1609 2441 1764 2484 abfuisse,
1786 2451 1823 2477 ut
1847 2444 1962 2475 mortis
1987 2439 2078 2474 causa
2099 2440 2219 2473 censeri
2243 2441 2356 2483 poffiut
2383 2465 2393 2474 .

1378 2487 1567 2531 Crassiorem
1590 2485 1739 2519 videlicet
1764 2486 1906 2528 pleuram
1931 2486 2038 2518 inveni
2057 2496 2067 2522 3
2092 2483 2142 2517 sed
2165 2494 2228 2516 nori
2252 2483 2334 2518 adeo
2356 2494 2395 2519 iit

1381 2529 1465 2580 apud
1490 2530 1668 2564 Riolanum
1692 2529 1843 2563 scribitur
1865 2551 1873 2566 ‚
1906 2528 1961 2562 hic
1985 2530 2017 2561 in
2053 2526 2264 2569 Sepulchreto
2297 2531 2311 2567 (
2331 2539 2354 2571 p
2376 2533 2392 2570 )

1381 2576 1616 2619 memoratum,
1641 2582 1678 2606 ut
1702 2572 1829 2614 decuplo
1845 2572 1942 2615 solito
1964 2570 2035 2616 effer
2059 2569 2181 2612 craffior
2203 2594 2214 2611 ,
2237 2581 2293 2604 nec
2316 2572 2397 2605 livi..

1379 2618 1479 2657 dam,
1503 2620 1534 2650 <Sc
1557 2616 1744 2654 fideratam,
1768 2617 1837 2649 imo
1859 2627 1961 2658 neque
1984 2614 2025 2648 ab
2048 2612 2313 2648 inflammatione
2339 2627 2396 2651 rii-

1382 2664 1529 2695 bentem.
1556 2663 1602 2693 At
1638 2660 1718 2700 ille,
1742 2660 1851 2703 inquis
1868 2681 1876 2695 ‚
1914 2659 2032 2700 aliique
2055 2658 2245 2691 invenerunt
2271 2672 2280 2691 :
2313 2660 2395 2702 quin

1383 2709 1415 2739 &
1441 2705 1504 2738 hoc
1531 2703 1680 2744 addidit,
1699 2711 1865 2746 propterea
1885 2699 2034 2745 scripsiffe
2057 2702 2287 2742 Hippocratem
2309 2726 2321 2743 ,
2344 2714 2398 2737 ca-

1383 2750 1497 2782 daverit
1517 2747 1758 2789 plenarii-orum
1782 2744 1905 2790 diffeft'a
1928 2754 2077 2788 apparere
2095 2741 2287 2787 fulgurita,
2316 2746 2397 2788 quod

1385 2794 1419 2826 de
1440 2790 1589 2833 partibus
1621 2790 1757 2824 thoracis
1780 2789 1914 2823 internis
1946 2788 1984 2827 esi
2015 2787 2254 2831 intelligendum
2279 2813 2287 2820 .
2322 2790 2398 2832 Ego

1386 2846 1463 2868 vero
1486 2834 1622 2867 aliorum
1657 2834 1899 2866 observationes
1933 2842 1996 2864 non
2031 2842 2114 2873 nego
2143 2844 2151 2863 :
2188 2842 2282 2875 atque
2316 2832 2399 2868 adeo

1386 2879 1489 2925 meis,
1512 2890 1589 2921 quas
1613 2888 1689 2910 mox
1714 2875 1878 2918 subjiciam
1892 2898 1905 2915 ,
1926 2874 2111 2908 libensillas
2134 2875 2239 2918 quoad
2259 2884 2373 2918 potero
2387 2898 2398 2915 ‚

1384 2921 1585 2955 confirmabo
1609 2947 1615 2953 .
1656 2921 1745 2958 Quas
1768 2920 1918 2953 haetenus
1944 2919 2008 2951 tibi
2033 2917 2194 2961 perscripsi
2214 2942 2224 2958 ‚
2261 2929 2311 2952 eas
2341 2919 2399 2954 hic

1386 2966 1555 2999 dumtaxat
1580 2964 1723 2997 recenseo
1750 2988 1757 2994 .
1794 2964 1918 2995 Tamen
1943 2961 1964 2994 {i
2002 2963 2160 2996 Riolanus
2188 2985 2196 2999 ‚
2233 2964 2399 2998 memoriae

1387 3011 1492 3043 minus
1515 3007 1651 3042 confisus
1668 3006 1728 3041 suae
1743 3029 1752 3044 ‚
1778 3007 1992 3048 Hippocratis
2016 3006 2124 3040 locum
2136 3004 2320 3049 relegisset,
2341 3008 2400 3050 qui

1386 3063 1475 3086 extat
1497 3076 1509 3092 ,
1539 3053 1659 3095 opinor
1679 3074 1691 3091 ,
1723 3052 1755 3084 in
1779 3049 1866 3081 libro
1888 3050 1922 3082 de
1946 3048 2053 3082 Vift'us
2076 3049 2199 3083 ratione
2224 3049 2255 3082 in
2279 3051 2398 3084 morbis

1387 3098 1491 3130 acutis
1515 3099 1528 3135 <
1551 3108 1569 3139 q
1591 3100 1626 3136 >3
1650 3093 1773 3128 nullum
1798 3094 1831 3124 in
1855 3104 1894 3125 eo
1916 3091 1973 3126 else
1996 3090 2193 3126 disseffionis
2217 3091 2400 3133 indicium,

1387 3140 1522 3173 sensisset
1547 3162 1559 3178 ,
1590 3149 1666 3172 cum
1690 3138 1820 3170 Veteres
1844 3135 1993 3169 dicantur
2039 3135 2171 3170 uosdam
2211 3135 2399 3178 pleuriticos

1381 3183 1490 3225 [γάρ-κε
1514 3183 1593 3216 isias
1616 3181 1660 3214 ob
1684 3180 1747 3213 hoc
1770 3181 1869 3212 etiam
1896 3181 2006 3222 putavi
2036 3191 2051 3213 e
2074 3203 2086 3220 ,
2110 3180 2189 3222 quod
2211 3180 2348 3214 mortuis
2371 3192 2404 3213 z.

1383 3227 1448 3269 pfis
1471 3226 1556 3260 latus
1582 3225 1717 3259 lividum
1741 3224 1915 3265 reperitur,
1939 3232 1976 3257 ut
1992 3224 2097 3266 simile
2119 3223 2195 3265 quid
2214 3222 2318 3266 plagae
2340 3233 2401 3265 ap-

1386 3278 1518 3312 pareat:
1544 3271 1613 3301 imo
1634 3279 1708 3301 cum
1732 3267 1858 3299 Galerio
1882 3269 1895 3305 (
1919 3279 1933 3299 r
1958 3270 1970 3305 )
1994 3269 2027 3300 in
2050 3266 2193 3309 ejusloci
2220 3266 2403 3309 expositio-

1391 3325 1428 3345 ne
1452 3310 1627 3355 agnovisset
1652 3312 1683 3344 in
1707 3317 1778 3343 cute
1802 3321 1951 3352 apparere
1975 3309 2070 3344 istum
2094 3311 2250 3351 nigrorem
2267 3321 2329 3343 non
2354 3309 2403 3343 se-

1390 3368 1445 3389 cus
1469 3365 1563 3399 atque
1588 3356 1621 3387 in
1644 3353 1711 3387 illis
1734 3354 1788 3392 qui
1812 3355 1860 3387 ita
1884 3363 1922 3387 ex
1938 3353 2033 3396 plaga
2056 3351 2267 3397 affei‘iisunt.
2296 3353 2401 3394 Qod

1393 3410 1498 3433 autem
1525 3398 1700 3433 Riolanum
1725 3394 1828 3430 facere
1849 3420 1861 3437 ‚
1893 3395 2084 3440 praestitisset
2107 3408 2116 3433 5
2149 3395 2313 3430 afferemus
2346 3407 2404 3430 nos

1392 3445 1501 3477 locum
1524 3441 1620 3476 Caelii
1646 3440 1817 3474 Aureliani
1841 3440 1895 3483 (s
1911 3438 2154 3484 )‚'apertiffime
2175 3450 2236 3482 pro
2261 3440 2332 3482 ipso
2356 3439 2405 3472 fa-

2275 3494 2362 3516 cien-

338 3575 2413 3606 W

401 3647 712 3716 sf>³izui⁹ifflfr2
725 3654 751 3701 ἐς
769 3653 807 3701 32:

870 3642 912 3673 (Ρ
928 3642 942 3672 )
959 3644 977 3667 l.
994 3649 1017 3666 2.
1034 3643 1058 3667 S.
1074 3649 1098 3670 4.
1117 3638 1274 3668 Obs.14.§.
1292 3646 1312 3661 2.
1332 3637 1354 3660 ἃ
1371 3645 1392 3667 3.

1456 3635 1497 3666 (q
1517 3635 1567 3663 )n.
1583 3636 1606 3659 S.
1669 3634 1709 3664 (ν
1726 3634 1739 3663 >
1756 3635 1854 3658 comm.
1874 3639 1894 3656 ι.
1913 3632 1941 3656 ad
1957 3637 1974 3658 t.
1995 3641 2032 3663 33.
2048 3632 2065 3657 1.
2082 3631 2122 3656 cit.
