2498 4075
304 233 459 299 Epist.
498 232 658 284 Anat.
694 228 912 282 Medica
948 226 1099 280 XIX..
1133 227 1258 279 Art.
1280 238 1354 286 ις.
1373 224 1446 274 16.
1468 238 1542 285 ¹7·
1568 221 1806 287 18.19.&
1824 236 1901 274 κο.

122 309 183 344 sius
204 310 295 352 (z).
321 308 497 343 Annularis
519 309 605 341 enim
626 306 784 349 cartilago
808 307 841 339 in
863 304 966 339 multa
977 301 1125 345 eratfru-

117 352 201 394 flula
224 349 368 396 diffrac‘la
382 374 392 390 ,
417 349 602 393 inferiorque
628 348 758 383 tracheae
778 359 853 391 pars
868 348 995 391 prorsm
1018 346 1055 379 ab
1078 346 1124 378 la-

125 405 222 438 rynge
248 394 404 435 abrupta,
427 404 463 427 ut
487 393 611 434 sanguis
626 415 638 432 ,
661 403 717 425 nec
741 404 882 435 paucus,
904 401 975 425 tum
1000 400 1053 431 per
1066 400 1123 425 os,

123 442 156 471 δε
179 448 267 470 nares
290 437 476 476 effluxerit,
499 446 567 470 tum
591 437 625 467 in
648 435 804 469 bronchia
827 433 1123 469 descenderit.Ve-

122 492 193 515 rum
217 492 280 513 non
304 481 505 523 cartilagines
531 478 630 512 modo
654 481 786 521 rumpi,
821 478 870 512 sed
903 482 935 512 δε
968 476 1123 524 vertebras

122 523 285 558 interdum
308 523 481 566 quasdamn,
501 522 682 555 Columbus
705 522 771 565 (a)
793 522 896 555 videri
920 519 1020 564 potest
1042 517 1128 551 indi-

121 565 253 606 cavisse,
277 578 416 609 negans,
441 568 475 598 in
499 563 647 608 suspensis
682 575 779 607 caput
812 565 918 599 luxari
952 561 1123 597 secuudum

120 610 355 644 observationes
379 610 469 649 suas,
487 609 601 651 saepius
624 610 757 642 'Patavii
768 632 780 649 ,
814 608 897 651 'Pzfis
917 632 929 649 ,
963 611 1123 647 Romaeque

121 653 270 695 liabitas,
291 655 360 686 imo
383 662 507 686 tantum
531 650 587 684 effe
606 673 614 687 ‚
638 650 851 691 confirmans,
886 650 1053 693 ligamenti
1088 647 1123 680 id

123 697 327 739 prohibentis
350 697 449 733 robur
463 721 471 733 ‚
494 694 825 734 utanimadverterit,
840 692 951 737 frangi
966 689 1122 734 facilius,

120 752 214 784 quam
236 741 342 774 luxari
357 738 524 782 secundam
547 736 723 771 vertebram
732 738 830 782 poffie,
855 748 947 779 neque
956 736 1124 778 secundam

116 784 218 828 solum
234 806 242 821 ‚
261 783 316 826 sed
334 784 472 825 primam
494 791 629 823 quoque.
655 780 694 814 Id
716 781 796 814 siita
812 781 877 814 fieri
895 780 1002 822 posse,
1027 789 1125 821 agno-

122 828 259 865 scimus3
282 835 352 860 tum
376 826 511 858 Latinos.
534 825 661 867 proprie
684 825 813 858 locutos
837 823 895 860 esse
917 822 1090 856 fatebimur
1111 843 1124 860 ,

122 881 198 904 tum
222 870 283 903 hoc
307 869 344 902 de
367 881 432 912 quo
456 870 645 910 loquimur,
678 867 830 910 supplicii
866 878 962 911 genus
991 866 1125 912 cervices

116 913 286 957 frangere,
307 921 343 945 ut
367 912 410 945 est
435 911 517 954 apud
541 912 589 944 M.
606 911 757 947 Tullium
781 910 868 952 (b),
889 908 1126 944 dicebant.Sin

122 958 251 995 minus3
275 965 344 990 tum
371 957 477 989 verius
500 955 628 988 locutos
651 955 857 996 putabimus,
878 965 952 987 cuin
974 952 1126 986 dixerunt

121 1000 228 1042 laqueo
248 999 357 1042 gulam
371 996 600 1045 frangereQut
623 998 666 1032 est
700 997 784 1041 apud
817 997 1001 1031 Sallustium
1036 997 1121 1044 (ς),

120 1042 220 1077 modo
242 1052 355 1085 guttur
378 1041 585 1081 intellexiste,
609 1052 786 1083 ponamus,
808 1052 883 1074 cum
905 1041 1014 1083 gulam
1036 1037 1124 1070 dice-

120 1095 210 1120 rent.
240 1088 421 1128 Laryngem
446 1094 551 1119 autem
573 1084 647 1119 inde
670 1085 844 1128 aliquando
871 1085 979 1126 rumpi
1004 1107 1016 1124 ,
1049 1091 1125 1115 cum

117 1129 272 1168 ¹Valsalva
295 1130 457 1167 vidimus;
482 1128 641 1163 vertebras
666 1139 731 1162 non
756 1127 915 1162 vidimus:
940 1127 991 1161 sed
1025 1134 1126 1173 neque

119 1182 227 1206 tamen
252 1174 393 1209 luxatas.
419 1171 520 1213 Qod
541 1183 616 1206 cum
638 1171 735 1210 dico,
760 1182 824 1205 non
847 1172 893 1205 ita
915 1170 991 1205 dico
1006 1193 1018 1210 ,
1040 1168 1125 1211 quasi

119 1216 244 1260 aliquid
267 1218 300 1249 in
323 1215 508 1250 dissensione
532 1218 744 1258 pronunciem
778 1226 874 1258 quam
908 1212 1125 1248 animadverto

118 1262 204 1294 inter
229 1259 525 1302 Experientiffimos
550 1260 669 1293 Viros.
696 1259 766 1292 Alii
792 1260 878 1292 enim
900 1280 910 1296 ‚
942 1267 978 1292 ut
1014 1256 1125 1298 legeris

119 1305 218 1337 etiam
242 1303 326 1346 apud
352 1302 523 1336 Palfinium
547 1304 635 1343 (d),
659 1300 898 1344 deprehendisse
923 1301 952 1335 se
975 1326 988 1342 ,
1012 1299 1126 1343 ajunt,

118 1349 154 1381 in
177 1348 218 1380 iis
240 1346 341 1380 ferme
364 1346 512 1382 omnibus
537 1346 575 1379 de
598 1346 713 1389 quibus
738 1344 801 1379 hoc
825 1345 1019 1388 supplicium
1042 1342 1125 1389 sum-

120 1400 213 1434 ptum
235 1390 362 1431 fuerat,
385 1390 562 1424 vertebram
586 1390 663 1422 colli
697 1391 835 1432 primam
866 1390 1001 1422 omnino
1035 1398 1051 1418 a
1083 1387 1127 1419 se-

119 1434 225 1469 cunda
249 1433 441 1477 separatam.
465 1435 591 1467 Contra
615 1433 673 1466 alii
696 1432 785 1476 quod
809 1432 989 1466 Columbus
1012 1430 1052 1465 de
1075 1429 1127 1463 his

119 1478 272 1512 vertebris
295 1485 485 1520 negaverat,
507 1488 570 1509 non
594 1475 707 1510 de'his
739 1474 862 1516 modo,
885 1474 935 1509 sed
960 1476 997 1508 de
1021 1473 1127 1507 omni-

117 1522 177 1556 bus
200 1531 335 1563 negant.
362 1522 433 1554 Nec
458 1530 531 1553 vero
553 1519 682 1560 nescio,
705 1518 862 1561 scriptum
886 1518 943 1552 ess‘e
977 1531 993 1551 a
1027 1520 1127 1550 Pana-

118 1565 213 1606 rolo,
236 1564 372 1607 exempli
397 1564 523 1607 gratia;
547 1571 618 1596 utar
640 1564 726 1596 enim
760 1562 997 1596 Observatione
1029 1570 1128 1603 quam

117 1610 153 1642 in
177 1607 388 1651 Sepulchreto
408 1610 471 1646 (e)
494 1605 628 1644 habeas,-
653 1606 682 1639 se
714 1607 845 1639 cervicis
877 1605 1053 1639 vertebram
1085 1603 1127 1636 se-

118 1652 257 1686 cundam
280 1652 425 1685 luxatam
449 1660 503 1691 per
528 1659 698 1683 ana-tomen
732 1647 883 1683 invenisse
903 1674 911 1682 .
947 1648 1008 1683 Sed
1041 1646 1128 1681 idem

122 1697 215 1736 scin,
238 1694 272 1728 id
294 1697 327 1727 in
352 1705 389 1726 eo
413 1691 554 1735 reperiss‘e
581 1694 638 1736 qui
661 1705 699 1726 ex
722 1692 831 1726 arbore
866 1692 1028 1726 deciderat
1048 1716 1061 1733 ,
1092 1700 1129 1724 ut

119 1739 262 1772 vertebra
285 1736 377 1771 simul
403 1735 529 1778 frangi,
555 1736 722 1779 luxarique
747 1738 890 1780 potuerit
913 1734 996 1779 (f).
1024 1735 1130 1778 Igitur

117 1780 347 1820 donecredeat
370 1779 491 1814 occasio
514 1778 580 1813 liaec
603 1780 793 1822 diligentius
817 1779 1024 1824 inquirendi,
1047 1789 1130 1821 aegre

118 1824 240 1863 feram,
263 1836 337 1859 cum
361 1836 394 1857 ea
416 1824 497 1857 olim
524 1823 680 1857 Bononiae
705 1822 824 1862 fuerit,
853 1833 917 1857 non
949 1821 1063 1857 venisse
1095 1823 1130 1854 in

117 1878 257 1903 mentem
281 1867 315 1901 id
339 1877 375 1901 ut
399 1866 560 1906 facerem,
584 1865 652 1904 tum
675 1870 751 1911 quia
775 1868 881 1902 minus
915 1879 953 1900 eo
987 1876 1130 1908 tempore

120 1912 174 1947 his
197 1914 234 1946 de
257 1911 348 1945 rebus
371 1910 621 1953 disputabatur,
645 1921 718 1945 tum
742 1913 818 1955 quia
842 1910 999 1954 ejusmodi
1034 1908 1128 1943 cada-

117 1967 215 1997 vera,
236 1957 357 1998 quippe
382 1953 572 1992 hominum,
597 1954 640 1987 ob
662 1955 847 1989 brevemibi
863 1955 1047 1998 plerumque
1057 1965 1128 1987 mo-

117 2012 187 2035 ram
211 2000 244 2032 in
266 2009 409 2038 carcere,
433 1998 523 2040 plane
548 1997 719 2039 sanorum,
742 2011 791 2033 me
815 2001 850 2033 in
873 2000 913 2032 iis
936 2011 1006 2041 quae
1018 2000 1127 2032 secun-

118 2045 197 2078 dum
222 2042 483 2081 naturam-sunt,
509 2043 731 2085 perquirendis
756 2042 835 2076 adeo
849 2042 1054 2080 detinebant,
1072 2042 1129 2075 vix

117 2097 154 2124 ut
178 2096 301 2128 tempus
326 2083 489 2128 superesset
514 2085 551 2118 ad
576 2086 746 2127 peculiares
769 2086 1029 2130 strangulationis
1053 2083 1129 2118 effe-

117 2134 189 2166 &us
212 2130 262 2163 vel
284 2129 390 2163 obiter
416 2127 733 2163 animadvertendus.
758 2133 870 2173 Itaque
904 2142 942 2162 ex
977 2131 1020 2162 iis
1055 2140 1127 2170 quae

119 2185 196 2210 tunc
220 2174 254 2206 in
280 2172 402 2206 schedis
426 2172 606 2213 adnotavi,
629 2172 711 2205 niliil
739 2171 803 2205 huc
826 2174 968 2212 attinet,
1000 2171 1023 2204 si
1058 2182 1130 2212 per-

119 2229 218 2263 pauca
242 2215 387 2259 quaedam
409 2216 576 2257 excipias,
599 2227 668 2257 quae
692 2216 853 2248 continuo
877 2214 1106 2257 subjicientur.

166 2271 217 2303 15.
237 2260 446 2304 JUVENIS
471 2269 567 2291 annos
591 2259 659 2291 nati
685 2260 981 2301 vigintiquatuor,
1006 2256 1132 2299 suspen-

122 2303 180 2337 dio
203 2303 334 2345 puniti,
358 2300 488 2335 cadaver
513 2300 551 2335 ad
572 2302 754 2335 Anatomen
778 2302 943 2335 Publicam
965 2302 1007 2334 A.
1037 2311 1129 2343 1705.

106 2345 274 2381 ..Tlieatro
308 2343 501 2378 Bononiensi
547 2344 724 2379 concessum
756 2343 799 2379 est
834 2369 843 2376 .
990 2345 1131 2377 SCM)-

123 2390 237 2424 TUM
260 2387 346 2430 quasi
370 2388 553 2430 sugillatum
578 2388 729 2422 rubebat.
861 2388 994 2429 Larynx
1023 2389 1132 2419 omni-

128 2444 172 2466 no
194 2434 341 2472 integra;
367 2431 418 2465 sed
441 2443 498 2464 nec
520 2432 720 2474 circumjecti
745 2431 880 2464 musculi
905 2432 994 2472 rupti
1018 2440 1131 2471 erant,

123 2477 193 2509 imo
217 2474 324 2514 nihil,
349 2484 402 2507 aut
426 2485 537 2517 parum
560 2474 644 2507 laefi:
671 2487 771 2516 neque
795 2474 881 2508 aliud
905 2473 1129 2517 quidquamin

122 2520 213 2553 Colli
234 2516 420 2551 dissectione
444 2518 575 2551 obvium
601 2518 689 2558 fuit,
713 2517 800 2561 quod
836 2527 950 2560 proeter
983 2527 1128 2550 naturam

122 2562 301 2596 videretur.
441 2562 581 2594 Minima
606 2563 766 2604 sanguinis
790 2561 936 2601 vascula,
969 2559 1055 2603 quasi
1089 2573 1129 2593 ex

123 2604 320 2648 injectione,
345 2604 481 2646 plurima
508 2606 682 2647 praesertim
706 2607 738 2638 in
764 2607 882 2647 Capite
904 2606 1133 2646 eleganterap-

123 2649 295 2693 parebant.
323 2648 381 2681 Sed
404 2658 506 2681 tamen
532 2648 656 2682 nullum
681 2650 765 2681 intra
787 2650 934 2682 cranium
949 2650 1068 2681 vitium
1082 2651 1132 2680 in—

73 2726 79 2731 ¹
123 2694 220 2725 veni:
246 2693 506 2734 nequemiratus
529 2691 598 2725 sum
618 2716 631 2733 ,
653 2692 820 2726 Craffioris
844 2693 1003 2734 meningis
1037 2692 1131 2724 Sinus

123 2738 231 2769 inanes
255 2733 366 2772 fuisse,
390 2736 445 2778 qui
471 2747 509 2768 ex
532 2745 622 2768 antea
649 2739 825 2778 amputatis
850 2747 924 2770 cum
948 2736 1054 2778 capite
1072 2735 1137 2779 Ju-

124 2780 292 2823 gularibus
314 2780 401 2812 venis
427 2780 567 2813 multum
589 2777 772 2822 profluxisse
787 2780 972 2822 sanguinis,
995 2776 1136 2812 animad-

124 2833 303 2857 verteram.

172 2868 220 2898 15.
248 2864 399 2898 Mollisne
423 2866 588 2909 juniorum
614 2867 752 2910 larynx,
776 2866 889 2911 laqueo
900 2865 1135 2907 cedend0,mi-

124 2919 182 2943 nus
206 2907 399 2950 disruptioni
422 2911 562 2945 obnoxia
586 2910 654 2943 est?
676 2913 771 2944 Certe
794 2912 827 2943 in
864 2911 1048 2955 junioribus
1085 2922 1137 2945 ru-

126 2962 214 2996 ptam
238 2952 406 3001 Valsalva,
430 2963 465 2988 ut
488 2954 624 2994 vidisti,
650 2966 714 2987 non
725 2957 943 2995 memoravit,
966 2965 1064 2997 neque
1076 2966 1135 2996 ego

127 2996 260 3029 memini
284 2995 393 3028 vidisse
415 2999 429 3035 (
449 3009 470 3040 g
491 3001 524 3037 ).
659 2999 757 3032 Cutis
779 3009 854 3031 vero
888 3010 958 3041 quae
992 2998 1134 3032 scrotum

128 3038 226 3085 efficit
248 3047 284 3072 ut
308 3039 451 3081 sugillata
476 3050 663 3084 appareret,
687 3041 850 3084 sanguinis
873 3043 968 3085 copia
993 3040 1095 3081 fecit,
1119 3054 1134 3075 e

128 3082 274 3124 suspenso
296 3093 429 3124 corpore
451 3084 484 3116 in
507 3098 540 3119 ea
574 3097 644 3128 quae
677 3086 783 3119 minus
818 3084 991 3128 compressa
1025 3085 1096 3119 sunt
1122 3109 1134 3126 ,

128 3128 198 3159 vasa
222 3125 411 3159 defluentis.
438 3129 488 3160 Sic
511 3141 526 3161 e
550 3129 673 3162 duobus
698 3128 736 3162 de
759 3129 874 3172 quibus
905 3130 1051 3171 proxime
1083 3129 1132 3162 di-

128 3180 199 3202 cam
215 3194 222 3208 ,
245 3169 373 3214 alterius
397 3169 521 3204 videbis
542 3183 606 3205 non
630 3171 730 3206 modo
754 3172 897 3205 scrotum
920 3174 1039 3215 pariter
1063 3171 1137 3207 affe-

129 3213 236 3250 ἃυῐῃ,
262 3211 312 3245 sed
340 3223 448 3254 penem
470 3215 598 3258 insuper
620 3216 744 3250 tensum
767 3215 879 3250 fuisse.

177 3266 225 3298 17.
253 3257 405 3289 FURES
429 3267 514 3290 erant
537 3259 622 3296 duo,
647 3261 718 3300 vir,
743 3264 773 3294 δε
799 3258 941 3302 iuvenis,
961 3259 999 3294 de
1020 3260 1137 3303 quibus

130 3298 222 3333 simul
246 3301 286 3331 A.
317 3302 408 3341 1706.
435 3300 520 3334 idem
544 3303 739 3345 supplicium
764 3304 926 3345 sumptum
945 3304 1008 3337 est.

132 3343 422 3392 UTRmsQJE
444 3355 558 3387 corpus
582 3348 678 3380 citius
701 3358 800 3390 quam
823 3348 925 3387 solet,
959 3349 1043 3380 intra
1077 3346 1138 3380 ho-

133 3397 200 3418 ram
225 3385 375 3419 Videlicet
400 3396 416 3418 a
440 3397 543 3421 morte
566 3399 713 3433 quartam
737 3414 751 3431 ,
782 3390 819 3424 de
854 3391 1001 3434 patibulo
1031 3390 1139 3424 detra-

132 3430 243 3468 c‘ium,
267 3433 299 3462 &
322 3441 360 3462 eo
381 3429 546 3472 delatum,
568 3433 623 3466 ubi
644 3445 718 3468 cum
740 3436 868 3469 Amicis
893 3436 1042 3477 protinus
1074 3434 1139 3467 dis-

132 3472 231 3506 secare
255 3471 433 3523 poffemus,
457 3477 595 3510 exterius
618 3477 719 3512 adhuc
741 3479 923 3521 tempestate
936 3477 1139 3521 frigidiffima

220 3521 384 3561 Morgagnz
396 3519 430 3552 de
445 3519 512 3552 Sed.
526 3520 568 3553 Θ
582 3521 668 3563 Caufi
681 3521 784 3557 Morb.
803 3523 903 3556 Tom.
917 3525 943 3555 I.

2004 236 2095 284 ι77

1173 300 1321 342 tepebat.
1455 300 1602 333 Primum
1624 310 1697 332 cum
1722 298 1897 340 secaretur,
1919 301 1952 332 ὃς
1975 297 2103 338 Maguae
2127 307 2176 330 ar-

1174 345 1262 377 teria:
1285 353 1415 377 truncus
1438 343 1494 377 sub
1519 341 1767 384 Emulgentibus
1792 341 1963 375 secundum
1998 339 2179 381 longitudi-

1179 399 1250 422 nem
1273 385 1493 426 incideretur;
1516 384 1764 419 animadversum
1788 384 1851 424 cst,
1883 383 2020 419 fluidum
2054 382 2179 424 sangui-

1177 442 1248 463 nem
1272 439 1342 463 tum
1367 441 1382 461 a
1408 430 1587 471 superiore,
1614 439 1683 462 tum
1707 429 1743 461 ab
1766 426 1919 461 inferiore
1951 427 2056 460 trunci
2093 434 2179 468 parte

1178 473 1329 513 effluere,
1353 483 1408 505 nec
1432 472 1558 505 modica
1581 472 1612 507 id
1636 473 1750 514 copia:
1776 470 1878 504 socius
1903 480 2008 506 autem
2019 480 2103 502 vente
2114 469 2180 501 Ca-

1179 529 1225 550 vae
1249 525 1379 550 truncus
1404 515 1494 549 valde
1517 526 1581 549 erat
1603 516 1751 558 sanguine
1774 514 1941 547 distentus.
2074 510 2181 545 Prius-

1178 573 1275 603 quam
1297 560 1364 593 haec
1387 560 1661 601 conspiceremus,
1686 558 1874 591 adnotatum
1905 556 2008 590 fuerat
2030 580 2042 596 ,
2076 555 2181 588 Ileum

1173 604 1360 637 intestinum
1385 602 1423 635 ad
1445 604 1586 645 aliquem
1610 602 1750 636 trastum
1773 613 1812 635 ex
1834 600 1939 634 livido
1962 599 2093 639 rubere,
2125 608 2182 630 eo-

1173 659 1233 690 que
1256 648 1331 681 loco
1353 655 1468 679 teretes
1491 647 1658 679 continere
1682 645 1875 679 lumbricos.
2120 684 2127 690 ⁴

1223 692 1270 725 18.
1296 690 1403 724 Nolui
1428 689 1491 723 hoc
1529 689 1682 723 ultimum
1720 688 1965 730 praetermittere
1986 709 1998 726 ,
2029 694 2184 726 quoniam

1175 734 1254 777 sae—pe
1277 735 1377 767 etiam
1401 734 1434 766 in
1460 732 1620 768 suffocatis
1643 733 1773 765 canibus
1793 754 1802 768 ,
1835 731 1882 764 ibi
1916 726 2065 772 phlogosi
2097 725 2183 777 quas}

1176 777 1314 820 quadam
1339 775 1451 810 affecta
1484 775 1632 810 intestina
1664 774 1908 814 animadverti,
1941 772 1996 806 ubi
2032 770 2184 805 lumbrici

1177 821 1423 860 nidularentur‚
1447 829 1482 854 ut
1505 821 1533 855 is
1555 819 1670 859 color,
1693 830 1767 852 cum
1793 819 1898 860 aliqua
1925 814 2066 849 intestini
2090 822 2185 863 extu..

1176 864 1318 897 berantia
1341 863 1553 907 conjunctus,
1576 874 1688 897 eorum
1712 860 1794 895 mihi
1820 861 1975 894 indicaret
2000 857 2185 895 sedes.Hic

1177 918 1281 941 autem
1305 907 1406 941 homo
1428 918 1514 941 certe
1537 908 1574 942 de
1599 906 1690 943 nullo
1722 904 1943 939 intestinorum
1977 901 2186 949 incommodo

1176 951 1300 993 questus
1324 950 1451 990 fuerat5
1475 962 1510 984 ut
1534 952 1692 984 vermium
1714 949 1854 992 agitatio
1866 948 1971 989 aliqua
1987 956 2088 995 ,quus
2100 954 2187 993 mor-

1178 1005 1243 1028 tem
1266 994 1454 1033 consecuta,
1481 995 1559 1028 illuc
1581 994 1683 1027 versus
1708 993 1891 1036 sanguinem
1913 1011 1923 1027 ,
1956 1000 2093 1037 quippe·
2111 986 2187 1020 flut-

1175 1038 1275 1076 dum,
1298 1047 1334 1072 ut
1359 1038 1456 1077 dixi,
1478 1036 1648 1071 concitasse
1671 1036 1837 1071 videatur.
1877 1033 1975 1068 Unde
2008 1033 2150 1075 sequitur
2173 1052 2186 1072 ‚

1176 1093 1250 1116 cum
1272 1082 1306 1113 in
1336 1081 1521 1114 cadaverum
1556 1080 1714 1114 intestinis
1751 1089 1874 1122 partem
1907 1078 2048 1119 aliquam
2080 1074 2189 1107 colore

1177 1123 1335 1168 ejusmodi
1358 1123 1511 1157 infectam
1535 1123 1700 1163 videmus,
1725 1135 1789 1156 non
1813 1123 1970 1156 contiuuo
2002 1130 2041 1152 eo
2073 1117 2188 1166 decur-

1177 1168 1309 1203 rendum
1332 1168 1414 1209 esse,
1438 1176 1473 1201 ut
1498 1167 1779 1207 inflammatione,
1803 1174 1856 1200 aut
1880 1173 2050 1210 gangraena
2074 1170 2188 1203 jamin

1177 1211 1358 1245 viventibus
1383 1219 1538 1244 tentatam
1562 1212 1834 1253 pronunciemus5
1871 1209 1930 1240 nisi
1967 1217 2002 1239 ea
2034 1215 2104 1248 quae
2136 1211 2191 1252 aut

1177 1256 1306 1289 obitum
1330 1254 1557 1288 antecesserunt
1595 1276 1605 1292 ‚
1643 1263 1697 1287 aut
1720 1265 1793 1287 eum
1815 1252 1959 1284 colorem
1982 1250 2016 1283 in
2048 1257 2189 1281 mortuis

1178 1300 1403 1338 comitantur,
1426 1298 1460 1332 id
1484 1297 1577 1331 nobis
1611 1296 1862 1330 commonstrent
1884 1306 1898 1334 ,·
1932 1305 2007 1328 cum
2039 1292 2088 1323 vel
2122 1289 2192 1340 pqst

1176 1352 1316 1376 mortem
1337 1340 1512 1385 aliquando
1536 1339 1629 1383 poffit
1661 1342 1689 1374 is
1713 1341 1804 1373 color
1836 1338 1945 1372 induci
1969 1360 1981 1377 ,
2016 1334 2192 1378 praesertim

1178 1398 1250 1421 cum
1272 1384 1442 1420 dissolutus
1465 1385 1610 1426 sanguis,
1637 1387 1667 1418 δι
1693 1384 1811 1419 fluidus
1835 1382 1898 1416 est.

1223 1442 1272 1472 19.
1300 1430 1499 1473 IUVENIS
1524 1437 1631 1462 autem
1655 1427 1787 1463 cadaver
1821 1434 1934 1469 praeter
1967 1424 2109 1458 scrotum
2142 1432 2195 1455 ec-

1179 1469 1324 1516 chymo'fi
1347 1472 1434 1517 quasi
1458 1470 1593 1515 quadam
1618 1470 1795 1511 affectum,
1818 1468 1942 1503 tensum
1965 1467 2068 1513 adhuc
2082 1475 2195 1509 penem

1177 1517 1334 1551 ostendit.
1471 1517 1564 1549 Sexta
1586 1517 1716 1548 circiter
1740 1526 1756 1548 a
1780 1522 1884 1547 morte
1908 1511 1987 1544 hora
2001 1510 2195 1549 distectum,

1177 1564 1266 1595 intus
1289 1559 1434 1593 calebat.-
1457 1559 1591 1601 septima
1617 1568 1726 1593 autem
1751 1557 1799 1590 vel
1823 1556 1960 1590 exterius
1974 1564 2119 1597 teporem
2132 1552 2196 1585 ser-

1177 1605 1271 1638 vabat
1285 1630 1292 1637 .
1318 1604 1451 1646 Sanguis
1470 1612 1536 1636 erat
1557 1601 1675 1636 fluidus
1691 1626 1697 1633 .
1831 1602 1955 1633 Caetera
1979 1608 2049 1640 quae
2060 1596 2098 1630 de
2109 1596 2171 1647 hoc
2183 1619 2197 1636 ,

1180 1652 1211 1682 &
1237 1648 1397 1690 superiore
1421 1645 1571 1682 cadavere
1593 1645 1712 1688 scripta
1736 1643 1887 1678 habemus
1910 1666 1923 1683 ,
1958 1640 2021 1675 huc
2060 1642 2197 1690 minime

1182 1693 1344 1731 attinent,
1368 1693 1400 1724 &
1424 1689 1578 1723 nonnulla
1603 1690 1681 1723 alibi
1707 1687 1826 1731 scripta
1849 1687 1921 1721 sunt
1946 1709 1960 1727 ,
1991 1684 2079 1719 velut
2111 1682 2197 1717 infra

1183 1736 1375 1769 umbilicum
1400 1733 1492 1767 fuisse
1515 1744 1585 1767 eam
1608 1734 1686 1766 Coli
1712 1732 1856 1766 intestini
1880 1739 2003 1773 partem
2025 1740 2094 1772 quae
2122 1726 2196 1760 sub-

1181 1778 1327 1812 tenditur
1350 1777 1552 1814 ventriculo‚
1576 1778 1633 1819 qui
1659 1778 1693 1809 in
1717 1775 1779 1809 hoc
1800 1776 1922 1820 Juvene
1946 1776 1978 1807 δε
2012 1771 2078 1815 ipse
2111 1769 2197 1804 infe-

1182 1824 1247 1856 rius
1270 1833 1367 1866 quam
1390 1822 1507 1857 soleat,
1532 1822 1656 1854 locatus
1680 1829 1767 1858 erat3
1794 1822 1829 1853 in
1853 1819 1971 1861 primis
1993 1826 2104 1850 autem
2124 1826 2196 1858 quae

1182 1866 1220 1900 ad
1244 1867 1361 1901 Lastea
1386 1866 1523 1898 attinent
1547 1864 1634 1903 vasa,
1659 1863 1750 1905 chyli
1774 1864 1866 1905 plena
1881 1886 1893 1902 ,
1917 1860 2013 1894 ferme
2038 1859 2196 1896 semicon-

1182 1911 1284 1949 creti,
1308 1920 1410 1950 eoque
1434 1908 1536 1947 magis
1561 1907 1754 1947 restitantis,
1778 1910 1811 1940 &
1833 1902 2092 1947 frequentiffimis
2128 1902 2196 1935 val-

1181 1955 1265 1989 vulis
1288 1951 1377 1997 quasi
1401 1951 1529 1985 nodulis
1551 1949 1724 1989 distincia3
1748 1961 1821 1984 nam
1846 1949 1968 1995 reliqua
1990 1949 2023 1979 in
2048 1949 2085 1981 L.
2112 1947 2199 1993 Ani-

1180 1997 1395 2033 madversione
1418 1993 1588 2030 Adversar.
1614 1996 1657 2029 II.
1685 2005 1724 2028 ex
1749 1993 1813 2029 hoc
1838 1991 1911 2037 ipso
1934 2002 2047 2036 juvene
2071 1989 2197 2026 descri-

1181 2053 1236 2086 pta
1261 2042 1358 2076 habes
1372 2067 1380 2074 .

1226 2098 1276 2118 20.
1308 2086 1400 2118 Penis
1424 2086 1618 2120 erectionem
1642 2086 1677 2119 in
1701 2084 1929 2122 cadaveribus,
1952 2081 2060 2117 aestivo
2072 2089 2199 2124 tempo-

1181 2141 1214 2163 re
1226 2129 1264 2162 ad
1276 2128 1478 2171 putredinem
1488 2130 1690 2173 vergentibus
1703 2153 1715 2170 ,
1737 2129 1906 2171 quomodo
1917 2128 2091 2170 explicaret
2104 2127 2200 2166 Ruy-

1183 2172 1292 2206 schius
1314 2173 1381 2215 (h)
1395 2196 1406 2213 ,
1430 2172 1533 2205 nosti.
1561 2172 1620 2207 Sed
1644 2171 1802 2216 propositi
1825 2174 1949 2215 juvenis
1971 2169 2104 2204 cadaver
2120 2178 2199 2203 tunc

1182 2228 1200 2249 a
1223 2215 1390 2258 putredine
1414 2218 1551 2249 maxime
1576 2217 1705 2254 aberat,
1728 2227 1784 2249 nec
1809 2217 1885 2249 alias
1911 2214 2047 2249 habebat
2069 2212 2201 2246 inflatas

1185 2268 1296 2301 partes
1310 2282 1319 2297 ‚
1344 2262 1376 2292 &
1399 2257 1628 2300 frigidiffima,
1650 2269 1686 2294 ut
1709 2259 1853 2293 diximus
1868 2282 1877 2296 ,
1901 2257 2068 2300 tempestas
2093 2265 2161 2289 erat
2188 2278 2199 2289 .

1189 2303 1303 2336 Paulus
1328 2301 1484 2335 Zacchias
1507 2303 1565 2342 (i)
1588 2303 1674 2336 idem
1697 2302 1786 2345 quod
1808 2304 1841 2335 in
1865 2302 1952 2342 hoc,
1976 2302 2010 2333 in
2044 2300 2116 2334 aliis
2149 2308 2200 2332 et-

1186 2347 1251 2378 iam
1275 2345 1424 2387 suspensis
1446 2344 1636 2380 adnotatum
1658 2344 1715 2380 esse
1725 2346 1916 2388 aliquando,
1940 2344 2099 2383 scribens,
2122 2354 2199 2377 cau-

1185 2389 1251 2422 sam
1276 2387 1367 2422 affert
1390 2391 1420 2421 ei
1444 2400 1510 2431 quo
1535 2388 1714 2430 scribebat,
1746 2390 1888 2432 tempori
1922 2389 2164 2421 convenientem
2187 2409 2200 2418 .

1183 2431 1347 2465 Lancisius
1371 2441 1477 2466 autem
1499 2432 1566 2472 (k)
1588 2433 1729 2476 ejusdem
1749 2434 1795 2466 rei
1817 2431 1944 2465 causam.
1973 2433 2007 2464 in
2029 2442 2069 2464 eo
2092 2430 2199 2477 prola-

1183 2486 1273 2508 turus
1296 2486 1389 2517 quem
1402 2499 1413 2514 ,
1438 2477 1561 2515 praevio
1574 2475 1768 2509 suffocativo
1783 2475 1954 2515 anhelitu,
1978 2475 2198 2508 universicor-

1185 2520 1274 2560 poris
1297 2516 1464 2552 convulsio
1488 2517 1673 2559 occiderat,
1691 2519 1795 2552 ⁴fimul
1822 2519 1960 2552 affirmat
1983 2518 2064 2558 (l),
2094 2517 2197 2560 perse-

1184 2570 1346 2594 verantem
1366 2560 1432 2603 post
1453 2569 1587 2595 mortem
1606 2564 1698 2605 penis
1722 2561 1886 2605 tensionem
1909 2572 1979 2595 raro
2003 2562 2036 2595 in
2052 2561 2198 2604 strangu-

1183 2604 1263 2638 lasis
1285 2615 1343 2637 non
1367 2604 1526 2644 inveniri,
1549 2606 1734 2648 docetque,
1758 2603 1815 2639 else
1839 2618 1855 2638 a
1880 2604 2042 2639 convulfis
2073 2604 2162 2638 fibris
2183 2628 2199 2645 ,

1184 2647 1324 2681 reditum
1349 2646 1510 2690 sauguinis
1545 2661 1600 2691 per
1638 2650 1720 2683 colis
1755 2660 1847 2682 venas
1880 2648 2163 2692 intercipientibus
2187 2673 2195 2680 .

1187 2692 1297 2729 Quam
1321 2689 1342 2724 si
1367 2692 1445 2725 velis
1468 2691 1659 2727 sententiam
1682 2693 1795 2736 sequi;
1816 2693 1939 2736 quippe
1973 2692 2199 2726 convulsiones-

1187 2735 1222 2768 in
1245 2733 1448 2777 strangulatis
1471 2736 1520 2768 vel
1545 2748 1583 2770 ex
1607 2748 1640 2770 ea
1666 2739 1734 2770 oris
1759 2735 1954 2770 distortione
1978 2735 2073 2769 facile
2098 2747 2198 2777 agno-

1187 2778 1297 2818 scens,
1320 2789 1418 2821 quam
1443 2778 1534 2821 supra
1560 2781 1638 2823 (m)
1660 2792 1735 2814 cum
1760 2779 1912 2812 Valsalva
1945 2777 2197 2817 adnotavimusf,

1188 2821 1266 2855 adde
1288 2823 1416 2864 copiam
1440 2822 1602 2865 sanguinis
1625 2826 1659 2856 in
1683 2822 1818 2866 suspensi
1842 2833 1978 2865 corpore
1990 2821 2138 2856 deorsum
2148 2822 2197 2856 la-

1187 2866 1314 2902 hemis,
1339 2877 1439 2909 eoque
1462 2865 1640 2907 majorem,
1663 2866 1749 2909 quod
1771 2867 1897 2900 ultimis
1919 2865 2026 2900 cordis
2041 2866 2198 2909 pulsatio..

1186 2909 1280 2942 nibus
1305 2918 1398 2942 tanto
1423 2910 1493 2951 plus
1517 2909 1678 2952 sanguinis
1702 2912 1735 2943 in
1750 2911 1879 2943 arterias
1895 2909 2197 2943 inferioresimmit-

1186 2954 1268 2986 titur
1283 2975 1292 2991 ‚
1316 2963 1440 2995 quanto
1462 2953 1567 2986 minus
1591 2953 1851 2987 obconstricffium
1863 2954 1977 2996 laqueo
1989 2953 2109 2988 collum
2120 2964 2197 2986 con-

1186 2996 1275 3030 trudi
1300 2996 1404 3037 potest
1425 2998 1460 3028 in
1484 2995 1658 3039 superiores
1673 3022 1680 3028 .
1708 2996 1806 3031 Unde
1829 2996 1925 3030 facile
1949 2996 2032 3031 illud
2066 3009 2195 3040 quoque

1186 3040 1355 3082 petendum
1369 3038 1496 3078 fuerat,
1519 3039 1605 3081 quod
1616 3039 1799 3074 Columbus
1822 3043 1890 3079 (n)
1912 3042 1947 3074 in
1957 3040 2101 3083 suspensa
2124 3052 2197 3075 mu-

1185 3085 1259 3116 liere
1283 3083 1320 3115 ab
1342 3082 1532 3116 instantibus
1555 3083 1719 3118 menstruis
1732 3084 1916 3125 repetebat,
1939 3084 2091 3118 videlicet
2102 3095 2196 3118 venas

1184 3129 1333 3170 vaginam
1358 3126 1528 3166 adeuntes,
1551 3127 1681 3170 insignes
1704 3127 1819 3168 fuisse,
1844 3131 1886 3161 (φ’
1911 3129 2123 3171 nigerrimus:
2144 3129 2196 3161 in-

1193 3173 1293 3214 deque
1317 3170 1399 3203 illud
1424 3171 1522 3203 etia-m
1545 3170 1634 3213 quod
1658 3173 1691 3204 i'n
1714 3173 1785 3204 viro
1807 3170 1949 3204 vidimus
1972 3195 1981 3210 ‚
2013 3172 2069 3213 qui
2100 3170 2128 3203 se
2160 3172 2196 3203 in

1195 3225 1318 3248 carcere
1343 3213 1409 3255 ipse
1432 3213 1652 3256 suspenderat.
1676 3217 1763 3249 Cum
1773 3216 1860 3248 enim
1873 3223 1980 3247 totum
1992 3225 2107 3257 corpus
2119 3212 2195 3248 esset

1195 3257 1300 3291 livido
1323 3257 1435 3291 rubore
1460 3256 1637 3298 suffusumf.
1662 3269 1733 3292 turn
1756 3259 1863 3291 multo
1885 3259 2013 3299 magis,
2037 3259 2195 3300 longeque

1190 3311 1307 3345 praeter
1327 3300 1460 3334 solitum
1485 3300 1599 3335 suffusa
1624 3312 1691 3335 erat
1723 3301 1860 3336 urethrae
1893 3301 1990 3334 facies
2022 3302 2159 3334 interior
2184 3315 2193 3336 :

1188 3347 1243 3379 vix
1268 3353 1373 3378 autem
1398 3344 1484 3378 aliud
1508 3347 1540 3377 in
1565 3345 1687 3380 foetido
1708 3358 1746 3378 eo
1766 3345 1910 3378 cadavere
1921 3346 2196 3386 examinavimus,

1190 3389 1341 3431 occupati
1368 3388 1497 3421 Publica
1519 3390 1680 3423 Anatome
1703 3390 1743 3423 A.
1772 3389 1868 3431 1718.
1902 3391 1934 3421 δε
1965 3390 2071 3423 minus
2103 3399 2195 3422 com-

1191 3433 1284 3467 moda
1310 3431 1491 3465 valetudine
1516 3433 1691 3475 impliciti.
1717 3431 1777 3465 Sed
1800 3430 1944 3466 indidem
1965 3442 2049 3466 certe
2081 3433 2197 3465 merni-

1195 3479 1326 3515 nimus,
1349 3475 1534 3510 Valsalvam
1557 3479 1679 3520 pariter
1700 3474 1853 3551 dJlucere
1875 3475 1985 3519 quod,
2022 3476 2129 3510 νὶηᾶα
2159 3477 2196 3510 in

2065 3530 2151 3554 vivis

192 3729 208 3758 (
221 3737 241 3758 ζ
259 3728 268 3759 )
283 3728 421 3760 Commegc.
438 3727 527 3763 Litter.
545 3729 576 3753 Α.
594 3735 664 3759 1745.
680 3731 760 3756 Hebd.
776 3740 814 3763 ²4.
830 3733 850 3758 1.
869 3733 912 3758 sub
928 3739 953 3756 n.
969 3739 996 3760 ⁷·

193 3761 204 3791 (
219 3768 232 3784 c
247 3760 260 3787 )
277 3761 312 3783 De
332 3760 434 3793 Conlur.
451 3761 526 3794 Catil.
591 3760 605 3788 (
618 3759 635 3783 d
651 3762 664 3790 )
682 3765 756 3786 Anat.
773 3764 805 3788 du
820 3771 886 3793 corp.
904 3765 972 3789 hum.
990 3767 1021 3787 tr.
1040 3772 1062 3793 ς.
1081 3763 1118 3788 ch.
1135 3766 1157 3788 8.

196 3793 209 3816 <
221 3799 239 3819 g
256 3791 269 3817 )
286 3790 331 3813 Sed
349 3791 402 3826 Vns.
421 3791 493 3818 Epist.
513 3792 551 3819 56-
570 3798 594 3814 n·
613 3798 648 3820 37-
711 3794 725 3823 (
740 3795 754 3817 h
772 3794 787 3823 )
804 3796 873 3819 Thes.
890 3796 967 3829 Anap
984 3802 1020 3819 ιο.
1038 3804 1061 3820 n.
1082 3804 1118 3824 95-

195 3820 205 3851 (
221 3821 239 3846 k
253 3822 267 3850 )
284 3823 319 3847 De
335 3821 415 3847 Subit.
429 3823 510 3846 Mori.
526 3820 586 3846 obs.
601 3821 652 3848 har.
672 3832 696 3853 4.
758 3823 766 3854 (
785 3825 822 3853 l)
841 3825 904 3851 ibid.
919 3824 944 3849 in
962 3826 1044 3850 schola
1060 3834 1084 3851 n.
1101 3828 1122 3850 8.

1059 3732 1324 3763 (a2DeReAnat.
1341 3732 1360 3757 l.
1379 3734 1404 3760 3)
1421 3739 1442 3757 e.
1459 3741 1480 3757 2.
1547 3734 1619 3763 (b)

1635 3735 1660 3758 in
1676 3735 1779 3758 verrem
1799 3731 1817 3757 l.
1834 3739 1856 3762 ς.
1872 3731 1895 3756 ει
1910 3731 1937 3757 in
1957 3731 2041 3756 vatin.

1221 3763 1231 3793 (
1246 3774 1257 3789 e
1277 3767 1285 3792 )
1302 3766 1317 3789 1.
1335 3773 1357 3792 4.
1376 3765 1400 3787 s.
1418 3767 1441 3787 6.
1461 3763 1519 3789 Obs.
1537 3772 1560 3789 i.
1620 3767 1634 3794 (
1646 3765 1661 3794 1
1677 3765 1687 3794 )
1704 3762 1762 3788 Vid,
1779 3763 1854 3788 etism
1872 3764 1946 3792 Epist.
1965 3766 2002 3794 56.
2019 3769 2046 3787 n.
2063 3768 2101 3792 ῆς.
2119 3760 2143 3786 8(
2157 3766 2198 3791 37.

1181 3792 1191 3823 s
1208 3795 1219 3817 ἱ
1236 3796 1246 3824 ,ὶ
1261 3796 1348 3825 Quaest.
1365 3795 1435 3820 Med.
1451 3795 1532 3824 Legat.
1549 3796 1566 3820 Ι.
1585 3804 1605 3824 ς.
1621 3796 1660 3820 tit.
1678 3802 1700 3819 2.
1716 3800 1755 3821 qu.
1775 3802 1812 3819 ii.
1831 3802 1855 3818 n.
1874 3802 1896 3822 5-

1185 3826 1350 3857 (m)n.3.
1413 3825 1753 3856 (nJDeueAnat.1-6-
