2498 4075
425 156 578 222 Epist.
617 157 776 208 Anat.
813 156 1028 209 Medica
1064 155 1241 209 XXII.
1274 153 1396 205 Art.
1416 154 1465 206 8.
1484 169 1528 215 9.
1552 170 1622 204 ιο.
1640 153 1695 204 &
1713 167 1788 204 n.

113 231 339 265 animadvertas
354 255 365 273 ,
387 244 403 265 e
426 231 598 275 suppurato
618 233 770 273 pulmone
789 243 852 265 non
872 231 952 265 illud
981 239 1107 266 tantum

114 276 215 318 pusin
240 275 402 309 thoracem
424 274 541 309 effundi
555 298 562 310 ,
583 276 616 306 in
627 273 714 316 quod
728 275 922 317 pulmonaris
944 277 1024 309 abiit
1037 273 1107 307 sub-

111 318 246 355 stantia,
268 317 319 351 sed
342 321 373 351 &
388 320 481 360 longe
492 317 643 359 majorem
655 319 740 359 puris
751 320 877 358 copiam
892 339 902 356 ,
925 320 959 351 in
969 318 1054 362 quod
1067 317 1109 348 il-

113 360 142 393 la
163 361 276 395 abeunt
300 372 413 403 magna
436 374 474 395 ex
497 370 585 404 parte
606 372 676 408 quae
700 372 753 402 per
776 361 844 393 vasa
868 363 900 393 in
936 373 1008 396 eum
1039 360 1110 403 pul-

112 415 237 437 monem
260 403 483 438 conferuntur.
512 405 640 437 Necesse
661 415 738 446 ergo
759 403 801 436 est
816 430 824 444 ‚
848 415 884 438 ut
907 405 967 438 illo
989 405 1110 446 repleto

112 445 254 480 thoracis
276 459 377 487 cavo,
401 458 492 481 tanto
515 448 615 489 magis
638 446 793 480 decrescat
817 449 954 488 pulmo,
988 456 1109 491 quanto

112 492 213 531 magis
236 502 293 532 pus
317 490 419 524 adhuc
439 490 550 525 crescit
561 513 574 530 ,
596 489 754 531 magisque
768 501 858 532 urget
871 491 1024 534 reliquam
1039 490 1109 531 pul-

111 535 216 567 monis
239 532 440 568 substantiam
464 557 475 573 ,
508 533 599 566 facile
631 534 664 565 in
689 534 810 566 aretum
840 533 1104 577 compingendam

110 586 181 610 tum
203 578 279 620 quia
304 578 528 616 membraneae,
560 588 599 609 ex
629 576 746 619 quibus
776 576 896 610 constat
919 602 931 617 ‚
963 576 1104 611 vesiculae

110 629 220 653 natura
247 620 397 661 mollem,
420 631 489 653 turn
511 620 584 663 quia
607 631 729 657 cavete,
753 631 769 651 a
793 619 1021 661 suppuratione
1054 621 1105 651 in-

108 672 161 696 tus
188 664 306 697 relietae
328 664 429 706 magis
453 662 578 703 insuper
609 661 773 695 cedentem
807 662 950 697 efficiunt
973 690 980 698 .
1013 663 1105 700 Quin

110 708 206 739 etiarn
230 708 272 739 ob
296 708 371 746 has,
394 715 447 740 aut
471 707 562 738 aliam
586 706 723 747 aliquam
747 705 900 747 ejusmodi
923 707 1048 741 causam
1059 703 1107 737 fa.

110 751 198 783 etum
222 761 324 793 puto,
345 759 381 783 ut
404 749 575 791 aliquando
598 749 711 790 pulmo
734 760 813 791 aqua
836 750 937 783 multa
969 751 1109 783 circum-

110 791 217 832 fusus,
241 794 431 835 compressus
456 792 534 824 adeo
555 791 673 832 fuerit,
696 800 732 825 ut
757 803 832 831 pene
855 791 953 826 deesse
985 791 1107 825 videre-

112 845 183 869 tur.
210 838 261 870 Sic
283 836 464 870 columbus
488 838 501 873 <
524 838 582 878 z)
605 835 732 873 inveni,
756 836 885 877 inquit,
903 844 1026 877 partem
1037 834 1107 868 tho-

113 881 193 912 racis
213 879 357 921 palmare
379 878 501 918 destitui
522 902 535 917 ‚
566 878 622 910 hoc
655 877 694 917 est
713 902 725 918 ‚
757 879 918 912 minimam
947 878 1108 920 pulmonis

107 923 281 965 portionem
305 922 420 967 adeffe:
444 921 616 963 quodfvero
639 921 792 962 reliquum
819 930 886 955 erat
919 922 1074 956 caritatis
1096 943 1110 960 ‚

109 965 147 997 αίι
167 975 260 1006 aquen
283 964 409 998 humore
433 963 661 1006 occupabatur.
686 966 736 997 Sic
760 965 836 998 alias
868 976 994 1007 quoque
1027 963 1108 996 Val-

109 1008 190 1041 salva
206 1030 214 1045 ‚
239 1007 328 1050 cujus
353 1008 428 1040 alibi
454 1010 524 1046 (a)
546 1006 727 1048 proferetur
751 1007 944 1041 Observatio
958 1007 1108 1047 ,nullum

107 1052 216 1093 primo
240 1050 365 1092 aspectu
387 1048 443 1084 esse
466 1049 602 1083 credidit
626 1051 832 1091 pulmonem5
857 1051 934 1084 adeo
959 1050 1015 1083 sub
1027 1051 1110 1083 mul-

106 1104 145 1126 to
168 1093 302 1128 humore
325 1095 507 1127 contractus
530 1093 617 1126 erat!
640 1095 714 1133 Sic,·
735 1104 772 1126 ne
795 1092 1020 1136 longiorsim;
1043 1095 1110 1126 lau-

107 1137 201 1171 datus
224 1138 373 1171 Hallerus
396 1141 407 1176 (
430 1137 484 1180 b)
507 1139 539 1169 iri
562 1135 695 1178 hyitdrope
713 1136 850 1178 penoris
874 1137 1038 1179 pulmones
1061 1138 1110 1167 vi-

108 1179 158 1219 dit
182 1181 253 1213 adeo
275 1180 457 1224 compreffiis
480 1181 655 1213 &innatos
674 1179 809 1225 pi'eiirae,
833 1187 870 1213 ur
893 1180 992 1214 nullos
1015 1180 1108 1223 cideffe

109 1225 237 1257 incauto
259 1225 445 1263 videretur,
467 1230 549 1256 certe
572 1221 675 1255 trihus
706 1222 798 1255 lineis
829 1223 886 1256 vix
908 1221 1072 1266 ‘crassiores
1098 1248 1105 1254 ,

108 1267 166 1300 Ob
189 1265 318 1300 eandem
342 1278 416 1299 vero
438 1269 560 1300 causam
585 1265 803 1307 deceptionem
832 1265 1023 1309 ejuscemodi
1058 1278 1108 1298 ac-

105 1308 215 1342 cidisse
247 1310 280 1341 in
305 1309 537 1343 Observatione
561 1310 622 1347 (c)
645 1320 741 1350 quam
764 1308 955 1351 Disputatio
978 1309 1109 1343 exhibet

101 1354 196 1387 LVI.
222 1353 306 1385 inter
330 1353 485 1386 Practicas
509 1351 547 1384 ab
569 1351 642 1391 ipso
664 1352 835 1392 collectas,
857 1353 1055 1395 probabilius
1070 1355 1114 1385 ei-

102 1396 174 1430 dem
199 1396 262 1436 (d)
287 1396 433 1430 videtur.
460 1395 584 1428 Laudat
610 1404 714 1428 tamen
739 1394 906 1432 historias,
932 1396 1010 1430 huic
1034 1394 1113 1430 Dis-

103 1440 270 1474 sertationi
295 1440 401 1482 paffim
426 1439 573 1475 insertas,
599 1449 668 1479 quae
691 1437 730 1472 ad
753 1439 966 1480 pulmonum,
989 1442 1020 1472 &
1036 1451 1112 1481 pro-

104 1485 265 1517 ximarum
288 1483 511 1525 glandularum
536 1482 675 1514 vomicas
699 1481 858 1524 spestant.
880 1484 943 1515 Eas
969 1493 1004 1516 tu
1040 1494 1114 1525 per-

107 1527 194 1569 legas
217 1527 334 1558 velim.
360 1525 619 1567 &perias-enim
642 1536 720 1568 quas
754 1524 963 1568 Sepulchreto
999 1525 1112 1567 adjun-

104 1582 185 1612 gas,
208 1579 364 1611 quantum
386 1568 492 1601 videre
516 1568 631 1609 potui,
658 1579 719 1600 non
744 1569 789 1600 ita
814 1569 1110 1610 paucas.Quarum

100 1613 223 1646 nullam
247 1614 279 1645 in
306 1613 355 1645 his
380 1613 514 1644 Litteris
535 1621 787 1643 commemorare
813 1610 894 1644 mihi
919 1612 1034 1650 licuit,
1060 1611 1106 1645 se-

99 1668 139 1690 ro
163 1656 242 1690 adeo
265 1656 530 1697 Disputationem
554 1653 643 1685 illam
659 1654 853 1695 accipienti,
878 1655 932 1687 vix
945 1664 1001 1695 ut,
1024 1656 1107 1698 Epi-

98 1699 189 1734 stolis
211 1699 274 1741 jam
301 1708 400 1739 prope
422 1697 573 1731 omnibus
597 1707 660 1729 non
672 1697 830 1731 recensitis
844 1698 970 1738 solum,
995 1697 1043 1732 sed
1059 1708 1108 1732 et·

98 1743 166 1776 iam
188 1741 375 1782 descriptis,
402 1739 454 1773 hic
479 1741 641 1781 potuerim
664 1739 732 1774 haec
766 1741 944 1782 interjicere
967 1766 974 1773 .

99 1786 158 1819 Sed
182 1785 220 1818 ad
243 1785 320 1817 alias
345 1784 502 1817 Valsalvae
528 1782 805 1824 Observationes,
828 1786 862 1816 in
885 1785 1000 1827 quibus
1034 1785 1107 1827 pul-

96 1829 204 1863 monis
229 1828 404 1862 imminuta
429 1835 494 1859 erat
520 1827 645 1866 moles,
668 1826 862 1861 transeamus
879 1853 886 1860 .

146 1873 176 1905 8.
202 1872 287 1906 VIR
311 1881 408 1903 annos
431 1879 521 1903 natus
556 1880 656 1912 prope
688 1870 899 1913 quadraginta
931 1872 1071 1915 quinque
1096 1897 1106 1910 ‚

96 1916 156 1958 qui
177 1916 211 1950 in
235 1912 394 1957 paludosis
418 1913 608 1954 regionibus.
629 1913 780 1955 vixerat,
804 1917 897 1956 queri
929 1916 1032 1957 coepit
1066 1915 1104 1949 de

98 1959 246 1992 thoracis
267 1956 500 1993 incommodis,
526 1957 558 1988 in
584 1954 635 1989 his
657 1957 695 1989 de
719 1959 831 2000 gravi,
855 1961 887 1992 δε
919 1971 935 1992 a
972 1970 1063 1991 motu
1091 1983 1104 1999 ,

96 2001 279 2036 difficiliori
304 2000 533 2041 respiratione.
559 2000 698 2042 Aliquot
722 2000 790 2043 post
812 2001 969 2035 mensibus
1003 2003 1104 2034 corri-

97 2047 189 2088 pitur
212 2044 299 2078 febre
321 2043 503 2076 vehementi
526 2053 599 2075 cum
624 2042 737 2076 sinistri
761 2046 868 2078 lateris
891 2054 1058 2087 gravante,
1072 2048 1106 2078 δε

96 2096 258 2133 pungente
279 2086 415 2126 dolore,
439 2095 474 2119 ut
498 2084 631 2127 difficile
657 2087 689 2119 in
711 2087 814 2129 ipsum
837 2089 952 2130 cubet,
975 2088 1024 2122 iiti
1039 2099 1106 2120 ma-

96 2143 185 2176 gna,
208 2130 278 2165 tuffi
302 2129 455 2169 molesia,
479 2128 575 2172 sputo
596 2129 769 2171 aliquando
793 2130 973 2171 subrubro‚
997 2131 1107 2174 pulsu-

97 2186 160 2220 que
184 2174 292 2213 duro,
316 2176 347 2206 δι
371 2173 550 2215 frequenti.
574 2174 660 2206 Cum
685 2173 753 2206 haec
777 2173 958 2208 remisissent
980 2198 991 2215 ,
1021 2172 1107 2216 post-

96 2230 195 2262 quam
217 2220 250 2250 in
274 2215 481 2250 Nosocomio
504 2227 603 2248 unum
627 2215 762 2253 mensem
785 2217 974 2250 decubuerat
994 2239 1003 2254 ,
1041 2216 1102 2249 do-

97 2274 188 2296 mum
211 2261 349 2302 repetit,
374 2258 537 2300 superstite
561 2257 630 2294 siti,
655 2258 770 2291 leviori
793 2259 904 2292 dolore
921 2286 929 2298 ,
956 2263 986 2293 a&
1008 2259 1103 2302 copia

98 2304 190 2339 setosi
215 2299 406 2345 i‘puti.12ost
429 2301 495 2334 dies
521 2302 652 2333 circiter
675 2301 847 2335 duodecim
871 2303 1033 2337 ardentior
1056 2302 1103 2335 fe-

99 2349 166 2381 bris
191 2347 327 2388 resurgit
351 2355 423 2377 cum
448 2344 499 2376 siti
524 2343 665 2386 majori,
689 2344 775 2378 sensu
796 2345 945 2387 ponderis
969 2347 1002 2378 in
1026 2344 1104 2378 tho-

99 2402 169 2424 race
193 2399 288 2429 toto,
311 2385 447 2429 copioso
471 2387 565 2429 sputo
585 2411 597 2427 ‚
630 2386 828 2431 molestaque.
853 2389 921 2422 tusli
944 2414 951 2422 .
984 2390 1104 2429 Hypo-

97 2432 280 2470 chondria‚
304 2429 390 2474 quasi
414 2441 431 2462 a
453 2429 658 2469 circumiecta
683 2429 801 2471 fascia,
824 2431 938 2464 dolent
966 2457 973 2465 .
1014 2434 1104 2464 ‘san-

99 2477 174 2511 dem
197 2476 359 2508 moritur.
494 2474 548 2506 IN
574 2474 779 2507 VENTRE
802 2474 884 2508 nihil
918 2474 1004 2508 aliud
1038 2476 1106 2509 ani-

99 2518 298 2555 madversum
323 2516 388 2557 est,
412 2517 469 2550 nisi
497 2516 633 2558 splenem
659 2518 797 2551 nimium
824 2519 956 2551 mollem
980 2516 1071 2551 fuisse
1094 2542 1103 2550 .

227 2563 265 2594 In
288 2559 408 2593 sinistra
435 2570 541 2594 autem
566 2559 726 2593 Thoracis
749 2571 839 2594 cavea
864 2563 1024 2604 pulmonis
1048 2573 1103 2593 an-

98 2607 197 2640 terior
220 2603 316 2637 facies
339 2603 455 2646 pleurae
479 2602 679 2649 adhaerebat3
703 2603 754 2637 sed
778 2604 899 2647 reliqua
923 2606 961 2639 acl
973 2604 1103 2638 dorsum

99 2648 269 2684 accedens,
293 2659 308 2679 a
330 2647 436 2689 pleura
461 2646 621 2690 sejuncta,
645 2647 730 2679 inter
752 2646 857 2686 hanc,
879 2648 1010 2682 &suam
1022 2648 1105 2681 cras-

98 2694 162 2728 sarn
186 2690 276 2725 valde
299 2690 416 2724 factam
439 2690 676 2728 membranam,
697 2689 855 2725 sinuosam
876 2691 961 2734 quasi
983 2693 1107 2726 cavita-

98 2748 163 2770 tem
185 2733 490 2777 comprehendebat,
516 2733 616 2767 mnlta
641 2732 739 2767 serosa
762 2736 893 2767 materia
908 2736 1056 2777 plenam,
1070 2736 1103 2767 in

99 2792 163 2823 qua
189 2778 386 2811 membranea
408 2777 594 2810 innatabant
618 2775 768 2816 frustula,
788 2779 960 2821 gelatinam
971 2778 1105 2811 referen-

99 2825 171 2864 tia,
195 2822 301 2865 qualia
325 2821 487 2854 nonnullis
511 2823 545 2853 in
568 2820 648 2853 locis
672 2820 807 2853 firmiter
830 2823 1018 2855 membranae
1031 2822 1105 2864 pul-

101 2867 209 2901 monis
233 2875 351 2898 annexa
375 2865 574 2897 erantAErat
599 2864 653 2897 hic
678 2864 791 2906 pulmo
817 2867 1014 2907 mgr-isintus
1025 2877 1104 2897 con-

101 2908 220 2954 spersus
243 2908 398 2949 maculis,
421 2919 577 2950 parvaque
601 2906 679 2940 adeo
702 2908 809 2948 mole,
831 2918 867 2941 ut
893 2911 947 2942 vix
957 2919 1105 2952 quartam

101 2953 255 2988 naturalis
280 2950 443 2993 pulmonis
468 2960 590 2993 partem
614 2959 773 2993 aequaret.
799 2954 924 2984 Contra
945 2976 955 2992 ,
991 2952 1104 2995 pulmo

101 2998 212 3031 dexter
235 2995 286 3028 sua
311 2994 401 3027 aucta
426 2994 648 3036 magnitudine
679 2994 769 3027 illius
803 2997 994 3037 parvitatem
1028 2995 1104 3029 satis

102 3040 272 3084 pensabat.
300 3038 453 3078 Sanguis,·
477 3037 498 3069 si
523 3037 588 3080 ejus
612 3038 785 3071 nonnullos
797 3040 938 3081 excipias
951 3050 1105 3081 grumos,

102 3086 137 3118 in
160 3083 293 3116 dextero
316 3081 419 3113 cordis
442 3081 623 3114 ventriculo
645 3091 785 3123 repertos
798 3097 814 3119 ς,
840 3082 977 3116 eundem
1008 3082 1105 3116 ferme

101 3138 196 3171 quem
219 3128 252 3158 in
277 3125 358 3157 vivis
382 3124 483 3164 solet,
505 3125 639 3158 fluorem
662 3124 820 3158 servabat.

143 3184 173 3212 9.
200 3168 269 3202 Etsi
293 3166 440 3201 Valsalva
463 3169 497 3200 in
519 3168 577 3201 hac
601 3166 785 3202 dissectione
808 3180 873 3202 non
897 3169 983 3203 aliud
1007 3170 1107 3203 serum

102 3216 137 3249 in
159 3212 301 3246 thoracis
326 3209 450 3252 sini-stro
471 3222 571 3246 cavo,
592 3223 687 3254 quam
711 3210 799 3255 quod
823 3212 900 3256 saepe
925 3212 992 3256 post
1017 3215 1106 3255 pleu-

102 3256 362 3300 ripneumoniam
385 3253 464 3287 solet
485 3280 494 3293 ‚
518 3253 642 3288 videtur
664 3254 859 3294 describere3
885 3257 1042 3291 saniosum
1056 3268 1105 3289 ta-

103 3312 177 3334 men
201 3300 234 3333 id
257 3298 378 3338 fuerit,
400 3296 513 3330 necesse
536 3297 577 3331 est
600 3309 764 3341 propterea
790 3301 865 3342 quia
890 3300 966 3334 huic
988 3300 1104 3334 morbo

103 3343 327 3386 Empyematis
350 3353 467 3374 nomen
493 3339 675 3383 adscripsit.
702 3345 746 3376 Et
771 3343 839 3377 sane
856 3344 1106 3378 inflammationi

105 3387 242 3422 succeffit
266 3386 428 3428 pulmonis
451 3385 557 3417 minus
576 3384 714 3419 feliciter
744 3385 894 3429 judicatae
922 3401 927 3420 :
974 3389 1029 3431 qui
1075 3389 1107 3419 &-

104 3441 192 3465 tanta
215 3429 272 3463 ista
295 3428 355 3462 suae
378 3428 474 3462 molis
497 3428 724 3463 imminuti-one
747 3430 824 3472 quid
849 3440 997 3474 prteterea
1011 3429 1111 3473 passus

103 3473 195 3514 esset,
221 3472 420 3507 subindicat.
553 3471 652 3513 Quod
687 3484 762 3506 vero
796 3474 833 3507 ad
865 3475 971 3516 nigras
995 3476 1108 3508 attinet

192 3516 358 3560 Morgagni
369 3517 402 3550 de
417 3515 484 3549 Sed.
499 3514 540 3548 Θ
552 3514 639 3555 Caiifi
653 3517 755 3551 Morb.
775 3518 874 3551 Tom.
888 3520 915 3550 I.

1990 165 2086 210 ²27

1156 229 1314 266 maculas,
1340 229 1456 272 quibus
1482 231 1568 261 intus
1601 227 1882 269 distinguebatur3
1915 224 1937 257 fi
1971 225 2024 258 hic
2058 227 2159 259 credis

1159 274 1248 307 Olao
1272 271 1443 305 Borrichio
1466 273 1498 304 in
1523 268 1981 303 ObservationeCXVIAEetffh
1997 270 2076 301 VII.
2097 272 2159 307 (e)

1159 326 1234 351 vera
1256 314 1309 348 vel
1328 314 1489 357 praesentis
1502 338 1513 354 ‚
1535 314 1586 347 vel
1607 312 1695 346 brevi
1711 312 1886 354 sequutum
1897 311 2159 352 corruptionisil-

1159 361 1197 393 lae
1221 366 1308 391 erant
1331 365 1534 398 argumenta3
1560 357 1600 389 sic
1623 357 1707 388 enirn
1725 355 1804 397 saepe
1827 351 1984 389 adnotasse
2009 352 2061 392 se,
2083 352 2159 385 scri-

1159 403 1209 436 bit
1233 426 1241 440 ,
1272 401 1305 433 in
1336 399 1537 442 pulmonibus
1560 407 1754 433 mortuorum
1779 409 1853 440 quos
1875 395 2012 431 catarrhi
2037 390 2158 436 infelici-

1159 452 1292 479 verant:
1317 454 1495 486 quanquam
1519 454 1591 476 cum
1614 441 1711 474 toties
1735 452 1783 474 eas
1807 441 1942 474 maculas
1967 438 2159 471 Valsalvain

1160 488 1327 527 historiis,
1350 485 1495 527 Epistola
1516 487 1586 518 XX.
1614 487 1646 518 δε
1669 484 1746 517 alibi
1771 482 1940 524 descriptis
1962 505 1973 522 ‚
2005 492 2159 514 memora-

1154 534 1259 568 verit3
1284 527 1462 562 existimare
1489 522 1636 569 poteris,
1660 538 1735 560 num
1765 528 1830 558 veri
1867 525 1967 559 simile
1999 524 2037 558 sit
2060 548 2072 564 ,
2105 535 2159 557 eos

1154 585 1277 613 omnes,
1289 581 1342 606 aut
1355 572 1518 614 plerosque
1531 570 1618 605 fuisse
1632 570 1785 603 catarrhis
1795 569 1967 604 infestares,
1981 568 2057 601 sicut
2068 568 2100 600 in
2114 578 2161 602 ea,

1155 617 1176 651 fi
1204 618 1363 659 perlegas,
1386 614 1617 648 Observatione
1639 613 1795 655 conjicere
1815 611 2161 646 videturssorrichius.

1203 672 1251 695 10-
1277 660 1363 693 VIR
1388 658 1523 700 triginta
1547 658 1677 690 circiter
1700 667 1878 696 annorum,
1903 653 2085 696 palustrium
2110 654 2159 686 lo-

1157 715 1271 737 corum
1293 702 1417 741 incola,
1444 712 1482 733 ex
1507 711 1635 734 venerea
1659 699 1709 732 lue
1735 700 1876 731 thoracis
1899 697 2162 731 inflammationi-

1158 749 1216 781 bus
1239 745 1398 779 o‘bnoxius
1422 742 1552 784 factus,
1575 742 1631 777 diu
1654 743 1689 774 in
1714 740 1899 775 Ferrariensi
1924 740 2075 774 cubuerat
2087 739 2164 771 No-

1159 791 1324 827 socomio‚
1350 790 1382 820 in
1431 798 1474 819 uo
1498 787 1536 820 ab
1558 786 1680 819 ardenti
1704 785 1832 827 quidem
1858 784 1963 824 fibi-e,
1987 783 2036 816 sed
2060 793 2127 829 non
2149 793 2164 813 a

1161 834 1304 877 petitoris
1329 830 1424 872 angus
1440 830 1470 862 ia
1494 831 1629 863 omnino
1653 829 1734 861 liber
1758 829 1912 862 evaserat.
1940 828 2021 860 Haec
2055 827 2165 857 sensim

1159 875 1323 910 molestior
1346 873 1431 908 faeta
1442 872 1484 906 est
1498 899 1504 906 .
1519 874 1608 915 Qin
1622 873 1718 905 etiam
1729 883 1841 913 crura,
1863 880 1988 906 venter,
2013 867 2164 915 acipsum

1161 920 1297 961 denique
1320 927 1416 960 caput
1441 927 1560 950 tumere
1584 925 1767 958 coeperant‚
1790 927 1860 949 cum
1886 915 1946 947 levi
1959 912 2066 952 febre,
2089 913 2138 944 siti
2156 937 2165 948 ,

1159 962 1275 1004 majori
1301 959 1441 1004 spirandi
1464 960 1671 999 difficultate,
1696 959 1801 992 lateris
1824 957 1935 991 sinistri
1963 980 1974 996 ,
2008 958 2040 988 in
2078 955 2166 1001 quod

1163 1007 1317 1039 libentius
1342 1003 1487 1046 jacebat,
1511 1003 1648 1042 dolore,
1672 1002 1775 1034 crebra
1799 1001 1893 1041 tulii,
1917 999 2088 1042 asiiduaque
2122 999 2168 1030 se-

1164 1050 1243 1083 rosae
1266 1049 1405 1081 materia:
1429 1047 1648 1089 exspuitione.
1673 1048 1796 1077 Interea
1821 1057 1835 1077 a
1860 1043 2010 1077 decubitu
2024 1042 2100 1075 adeo
2116 1042 2168 1074 in-

1163 1101 1303 1126 creverat
1326 1090 1441 1131 capitis
1463 1089 1607 1124 oedema,
1631 1097 1666 1120 ut
1689 1099 1753 1120 non
1779 1099 1894 1129 paucus
1928 1085 2018 1119 ichor
2049 1084 2167 1131 sinistra

1164 1148 1204 1170 ex
1229 1146 1301 1168 aure
1323 1133 1488 1167 efflueret:
1513 1132 1612 1165 donec
1636 1130 1851 1176 languescente
1875 1129 2002 1171 tandem
2014 1129 2105 1171 pulsu
2128 1128 2168 1159 sxc

1164 1189 1201 1214 ut
1226 1189 1370 1212 extremo
1394 1175 1497 1208 biduo
1521 1176 1643 1216 percipi
1668 1175 1722 1206 vix
1746 1174 1865 1216 postet,
1890 1184 1977 1205 mors
2010 1170 2128 1204 acceffit
2159 1195 2164 1200 .

1291 1222 1352 1254 EX
1373 1219 1645 1252 CADAVERIS
1669 1217 1919 1258 integumentis,
1944 1219 1973 1248 δέ
2001 1212 2171 1252 carnibus,

1162 1267 1239 1301 dum
1264 1263 1414 1306 scalpello
1435 1263 1487 1294 via
1512 1261 1599 1295 fieret
1613 1260 1836 1298 adinteriora,
1863 1260 1961 1294 serum
1973 1257 2167 1292 desiillabat.

1300 1310 1338 1340 In
1363 1308 1484 1339 Venti-e
1505 1315 1632 1348 quoque
1655 1303 1755 1337 serum
1779 1305 1945 1337 inventum
1971 1302 2012 1335 est
2038 1302 2171 1344 pelluci-

1167 1354 1269 1391 dum,
1292 1350 1344 1384 sed
1368 1349 1448 1382 lutei
1471 1349 1616 1389 coloris,
1640 1347 1727 1389 quod
1750 1349 1818 1390 igni
1841 1345 2027 1389 impofitum
2049 1369 2060 1386 ,
2095 1356 2173 1388 pene

1170 1407 1280 1430 totum
1303 1395 1336 1427 in
1360 1403 1450 1427 auras
1473 1392 1576 1431 abiit,
1599 1391 1747 1434 pellicula
1759 1391 1931 1431 videlicet,
1956 1389 2085 1424 acstriis
2101 1391 2173 1432 qui-

1168 1439 1301 1474 busdam
1317 1437 1474 1479 exceptis.
1502 1434 1651 1468 Intestina
1666 1434 1782 1477 pallida
1797 1436 1932 1468 omnino
1945 1458 1956 1475 ,
1980 1436 2011 1468 &
2022 1445 2089 1468 aere
2103 1439 2175 1466 ture·

1167 1483 1262 1523 grtia.
1290 1482 1400 1523 Hepar
1423 1490 1497 1512 vero
1521 1489 1645 1512 atrum.
1782 1478 1930 1512 Thorace
1946 1475 2174 1519 1·ec1us0‚cum

1168 1522 1254 1561 forte
1277 1524 1473 1557 incideretur
1499 1533 1575 1554 vena
1598 1520 1808 1563 Mediastina,
1841 1524 1907 1565 pari
1941 1521 2177 1565 propemodum

1167 1572 1293 1611 impetu
1316 1567 1441 1610 sanguis
1464 1564 1654 1604 exsiliebat,
1678 1576 1711 1597 ac
1734 1566 1767 1597 in
1792 1566 1997 1606 viventibus,
2020 1578 2092 1600 cum
2124 1576 2177 1597 ve-

1166 1624 1205 1646 na
1228 1612 1370 1645 secatur.-
1393 1609 1459 1643 fuit
1485 1617 1590 1641 autem
1614 1609 1646 1640 in
1673 1616 1746 1641 toto
1770 1607 1833 1642 hoc
1866 1610 2016 1642 cadavere
2051 1609 2178 1651 sanguis

1163 1655 1255 1689 valde
1280 1653 1423 1692 fluidus,
1447 1654 1478 1685 ἃ
1502 1650 1586 1693 quasi
1603 1649 1711 1696 su-sus,
1736 1652 1844 1692 nulla,
1870 1663 1906 1685 ne
1919 1652 2034 1694 inipso
2045 1652 2177 1696 quidem

1161 1700 1279 1736 corde,
1306 1705 1472 1739 apparente
1497 1695 1652 1739 polypob
1679 1697 1902 1729 concretione.
1929 1697 2044 1729 Pulmo
2066 1697 2178 1729 dexter

1164 1754 1219 1785 ptr
1242 1741 1438 1774 membranas
1463 1739 1560 1770 exiles
1587 1742 1713 1779 superne
1737 1739 1775 1771 acl
1799 1740 1899 1773 costas
1923 1740 2133 1782 alligabatur:
2158 1753 2179 1773 a

1167 1797 1258 1827 tergo
1282 1783 1499 1818 inflammatus
1523 1790 1609 1814 erat.
1636 1780 1760 1814 Sinistri
1785 1792 1891 1817 autem
1928 1795 1998 1825 pars
2032 1783 2177 1826 superior

1162 1829 1264 1866 dura,
1291 1830 1323 1860 ὃε
1348 1838 1410 1868 prae
1430 1825 1685 1859 inflammatione
1707 1826 1793 1867 quafi
1825 1838 1937 1859 carnea
1969 1826 2138 1867 yidebatur
2166 1842 2175 1860 :⁷

1163 1871 1303 1905 inferior
1326 1881 1399 1901 vero
1424 1870 1456 1900 in
1481 1867 1610 1901 frustula
1634 1877 1698 1900 erat
1723 1868 1848 1907 divisa,
1873 1872 1905 1905 in
1932 1870 2176 1904 sanieinnatan-

1162 1918 1208 1949 tia
1227 1939 1236 1955 ,
1260 1926 1329 1957 quae
1354 1912 1557 1946 substantiam
1581 1910 1735 1957 referebat
1760 1912 1846 1957 quasi
1867 1913 2073 1957 gelatinosam
2096 1940 2108 1955 ,
2143 1922 2177 1948 cx:

1160 1959 1263 1993 muita
1287 1959 1320 1989 in
1346 1967 1384 1988 eo
1406 1966 1487 1987 cavo
1508 1954 1631 1988 sinistro
1653 1965 1718 1988 erat
1742 1982 1749 1988 .
1777 1956 1994 1991 Pericardium
2033 1959 2176 2001 undique

1161 2000 1344 2035 adhaerebat
1368 1999 1458 2031 cordi
1483 1999 1566 2031 arff'te
1589 1998 1686 2036 adeo,
1712 2009 1747 2033 ut
1772 2011 1869 2035 unum
1880 2013 1954 2035 cum
1970 2001 2040 2044 ipso
2052 2002 2175 2036 efficere

1159 2056 1278 2088 corpus
1291 2042 1466 2075 videretur.
1480 2042 1617 2075 Alicubi
1631 2052 1694 2075 erat
1707 2044 1965 2087 cartilagineum2
1977 2046 2095 2080 alicubi
2106 2046 2176 2080 tam

1163 2087 1297 2122 crassum
1310 2084 1468 2118 redditum
1479 2110 1491 2126 ,
1507 2095 1541 2120 ut
1553 2085 1784 2127 semipollicem
1797 2098 1936 2131 aequaret
1950 2102 1958 2122 .·
1982 2088 2050 2123 haec
2065 2100 2173 2124 autern

1163 2129 1333 2165 craffitudo
1343 2128 1517 2164 debebatur
1528 2128 1593 2171 ejus
1607 2129 1778 2163 silan-lentis
1788 2131 1986 2167 craffioribus
1999 2132 2092 2168 factis
2106 2158 2114 2172 ‚
2140 2138 2174 2167 Sc

1162 2174 1249 2217 quasi
1262 2174 1382 2216 carneis
1393 2196 1402 2210 ,
1416 2185 1449 2206 ac
1461 2173 1565 2205 ovalia
1577 2173 1720 2215 quaedam
1731 2185 1866 2217 corpora
1879 2177 2173 2219 intercipientibus,

1158 2230 1229 2260 quae
1240 2215 1338 2249 ineisa
1351 2241 1360 2255 ,
1384 2216 1484 2249 serum
1498 2217 1618 2250 luteum
1629 2219 1819 2251 emittebant
1829 2242 1841 2259 ,
1855 2232 1954 2263 eoque
1966 2221 2108 2263 expresso
2120 2220 2172 2254 so.-

1158 2271 1229 2293 veas
1253 2270 1421 2302 parvarum
1444 2259 1541 2295 instar
1566 2259 1734 2293 vesicarum
1760 2263 2045 2305 repraesentabant.
2175 2293 2176 2296 ,

1207 2314 1254 2336 11.
1280 2301 1368 2336 Illud
1389 2303 1515 2345 utrique
1542 2302 1618 2336 huic
1642 2304 1713 2336 viro
1736 2316 1907 2340 commune
1932 2306 1995 2342 fuit
2011 2332 2020 2348 ‚
2044 2319 2078 2343 ut
2094 2302 2178 2345 cunr

1159 2346 1329 2390 palustrem
1351 2346 1555 2379 incoluissent
1581 2348 1764 2389 regionem,
1790 2347 1932 2385 fluidum
1956 2352 2032 2385 adeo
2044 2353 2170 2389 sanoni-

1158 2402 1230 2423 nem
1255 2389 1425 2430 haberent,
1450 2389 1503 2422 hic
1526 2399 1633 2435 autem
1654 2391 1804 2426 secundus
1827 2396 1924 2427 etiam
1959 2397 2059 2431 magis
2079 2383 2115 2438 ,ὓ
2132 2409 2167 2431 ur

1159 2445 1224 2466 non
1248 2432 1348 2465 modo
1372 2442 1592 2475 empyemate,
1617 2433 1667 2466 sed
1692 2436 1788 2468 etiam
1814 2435 1961 2481 hydrope
1984 2435 2164 2475 laboraret:

1160 2478 1218 2519 qui
1241 2476 1373 2509 morbus
1398 2478 1430 2507 in
1457 2477 1561 2517 priore
1587 2488 1714 2519 quoque
1737 2480 1829 2517 viro,
1863 2493 1900 2514 cx
1936 2493 2025 2524 parte
2060 2486 2165 2518 aliona

1157 2518 1287 2553 sortasse
1310 2530 1382 2553 cum
1408 2528 1604 2565 empyemate
1628 2521 1817 2563 conjunctus
1833 2548 1845 2563 ,
1868 2527 1989 2560 causam
2024 2518 2166 2569 praebue-

1159 2566 1228 2603 rit,
1252 2572 1287 2596 ut
1311 2561 1519 2604 deprehensus
1543 2564 1575 2595 in
1601 2562 1732 2598 thorace
1757 2564 1898 2608 humor,
1926 2570 2041 2604 serosus
2064 2576 2166 2607 mauis

1158 2615 1342 2649 appareret,
1368 2618 1463 2649 quarn
1486 2606 1691 2648 purulentus.
1825 2612 1883 2644 Sed
1908 2614 1940 2646 in
1968 2614 2028 2648 hoc
2067 2608 2166 2650 altero

1157 2662 1232 2684 cum
1258 2648 1418 2692 hydropis
1441 2651 1489 2683 vis
1514 2659 1605 2683 tanto
1629 2651 1731 2693 major
1755 2654 1853 2688 suerit
1878 2657 1910 2689 in
1936 2658 2059 2701 reliquo
2092 2655 2164 2693 coe-

1158 2705 1256 2736 μοι-ες
1280 2704 1357 2726 num
1380 2692 1453 2727 inde
1476 2693 1599 2727 factum
1622 2694 1762 2731 dicemus
1777 2723 1786 2738 ,
1810 2708 1844 2732 ut
1867 2704 2010 2742 quamvis
2034 2704 2071 2736 ad
2104 2716 2164 2738 αἱ)-

1159 2749 1244 2771 teros
1267 2736 1397 2770 morbos
1421 2749 1500 2770 nova
1525 2739 1716 2780 pulmonum
1738 2741 1956 2777 inflammatio
1979 2747 2142 2781 accessisset

1161 2782 1240 2815 levis
1263 2791 1367 2813 tamen
1391 2790 1552 2823 appareret
1582 2781 1708 2815 febris?
1732 2795 1768 2816 an
1794 2784 1874 2819 hanc
1899 2787 1998 2821 levem
2023 2775 2164 2834 ideoaps

1160 2823 1315 2867 paruisse,
1338 2824 1428 2867 quod
1464 2824 1674 2866 pericardium
1696 2849 1708 2866 ,
1745 2828 1970 2872 Malpighiana
2005 2834 2170 2875 patefacta.

1157 2867 1316 2902 structura
1338 2867 1461 2901 craffius
1479 2893 1491 2909 ,
1512 2871 1543 2901 ἃ
1566 2869 1655 2901 cordi
1682 2870 1822 2913 undique
1859 2874 2023 2909 ar6tiffime
2059 2878 2164 2912 adhae-

1156 2923 1250 2952 rens,
1275 2911 1390 2953 majori
1415 2911 1508 2953 hujus
1519 2911 1652 2945 obstaret
1667 2914 1837 2955 agitationi
1857 2921 1867 2949 ?
1999 2921 2163 2957 Caeterurn

1160 2956 1226 2989 lues
1248 2966 1375 2987 venerea
1400 2966 1471 2997 quae
1496 2956 1640 2996 primum
1665 2955 1780 2990 fecerat
1804 2958 1889 2994 hunc
1913 2963 2017 2996 virum
2052 2965 2165 3000 thora„

1156 3000 1203 3032 cis
1229 2997 1393 3031 affeci-ibus
1417 2998 1594 3031 obnoxium
1616 3023 1628 3039 ,
1653 3000 1837 3042 pulmonem
1861 3007 2090 3047 procliviorem
2115 3011 2164 3043 vi-

1156 3042 1250 3076 detur
1274 3040 1310 3074 ad
1333 3042 1575 3083 corruptionem
1603 3042 1681 3076 hanc
1705 3053 1826 3079 tantam
1852 3048 2042 3085 reddidiss‘e.
2065 3044 2163 3086 Certe

1159 3086 1198 3120 ad
1221 3086 1303 3118 luem
1327 3084 1414 3117 illam
1438 3096 1501 3118 non
1526 3097 1597 3119 raro
1620 3086 1775 3129 phthisim
1800 3091 1924 3125 tandem
1950 3093 1978 3126 se
2013 3095 2164 3136 adjuncto-

1159 3141 1192 3162 ΓΕ
1207 3155 1216 3170 2
1240 3138 1309 3162 tum
1334 3128 1552 3169 Medicissffl'sh
1577 3139 1645 3164 turn
1669 3132 1849 3167 Anatomen
1883 3147 2062 3171 exercentes
2097 3126 2162 3173 lion

1158 3175 1328 3216 ignorant.
1343 3171 1380 3204 Id
1403 3171 1506 3214 potest
1529 3173 1646 3215 scripta
1670 3175 1708 3208 ad
1733 3185 1763 3209 te
1786 3178 1861 3211 alias
1884 3179 1967 3222 (f)
1989 3183 2050 3214 viri
2066 3180 2164 3217 [ρᾶῑο

1157 3216 1318 3253 indicare,
1343 3216 1376 3247 in
1400 3227 1465 3257 quo
1488 3214 1578 3251 simul
1604 3219 1757 3260 genitalia
1793 3222 1915 3264 pessime
1950 3222 2059 3258 affecta
2084 3249 2093 3263 ‚
2130 3230 2162 3260 8<

1156 3260 1341 3303 pulmonem
1377 3260 1578 3300 purulentum
1612 3262 1873 3303 deprehendimus
1897 3290 1904 3297 .
1945 3266 2003 3300 Sed
2026 3272 2057 3301 ὃς
2094 3282 2164 3303 mu„

1160 3305 1245 3336 lieris
1268 3303 1310 3335 ob
1342 3301 1514 3337 stultitiam
1548 3307 1691 3347 vagantis
1712 3330 1724 3347 ,
1762 3319 1862 3351 eoque
1895 3311 1999 3344 minus
2030 3311 2089 3345 fibi
2125 3315 2164 3346 ab

1158 3345 1406 3389 inquinatiffima
1432 3347 1519 3386 plebe
1542 3350 1705 3389 caventis,
1728 3361 1802 3384 cum
1823 3353 1987 3386 cerebrum
2000 3353 2163 3389 dissecare-

1161 3401 1230 3424 mus
1255 3389 1341 3430 (ΜΞ
1365 3400 1483 3431 corpus
1506 3392 1646 3429 vidimus
1670 3392 1733 3434 jam
1745 3396 2065 3436 macieconfeetum3
2089 3401 2164 3442 pul-

1164 3443 1291 3466 monem
1316 3441 1422 3465 autem
1447 3444 1558 3474 magna
1582 3447 1620 3467 ex
1643 3444 1730 3478 parte
1753 3437 1917 3473 refertum·
1940 3452 2016 3482 pure
2050 3441 2141 3476 fuisse

1160 3477 1362 3511 audivimus.
1391 3477 1442 3509 Sic
1465 3477 1600 3512 eundem
1611 3480 1644 3511 in
1656 3482 1821 3556 mereftrice
1833 3482 1921 3517 valde
1933 3484 2040 3518 laesum
2051 3470 2167 3529 fuisse}

1682 3524 1705 3556 F
1791 3537 1808 3557 2
2041 3541 2127 3563 acce—

107 3630 2158 3654 Ἣ

165 3709 179 3737 (
195 3717 213 3737 z
232 3709 289 3738 )13e
306 3712 341 3734 Re
357 3713 431 3735 Anat.
450 3712 468 3734 1.
489 3719 524 3741 ις.
587 3711 602 3739 ζ
622 3718 636 3734 a
653 3714 663 3737 >
679 3710 750 3740 Epist.
769 3721 806 3742 50.
825 3721 849 3737 n.
865 3723 887 3742 4·

168 3740 177 3767 (
194 3740 210 3763 d
224 3741 233 3772 )
251 3740 275 3765 in
291 3742 386 3769 Tabula
402 3740 564 3776 Disputaytion.
582 3743 682 3768 Volum.
700 3750 721 3766 ι.
784 3745 798 3774 (
813 3753 825 3771 ς
840 3745 853 3773 )
869 3748 886 3769 l.
904 3754 926 3771 2.
943 3745 1065 3775 Sepulchr,

952 3717 961 3739 (
977 3714 990 3737 b
1007 3715 1020 3742 3
1036 3715 1073 3739 Ad
1089 3716 1176 3740 Boerh.
1193 3716 1299 3741 Praeleet·

1130 3746 1197 3776 (f)
1212 3748 1287 3790 Epist.
1307 3757 1338 3777 ⁸7·
1358 3757 1379 3777 ιι,
1397 3756 1433 3778 ²5-

1318 3717 1338 3747 §.
1358 3724 1410 3742 102.
1427 3724 1478 3743 not.
1497 3728 1532 3748 17.

1497 3753 1540 3779 (a
1558 3748 1566 3779 )
1585 3722 1662 3781 {pisti
1675 3721 1696 3778 ti.
1715 3726 1779 3783 siffis,
