2498 4075
556 226 778 292 Epistola
815 230 977 295 Anat,
1012 216 1229 282 Medica
1265 228 1386 282 ΧΠ.
1419 230 1543 284 Art.
1579 244 1665 298 ις..

101 305 246 346 essenon
270 303 355 348 posse
377 329 385 337 .
421 305 514 340 Nam
533 315 662 351 perraro
683 303 813 348 quidem
834 328 846 346 ,
879 304 930 344 sed
953 316 1099 340 nonnun-

99 360 195 393 quam
219 357 323 381 tamen
336 371 347 388 ‚
368 349 569 390 compunctis
589 347 818 391 ejusdemmodi
838 349 1018 385 tumoribus
1031 373 1043 393 ›,
1064 351 1097 383 ὃς

100 403 179 436 aqua
204 391 336 428 eduua,
363 390 476 425 sanitas
500 391 641 425 restituta
665 391 707 424 est
730 417 738 431 ‚
772 400 808 425 ut
831 394 865 424 in
888 392 950 424 illo
973 392 1096 427 infante

99 447 196 480 quem
219 435 367 468 describit
385 458 396 474 ,
420 438 451 468 δε
476 436 581 477 pingit
600 436 655 478 Jo.
683 435 856 469 Mauritius
879 433 1096 469 Hoffmannus

99 484 115 520 (
137 492 159 523 ἵ
183 483 197 519 )
221 504 228 510 .
260 478 362 520 Cujus
386 489 498 521 aquam
532 479 669 511 tumoris
690 476 714 510 fi
737 489 752 511 a
775 478 897 512 cellulis
929 478 1061 516 deducas
1083 500 1096 518 ‚

99 522 218 557 ,cralsae
241 522 399 562 meningis
423 521 609 555 exteriorem
632 520 748 555 faciem
771 522 1008 556 oblinientibus
1030 545 1037 559 ‚
1063 522 1098 556 in

100 575 198 610 partu
222 564 399 602 distraffls,
422 566 479 606 qui
503 564 532 597 ei
555 561 672 597 infanti
694 588 707 606 o
739 566 938 607 complicato
960 575 1097 608 corpore

97 610 254 646 exeunti,
281 607 518 647 difficillimus,
541 618 597 640 nec
622 606 683 640 fine
708 607 831 643 summo
853 608 973 643 rusticae
987 610 1099 642 matris

98 653 193 693 nisu,
216 652 416 692 contigerat3
438 652 503 684 veri
527 650 640 683 similia
663 650 775 685 dixisse
798 650 952 685 videberis
973 664 982 685 :
1015 651 1100 684 nihil

100 699 184 730 enim
207 706 294 738 aeque
318 705 350 726 ac
375 693 526 736 posterior
549 694 604 727 illa
629 705 698 737 pars
709 695 812 737 Spinae
834 706 906 738 quae
929 696 963 727 in
984 695 1101 728 lumbis

97 739 165 780 est,
186 737 317 772 distrahi
343 738 450 780 potuit
474 738 508 770 in
531 749 568 770 eo
591 736 724 770 infantis
748 737 875 780 positu3
900 750 1016 781 quare,
1037 738 1098 771 sal-

98 795 139 817 va
162 783 280 825 reliqua
305 789 393 824 parte
411 803 421 817 ‚
452 793 491 813 ex
514 781 569 813 illa
593 779 758 813 dumtaxat
783 790 895 814 tumor
913 807 921 821 ‚
954 783 1010 824 qui
1035 782 1100 824 pri-

101 838 190 860 mum
212 835 274 859 non
299 833 386 864 erat,
409 823 476 865 post
499 825 624 867 aliquot
647 824 772 857 dierum
796 825 1001 858 intervallum
1022 826 1103 858 oriri

98 870 254 913 coeperit.
385 869 523 901 Fuerunt
559 869 655 900 etiam
678 868 733 910 qui
759 876 918 901 tumorem
938 892 950 908 ‚
979 868 1017 901 de
1040 881 1105 911 quo

100 913 241 955 superius
263 915 277 950 (
300 922 317 943 a
338 915 353 951 )
378 910 502 944 dietum
526 911 567 944 est
589 933 598 948 ‚
624 923 639 943 a
663 912 777 952 Genga
799 910 837 944 ad
860 922 1032 954 coccygem
1056 911 1104 944 sa-

100 965 210 989 natum
225 980 232 993 ‚
257 954 295 987 ab
314 953 455 988 ,humore
478 953 598 988 fastum
621 953 837 994 crediderint,
861 955 918 996 qui
941 966 979 987 ex
1002 956 1101 987 cranii

99 1010 178 1033 cavo
201 999 276 1033 illuc
300 997 396 1040 usque
420 998 503 1030 inter
525 995 608 1036 ossa,
635 1000 803 1031 &Duram
825 999 1006 1039 meningern
1017 999 1102 1032 viam

99 1042 157 1076 fibi
189 1053 243 1084 per
276 1041 441 1076 cuniculos
475 1040 669 1084 paravisset.
708 1041 766 1073 Sed
800 1042 858 1083 qui
890 1052 964 1074 cum
990 1043 1100 1075 Praecl.

99 1088 246 1119 Pantono
267 1088 280 1125 (
302 1083 320 1117 b
342 1088 356 1124 )
380 1085 422 1116 rei
441 1084 687 1123 difficultatem,
710 1084 1008 1118 anatomeconsulta
1031 1097 1105 1128 pcr-

98 1129 258 1172 spexerint
278 1152 290 1169 ,
325 1137 418 1172 atque
440 1127 566 1171 insuper
588 1137 774 1171 promptum
797 1128 890 1162 illum
914 1127 969 1161 seri
993 1139 1031 1161 ex
1050 1138 1104 1163 tu-

96 1184 188 1206 more
216 1173 341 1205 exitum
365 1171 645 1204 animadverterint
669 1170 774 1204 statim
799 1183 832 1204 ac
856 1183 949 1206 manu
972 1173 1104 1215 occiput

98 1217 390 1259 comprimeretur,
415 1224 479 1248 non
502 1215 589 1249 aliud
613 1215 730 1248 malent
753 1216 781 1248 ei
805 1214 932 1249 humori
957 1217 1017 1248 iter
1040 1216 1105 1249 affi-

96 1270 214 1302 gnare,
238 1270 333 1302 quam
357 1257 444 1301 quod
468 1258 505 1291 ab
527 1269 637 1293 natura
661 1258 993 1302 ipsaintermeninges
1016 1270 1103 1302 para-

94 1314 167 1336 ,tum
190 1302 252 1340 est,
276 1302 471 1335 sanationem
491 1314 604 1345 magna
626 1315 665 1335 ex
688 1311 775 1345 parte
797 1301 984 1346 quadrienni
1017 1303 1105 1337 illius

94 1348 188 1389 pueri
213 1347 301 1379 aetati
323 1370 335 1387 ‚
369 1348 401 1378 δε
424 1355 558 1379 externae
583 1345 635 1379 hic
659 1357 787 1390 quoque
806 1368 815 1384 ‚
852 1358 915 1379 non
937 1348 1071 1379 internae
1096 1372 1104 1387 ‚

95 1391 175 1424 mah
201 1389 299 1423 causae
323 1389 515 1423 tribuentes.
540 1392 668 1422 Interna
678 1391 786 1428 enim,
809 1392 840 1423 &
864 1388 1038 1433 praescrtirn
1051 1401 1105 1422 na-

97 1436 164 1467 tiva
191 1432 280 1467 causa
304 1436 336 1466 ἃ*
358 1433 437 1472 diu,
460 1436 491 1466 δε
517 1435 654 1476 penitius
665 1443 735 1467 tum
759 1432 873 1467 fluidas
885 1442 1012 1475 partes,
1033 1443 1104 1467 tum

94 1476 215 1511 solidas
241 1477 349 1517 laedit,
375 1475 491 1519 hasque
513 1488 551 1508 eo
562 1478 708 1519 gravius,
733 1488 800 1520 quo
826 1476 993 1510 molliores
1007 1477 1104 1517 sunt,

95 1531 186 1561 non,
211 1522 258 1553 uti
285 1521 375 1553 aneta
399 1519 464 1562 jam
487 1531 600 1555 aetate,
623 1519 796 1554 firmiores.
822 1520 991 1554 Hucillud
1017 1532 1104 1554 acce-

95 1565 147 1598 dit
166 1586 179 1603 ,
202 1562 287 1606 qnod
310 1564 438 1606 Equina
474 1564 625 1597 Medullae
649 1563 758 1596 Cauda
782 1562 820 1595 ad
844 1574 1017 1606 coccygem
1040 1575 1105 1597 non

103 1611 268 1649 pervenit:
295 1618 364 1648 quae
390 1605 520 1639 fortaffe
542 1607 633 1640 causa
657 1605 742 1643 fuit,
767 1607 1019 1649 curRuyschius
1043 1610 1105 1648 (c)

98 1652 183 1684 inter
207 1660 308 1683 omnes
323 1671 333 1686 ,
357 1659 412 1683 aut
435 1660 517 1682 certe
535 1657 546 1686 ⁷,
580 1649 602 1683 fi
625 1649 691 1691 ejus
717 1652 898 1692 proximam
924 1651 1008 1694 legas
1031 1651 1106 1685 Ob-

90 1694 306 1726 servationem
330 1695 344 1731 (
364 1694 385 1725 εἰ
405 1695 442 1731 ),
466 1691 565 1726 ferme
588 1697 672 1727 inter
683 1704 811 1732 omnes,
837 1691 1106 1736 hujusmodicor-

97 1747 215 1778 reptos
232 1735 414 1769 tumoribus
441 1759 453 1775 ,
482 1736 604 1770 nullum
625 1737 743 1771 viderit
777 1735 930 1779 infantem
952 1744 1019 1772 ta'm
1052 1738 1106 1771 diu

88 1780 290 1822 fizperlt'irem
312 1802 325 1818 >
356 1789 453 1823 quam
476 1792 547 1813 eum
579 1781 636 1824 qui
660 1780 698 1814 ad
731 1792 901 1822 coccygem
937 1780 1072 1815 habebat
1096 1806 1103 1812 .

96 1824 149 1855 Sic
174 1824 259 1855 enim
282 1832 333 1855 'tot
357 1834 469 1857 nervos
492 1830 672 1857 extrorsum
699 1823 845 1864 inflecti,
868 1825 996 1859 extrudi
1021 1847 1031 1863 ‚
1053 1825 1107 1858 lae-

96 1867 151 1904 di,
176 1867 323 1908 abrumpi
347 1878 410 1900 non
433 1868 598 1910 contingit
622 1879 630 1899 .·
664 1879 703 1900 ex
724 1878 866 1910 quorum
890 1868 1015 1902 laefione
1038 1868 1105 1901 ori-

95 1919 149 1942 tur
181 1920 307 1944 artuum
341 1910 534 1944 inferiorum
566 1910 774 1945 imbecillitas
797 1936 805 1950 ,
848 1914 880 1944 δε
913 1911 1071 1946 resolutio
1092 1935 1106 1953 ,

94 1964 194 1997 quam
217 1955 250 1986 in
288 1954 448 1997 plerisque
473 1954 564 1996 supra
596 1954 752 1988 indicatis
768 1955 972 1989 'lumbarium
995 1966 1105 1989 tumo-

96 2008 168 2031 rum
193 1996 347 2040 exemplis
372 1997 485 2037 diserte
510 2008 718 2032 memoratam
741 2000 884 2032 invenies
906 2023 917 2039 ,
951 2010 1046 2042 atque
1070 2000 1105 2031 in

100 2041 171 2073 aliis
196 2050 344 2082 praeterea
368 2052 437 2084 quae
461 2042 665 2081 omittimus,
690 2053 728 2075 ex
751 2043 866 2086 quibus
891 2043 957 2077 duo
980 2042 1106 2077 videbis

91 2084 229 2127 joannis
254 2085 365 2126 Burgii
391 2087 422 2117 in
448 2084 586 2128 Ephem.
611 2087 692 2119 Nat.
716 2088 795 2120 Cur.
821 2090 835 2126 (
856 2097 872 2120 e
895 2090 928 2127 );
954 2088 1033 2130 quin
1058 2095 1106 2119 et-

97 2129 162 2160 iam
196 2128 359 2162 interdum
390 2128 580 2171 sphinc‘teris
615 2131 698 2170 ani,
729 2129 900 2172 vesicaeque
935 2129 1105 2172 paralyfim

96 2169 206 2213 (f),
230 2171 343 2213 saepius
366 2171 621 2214 agnoscendam,
645 2172 944 2215 adnotandamqne,
967 2171 991 2205 fi
1015 2175 1105 2215 pueri

95 2215 208 2256 saepius
219 2225 294 2248 cum
317 2213 380 2247 hoc
393 2213 507 2248 affeetu
528 2215 587 2249 diu
599 2217 699 2248 vitam
722 2214 844 2247 trahere
857 2214 998 2257 possent.
1025 2216 1105 2249 Non

95 2256 226 2299 possunt
250 2266 356 2291 autem
378 2268 453 2290 cum
476 2257 520 2290 ob
543 2259 618 2291 alias
642 2257 748 2292 causas
766 2281 778 2298 ,
802 2268 872 2291 turn
893 2258 1105 2301 saepenumero

98 2301 142 2333 ob
165 2299 407 2340 convulfiones‚
430 2311 500 2343 quae
520 2300 662 2334 laesiones
685 2302 755 2334 illas
777 2312 946 2335 nervorum
972 2302 1106 2345 sequun-

103 2352 180 2383 tur,
202 2354 301 2386 eoque
327 2344 423 2377 citius
441 2365 452 2383 ,
473 2342 495 2375 fi
520 2342 580 2377 hos
599 2368 611 2385 ,
635 2355 796 2378 tumorem
818 2345 990 2387 aperiendo
1009 2370 1017 2385 ‚
1052 2356 1106 2379 aut

99 2396 320 2428 com-punga&
345 2396 398 2420 aut
422 2389 501 2419 aeris
523 2386 650 2430 injuriis
674 2399 813 2430 exponas
831 2411 838 2418 .
865 2389 949 2425 Quae
971 2390 1107 2423 convul-

97 2429 198 2463 fiones
223 2441 282 2463 cur
307 2431 340 2462 in
364 2429 486 2463 duobus
512 2434 567 2473 qui
595 2431 694 2464 sanati
718 2435 789 2464 sunt
812 2453 825 2471 ,
848 2442 954 2473 pueris
976 2433 1108 2466 minime

95 2472 239 2512 suerint,
264 2481 299 2505 ut
324 2483 426 2515 neque
449 2482 577 2506 artuum
599 2474 789 2507 inferiorum
815 2474 1043 2513 resolutiones,
1069 2488 1108 2509 ex

93 2518 137 2550 iis
164 2527 234 2559 quae
257 2516 294 2548 dc
318 2525 393 2549 utro
418 2527 455 2549 ue
479 2516 566 2559 dieta
591 2518 687 2559 sunt,
711 2517 1108 2560 intelligitm·.Cumhaec

94 2569 200 2593 autem
224 2561 332 2592 omnia
359 2560 396 2592 ab
414 2561 517 2593 uerint
542 2584 554 2601 ,
588 2565 618 2594 ὅ(
644 2562 764 2595 malum
797 2562 836 2594 ab
856 2571 982 2595 externa
1016 2562 1106 2596 causa

96 2612 208 2637 ortum
234 2602 310 2641 esse,
336 2602 544 2642 constiterit3
569 2614 645 2639 tunc
669 2606 844 2646 praesertim
868 2606 1043 2640 observatis
1067 2608 1108 2640 iis

94 2646 247 2680 omnibns
270 2657 342 2689 qua·
365 2658 457 2680 caute
483 2649 590 2681 Praecl.
619 2649 769 2693 Trewius
791 2651 845 2691 (g
864 2653 878 2690 )
902 2648 1070 2684 admonuit
1094 2674 1107 2691 ,

93 2689 217 2732 aliquid
242 2691 353 2725 audere
377 2690 462 2734 posse
485 2690 667 2735 Chirurgus
690 2693 843 2730 videtur3
868 2692 1018 2734 siquando
1054 2702 1104 2726 ta-

64 2769 67 2772 *
93 2744 165 2767 men
198 2734 282 2766 inter
304 2735 467 2767 innumera
501 2734 620 2769 funesta
650 2738 793 2779 exempla
831 2737 866 2768 in
899 2735 1104 2770 fallacissimis

70 2776 189 2820 „hujus
212 2778 333 2818 generis
355 2778 477 2811 morbis
500 2779 608 2813 audere
631 2779 728 2813 licet.

147 2830 193 2862 13.
220 2821 394 2864 Namque3
419 2830 455 2854 ut
478 2821 517 2855 ad
539 2821 978 2865 hydrocephalumredeam3
1003 2824 1102 2856 inter-

93 2864 126 2896 ni
150 2863 281 2906 quidem
303 2865 435 2898 Veteres
457 2865 581 2899 Medici
606 2870 619 2907 (
642 2866 662 2899 h
685 2871 698 2908 )
721 2867 797 2900 duas
809 2866 1018 2908 agnoscebant
1032 2867 1099 2909 spe-

93 2908 182 2946 cies,
205 2908 355 2948 alteram,
377 2919 451 2942 cum
472 2920 561 2952 aquae
585 2910 669 2942 inter
692 2910 888 2950 calvariam,
912 2911 1097 2944 &Crass‘am

95 2952 298 2992 meningem‚
321 2952 451 2986 alteram
471 2975 481 2991 ,
513 2955 692 2987 cum‘inter
716 2953 795 2986 hanc
820 2955 1000 2995 meningen]
1020 2978 1032 2995 ,
1064 2958 1095 2987 &

97 2995 246 3027 Tenuem
279 3005 494 3037 congeruntur
513 3020 525 3036 ,
558 2996 723 3030 secundam
746 2998 884 3040 speciem
916 2997 1062 3030 lethalem
1089 3021 1097 3035 ‚

93 3037 232 3078 primam
259 3048 321 3069 non
342 3039 546 3074 insanabilem
572 3039 628 3074 esse
651 3064 660 3079 ,
685 3042 869 3083 docentes„
902 3041 934 3073 in
958 3053 1021 3084 qua
1045 3041 1100 3075 ubi

90 3083 176 3113 inter
200 3080 321 3126 suturas
342 3080 503 3123 distrafias
527 3095 637 3118 tumor
661 3095 789 3128 apparet
810 3109 820 3125 ,
852 3085 1097 3119 eminentiorem

90 3123 199 3157 locum
224 3123 389 3157 secandum
413 3125 490 3168 esse,
514 3137 731 3171 praeceperunt
754 3153 760 3160 .
797 3130 920 3161 Paraeus
942 3131 956 3168 (
977 3130 990 3162 i
1013 3132 1024 3168 )
1048 3139 1097 3162 ta-

90 3178 162 3200 men
185 3167 300 3200 diserte
323 3178 439 3210 negat,
463 3172 491 3203 se
514 3183 695 3214 quenquam
720 3171 830 3206 vidisse
850 3174 905 3215 qui
929 3173 1095 3206 convalue-

89 3212 155 3243 rit:
181 3214 213 3244 &
231 3212 286 3256 Jo.
312 3212 447 3259 Francus
470 3216 483 3253 <
503 3214 522 3255 l<
542 3217 556 3255 )
579 3215 729 3256 testatur,
753 3216 801 3248 vel
825 3217 901 3249 loco
916 3216 1093 3249 tumidiore

89 3264 228 3296 aperto,
253 3257 285 3287 ὃ(
309 3256 415 3288 emissa
439 3266 518 3299 aqua
540 3259 676 3301 limpida
698 3283 707 3298 ,
745 3263 777 3293 &
801 3271 877 3301 pura
899 3282 911 3298 ‚
937 3258 1094 3294 infantem

83 3298 151 3340 past
174 3297 294 3340 aliquot
315 3298 407 3331 horas
430 3299 461 3332 in
484 3301 657 3345 epilepfiam
683 3303 843 3346 incidzffe,
868 3302 1011 3344 &paulo
1028 3302 1095 3344 post

89 3351 105 3375 e
127 3342 197 3374 vita
220 3340 392 3386 dz'sccffiffe:
418 3353 475 3375 nec
497 3344 657 3379 Grubelio
680 3349 693 3385 <
716 3345 761 3388 l)
784 3345 913 3390 jubente
932 3369 945 3385 ,
969 3345 1094 3388 profuit

87 3395 143 3428 per
166 3382 309 3418 foramen
328 3386 533 3428 potentiali,
563 3399 598 3422 ut
623 3391 769 3423 vocitant
791 3414 804 3431 ,
836 3390 980 3423 cauterio
1003 3399 1093 3431 para-

1149 315 1242 344 tum,
1266 305 1391 340 incluso
1415 307 1542 350 penitus
1563 307 1632 349 sero
1655 306 1779 340 exitum
1802 304 1953 348 aperuisse
1971 329 1985 346 ‚
2006 319 2045 340 eo
2068 319 2154 351 quo-

1144 359 1207 393 que
1229 346 1353 381 infante
1371 349 1613 391 paucisudiehus
1632 349 1698 391 posi
1721 359 1874 389 mortuo,
1896 348 2025 393 quando
2047 361 2086 383 ex
2109 353 2149 384 iis

1142 416 1145 419 -
1170 392 1262 427 uibus
1277 402 1356 434 aqua
1379 392 1489 431 eduffih
1502 404 1564 426 non
1588 392 1655 426 fuit
1669 416 1681 432 ,
1702 394 1825 436 aliquos
1850 392 1969 436 septem
1985 416 1997 432 ,
2020 405 2155 431 novem,

1146 404 1395 477 duodeviginti,
1418 437 1596 479 &triginta
1620 436 1737 469 menses
1750 434 1881 477 vixisse,
1905 438 2065 470 memor-iae
2080 448 2156 478 pro-

1146 478 1254 512 ditum
1276 477 1318 511 est
1341 480 1406 517 (m
1428 482 1442 518 )
1463 492 1473 518 3
1507 491 1545 513 ne
1567 479 1606 513 de
1627 490 1665 512 eo
1688 479 1862 522 quidquam
1885 480 2028 514 dicamus
2060 491 2156 524 quem

1145 523 1261 559 novit,
1284 524 1316 554 ἃς
1341 520 1439 554 secuit
1461 523 1631 558 Riedlinus
1653 525 1666 562 (
1689 534 1708 555 n
1725 525 1743 565 )
1758 545 1767 559 ‚
1791 532 1890 555 annos
1901 522 2021 557 solidos
2046 525 2155 566 vigin-

1146 567 1172 598 ti
1196 574 1334 607 quatuor
1355 563 1823 608 hydrocephalolaborantem.
1851 564 2043 611 Estquidem
2067 566 2152 610 apud

1150 608 1203 641 Cl.
1231 610 1412 641 Fantonum
1434 612 1447 648 (
1470 621 1485 642 ο
1508 613 1520 648 )
1544 608 1698 653 Wepfero
1720 607 1879 650 adscripta
1901 610 2081 643 observatio
2105 622 2157 643 ru-

1152 652 1243 690 stici,
1268 651 1324 695 qni
1349 652 1520 693 impatiens
1532 652 1703 692 diuturni,
1726 651 1943 695 saeviffimique
1966 651 2091 686 doloris
2104 664 2157 687 ca·

1155 696 1232 737 pitis
1255 708 1273 732 a,
1290 694 1360 737 ‘sero
1382 697 1464 728 inter
1484 698 1649 735 cranium,
1672 699 1704 730 δέ
1727 697 1908 737 meningem
1931 698 2056 729 ,Duram
2081 707 2159 729 con-

1153 738 1266 779 cluso,
1291 739 1528 772 Veterinarium
1550 741 1657 782 coegit
1680 739 1737 772 fibi
1761 739 1898 781 sinciput
1922 740 2159 781 perterebrare‚

1154 782 1235 816 unde
1259 781 1316 814 seri
1339 783 1432 824 copia
1447 781 1617 815 exsiliente
1638 806 1647 819 ,
1680 783 1806 825 prorsus
1837 783 2035 816 convaluerit
2059 809 2065 815 .
2101 784 2160 816 Sed.

1155 824 1227 865 sac,
1253 824 1416 859 audaciam
1441 825 1521 859 hanc
1545 825 1755 860 feliciffimam
1779 824 1868 859 fuisse
1891 849 1899 863 ‚
1924 824 1973 858 fac
1998 823 2053 859 ess'e
2075 827 2161 859 Chi·

1156 880 1288 911 rurgurn
1319 870 1375 911 qui
1399 870 1433 902 in
1466 868 1706 911 hydrocephalo
1729 868 1862 903 infantis
1898 869 2034 911 alicujus
2058 868 2159 916 ipsam

1155 912 1232 944 velit
1256 913 1377 945 imitari
1400 936 1411 952 ,
1443 924 1501 946 ncc
1523 914 1644 947 imitari
1669 913 1772 947 solum
1792 937 1805 954 ‚
1839 924 1950 947 verum
1972 914 2070 946 etiarn
2094 936 2105 952 ,
2137 914 2160 945 si

1152 957 1278 989 Duram
1302 957 1480 998 meningen]
1505 957 1644 990 incidere
1667 968 1747 999 opus
1770 956 1808 990 sit
1831 980 1839 993 ‚
1862 967 1896 990 ut
1920 958 1953 988 in
1977 956 2163 998 gravissimis

1150 1000 1268 1040 capitis
1290 998 1410 1033 ictibus
1433 999 1489 1033 usu
1510 1002 1622 1040 venit,
1647 999 1805 1041 superare.
1829 1000 1957 1041 Qibus
1980 1009 2053 1033 tuto
2077 999 2164 1033 indi-

1153 1044 1212 1074 ciis
1234 1063 1244 1078 ‚
1277 1042 1425 1084 notisque
1447 1042 1591 1076 considet
1613 1067 1624 1083 ,
1656 1053 1692 1076 ut
1717 1054 1775 1084 pro
1799 1053 1889 1077 certo
1911 1052 2009 1085 ponat
2034 1066 2046 1083 ‚
2079 1054 2164 1077 nunc

1155 1087 1238 1117 inter
1259 1084 1323 1118 ossa
1347 1087 1379 1118 &
1395 1085 1538 1120 ›Crassam
1563 1088 1766 1127 meningem,
1789 1098 1872 1120 nunc
1896 1088 1985 1121 inter
2005 1086 2108 1126 hanc,
2131 1090 2164 1119 δε

1155 1129 1304 1161 Tenuem
1326 1151 1336 1166 ,
1370 1139 1453 1161 nunc
1477 1130 1623 1163 Tenuem
1648 1132 1732 1161 inter
1750 1153 1763 1169 ,
1801 1133 1831 1163 &
1857 1130 2016 1162 cerebrum
2049 1141 2166 1172 aquam

1156 1170 1213 1205 ess'e
1236 1171 1251 1204 ,ἓ
1283 1172 1398 1215 Neque
1422 1173 1507 1204 enim
1537 1172 1648 1206 desunt
1674 1173 1813 1215 triplicis
1836 1171 1932 1215 hujus
1956 1172 2037 1205 sedis
2058 1184 2167 1206 exem-

1150 1215 1230 1258 pla,
1254 1224 1289 1249 ut
1314 1224 1390 1258 puta
1417 1217 1527 1257 primae
1551 1219 1584 1249 in
1609 1215 1708 1249 Velfii
1741 1220 1796 1259 (p
1817 1219 1831 1256 )
1862 1214 2129 1262 hydrochephalo
2152 1240 2166 1257 ,

1151 1260 1189 1291 rin
1221 1270 1285 1300 quo
1306 1258 1503 1292 &secundae
1531 1273 1540 1292 .·
1575 1258 1731 1303 hujusque
1767 1261 1884 1302 pariter
1917 1261 1950 1292 in
1985 1260 2124 1293 disseffis
2149 1272 2166 1292 a

1157 1301 1286 1335 Laubio
1308 1305 1322 1344 (
1345 1313 1364 1344 q
1385 1306 1421 1342 ),
1445 1305 1477 1336 &
1501 1314 1515 1334 a
1539 1303 1592 1336 Cl.
1610 1303 1667 1348 Jo.
1694 1302 1873 1345 Rudolpho
1886 1303 2056 1346 Zwingero
2078 1307 2166 1344 (r).-

1158 1347 1258 1380 tertiae
1281 1355 1389 1379 autem
1412 1347 1444 1377 in
1468 1346 1630 1390 Falloppii
1656 1345 1755 1380 nostri
1780 1346 2013 1380 observatione
2035 1370 2046 1388 ‚
2070 1357 2169 1391 quam

1158 1387 1252 1422 habes
1275 1390 1309 1422 in
1334 1388 1548 1431 Sepulchreto
1570 1390 1677 1434 (s),
1698 1391 1732 1423 in
1757 1389 1889 1434 aliisque
1905 1390 2033 1432 Mayeri
2057 1393 2070 1429 (
2094 1398 2108 1423 t
2129 1394 2167 1431 ),

1158 1435 1190 1465 δε
1216 1431 1465 1465 Kaltschmiedii
1489 1436 1503 1472 <
1526 1433 1545 1465 u
1566 1437 1582 1473 )
1602 1458 1609 1465 .
1644 1436 1704 1467 Fac
1727 1435 1829 1467 tamen
1854 1459 1863 1473 ‚
1887 1432 1909 1466 fi
1935 1433 2003 1467 lieri
2028 1433 2133 1476 potest
2154 1451 2168 1474 ·,

1159 1475 1228 1509 haec
1251 1487 1378 1519 quoque
1401 1475 1610 1511 internoscere
1632 1501 1644 1517 ,
1677 1477 1868 1520 eandemque
1892 1476 1950 1509 sibi
1975 1476 2170 1511 felicitatem

1157 1530 1254 1561 quam
1278 1519 1448 1562 aliquando
1473 1521 1507 1552 in
1529 1519 1714 1553 adultorum
1735 1544 1748 1561 ,
1779 1530 1971 1562 eorumque,
1994 1531 2069 1554 cum
2091 1521 2170 1554 bene

1157 1563 1318 1603 valerent,
1344 1560 1554 1605 percussorum
1577 1563 1698 1597 ic'tibus
1717 1589 1724 1603 ‚
1749 1564 1783 1596 in
1796 1561 2040 1606 hydrocephalo
2063 1562 2171 1597 insan-

1159 1615 1228 1639 tum
1252 1606 1397 1648 polliceri
1422 1605 1525 1648 posse,
1551 1608 1585 1639 in
1609 1606 1835 1648 meningibus,
1859 1605 1973 1650 fiopus
1996 1607 2061 1647 est,
2084 1609 2171 1640 inci-

1157 1648 1290 1690 dmdis,
1314 1652 1346 1682 δε
1368 1648 1480 1683 deinde
1503 1671 1515 1690 ,
1545 1651 1689 1693 quamvis
1715 1651 1795 1684 laxae
1817 1673 1825 1688 ‚
1863 1659 1917 1684 aut
1941 1652 2049 1684 lacerae
2068 1675 2081 1692 ,
2115 1661 2185 1685 ants

1156 1692 1260 1726 crassae
1283 1691 1376 1726 faetae
1400 1692 1480 1732 sint,
1507 1692 1544 1726 ad
1567 1694 1751 1727 cicatricem
1775 1693 1987 1736 perducendis
2008 1707 2020 1734 3
2051 1695 2130 1739 quid
2156 1695 2170 1729 ,Ρ

1158 1735 1181 1769 s1
1203 1736 1370 1771 cereb1um
1385 1735 1514 1770 humori
1536 1737 1668 1780 quidem
1683 1737 1778 1772 subsit
1791 1761 1803 1778 ‚
1827 1736 1878 1771 sed
1899 1747 1963 1772 tam
1976 1738 2147 1773 flaccidum
2161 1764 2171 1781 ,

1158 1781 1214 1812 vix
1237 1790 1272 1814 ut
1298 1781 1329 1812 in
1356 1792 1393 1813 co
1417 1781 1625 1814 internoscere
1648 1781 1824 1825 quidquam
1847 1781 1942 1817 liceat
1959 1791 2076 1825 praeter
2099 1794 2170 1816 cor-

1159 1824 1288 1856 ticalem
1310 1847 1322 1864 ,
1347 1826 1379 1857 &
1403 1823 1608 1858 medullarem
1633 1824 1838 1859 substantiam
1864 1847 1872 1862 ‚
1904 1827 1991 1860 velut
2015 1827 2049 1860 in
2072 1826 2174 1861 modo

1159 1866 1298 1900 laudatis
1322 1867 1474 1909 Mayeri,
1498 1870 1530 1900 &
1551 1869 1715 1912 Zwingeri
1740 1868 2035 1905 observationibus:
2060 1869 2169 1915 quid?

1157 1909 1179 1943 fi
1206 1910 1261 1944 sub
1284 1912 1432 1944 corticali
1457 1910 1641 1946 medullaris
1664 1920 1733 1947 tota
1756 1921 1924 1955 corrupta,
1947 1915 1990 1948 &⁴
2011 1916 2043 1949 in
2055 1925 2170 1956 aquam

1158 1953 1304 1996 conversa
1322 1953 1388 1996 fit,
1412 1965 1448 1989 ut
1472 1957 1506 1988 in
1530 1966 1630 1997 puero
1652 1956 1713 1989 illo
1728 1957 1890 1989 Tombini
1915 1960 1929 1997 <
1951 1968 1973 1991 x
1996 1961 2034 1999 ),
2057 1958 2095 1992 de
2105 1969 2174 2002 quo

1157 1999 1257 2031 etiam
1279 1998 1314 2030 in
1339 1998 1548 2041 Sepulchreto
1571 2001 1625 2041 <y
1647 2002 1662 2039 )
1686 2001 1822 2034 relatum
1845 2000 1910 2035 est:
1933 2000 2013 2045 quid
2036 2001 2049 2035 ?
2074 2001 2095 2035 si
2118 2012 2173 2035 to-

1156 2050 1227 2075 tum
1250 2041 1412 2075 cerebrum
1436 2042 1474 2075 lit
1500 2043 1534 2076 in
1557 2053 1670 2085 aquam
1695 2043 1849 2086 mucosam
1873 2069 1883 2083 ,
1915 2054 1972 2079 aut
1997 2045 2030 2078 in
2064 2045 2173 2087 limpi-

1156 2086 1253 2124 dam,
1276 2087 1309 2117 &c
1326 2084 1478 2128 sanguine
1496 2096 1596 2129 pauco
1618 2086 1751 2121 tinfiam
1774 2088 1917 2123 solutum
1937 2112 1950 2129 ,
1981 2098 2019 2123 ut
2043 2089 2078 2122 in
2103 2089 2173 2122 illis

1158 2128 1369 2170 Kerckringii
1392 2132 1405 2168 (
1428 2140 1452 2173 ζ
1474 2132 1487 2169 )
1508 2152 1520 2169 ,
1552 2131 1584 2162 &
1608 2129 1746 2164 Laufferi
1771 2134 1785 2171 (
1806 2143 1824 2165 a
1847 2135 1861 2171 )
1883 2144 1891 2165 :
1929 2141 1983 2167 aut
2017 2135 2172 2176 quoniam

1157 2169 1221 2203 hoc
1247 2172 1347 2205 rarius
1370 2171 1432 2206 est:
1457 2172 1539 2216 quid
1566 2170 1579 2204 ?
1613 2173 1635 2205 si
1662 2174 1701 2207 ab
1725 2173 1845 2209 inclusa
1869 2177 2060 2211 ventriculis
2084 2187 2173 2220 aquae

1156 2216 1274 2256 copia,
1299 2225 1335 2247 ut
1359 2216 1392 2248 in
1416 2215 1556 2253 duabus,
1582 2228 1659 2258 quas
1685 2217 1832 2253 Bohnius
1855 2223 1870 2259 (
1891 2218 1910 2252 b
1931 2223 1944 2259 )
1967 2231 2174 2254 commemo-

1157 2267 1205 2290 rat
1228 2256 1385 2291 Dodartii
1408 2258 1706 2300 observationibus,
1730 2273 1764 2295 ea
1786 2263 1835 2295 vis
1845 2262 1977 2296 cerebro
2001 2265 2098 2302 allata
2108 2262 2171 2304 sit,

1158 2309 1193 2333 ut
1219 2301 1378 2335 Laterales
1399 2313 1475 2336 cum
1498 2303 1599 2337 tertio
1623 2305 1804 2339 ventriculo
1817 2317 1912 2340 unam
1937 2308 2173 2342 &continuam

1156 2345 1330 2378 cavitatem
1352 2345 1491 2380 efficiant
1514 2370 1523 2385 ‚
1557 2346 1644 2389 quod
1668 2347 1773 2391 ipsum
1805 2359 1897 2383 tanto
1920 2353 2028 2385 minus
2050 2350 2173 2395 conj-ici

1159 2387 1251 2420 liceat
1273 2412 1286 2429 ‚
1322 2389 1410 2433 quod
1435 2400 1472 2422 ex
1496 2389 1750 2433 hydroccphalis
1774 2393 1905 2434 quidam
1923 2418 1935 2435 ‚
1969 2403 2005 2428 ut
2029 2394 2094 2428 duo
2117 2395 2172 2428 illi

1158 2430 1317 2470 infantes,
1339 2433 1415 2466 aliis
1438 2433 1554 2467 morbis
1568 2456 1580 2472 ,
1603 2436 1657 2475 quc·
1680 2435 1765 2469 nullo
1791 2437 1879 2470 modo
1903 2438 2020 2480 capitis
2042 2437 2172 2482 affectius

1158 2475 1223 2507 clici
1238 2474 1384 2518 possunt,
1407 2474 1567 2509 laborent:
1594 2486 1649 2509 aut
1672 2478 1776 2520 quid?
1800 2479 1821 2512 fi
1847 2481 1886 2514 ab
1908 2482 2171 2515 incumbentium

1159 2526 1314 2560 aquarum
1338 2517 1475 2561 pondere
1496 2542 1507 2559 ,
1531 2529 1586 2553 aut
1609 2521 1882 2564 circumpreffione
1916 2524 1955 2559 sit
1981 2527 2097 2558 intima
2121 2537 2171 2559 ce-

1159 2562 1241 2594 rebri
1265 2562 1420 2595 structura
1444 2563 1665 2597 insanabiliter
1689 2565 1878 2600 labefactata
1899 2580 1910 2607 3
1944 2580 2017 2602 nam
2041 2570 2090 2603 vel
2114 2581 2168 2603 ex-

1158 2607 1257 2638 terior
1281 2604 1382 2638 forma
1404 2628 1417 2645 ‚
1456 2608 1488 2651 &
1511 2608 1610 2640 moles
1641 2608 1708 2650 ipsa
1733 2610 1907 2653 aliquando
1941 2615 2072 2646 minime
2096 2612 2169 2646 refi-

1158 2648 1262 2682 stunt.
1289 2648 1589 2695 Sic—hemisphaeria
1611 2653 1730 2686 cerebri
1754 2665 1818 2686 non
1844 2656 1981 2698 amplius
2004 2668 2168 2699 convexa,

1158 2692 1209 2725 sed
1232 2692 1369 2734 depressa
1392 2692 1495 2733 adeo,
1518 2703 1554 2727 ut
1577 2693 1650 2728 esset
1673 2696 1809 2729 altitudo
1824 2700 1986 2733 eorundem
2009 2702 2044 2733 in
2065 2701 2167 2735 eodem

1149 2736 1245 2777 plano
1267 2736 1433 2783 horizonta]
1451 2737 1621 2778 parallelo,
1644 2740 1676 2772 in
1699 2751 1757 2782 quo
1778 2740 1929 2784 callosum
1951 2745 2068 2785 Corpus
2079 2754 2143 2777 erat
2154 2769 2169 2786 ,

1153 2779 1319 2822 conspexit
1346 2780 1471 2813 Velslus
1494 2783 1508 2819 <
1531 2792 1546 2813 c
1567 2785 1581 2820 )
1602 2807 1607 2813 .
1645 2783 1696 2815 Sic
1720 2783 1883 2818 cerebrum
1907 2797 1945 2818 eo
1966 2787 2129 2821 reciaetum
2151 2813 2166 2828 ,

1155 2833 1190 2855 ut
1220 2823 1320 2865 pilam
1337 2822 1529 2865 palmariam
1563 2825 1621 2858 vix
1653 2826 1733 2860 mole
1755 2837 1891 2869 aequaret
1910 2851 1923 2869 ,
1956 2830 2081 2863 invenit
2106 2834 2165 2864 Pa-

1155 2878 1254 2906 raeus,
1278 2877 1342 2899 non
1367 2866 1441 2899 satis
1465 2875 1608 2900 accurate
1631 2869 1663 2901 in
1677 2869 1889 2912 Sepulchreto
1911 2875 1925 2911 (
1947 2873 1967 2905 d
1987 2876 2001 2912 >
2022 2876 2161 2908 citatus.

1155 2910 1206 2942 Sic
1226 2934 1239 2951 ,
1270 2911 1416 2952 exiguum
1445 2910 1537 2948 instar
1559 2910 1641 2944 oculi
1665 2912 1772 2946 bovini
1803 2916 1844 2948 ad
1866 2915 2056 2950 sescunciam
2080 2929 2164 2952 acce-

1153 2955 1225 3000 dent
1247 2954 1329 2986 vidit
1355 2954 1564 2995 Stegmannus
1588 2957 1602 2993 ζ
1623 2966 1637 2988 e
1659 2959 1696 2995 )‚
1721 2956 1799 2990 adde
1822 2959 1966 3002 &simul
1989 2968 2163 3003 totumpu-

1153 2996 1321 3039 trefaft'um
1345 2997 1387 3029 Θ
1409 3006 1609 3038 corruptum:
1633 3009 1703 3041 quae
1726 3010 1773 3033 res
1798 3003 1837 3036 ad
1859 3006 2046 3037 memoriam
2070 3005 2161 3038 redu-

1151 3041 1196 3072 cit
1219 3039 1360 3072 cerebelli
1385 3051 1512 3082 quoque
1535 3053 1643 3083 graves
1667 3043 1706 3075 ab
1729 3043 1974 3089 hydrocephalo
1997 3047 2158 3089 laesiones,

1152 3093 1188 3116 ut
1213 3084 1246 3115 in
1270 3082 1370 3116 modo
1394 3084 1642 3127 laudataN'elsii
1667 3110 1680 3126 ,
1702 3089 1734 3120 &
1756 3089 1803 3120 vel
1828 3092 1930 3132 magis
1955 3091 1987 3123 in
2012 3091 2158 3124 observa-

1149 3126 1292 3160 tionibus
1317 3125 1510 3175 Littrii·(f
1525 3131 1540 3166 )
1556 3153 1564 3167 ,
1587 3132 1619 3162 &
1637 3131 1692 3173 Jo.
1718 3132 1835 3166 David.
1860 3133 2048 3167 Mancharti
2071 3137 2156 3177 (g),

1150 3171 1223 3203 &in
1249 3169 1357 3202 eadem
1371 3172 1484 3203 Laubn
1508 3183 1577 3213 qua:
1591 3174 1687 3215 paulo
1712 3185 1781 3207 ante
1801 3175 1941 3210 indicata
1965 3175 2024 3212 est.

1147 3214 1205 3246 Sed
1229 3214 1436 3256 plerumque3
1460 3216 1581 3248 tametsi
1607 3217 1688 3250 hanc
1713 3218 1845 3260 speciem
1868 3221 2081 3263 Antiquior-es
2092 3231 2155 3254 non

1145 3260 1346 3299 posuerunt3
1370 3256 1604 3301 hydrocephali
1628 3273 1705 3303 aqua
1740 3262 1782 3294 est
1805 3266 1839 3295 in
1863 3264 2051 3297 ventriculis
2073 3285 2082 3301 ‚
2117 3275 2155 3298 ut

1147 3302 1293 3334 Vesalius
1316 3303 1329 3339 (
1351 3299 1371 3333 h
1393 3304 1408 3340 )
1432 3304 1464 3333 in
1491 3303 1627 3345 primis,
1651 3314 1722 3338 tum
1744 3305 1856 3338 deinde
1881 3315 1931 3339 tot
1955 3308 2009 3340 alii
2026 3308 2153 3340 invene-

1144 3355 1197 3382 re,
1222 3354 1258 3378 ut
1283 3354 1359 3386 puta
1384 3344 1549 3379 Schulzius
1577 3352 1587 3386 (
1611 3349 1624 3381 ι’
1644 3352 1679 3388 >,
1704 3351 1736 3381 ὅ(
1759 3361 1797 3381 ex
1819 3349 1919 3383 modo
1945 3372 1953 3386 ‚
1978 3360 2030 3384 aut
2055 3351 2151 3393 paulo

1147 3398 1218 3420 ante
1241 3389 1418 3421 nominatis
1430 3389 1592 3431 Laubius,
1617 3390 1847 3430 Manchartus,
1871 3393 2152 3433 Riedlinus‚Lit-

2029 3449 2109 3470 [rius

102 3491 2152 3510 ——ss———ss———W

212 3538 226 3568 )
241 3539 305 3567 Eph.
324 3540 359 3563 N.
376 3540 406 3564 C.
426 3541 486 3564 Dee.
502 3547 525 3564 2.
540 3542 573 3565 A.
588 3543 611 3565 6.
628 3541 689 3566 obs.
705 3544 760 3567 208.

232 3571 291 3593 Dec.
309 3576 331 3593 ι.
349 3571 378 3593 Α.
394 3573 417 3594 6.
436 3570 496 3595 obs.
514 3572 551 3600 58.

235 3601 373 3624 Commerc.
392 3602 422 3626 Α.
440 3603 462 3625 8:
479 3601 550 3626 hebd.
569 3600 634 3631 supra
649 3604 691 3628 cit.
707 3605 736 3628 ad
753 3611 776 3627 n.
800 3612 838 3629 10.

231 3631 307 3658 oper.
324 3631 342 3654 1.
359 3639 384 3659 7.
401 3639 421 3655 c.
442 3639 463 3655 1.

216 3660 229 3689 >
249 3661 302 3693 Vid.
321 3661 373 3685 Ast.
391 3661 512 3686 Helvetie.
530 3663 604 3687 Tom.
622 3671 642 3687 1.
661 3671 682 3688 c.
700 3671 719 3689 x.
739 3673 763 3689 n.
780 3670 804 3690 ⁶.

234 3692 297 3720 Dn'p.
318 3693 346 3715 de
363 3698 449 3716 mutuo
466 3692 544 3717 intest.
561 3694 651 3722 mgreff.
668 3696 695 3718 Ρ.
712 3702 733 3719 2.
750 3696 811 3721 Obs.
830 3704 853 3720 2.

234 3729 257 3745 2.
276 3723 300 3746 in
318 3723 380 3747 Sect.
399 3723 441 3747 hac
461 3726 497 3747 16.

237 3752 290 3776 Aer.
308 3753 371 3782 Lips.
388 3755 426 3777 Μ.
446 3755 513 3779 Nom
532 3755 562 3777 A.
582 3756 648 3778 1686.
711 3757 725 3785 (
737 3764 755 3787 y

205 3788 214 3808 >
231 3785 266 3806 De
286 3785 394 3807 Renunc·
414 3786 516 3808 Vulner.
535 3786 558 3808 S.
576 3793 597 3809 2.
614 3793 634 3809 c.
654 3792 676 3810 ι.

202 3812 215 3840 )
232 3814 289 3840 Se&
309 3815 360 3837 ead.
378 3814 403 3837 in
422 3815 504 3838 Addit.
523 3815 579 3838 Obs
599 3823 634 3840 ιι.

822 3534 938 3573 ('a)n‚
954 3550 975 3572 9.

865 3665 908 3695 (n
924 3666 938 3694 )
954 3665 1014 3694 Eph.
1030 3668 1064 3690 N.
1083 3667 1110 3690 C.

736 3789 750 3816 ζ
765 3795 776 3810 c
791 3787 805 3815 )
822 3788 881 3811 Obs.
900 3787 967 3816 supra
983 3787 1024 3811 cit.
1043 3796 1065 3811 2.

228 3844 350 3873 Sepulchr.
368 3845 428 3871 Sect.
445 3852 488 3870 cu.
505 3845 566 3871 ΟΜ.
584 3849 606 3871 6.

1038 3544 1052 3572 (
1067 3543 1081 3567 b
1097 3541 1107 3573 )
1125 3542 1236 3567 Animad.
1255 3544 1314 3568 ibid.
1331 3545 1374 3568 tit.

614 3571 678 3602 (f)
693 3573 755 3602 Eph.
772 3575 805 3598 N.
827 3576 856 3597 C.
875 3576 945 3598 cent.
966 3581 985 3597 ι.
1003 3573 1026 3597 δι
1042 3583 1065 3597 2.
1084 3573 1141 3598 obs.
1161 3580 1209 3602 ¹²7·
1227 3574 1249 3597 8:
1268 3575 1327 3599 Sest.
1344 3576 1388 3600 hac
1405 3579 1443 3600 16.
1459 3577 1583 3606 Sepulchr.
1600 3577 1625 3601 in
1642 3578 1724 3602 Addit.
1743 3577 1802 3602 Obs.
1820 3585 1856 3602 122.
1875 3578 1934 3604 vers.
1951 3580 1995 3606 fin.

901 3606 915 3633 (
932 3605 946 3627 b
963 3604 976 3633 )
992 3605 1055 3633 apud
1072 3604 1163 3628 Fabric.
1183 3604 1214 3628 ab
1232 3607 1326 3634 Aquap.
1341 3605 1370 3629 de
1386 3607 1499 3637 Chirurg.
1516 3610 1621 3636 operat.
1638 3608 1677 3632 ubi
1693 3609 1723 3633 de
1739 3608 1893 3638 Hydroeeph.

526 3634 537 3656 <
553 3631 569 3656 k
585 3634 594 3662 )
613 3634 675 3664 apud
692 3635 813 3660 schenck.
829 3635 888 3660 ΟΜ.
904 3635 973 3660 Med.
991 3635 1008 3658 l.
1027 3644 1044 3659 ι.
1065 3634 1105 3659 ubi
1121 3634 1151 3659 de
1169 3636 1324 3665 Hydroceph.
1341 3642 1415 3661 mort.

559 3724 572 3752 <
590 3731 600 3747 ι
617 3724 630 3752 )
646 3724 708 3753 eph.
724 3727 759 3750 N.
780 3729 808 3751 e.
828 3729 899 3751 eent.
920 3697 989 3750 lfa?
997 3697 1169 3760 figiffissi
1188 3697 1259 3721 cm*
1281 3705 1317 3721 ω’
1333 3696 1392 3721 oss.
1411 3700 1449 3728 33'

771 3757 780 3787 j
797 3758 857 3781 Sess,
877 3758 919 3781 cit.
937 3757 962 3780 in
980 3757 1062 3781 Addit.
1079 3756 1140 3780 Obs.
1157 3759 1180 3780 8.

698 3815 759 3846 (f)
777 3818 836 3841 Hist.
855 3817 884 3841 de
901 3818 917 3841 ι’
933 3818 1012 3842 Acad.
1027 3819 1057 3841 R.
1075 3817 1116 3843 des
1132 3820 1167 3841 St:r
1188 3821 1216 3841 Α.
1238 3827 1303 3849 ¹703-

669 3847 683 3877 (
699 3847 708 3869 ἐ
726 3848 733 3877 )
750 3849 811 3877 apud
829 3847 930 3874 Lauffer.
947 3848 973 3873 in
989 3848 1046 3874 Diss.
1063 3848 1108 3874 eit.
1126 3848 1148 3878 §-
1164 3855 1200 3878 23.

1436 3546 1450 3575 (
1465 3553 1477 3570 ι·
1492 3547 1506 3575 )
1522 3545 1581 3571 Obs.
1600 3553 1636 3576 35.
1653 3546 1735 3575 saepius
1750 3547 1792 3572 cit.
1854 3549 1869 3577 (
1883 3547 1900 3572 d
1915 3546 1924 3578 )
1941 3547 2001 3574 0bs.
2018 3553 2058 3580 36:

1479 3639 1492 3667 (
1507 3639 1516 3662 ι
1537 3641 1545 3668 )
1561 3638 1623 3667 Eph.
1641 3641 1676 3663 N.
1694 3641 1722 3663 c.
1741 3641 1799 3663 Dec.
1816 3646 1837 3664 2.
1854 3642 1885 3664 A.
1903 3647 1940 3665 10.
1955 3639 2017 3668 obs.
2030 3649 2069 3672 42.

1434 3667 1443 3698 (
1458 3677 1470 3692 ο
1486 3668 1500 3698 )
1516 3668 1629 3693 Animad.
1648 3669 1692 3694 cit.
1710 3669 1776 3698 supra
1794 3670 1824 3694 ad
1839 3677 1866 3696 n.
1883 3678 1904 3701 9.

1514 3700 1527 3728 (
1544 3708 1554 3723 r
1571 3700 1584 3727 )
1600 3708 1621 3723 c.
1637 3700 1678 3724 cit⁴
1696 3707 1718 3723 n.
1735 3700 1811 3729 super.

1227 3729 1241 3757 (
1257 3736 1272 3750 α
1289 3729 1297 3758 )
1314 3729 1394 3757 Progr.
1413 3729 1442 3753 de
1457 3731 1535 3754 nervis
1550 3730 1633 3758 Optie.
1652 3734 1696 3754 sec.

1243 3760 1250 3787 (
1271 3765 1288 3785 z
1305 3757 1391 3787 )'Sest.
1409 3759 1460 3784 ead.
1478 3760 1536 3784 obs.
1559 3768 1595 3784 ιι.
1653 3762 1667 3790 (
1684 3769 1698 3784 a
1714 3764 1725 3788 ,’>
1742 3760 1801 3785 Diff.
1818 3762 1860 3785 cit.
1879 3761 1945 3792 supra
1961 3762 1990 3787 ad
2008 3771 2031 3788 n.
2048 3766 2071 3787 6.

1129 3788 1143 3816 (
1159 3786 1176 3810 d
1192 3787 1206 3816 )
1222 3789 1284 3812 Seel.
1302 3790 1346 3812 hae
1364 3789 1422 3813 Obs.
1443 3797 1476 3814 ιν..
1493 3791 1529 3815 sed
1547 3792 1659 3819 Operum
1675 3794 1695 3816 l.
1712 3800 1735 3820 7.
1752 3800 1800 3816 nnn
1818 3794 1839 3816 8,

1369 3821 1415 3851 (g
1433 3821 1442 3851 l
1460 3822 1519 3851 fflph.
1540 3823 1574 3845 N.
1590 3822 1619 3846 C,
1636 3824 1692 3847 Dec.
1708 3830 1730 3852 3·
1749 3826 1779 3847 A.
1797 3832 1820 3850 4.
1839 3823 1894 3848 obs.
1915 3830 1952 3852 59-
1971 3831 1996 3849 n.
2013 3832 2035 3853 9·

1129 3667 1200 3690 Cent.
1219 3674 1240 3690 1.
1257 3666 1313 3690 Obs.
1332 3675 1370 3694 29.
