2498 4075
421 143 514 200 186

350 236 386 262 ta
407 225 566 264 habeam,
588 230 654 255 non
678 219 822 254 reticebo
842 242 851 250 .
885 217 975 252 Nam
997 215 1116 250 Galerii
1137 219 1152 256 (
1168 225 1192 259 p
1213 218 1227 255 )
1249 225 1355 248 exem-

351 270 444 315 plum
466 267 590 302 secutus
601 287 614 305 ,
635 264 694 306 qui
716 264 855 305 accipere
877 260 917 297 ad
935 257 1156 296 diffefflonem
1177 258 1302 296 fimiam
1320 259 1355 293 in

349 325 430 357 aqua
449 309 634 354 suffocatam
656 306 877 350 consueverat,
901 315 965 337 non
988 302 1115 338 verebar
1135 330 1143 343 ,
1168 314 1205 336 ne
1228 310 1357 345 propte-

350 368 402 395 rea
427 356 525 393 nimis
549 360 738 395 turgerent,
760 348 896 385 citiusve
918 346 1154 390 putrescerent.-
1180 345 1247 381 haec
1268 346 1358 381 enim

347 401 405 443 qui
427 406 593 437 verentur,
618 406 674 433 ea,
698 394 841 436 opinor,
859 390 1012 425 cadavera
1036 391 1225 432 intelligunt
1244 411 1257 428 ,
1286 399 1358 430 quae

347 444 472 479 diutius
495 443 529 474 in
553 451 633 482 aqua
656 437 804 477 fuerint,
831 445 867 470 ut
888 434 1081 469 cessantibus
1092 433 1258 468 nonnullis
1284 443 1361 465 cau-

347 487 387 522 fis
410 498 482 529 quae
506 486 670 521 internum
694 491 796 514 aerem
829 479 991 514 servabant
1024 476 1238 520 compressum
1258 498 1271 516 2
1305 474 1360 510 hic

347 531 413 574 jam
446 531 476 567 se
499 529 528 567 se
560 527 700 570 explicet
725 532 820 567 atque
856 521 1014 566 expandat
1035 546 1045 560 ,
1077 530 1114 555 ut
1137 518 1262 553 credere
1286 529 1360 552 cum

347 574 422 611 Cel.
444 573 578 611 >Senacio
601 574 670 613 (q)
695 568 851 601 malumus
871 589 884 606 ,
907 577 1004 609 quam
1027 565 1067 599 ab
1091 574 1173 607 aqua
1197 573 1254 605 per
1275 562 1361 596 cutis

346 629 445 663 poros
469 617 621 656 ,subeunte
645 614 736 648 illam
759 611 937 646 voluminis
961 607 1250 652 amplificationem
1270 616 1361 649 repe-

348 672 415 701 tere
430 686 441 702 ,
464 661 506 694 ob
527 669 625 703 quam
649 655 883 692 submersorum
894 664 1029 696 corpora
1054 649 1184 687 efundo
1206 657 1361 688 enatent,

347 710 384 742 in
408 705 596 745 summoque
617 699 788 736 consistant
803 722 810 730 .
836 698 953 740 Neque
976 694 1149 733 cadavera,
1174 691 1232 727 nisi
1257 703 1362 727 recen-

349 751 397 788 tia
410 774 422 791 ,
446 747 582 791 optabat
597 767 606 783 ‚
629 753 665 777 ut
689 751 770 784 puto
783 765 796 783 ,
816 740 959 787 Jacobus
972 738 1102 782 Sylvius
1124 740 1211 781 (r),
1232 737 1289 780 qui
1302 736 1361 770 ho-

346 795 473 833 minum
496 791 588 833 aquis
611 786 786 821 mersorum
808 794 946 827 corpora
969 782 1095 816 caeteris
1129 781 1325 816 anteferebat
1348 802 1358 818 ,

348 836 437 881 quod
460 836 494 868 in
520 833 571 871 his
594 831 703 865 omnia
718 830 790 863 sunt
813 828 964 869 integra,
981 825 1106 870 fiaquae
1128 834 1274 868 magnam
1293 824 1363 870 vim

349 891 388 918 ex
410 877 586 915 ventriculo
609 873 756 911 manibus
788 868 955 914 compresso
980 879 1039 911 per
1061 866 1259 912 oesophagum
1286 864 1362 912 effu-

345 924 451 961 deris:
475 929 658 964 quanquam
682 916 749 951 haec
771 914 839 957 ipsa
862 915 1013 957 exceptio
1036 911 1140 954 Sylvii
1162 935 1175 952 ,
1197 910 1361 946 adversan-

346 967 434 1001 tibus
458 965 637 1000 multorum
662 958 937 996 observationibus
957 981 970 999 ,
992 956 1071 998 saepe
1095 954 1158 989 tibi
1182 955 1288 988 minus
1311 955 1361 987 vi-

345 1011 477 1047 debitur
500 1005 687 1044 necessaria.
713 1005 806 1040 Nam
820 1002 984 1041 Platerus‚
1007 999 1101 1036 sicuti
1125 999 1160 1033 in
1173 995 1361 1042 Sepulclire-

344 1064 382 1093 to
405 1053 467 1096 (s)
489 1051 583 1087 habes
597 1072 607 1089 ‚
631 1048 802 1092 aliquoties
814 1054 984 1089 expertus,
1009 1043 1177 1088 paululum
1192 1041 1362 1076 dumtaxat

344 1110 434 1142 aquae
452 1098 493 1130 vin
518 1105 628 1133 eorum
651 1091 833 1127 ventriculo·
855 1086 1068 1132 deprehendit
1092 1098 1100 1119 :
1126 1095 1163 1119 ut
1186 1086 1224 1120 ab
1241 1096 1326 1128 ,aqua
1348 1108 1362 1126 ,

344 1143 425 1179 aeris
448 1142 523 1179 loco
546 1140 581 1173 in
603 1137 754 1171 arteriam
778 1134 931 1176 Asperam
956 1131 1067 1174 illapsa
1091 1153 1099 1176 ?
1132 1137 1280 1163 mortuos
1304 1139 1362 1174 po.

342 1188 409 1225 tius
432 1184 644 1220 existimaret.
670 1180 729 1213 Sed
740 1176 912 1220 Wepferus
935 1179 999 1216 (t)
1024 1177 1057 1208 in
1081 1171 1240 1209 submerso
1259 1172 1362 1208 casto-

342 1241 376 1268 re
399 1240 437 1263 ne
461 1230 495 1261 in
521 1223 733 1270 pulmonibus
755 1221 886 1264 quidem
909 1219 1057 1259 invenit,
1082 1220 1115 1252 i&
1137 1215 1358 1250 Waldschmi-

344 1273 417 1307 dius
440 1275 510 1312 (u)
534 1268 665 1306 tandem
688 1268 721 1301 in
739 1264 909 1309 submersis
931 1275 967 1297 ne
987 1260 1151 1310 guttulam
1174 1260 1298 1302 quidem
1322 1271 1358 1292 a-

343 1328 412 1361 quae
435 1318 467 1355 in
490 1311 694 1351 ventriculo,
717 1316 774 1345 aut
796 1309 828 1342 in
852 1307 975 1341 thorace
999 1314 1133 1348 reperire
1156 1313 1293 1345 unquam
1316 1303 1357 1336 li-

340 1359 432 1406 cuisse
447 1383 459 1401 ,
481 1356 689 1393 confirmavit
713 1378 721 1394 ,
755 1351 1001 1395 astipulantibus
1027 1348 1174 1390 deinceps
1197 1357 1271 1381 cum
1295 1347 1358 1381 Be-

342 1404 442 1440 ckero
466 1405 534 1443 (x)
555 1398 617 1437 five
641 1399 676 1432 in
700 1397 833 1433 homine
853 1420 862 1436 ,
893 1393 954 1430 sive
977 1396 1012 1426 in
1037 1391 1144 1427 bestiis
1166 1414 1179 1432 ,
1211 1390 1358 1433 pluribus

341 1449 415 1487 aliis
439 1443 712 1482 observatoribus
727 1464 740 1481 ,
762 1439 864 1475 donec
877 1438 1018 1474 Littrius
1042 1439 1115 1478 (y)
1138 1445 1272 1484 paucam
1286 1437 1360 1484 qui-

341 1494 417 1528 dem
440 1493 475 1526 in
498 1489 671 1528 hominum
695 1483 927 1527 pulmonibus,
949 1480 1000 1517 sed
1025 1480 1160 1515 multam
1183 1489 1218 1512 in
1240 1486 1360 1512 ventri-

342 1536 418 1576 culo
441 1545 555 1577 aquam
580 1528 726 1574 reperisse
749 1528 794 1569 se,
823 1525 968 1569 scripsit,
1104 1567 1110 1574 ι
1153 1566 1159 1572 ι

388 1590 441 1623 41.
468 1576 560 1612 Mihi
584 1576 707 1609 veroin
731 1573 871 1614 iisrquas
881 1569 1010 1608 dicam,
1034 1565 1177 1602 bestiolis
1201 1564 1357 1601 haeccon-

341 1625 424 1668 tigit
448 1621 632 1656 observare.
657 1616 795 1653 Porcelli
819 1614 885 1651 duo
910 1611 1039 1652 Indici,
1063 1622 1128 1645 mas
1148 1633 1160 1650 ,
1185 1611 1217 1642 &
1242 1609 1355 1645 foemi-

341 1679 406 1707 na5
428 1675 569 1709 quorum
603 1662 660 1696 ille
683 1662 739 1703 qui
765 1662 797 1693 &
821 1655 949 1693 craffior
971 1661 1038 1692 erat
1059 1678 1072 1695 ‚
1104 1653 1210 1688 multo
1232 1653 1356 1687 diutius

339 1713 377 1746 in
399 1722 479 1754 aqua
502 1708 608 1747 vixit;
632 1704 716 1740 nihil
742 1702 836 1747 hujus
860 1701 894 1734 in
916 1698 1118 1735 ventriculo,
1144 1694 1228 1730 nihil
1240 1698 1273 1729 in
1297 1708 1357 1739 gu-

340 1757 372 1790 la
384 1779 397 1797 ,
420 1753 506 1788 nihil
529 1753 563 1784 in
588 1760 704 1785 trunco
736 1747 860 1782 arteriae
882 1743 1010 1787 Asperae
1042 1741 1220 1778 habuerunt
1240 1753 1248 1774 ε
1283 1740 1357 1782 spu-

340 1798 450 1834 mosus
482 1796 653 1832 dumtaxat
676 1790 796 1826 humor
833 1798 930 1823 manu
953 1798 971 1821 e
1003 1783 1218 1828 pulmonibus
1251 1784 1358 1826 expri-

340 1842 510 1882 mebatur·
535 1841 624 1875 Cum
647 1836 808 1871 dubitaret
832 1832 951 1874 aliquis
975 1840 1088 1862 eorum
1113 1828 1170 1871 qui
1195 1826 1321 1861 aderant
1344 1850 1357 1868 ,

341 1899 382 1924 ne
407 1885 494 1923 forte
517 1882 595 1918 dum
619 1879 754 1926 porcelli
779 1889 817 1910 ex
840 1885 924 1919 aqua
948 1871 1149 1919 auferrentur
1171 1895 1180 1910 ‚
1203 1882 1236 1904 ea
1261 1881 1358 1912 quam

341 1931 417 1975 gula
443 1953 457 1971 ,
489 1936 543 1963 aut
568 1927 699 1968 larynge
735 1919 911 1966 praesertim
942 1914 1109 1950 hausissent
1130 1937 1142 1955 ,
1174 1911 1356 1948 defluxisset

340 1973 565 2011 inobservata3
589 1969 724 2003 tertium
749 1965 866 2008 pariter
891 1958 1038 1997 suffocari
1057 1956 1146 2004 jussi.
1171 1958 1278 2000 capite
1301 1968 1357 1989 au-

340 2028 409 2055 tem
432 2024 596 2060 arreptum
619 2010 660 2045 fic
685 2009 813 2045 afferri,
839 2005 923 2051 nihil
947 2013 981 2037 ut
1007 2004 1108 2053 posset
1132 1999 1285 2050 effluere;
1309 2011 1357 2032 res

341 2072 449 2099 tamen
472 2069 508 2094 ut
534 2060 568 2091 in
593 2056 717 2093 duobus
740 2052 852 2095 primis
878 2046 1045 2099 se..h³b¹¹.¹t
1068 2072 1076 2086 ‚
1101 2057 1157 2080 nec
1181 2043 1360 2090 quidquam

341 2121 357 2142 e
380 2103 559 2148 compressis
581 2097 792 2144 pulmonibus
818 2092 962 2141 produt-2
986 2089 1044 2127 nifi
1069 2090 1139 2125 alba
1165 2099 1262 2138 aquea
1285 2088 1361 2136 spu-

342 2163 418 2190 ma,
440 2159 496 2182 nec
520 2146 589 2180 sane
613 2143 715 2178 multa
739 2166 746 2174 .
781 2135 1023 2181 Epiglottidem
1045 2144 1115 2176 quae
1150 2131 1201 2182 his
1223 2130 1266 2165 est
1290 2141 1360 2166 ani-

342 2193 505 2231 mantibus
529 2188 712 2233 perbrevis,
736 2193 801 2218 non
824 2180 934 2216 inveni
958 2176 1167 2228 depressamj
1189 2182 1302 2220 itaque
1320 2185 1361 2224 ‘a-

341 2239 432 2272 ditus
457 2237 491 2268 in
515 2235 679 2276 laryneem
705 2226 854 2273 patebat.
989 2223 1140 2256 Erinacei
1163 2229 1293 2262 quoque
1317 2218 1361 2250 il-

342 2283 405 2319 lam
429 2280 581 2317 brevem,
605 2271 635 2310 ἃ
661 2274 741 2310 hanc
766 2277 926 2315 patentem
950 2265 1088 2300 habuere
1111 2289 1119 2297 .
1158 2264 1196 2296 In
1220 2272 1360 2305 quorum

343 2326 446 2361 tribus
471 2322 580 2356 eadem
602 2330 673 2363 quae
700 2318 733 2351 in
758 2312 909 2357 porcellis
932 2307 1083 2353 quaefivi.
1112 2307 1238 2356 Primus
1267 2328 1276 2344 ‚
1309 2316 1360 2338 ea-

344 2369 416 2404 dem
441 2367 590 2403 cautione
613 2374 652 2395 ex
674 2369 755 2403 aqua
777 2356 936 2394 eduetus,
959 2351 1099 2395 spumosi
1125 2360 1215 2392 aquei
1240 2349 1360 2383 humo.

344 2415 389 2450 ris
413 2411 601 2455 portionem
623 2405 772 2445 exiguam
795 2402 830 2433 in
842 2395 1044 2432 ventriculo,
1071 2392 1275 2426 nihilautem
1298 2390 1362 2424 ser„

345 2468 397 2493 me
421 2457 456 2491 in
469 2449 682 2497 pulmonibus
696 2470 707 2487 ,
729 2445 788 2488 qui
811 2449 902 2476 erant
915 2436 1066 2476 flaccidi,
1090 2435 1228 2485 ostendit
1242 2460 1249 2467 .
1274 2436 1363 2469 Cum

347 2500 425 2538 hic,
448 2506 597 2534 mortuus
620 2500 710 2526 antea
732 2487 817 2521 visus
837 2508 849 2527 ,
881 2483 939 2518 sub
960 2481 1068 2515 cultro
1102 2490 1212 2530 vivum
1233 2477 1261 2513 se
1286 2488 1363 2528 pro..

346 2540 500 2580 didiffet3
522 2539 603 2574 duos
626 2535 769 2575 reliquos
783 2556 791 2571 ‚
815 2538 960 2566 marem,
982 2527 1015 2560 &
1038 2521 1209 2575 foeminam
1230 2545 1243 2563 ,
1275 2521 1365 2555 volu1

345 2587 404 2625 sub
425 2595 506 2628 aqua
528 2580 664 2616 detineri
688 2576 836 2612 diutius3
859 2580 974 2613 magna
997 2578 1082 2617 enim
1105 2577 1139 2616 vi
1157 2590 1170 2607 ‚
1193 2577 1258 2601 non
1280 2564 1366 2599 secus

346 2643 384 2668 gc
407 2630 497 2675 prior
513 2650 522 2665 ,
547 2624 683 2661 foemina
707 2617 903 2664 praesertim,
926 2622 1073 2660 quamvis
1095 2621 1203 2657 minor
1222 2632 1235 2651 ,
1267 2619 1367 2641 emer-

346 2686 419 2722 gere
441 2670 659 2706 conabantur.
684 2666 774 2701 Dum
795 2669 905 2695 autem
917 2657 1078 2699 subaqua
1089 2654 1183 2687 eslent
1198 2675 1216 2703 ,ι
1234 2664 1344 2685 omnes
1357 2676 1366 2691 ,

346 2718 400 2754 sed
423 2716 561 2750 maxime
585 2709 748 2748 foemina,
770 2714 873 2740 aereas
898 2713 937 2736 ex
959 2710 1014 2732 ore
1038 2698 1142 2732 bullas
1167 2696 1368 2731 animadver-

346 2764 376 2796 ti
400 2759 532 2797 subinde
554 2756 725 2792 emittere,
747 2759 818 2792 quae
841 2746 880 2780 ad
899 2744 1061 2780 summum
1085 2752 1172 2791 aquae
1193 2739 1367 2789 contende.

347 2807 444 2842 bant·
471 2805 509 2836 In
533 2805 740 2837 mortuorum
762 2789 952 2825 ventriculis
976 2798 1069 2836 aquae,
1089 2784 1196 2820 nihil:
1220 2796 1259 2817 ex
1284 2783 1366 2833 albi-

347 2847 496 2884 cantibus
518 2839 726 2888 pulmonibus
750 2836 859 2880 spuma
883 2833 958 2867 elici
982 2828 1191 2874 exprimendo
1223 2835 1334 2870 potuit
1355 2851 1363 2859 .

349 2895 453 2929 Erant
476 2888 513 2924 hi
538 2885 698 2921 erinacei,
719 2890 755 2916 ut
779 2880 871 2921 prior
894 2885 1047 2920 quoque,
1071 2885 1110 2907 ex
1133 2883 1246 2922 eorum
1268 2881 1365 2921 gene..

350 2948 406 2977 re,
429 2934 486 2978 qui
508 2930 586 2967 naso
609 2925 741 2963 canibus
764 2922 836 2956 sunt
858 2920 1027 2955 similiores
1052 2930 1061 2949 .-
1084 2927 1150 2959 quo
1174 2926 1281 2950 minus
1302 2926 1366 2947 mi.

351 2989 437 3014 ratus
461 2977 554 3015 sum,
578 2973 688 3016 pilos,
711 2967 769 3010 qui
793 2965 918 3000 collum
933 2988 943 3004 ,
964 2970 1135 3011 mentum,
1158 2960 1268 3003 peetus
1287 2980 1300 2998 ,
1318 2960 1366 3008 ,ὃς

350 3022 428 3061 huic
454 3017 626 3061 subjeetam
649 3010 831 3048 abdominis
853 3017 996 3052 partem,
1022 3003 1194 3047 axillasque
1216 3025 1225 3041 ‚
1260 3005 1291 3036 &
1315 3011 1366 3035 in-

351 3068 451 3112 guina
474 3059 689 3097 obtinebant,
712 3053 900 3100 pulicibus,
924 3061 988 3083 non
1002 3049 1087 3082 secus
1111 3056 1210 3090 atque
1234 3048 1266 3080 in
1289 3055 1366 3079 cane

351 3109 508 3155 quopiam
536 3130 547 3147 ,
580 3102 746 3140 refertos·‚
779 3095 960 3131 incidebam
985 3102 1091 3127 autem
1122 3090 1183 3124 hos
1206 3090 1287 3123 duos
1310 3087 1367 3137 sub

352 3152 438 3196 Maii
462 3150 576 3186 finem.
602 3144 663 3181 Sed
687 3145 721 3176 in
745 3142 855 3185 primo
873 3163 885 3180 ,
921 3148 1018 3180 quem
1039 3145 1184 3170 extremo
1221 3132 1367 3166 Odiobm

354 3198 563 3232 dissecueram
577 3218 586 3232 ,
609 3185 762 3225 nonnihil
787 3185 921 3218 miratus
936 3192 1019 3228 eram
1037 3205 1045 3219 ,
1069 3179 1160 3223 quod
1171 3179 1255 3210 intra
1267 3186 1367 3216 unum

352 3238 590 3277 bronchiorum
611 3241 750 3268 vermem
782 3225 1054 3270 deprehendislem
1077 3225 1187 3258 vivum
1205 3244 1218 3261 ,
1248 3220 1367 3270 oblon-

354 3296 454 3329 gum,
478 3291 630 3319 tenuem,
653 3277 760 3311 album
775 3296 784 3311 ‚
809 3280 885 3305 curn
907 3270 977 3308 ibi,
1001 3276 1054 3302 aut
1079 3270 1112 3302 in
1137 3266 1272 3310 reliquis
1295 3263 1368 3313 pul-

355 3327 530 3366 monibus,
551 3323 671 3365 Aspera
683 3317 822 3355 arteria,
845 3314 997 3349 thorace,
1021 3309 1198 3360 oesophago
1214 3334 1221 3346 ‚
1245 3316 1368 3340 ventu-

357 3373 456 3412 culo,
478 3366 659 3404 intestinis,
683 3374 754 3407 quae
780 3360 890 3394 omnia
903 3357 1032 3400 aperui,
1055 3359 1087 3389 &
1112 3353 1285 3396 diligenter
1297 3349 1366 3385 sum

357 3415 591 3459 perscrutatus,
613 3420 670 3444 nec
694 3403 833 3440 morbidi
859 3400 1036 3446 quidquam
1057 3423 1067 3438 ,
1092 3409 1146 3433 nec
1168 3405 1306 3445 vermem
1331 3405 1364 3427 a-

357 3461 439 3495 lium
460 3458 565 3492 ullum
586 3451 756 3497 potuissem
779 3457 916 3490 reperire
930 3468 944 3486 ,
967 3446 1094 3486 ipseque
1116 3439 1190 3475 esset
1204 3448 1364 3473 erinaceus

359 3503 463 3538 valens
486 3511 520 3534 ac
542 3498 671 3534 vividus
703 3504 739 3530 ut
764 3493 822 3536 qui
845 3489 984 3527 maxime
1002 3512 1011 3521 .
1047 3486 1131 3528 Qae
1154 3483 1211 3520 etfi
1241 3480 1279 3516 ad
1302 3481 1365 3516 hoc

947 137 1107 193 Liber
1138 135 1205 190 11.
1239 137 1326 190 De
1362 132 1573 189 Morbis
1608 131 1869 188 Thoracis

1406 210 1607 256 propositum
1629 213 1735 246 minus
1759 213 1924 250 attinent3
1949 217 2057 245 tamen
2079 207 2210 254 quando
2231 206 2267 241 in
2288 206 2358 241 haec
2380 204 2424 240 fi-

1406 256 1474 291 mul
1498 265 1575 290 tunc
1588 255 1690 289 incidi
1703 277 1712 292 ‚
1733 255 1789 291 hic
1814 255 1904 289 nolui
1918 256 2102 297 praeterire3
2123 262 2161 288 ut
2170 250 2317 285 conferre
2336 251 2422 285 hunc

1407 311 1481 335 cum
1503 299 1664 333 vermibus
1688 299 1780 341 poffis
1802 310 1883 342 quos
1903 310 1921 330 e
1937 297 2146 341 pulmonibus
2167 294 2332 329 extuffitos
2345 296 2420 328 Ma-

1407 342 1490 391 jores
1513 346 1580 386 (z)
1603 341 1805 377 tradiderunt
1827 365 1837 380 ,
1862 340 1925 376 five
1947 342 1996 376 ibi
2021 343 2149 385 genitos
2164 362 2179 380 ,
2209 337 2272 371 five
2294 336 2423 371 aliunde

1408 388 1519 431 potius
1542 386 1664 421 censeas
1687 383 1866 420 advenisse.
2003 386 2043 418 In
2065 384 2198 427 Talpa,
2217 392 2314 426 quam
2339 381 2423 415 utin

1412 442 1493 473 aqua
1517 428 1709 466 suffocarent
1719 452 1733 469 ,
1754 428 1975 463 laboraverant
1995 428 2055 464 diu
2079 450 2092 468 ,
2127 430 2160 461 &
2181 436 2278 468 quarn
2313 433 2423 458 tamen

1412 474 1596 508 semivivam
1608 472 1742 508 diffecui
1753 495 1767 513 ,
1787 473 1983 507 ventriculus
1998 482 2131 516 paucam
2154 480 2268 513 aquam
2282 467 2396 502 habuit
2408 477 2422 506 ς

1411 530 1429 551 e
1452 516 1659 560 pulmonibus
1682 524 1789 551 autern
1807 541 1818 557 ‚
1848 517 1993 558 alioquin
2015 514 2155 558 turgidis
2174 535 2184 550 ,
2215 523 2281 545 non
2302 523 2386 556 aqua
2408 534 2425 553 ,

1412 561 1464 599 sed
1498 560 1664 605 spumosus
1688 559 1808 595 humor
1841 557 2001 604 expressus
2024 559 2087 593 est.
2222 556 2329 589 Muris
2362 555 2423 589 do-

1414 605 1536 639 mestici
1560 616 1619 639 nec
1642 604 1861 645 ventriculus,
1883 613 1940 636 nec
1963 603 2131 645 pulmones
2164 599 2340 643 quidquam
2364 598 2422 633 ha-

1413 649 1549 683 buerunt
1573 660 1685 693 aquae,
1706 649 1742 681 in
1765 658 1827 690 qua
1851 646 2008 689 perierat.
2141 644 2257 687 Neque
2280 644 2315 677 in
2327 642 2422 676 Glire

1413 692 1572 732 nostrate,
1595 691 1703 725 eadem
1726 701 1831 724 morte
1852 698 2019 732 perempto
2038 713 2051 730 ,
2072 690 2167 723 aliter
2190 687 2298 721 inveni
2310 697 2322 725 3
2344 697 2421 720 nam

1412 734 1469 770 etsi
1494 735 1692 770 ventriculus
1716 734 1927 769 subflaccidus
1949 731 2121 767 humorem
2142 729 2330 766 continebat
2358 741 2369 769 ς
2393 731 2421 764 is

1411 789 1496 814 certe
1520 790 1586 813 non
1609 787 1676 812 erat
1699 789 1801 822 aqua.
1826 776 1936 818 Hujus
1957 788 2088 821 quoque
2102 778 2265 819 laryngem
2288 784 2422 807 nonoc-

1412 824 1535 858 clusam
1557 823 1686 866 inveni,
1708 820 1937 865 epiglottidem
1971 829 2078 855 autem
2101 820 2258 854 humilem
2280 817 2360 850 adeo
2383 827 2421 852 ut

1412 869 1469 902 vix
1490 875 1670 911 appareret,
1691 867 1887 910 Qanquam
1910 873 2016 898 autem
2037 874 2101 897 non
2125 866 2160 896 in
2183 859 2422 903 submersissin-

1414 911 1522 955 gulis,
1570 922 1618 944 uae
1637 908 1789 949 diffecui,
1814 907 2005 942 animalibus
2026 908 2158 940 minime
2193 904 2365 949 depressam
2387 916 2422 938 e-

1412 955 1549 1000 piglotti
1574 965 1624 988 em
1649 977 1662 994 ,
1693 953 1891 996 minimeque
1913 950 2074 985 occlusam
2105 951 2269 993 laryngem
2294 959 2421 982 memo..

1413 1010 1480 1033 rem
1501 1010 1512 1038 5
1544 998 1670 1032 nullum
1701 1005 1807 1031 tamen
1830 996 1978 1030 omnium
2011 992 2104 1029 fuisse
2128 1017 2135 1032 ‚
2166 994 2271 1034 scito,
2295 993 2330 1025 in
2353 1003 2420 1034 quo

1411 1042 1481 1119 sssaec
1496 1041 1709 1093 ‘quaefiverim
1736 1066 1747 1083 ,
1783 1039 1871 1086 quod
1894 1038 1933 1074 ad
1956 1038 2091 1074 eundem
2114 1038 2248 1072 modum
2272 1046 2338 1070 non
2361 1035 2421 1069 ha-

1437 1095 1521 1121 uerit
1534 1110 1542 1119 .

1454 1141 1508 1173 42,
1532 1131 1621 1163 Cum
1641 1140 1718 1164 vero
1742 1129 1820 1164 alias
1843 1128 1916 1161 aliis
1939 1126 1978 1161 de
2000 1124 2097 1160 causis
2120 1137 2221 1160 unum
2242 1126 2388 1161 catulum
2410 1149 2421 1166 ,

1413 1176 1446 1207 &
1469 1172 1546 1207 feles
1567 1172 1666 1211 duas,
1692 1173 1786 1207 n0&e
1810 1173 1957 1215 proxima
1980 1170 2082 1203 editas
2103 1193 2111 1208 ‚
2135 1171 2292 1204 incisurus
2310 1195 2324 1211 ,
2355 1181 2421 1205 me.

1408 1216 1594 1258 miniffem,
1616 1217 1712 1252 illum
1735 1216 1859 1250 diutius
1883 1217 1917 1248 in
1950 1225 2030 1257 aqua
2055 1214 2165 1248 vixisse
2186 1238 2199 1256 ,
2231 1213 2288 1248 has
2310 1226 2385 1249 vero
2407 1240 2422 1258 ,

1408 1261 1575 1304 postquam
1598 1260 1656 1295 diu
1678 1261 1787 1294 conati
1810 1259 1905 1293 essent
1931 1258 1987 1293 sub
2011 1269 2090 1301 aqua
2104 1257 2278 1299 suffocare,
2301 1262 2334 1291 &
2357 1258 2424 1294 suf.

1409 1304 1524 1339 focasse
1545 1305 1673 1341 demum
1696 1303 1881 1343 crederent,
1906 1302 2016 1335 allatas
2036 1324 2045 1339 ‚
2069 1312 2125 1344 per
2147 1301 2285 1335 mensam
2309 1312 2424 1338 anato-

1410 1350 1529 1384 micam
1552 1358 1677 1392 reptare
1699 1347 1853 1391 coepiffe3
1878 1346 2023 1388 pluribus
2047 1346 2080 1378 in
2105 1344 2222 1380 felibus
2246 1357 2350 1380 recens
2365 1358 2423 1382 na-

1409 1396 1453 1428 tis
1477 1393 1654 1436 periclitari
1677 1392 1798 1433 volui,
1830 1390 1954 1425 visurus
1977 1388 2133 1433 quamdiu
2165 1390 2200 1423 in
2224 1401 2306 1433 aqua
2336 1392 2424 1426 vive.

1409 1445 1479 1472 rent
1497 1460 1510 1477 ,
1533 1436 1583 1472 sed
1608 1435 1784 1480 praesertim
1802 1458 1816 1477 ,
1848 1444 1923 1468 cum
1946 1433 2084 1474 denique
2117 1443 2254 1469 mortuae
2287 1433 2386 1468 essent
2408 1460 2422 1479 ,

1409 1479 1489 1524 quid
1514 1491 1601 1523 aquae
1625 1481 1659 1513 iri
1684 1478 1867 1513 ventriculo
1889 1501 1902 1518 ‚
1934 1480 1967 1510 &
1990 1476 2199 1520 pulmonibus
2232 1475 2387 1512 haberent
2410 1504 2423 1513 .

1409 1526 1518 1569 Igitur
1540 1523 1639 1563 duas,
1663 1533 1735 1557 ante
1756 1522 1929 1558 duodecim
1952 1519 2046 1555 horas
2069 1520 2171 1555 editas
2191 1544 2201 1560 ,
2233 1532 2309 1555 cum
2333 1523 2423 1556 vive-

1407 1580 1439 1604 re
1462 1569 1497 1602 in
1521 1578 1599 1610 aqua
1632 1576 1774 1601 natantes
1797 1566 1944 1600 o&avam
1968 1565 2032 1607 jam
2067 1565 2199 1597 circiter
2221 1563 2312 1600 horre
2350 1578 2423 1609 par.

1407 1622 1495 1652 tem,
1517 1609 1679 1656 viderem3
1707 1609 1877 1652 pertaesum
1900 1607 1942 1642 est
1965 1619 2064 1642 morae
2087 1633 2096 1649 ,
2128 1607 2260 1652 juffique
2282 1612 2387 1649 mergi
2410 1634 2421 1651 ‚

1408 1659 1441 1689 &
1463 1655 1504 1688 fic
1528 1656 1643 1687 mersas
1669 1655 1804 1686 retineri
1825 1678 1832 1685 .
1859 1651 1961 1695 Qod
1985 1663 2060 1686 cum
2083 1652 2273 1694 aliquandiu
2296 1648 2422 1690 facium

1408 1697 1507 1739 esset,
1529 1708 1609 1730 mox
1634 1697 1703 1731 vidi
1736 1695 1800 1730 fine
1823 1696 1894 1728 ullo
1916 1705 2010 1729 motu
2033 1697 2067 1728 in
2101 1694 2224 1730 summa
2248 1708 2327 1740 aqua
2352 1709 2424 1732 ma..

1407 1751 1538 1782 nentes,
1560 1749 1596 1774 ut
1620 1742 1756 1776 omnino
1778 1738 1983 1773 crederentur
2005 1739 2177 1774 extin&ae.
2204 1738 2264 1773 Sed
2278 1750 2353 1773 cum
2377 1743 2424 1776 al.

1407 1796 1475 1820 tera
1498 1785 1544 1818 ibi
1569 1785 1681 1818 reli&a
1694 1808 1707 1826 ,
1729 1783 1861 1817 alteram
1885 1780 2066 1817 dissecarem
2082 1808 2091 1823 ,
2114 1783 2219 1817 totius
2240 1785 2389 1827 corporis
2412 1810 2422 1826 ,

1407 1833 1441 1864 ἅτ
1462 1828 1568 1863 cordis
1593 1827 1793 1871 praeserdm,
1816 1836 1924 1861 motus
1939 1826 2171 1861 animadverti.
2194 1828 2361 1862 Caeterum
2371 1840 2423 1864 ne-

1407 1884 1468 1916 que
1492 1873 1526 1905 in
1551 1871 1673 1916 hujus,
1698 1872 1845 1915 nequein
1868 1870 2024 1910 alterius,
2047 1870 2147 1914 paulo
2161 1870 2233 1914 post
2256 1881 2396 1907 mortuae
2413 1901 2424 1916 ,

1407 1916 1588 1949 ventriculo
1611 1915 1791 1959 quidquam
1805 1938 1819 1956 ,
1840 1912 1902 1948 nisi
1925 1914 1974 1947 lac
1998 1914 2265 1958 semiconcretum
2290 1914 2422 1957 inveni,

1408 1968 1445 1993 ut
1467 1958 1593 1993 caseum
1604 1958 1827 1993 secundarium
1851 1957 2011 1994 referret-⁷
2030 1955 2091 1991 Sed
2104 1957 2272 2002 utriusque
2295 1959 2427 2002 pulmo.

1409 2014 1462 2036 nes
1484 2013 1559 2035 cum
1582 2002 1752 2045 aspicerem
1783 2010 1875 2036 totos
1906 1997 2149 2037 confertissimis
2184 2002 2318 2037 bullulis
2354 2005 2426 2048 ple.

1411 2056 1489 2083 nos,
1513 2056 1568 2087 per
1578 2045 1795 2079 membranam
1820 2045 1976 2079 exeimam
1988 2045 2284 2087 translucentibus,
2309 2057 2423 2091 ratus,

1411 2099 1469 2132 per
1492 2086 1681 2133 laryngem,
1703 2099 1800 2135 quam
1822 2087 2016 2130 epiglottide
2038 2098 2102 2122 non
2111 2088 2271 2124 occlusam
2296 2091 2427 2126 invene-

1411 2142 1479 2167 ram
1494 2153 1504 2169 ,
1528 2142 1643 2175 aquam
1653 2128 1779 2175 subiisse
1792 2154 1805 2171 ,
1826 2131 2011 2166 diffeffione
2035 2142 2099 2164 rem
2116 2132 2305 2168 confirmavi
2315 2146 2330 2175 ;
2351 2127 2427 2179 pluss

1412 2178 1514 2212 rimus
1538 2176 1648 2217 enirn,
1670 2174 1907 2217 exprimendo,
1933 2185 1987 2216 per
2010 2173 2165 2209 sefflones
2177 2174 2296 2211 humor
2318 2180 2424 2215 exivit

1413 2218 1579 2262 spumosus
1594 2242 1604 2258 ‚
1630 2229 1698 2263 quo
1720 2218 1891 2260 pulmones
1913 2216 2044 2253 distenti
2067 2229 2156 2253 erant
2170 2245 2178 2253 .
2203 2220 2363 2255 Totidem
2375 2221 2425 2259 fe..

1413 2264 1478 2303 les,
1502 2271 1574 2295 ante
1606 2261 1702 2296 horas
1726 2260 1825 2295 ferme
1848 2262 2061 2306 quadraginta
2087 2272 2175 2298 natas
2205 2289 2214 2303 ‚
2249 2275 2305 2298 nec
2330 2277 2427 2302 manu

1412 2304 1584 2341 submersas
1604 2328 1613 2343 ,
1647 2304 1698 2340 sed
1720 2305 1832 2340 tandiu
1855 2307 1889 2338 in
1914 2317 1992 2348 aqua
2023 2306 2150 2341 relietas
2173 2307 2273 2342 donec
2294 2331 2305 2346 ,
2336 2310 2427 2353 quod

1412 2361 1478 2400 non
1503 2347 1583 2383 adeo
1606 2349 1709 2389 longo
1731 2357 1876 2390 tempore
1902 2349 2024 2385 fad-um
2047 2349 2112 2390 est,
2136 2351 2261 2394 prorsus
2284 2363 2423 2389 mortuae

1410 2393 1598 2441 ,Viderenntur
1618 2416 1627 2432 ‚
1652 2393 1752 2426 secare
1776 2391 1932 2435 aggressus
1952 2414 1960 2429 ‚
1985 2393 2040 2427 etsi
2065 2395 2194 2428 alteram
2220 2394 2388 2430 dumtaxat
2411 2422 2425 2438 ,

1413 2448 1484 2477 quae
1509 2435 1679 2478 aliquanto
1702 2435 1872 2471 diutiusin
1897 2447 1976 2477 aqua
1990 2435 2117 2477 fuerat,
2139 2437 2243 2480 reapse
2260 2448 2425 2475 mortuam

1416 2480 1547 2519 inveni,·
1570 2480 1603 2512 in
1629 2489 1764 2520 utraque
1786 2478 1977 2513 tamenillas
2001 2492 2054 2523 per
2064 2489 2153 2516 totos
2176 2482 2344 2523 pulmones
2354 2484 2426 2518 bul-

1418 2522 1499 2556 lulas
1520 2521 1610 2560 vidi3
1636 2521 1685 2555 sed
1711 2532 1778 2553 aere
1800 2521 1861 2557 hos
1882 2524 1985 2564 magis
1999 2545 2008 2560 ,
2032 2535 2130 2566 quam
2151 2524 2286 2559 humore
2311 2526 2424 2569 plenos

1418 2562 1645 2607 deprehendi.
1680 2565 1890 2601 Ventriculus
1915 2575 2020 2599 autem
2054 2567 2143 2601 illius
2166 2580 2238 2611 quae
2272 2568 2425 2605 semiviva

1417 2607 1547 2643 dissecta
1569 2607 1697 2646 fuerat,
1719 2619 1794 2642 cum
1817 2620 1934 2652 aquam
1956 2610 2134 2644 contineret
2158 2622 2291 2654 paucam
2312 2626 2322 2652 5
2347 2615 2427 2648 alte-

1417 2654 1482 2688 rius
1506 2661 1573 2699 erat
1598 2664 1676 2695 aqua
1699 2654 1838 2686 maxime
1863 2652 2041 2693 distentus,
2066 2665 2162 2697 quam
2175 2656 2358 2702 priusquam
2371 2670 2426 2692 tie.

1417 2698 1483 2732 cari
1507 2694 1650 2738 iussissem
1665 2719 1677 2736 ,
1700 2705 1786 2729 certe
1809 2707 1871 2729 non
1884 2705 2075 2740 potaverat.-
2099 2707 2233 2742 utraque
2257 2711 2363 2735 autem
2376 2714 2426 2736 ar-

1419 2749 1514 2783 repto
1535 2741 1640 2782 capite
1665 2739 1703 2773 ad
1727 2751 1775 2773 me
1796 2737 1976 2773 diffecanda
1999 2741 2095 2774 allata
2118 2741 2161 2776 est
2183 2755 2194 2782 3
2219 2754 2256 2776 ne
2279 2744 2363 2778 forte
2386 2758 2426 2780 ex

1418 2786 1532 2827 primae
1556 2783 1737 2817 ventriculo
1760 2783 1917 2817 refluxisse
1939 2783 2064 2828 aliquid
2083 2808 2096 2825 ,
2130 2795 2166 2819 tu
2189 2798 2320 2831 quoque
2344 2816 2352 2822 .
2389 2798 2426 2823 ut

1418 2828 1553 2870 plurimi
1578 2826 1681 2860 solent
1706 2852 1715 2866 ‚
1740 2825 1924 2872 suspiceris,
2058 2828 2180 2863 Eadem
2204 2842 2331 2874 quoque
2344 2824 2427 2867 ‘cau-

1416 2873 1507 2905 tione
1531 2880 1669 2913 arreptas
1702 2870 1776 2905 feles
1801 2871 1878 2904 alias
1899 2869 1976 2905 duas
2001 2882 2233 2916 perpaucorum
2265 2875 2390 2909 dierum

1415 2926 1485 2957 quae
1510 2914 1548 2948 ad
1573 2914 1706 2949 eundem
1730 2913 1843 2949 occisae
1868 2914 1993 2948 fuerant
2017 2915 2150 2951 modum
2165 2939 2177 2956 ,
2197 2929 2272 2952 cum
2293 2901 2427 2953 disseca-⁸

1416 2970 1482 2992 rem
1500 2984 1509 2998 ‚
1533 2969 1669 3002 aqueum
1693 2959 1726 2991 in
1760 2958 1943 2991 ventriculo
1968 2959 2131 3003 utriusque
2162 2959 2333 2995 humorem
2355 2963 2426 2998 vidi

1416 3013 1482 3036 non
1505 3003 1551 3035 ita
1575 3013 1710 3044 paucum
1733 3023 1742 3038 ‚
1776 3001 1912 3036 multam
1939 3012 2043 3038 autern
2068 3004 2172 3037 albam
2198 3016 2330 3047 aqueam
2353 3006 2427 3050 spu-

1416 3057 1502 3080 mam
1524 3046 1562 3079 de
1586 3045 1791 3088 pulmonibus
1814 3046 1960 3088 expreffi.
2092 3049 2240 3091 Denique
2251 3047 2326 3085 feles
2374 3063 2428 3084 ua..

1417 3099 1519 3129 tuor,
1542 3089 1644 3124 editas
1667 3089 1760 3123 nuile
1781 3090 1930 3131 proxima
1944 3112 1953 3128 ‚
1979 3089 2033 3123 etsi
2046 3098 2081 3125 ut
2105 3091 2258 3134 capienda
2278 3105 2348 3137 quae
2374 3106 2426 3129 arn

1418 3132 1620 3176 postulabant
1642 3132 1880 3175 experimenta,
1905 3131 2008 3167 lassari
2056 3137 2144 3170 otius
2163 3137 2197 3169 in
2230 3147 2309 3180 aqua
2333 3137 2428 3172 vehe-

1418 3186 1567 3227 menter,
1598 3186 1694 3219 quam
1727 3173 1878 3209 suffocari
1902 3201 1915 3217 ‚
1946 3146 2124 3222 juffiflfgm3
2154 3178 2251 3213 velim
2286 3191 2393 3216 tamen
2413 3204 2427 3223 ,

1418 3221 1497 3255 scias
1520 3243 1530 3258 ‚
1565 3221 1714 3254 omnium
1736 3220 1952 3254 ventriculum
1976 3220 2014 3254 ad
2049 3223 2214 3265 ingentem
2237 3226 2428 3269 proportio-

1419 3275 1458 3297 ne
1503 3261 1759 3306 magnitudinem
1801 3263 1965 3299 tumidum
2008 3262 2099 3300 fuisse
2145 3277 2250 3309 pauco
2292 3268 2427 3313 quidem

1418 3308 1499 3343 laste
1523 3307 1776 3347 semiconcreto‚
1801 3307 1940 3349 plurima
1966 3318 2069 3342 autem
2091 3321 2192 3351 aqua.

1460 3362 1514 3394 43.
1540 3353 1593 3386 Ex
1626 3350 1752 3400 cunetis
1785 3350 1959 3393 propositis
1993 3351 2272 3391 observationibus
2294 3378 2307 3396 ,
2341 3357 2428 3389 inter

1417 3394 1446 3428 se
1468 3402 1664 3437 comparatis
1688 3418 1698 3433 ‚
1731 3391 1765 3426 id
1790 3395 1933 3436 primurn
1956 3397 2060 3440 liquet
2082 3419 2095 3436 ‚
2117 3407 2183 3430 non
2194 3397 2349 3433 smultum
2373 3398 2429 3433 de-

1416 3440 1513 3480 nique
1537 3439 1609 3480 opis
1631 3437 1668 3469 ab
1692 3445 1804 3479 aperto
1827 3448 1891 3471 non
1915 3439 2015 3474 modo
2037 3440 2207 3475 Foramine
2230 3443 2328 3477 Ovali
2342 3466 2353 3483 ‚
2378 3441 2429 3476 sed

1417 3478 1782 3517 &TubuloArterioso
1792 3482 2027 3525 expeffitandum
2051 3482 2108 3517 esse
2119 3483 2161 3517 ad
2184 3483 2429 3521 suffocationem

2305 3528 2386 3564 effu-

365 3616 2413 3649 W

509 3694 546 3718 De
563 3694 636 3715 Anat.
655 3687 753 3714 Admin.
770 3687 788 3712 1.
806 3693 828 3712 ι.
845 3692 867 3709 e.
885 3691 907 3713 3.

477 3695 494 3753 )>
508 3722 567 3748 Sest-
586 3722 629 3745 hac
645 3727 667 3745 2-
683 3718 742 3743 ΟΜ.
758 3726 796 3747 ⁴4·

474 3754 497 3815 ))
512 3751 594 3778 Τηέἱ.
611 3750 640 3774 de
657 3749 776 3773 Submets.
794 3751 871 3770 morte
888 3744 937 3768 fine
953 3750 1010 3773 pota
1028 3750 1103 3771 aqua.

509 3782 561 3809 Vid.
578 3780 641 3812 apud
657 3779 776 3805 Schenck.
793 3776 855 3801 obs.
872 3774 944 3800 Med.
958 3774 977 3799 l.
995 3783 1016 3799 2.
1034 3773 1075 3799 ubi
1091 3772 1120 3796 de
1136 3770 1275 3797 Pulmonib-

969 3683 984 3712 (
1000 3691 1014 3713 q
1029 3682 1044 3705 δ
1058 3680 1119 3706 Hist.
1136 3679 1166 3704 de
1184 3679 1201 3706 1'
1209 3676 1283 3703 acad.
1301 3678 1334 3701 R.
1352 3677 1394 3701 des
1409 3677 1447 3701 Sc.
1463 3676 1496 3700 A.
1514 3682 1581 3705 ¹7²5-

857 3716 872 3745 (
888 3721 898 3739 t
915 3713 929 3743 )
944 3713 1007 3743 Epa.
1026 3715 1061 3739 N.
1079 3713 1107 3737 C.
1125 3713 1185 3735 Dec.
1204 3718 1224 3734 1.
1243 3710 1314 3741 A-a.
1333 3708 1391 3732 Obs.
1410 3713 1466 3737 ²51.

1167 3740 1210 3770 (y
1225 3739 1240 3767 )
1256 3739 1320 3763 Hist.
1339 3738 1369 3763 de
1386 3734 1486 3762 [Ἀοιὰ
1503 3739 1534 3761 R.
1552 3737 1593 3761 des
1610 3737 1646 3761 Sc.
1667 3738 1696 3760 Α,
1717 3743 1783 3766 ι7ι9,

1643 3675 1681 3703 (ν
1700 3674 1707 3703 )
1728 3674 1788 3703 Isag.
1808 3678 1879 3701 Anat,
1897 3675 1915 3701 1.
1935 3683 1955 3704 3-
1972 3682 1994 3699 c.
2011 3683 2051 3706 ²3.
2093 3691 2101 3694 γ-

1525 3708 1533 3736 (
1553 3714 1570 3730 ιι
1586 3704 1600 3734 )
1615 3704 1722 3731 Eatund.
1739 3707 1796 3731 Dec.
1814 3714 1836 3731 π..
1854 3709 1883 3731 Δ.
1900 3709 1922 3730 6.
1942 3704 2003 3734 ΟΜ,
2020 3714 2070 3743 152.
