2498 4075
98 185 112 203 fl

516 231 668 296 Epist.
706 232 867 285 Anat.
904 231 1120 284 Medica
1153 228 1388 282 XXXIX.
1425 229 1547 283 Art:
1581 246 1658 284 21.

75 308 180 350 plures
202 320 275 344 eum
297 321 459 346 rumorem
479 311 665 354 aneurysma
687 311 768 350 effe,
792 310 1068 349 existimaverant,

75 362 172 391 quem
196 353 365 388 Severinus
393 357 480 397 (g)
514 353 605 388 sicuti
638 355 684 389 ob
713 353 901 395 compressas
937 355 1067 387 arterias

68 395 241 430 Carotides
264 397 408 440 pulsare,
430 397 629 436 crediderat,
653 399 697 432 ita
721 399 788 443 post
811 407 950 431 mortem
974 396 1067 430 difle-

68 438 196 479 cando,
218 440 289 480 ait,
323 452 428 475 veram
462 440 492 475 se
524 442 716 484 opinionem
748 442 833 476 suam
866 440 1032 473 ostendisse
1057 464 1065 472 .

71 479 173 524 Qod
195 482 218 517 fi
251 484 301 517 vel
334 485 473 518 exterius
507 495 571 517 non
606 487 691 520 deest
715 485 838 519 errandi
862 484 1067 526 periculum3

68 533 194 566 quanto
218 527 280 560 erit
303 530 405 570 magis
427 528 461 560 in
493 527 532 560 iis
558 529 705 562 Partibus
727 540 798 571 quae
823 527 884 561 alte
907 528 993 560 inter
1016 526 1067 558 vi-

68 569 155 603 scera
176 568 318 604 conditae
341 569 439 604 sunt?
462 569 565 607 Vide,
600 581 636 604 ut
667 572 868 614 ingenuitate
900 579 1067 612 nunquam

64 611 146 646 -satis
168 612 420 647 commendanda
452 613 505 645 Cl.
539 615 616 647 Viri
646 616 701 660 Jo.
737 613 820 648 Phil.
857 612 1065 655 Burggrafius

67 658 84 696 (
104 653 125 688 h
147 658 181 695 J,
203 658 235 689 &
260 656 371 690 Petrus
394 656 601 691 Tabarranus
622 661 636 698 <
659 658 704 700 ἱ)
729 658 891 691 memoriae
925 654 1066 690 tradide-

67 698 136 734 rint
157 710 228 741 quae
251 698 325 741 ipsis
348 699 531 742 contigere.
555 700 616 735 Ille
640 700 850 743 pulsationem
874 699 913 732 ab
934 699 1067 732 umbili-

65 753 107 777 co
130 740 169 775 ad
193 742 300 776 cordis
323 741 420 785 usque
445 743 660 777 scrobiculum
685 746 920 784 pertinentem,
942 745 973 776 &
997 750 1068 774 tan-

67 795 136 819 tam
151 809 161 823 ,
184 793 218 818 ut
241 784 320 827 saepe
343 785 382 818 ab
406 784 602 821 adstantibus
633 787 734 821 audiri
768 786 869 829 posset
892 808 902 823 ,
931 786 1069 829 triginta

68 837 176 863 autem
198 829 229 860 δε
251 836 392 870 quatuor
415 829 500 871 ipsos
523 841 621 863 annos
644 830 867 873 perdurantem
892 840 966 862 cum
1002 837 1067 860 non

67 872 108 905 ab
130 870 277 913 legitimo
300 873 422 905 arteriae
437 893 446 908 ,
470 873 503 905 in
528 873 714 907 mesenterio
746 872 898 915 insignis,
920 869 1070 913 aneurys-

68 923 174 951 mate,
196 915 315 955 quippe
336 913 402 956 ejus
424 915 586 950 diametro
616 916 672 950 vix
706 916 801 958 paulo
835 915 1033 957 amplificata
1056 935 1066 951 ‚

70 956 123 992 sed
145 957 184 989 ab
208 955 333 999 spurio,
358 967 395 991 ut
418 958 580 994 Lancisius
602 959 761 998 vocabat,
786 958 854 994 fieri
878 958 989 1001 posse,
1013 956 1066 990 su·

68 1000 267 1044 spicaretur,
290 1000 388 1043 idque
411 1002 454 1035 ob
475 1003 609 1035 nimiam
632 1002 882 1038 diuturnitatem
905 1000 1067 1034 insanabi-

66 1043 97 1076 le
121 1042 338 1082 existimaret5
363 1044 447 1079 datis
471 1044 539 1087 post
560 1055 612 1079 tot
636 1046 774 1080 aliorum
791 1070 801 1084 ‚
825 1043 980 1079 incassum
1013 1042 1068 1077 ad-

63 1086 194 1123 hibita,
217 1085 357 1121 remedia
379 1088 540 1122 nonnullis
563 1100 635 1132 quae
658 1091 777 1123 interea
801 1089 977 1123 humorum
996 1098 1069 1121 cru-

65 1130 200 1164 ditatem
224 1128 336 1164 saltem
361 1133 560 1174 corrigerent
577 1154 590 1171 ,
615 1141 727 1174 praeter
749 1143 881 1166 omnem
906 1130 992 1172 spem
1019 1131 1068 1161 vi-

66 1173 116 1207 dit
140 1171 354 1216 pulsationem
377 1176 463 1208 intra
487 1185 551 1207 non
583 1175 717 1217 longum
741 1184 867 1219 tempus
890 1173 1068 1209 felicissime

67 1217 245 1262 sublatam.
271 1218 477 1252 Tabarranus
514 1228 589 1251 vero
623 1216 682 1252 sub
717 1220 847 1261 regione
880 1217 1067 1261 epigastrica

67 1270 133 1292 non
158 1260 377 1301 pulsationem
412 1261 530 1297 modo,
554 1260 603 1294 sed
626 1264 658 1295 &
689 1270 852 1297 tumorem
876 1263 976 1305 pugni
999 1272 1068 1295 ma-

67 1303 237 1344 gnitudine
267 1314 341 1337 cum
370 1302 625 1346 deprehendisset
648 1327 657 1343 ,
693 1317 791 1349 eaque
835 1318 911 1341 cum
943 1306 1068 1339 caeteris

71 1346 305 1391 aneurysmatis
335 1348 475 1389 legitimi
510 1347 595 1381 notis
628 1348 824 1391 conjunctu
860 1351 994 1383 miratus
1025 1347 1069 1381 est

68 1390 241 1433 postquam
276 1389 375 1433 hujus
406 1392 479 1426 loco
511 1390 703 1426 scirrhosum
736 1392 902 1427 dumtaxat
935 1391 973 1426 ad
1006 1402 1071 1424 me-

68 1432 198 1468 senterii
226 1442 371 1468 centrum
384 1435 546 1469 tumorem
557 1433 722 1477 conspexit
734 1459 743 1476 ‚
769 1436 847 1470 vasis
858 1437 990 1478 Magnis
1003 1444 1071 1469 tam

68 1477 152 1510 affite
187 1476 404 1511 adhaerentem
433 1502 442 1516 ‚
476 1488 511 1512 ut
533 1481 685 1513 -Aortam
729 1490 793 1512 non
828 1481 1038 1522 comprimere
1062 1503 1071 1518 ‚

66 1519 197 1562 ejusque
222 1519 456 1568 pulsationibus
481 1533 544 1554 non
569 1522 678 1557 attolli
710 1533 773 1557 non
807 1523 927 1566 posset.
953 1523 1016 1555 Hae
1042 1531 1072 1555 te

65 1563 321 1597 Observationes
344 1574 455 1605 juvare
479 1574 657 1606 poterunt3
683 1577 732 1601 me
764 1577 839 1600 cum
862 1567 901 1600 de
924 1566 1068 1607 Virgine

66 1607 123 1640 illa
146 1618 246 1650 quam
268 1607 440 1648 descripfi,
466 1617 634 1650 ageretur,
657 1620 722 1643 non
734 1619 907 1652 poterant,
929 1620 994 1643 non
1019 1609 1068 1642 so-

65 1650 132 1684 lum
157 1651 234 1692 quia
257 1658 308 1683 tot
331 1650 433 1684 lustris
457 1651 524 1691 post
547 1650 642 1684 editae
663 1674 672 1691 ‚
706 1652 758 1686 sed
790 1656 821 1686 ἅτ
854 1655 930 1697 quia
965 1651 1068 1695 pulsa-

65 1695 172 1727 tiones
194 1695 228 1726 in
254 1702 388 1735 utraque
412 1694 649 1728 Observatione
680 1696 790 1730 eodem
824 1697 954 1740 prorsus
985 1704 1068 1729 tem-

67 1748 144 1779 pore
176 1748 243 1778 quo
276 1737 309 1768 in
349 1738 475 1771 arteriis
509 1740 652 1777 caeteris,
680 1739 822 1773 fiebant.
848 1741 933 1773 Aliis
967 1740 1068 1781 igitur

62 1792 140 1823 quas
175 1779 271 1822 paulo
305 1789 377 1813 ante
402 1782 523 1822 attigi,
545 1782 811 1816 dubitationibus
836 1783 992 1818 adductus
1028 1783 1067 1816 ad

62 1833 177 1857 caetera
200 1823 393 1864 inquirenda
411 1846 420 1861 ,
443 1836 499 1858 nec
522 1833 651 1859 tantum
675 1826 887 1869 aneurysma,
908 1835 1068 1869 quantum

62 1866 121 1900 esse
144 1866 225 1899 illud
259 1865 415 1901 debuisset
438 1891 449 1906 ,
484 1866 553 1901 fieri
588 1868 723 1910 potuisse
744 1895 753 1909 ‚
787 1870 966 1907 intellexi,
1001 1879 1067 1903 tarn

60 1910 151 1949 brevi
175 1919 344 1952 tempore,
366 1922 399 1944 ac
423 1911 485 1944 fine
511 1912 583 1944 ullis
619 1913 849 1955 gravioribus,
879 1924 952 1956 quae
987 1924 1068 1955 prae-

60 1952 238 1992 cessissent,
262 1962 315 1987 aut
340 1953 625 1997 subsequerentur,
647 1956 883 1995 incommodis,
907 1959 938 1989 &
963 1955 1069 1997 pulsa-

63 1998 170 2030 tiones
203 1998 338 2030 minime
374 1998 565 2032 arteriarum
599 2001 705 2034 motui
739 2000 967 2042 respondentes
993 2025 1001 2040 ‚
1034 2001 1068 2032 in

66 2040 288 2082 aneurysrnate
312 2037 371 2073 esse
398 2051 462 2074 non
497 2039 582 2083 posse
607 2067 615 2075 .
651 2044 766 2086 Itaque
804 2044 841 2077 ad
876 2044 972 2077 aliam
1009 2054 1068 2084 po-

66 2085 133 2130 tius
145 2083 270 2117 causam
295 2094 364 2118 rem
388 2083 495 2118 censui
519 2085 674 2119 attinere.
703 2087 856 2126 Scilicet,
881 2098 918 2121 ut
944 2085 1069 2128 preffius

62 2130 154 2168 supra
175 2129 290 2163 innui,
316 2128 353 2160 ad
369 2127 541 2170 hystericas
565 2130 704 2163 internas
729 2130 974 2167 convulsiones,
996 2141 1069 2171 quae

63 2169 118 2205 hic
143 2171 213 2204 illic
238 2170 387 2204 intestina
411 2171 558 2213 quaedam
575 2197 584 2212 ‚
606 2176 637 2206 &
651 2173 870 2207 mesentericos
885 2175 996 2206 Aortae
1018 2184 1070 2205 ra-

64 2224 135 2249 mos
158 2225 212 2257 per
235 2215 405 2256 inaequalia
429 2217 588 2257 temporis
607 2217 777 2251 intervalla
791 2215 908 2254 maiori
932 2218 964 2248 vi
988 2227 1070 2248 con-

64 2257 279 2299 stringentes,
305 2257 399 2293 simul
431 2268 469 2291 ex
512 2258 671 2293 intestinis
704 2260 768 2294 illis
807 2259 894 2303 quasi
931 2260 1069 2301 globum

64 2301 225 2344 quendam
248 2300 428 2338 efficerent,
461 2303 624 2341 coercito,
659 2303 882 2345 rarefaetoque
916 2313 985 2336 aere
1020 2303 1070 2335 di-

65 2346 225 2382 stentum,
247 2344 341 2378 fimul
364 2345 530 2384 Aortam,
554 2355 588 2380 ut
611 2355 685 2388 pote
708 2345 868 2389 impedito
892 2357 931 2378 ex
954 2357 988 2378 ea
999 2345 1069 2378 san-

64 2389 174 2431 guinis
206 2389 242 2422 in
278 2387 501 2422 mesentericos
532 2399 638 2422 ramos
661 2386 779 2424 effluxu
801 2411 810 2426 ,
844 2387 1066 2422 vehementius

66 2430 192 2476 pulsare
215 2429 348 2465 subinde
370 2441 547 2474 cogerent,
570 2434 601 2464 &
625 2432 815 2474 impolitum
839 2432 973 2474 globum
1002 2442 1065 2464 im-

67 2474 207 2518 pellere.
230 2474 290 2508 Sed
311 2476 466 2517 quoniam
490 2487 544 2517 per
566 2474 785 2510 disseffionem
799 2502 807 2516 ‚
831 2485 866 2510 ut
888 2476 980 2514 dixi,
1002 2476 1065 2508 mi-

66 2520 156 2553 nime
179 2519 294 2555 licuit,
318 2528 385 2551 non
408 2516 560 2552 subfuisse
583 2519 611 2551 ei
645 2521 766 2553 tumori
798 2519 896 2552 ullam
930 2522 1067 2552 arteria-

66 2574 138 2597 rum
160 2561 388 2595 dilatationem
403 2561 640 2601 demonstrare;
663 2564 700 2597 ad
725 2564 824 2596 alium
836 2572 997 2596 tumorem
1014 2574 1064 2596 ve-

64 2608 176 2646 niam,
197 2604 304 2638 eadem
327 2606 360 2637 in
374 2603 441 2639 sede
465 2604 625 2647 positum,
650 2603 700 2640 sed
723 2615 957 2648 permanentem
980 2605 1066 2639 hunc

65 2650 218 2693 quidem,
238 2651 270 2682 δε
295 2657 531 2689 peranatomen
548 2649 773 2689 exploratum.
800 2651 956 2687 Quicum
968 2661 1006 2682 ex
1018 2659 1068 2682 ra-

65 2693 207 2726 rioribus
231 2690 328 2725 fuerit
343 2714 352 2730 ,
377 2693 451 2725 &in
474 2704 507 2725 ea
519 2691 682 2733 Persona,
705 2696 737 2726 ἅς
759 2694 799 2726 iis
813 2692 1067 2736 discrepantium

65 2737 261 2780 opinionum
274 2735 499 2769 controversiis
513 2736 651 2777 agitatus
663 2759 673 2775 ‚
685 2746 722 2770 ut
736 2738 845 2779 paucis
857 2737 922 2778 ejus
935 2735 1069 2769 historia

69 2791 126 2813 nec
140 2777 367 2819 comprehendi
380 2777 543 2821 poffit,nec
553 2778 678 2821 debeat;
688 2791 752 2812 non
765 2781 943 2816 miraberis,
954 2778 975 2812 si
986 2778 1069 2812 hanc

73 2821 193 2862 fufius,
218 2831 314 2863 quam
327 2821 431 2859 soleo,
457 2823 597 2863 partite,
621 2834 656 2861 ac
678 2822 851 2863 diligenter
865 2833 1042 2865 proponam
1060 2847 1067 2854 .

116 2875 166 2899 21.
190 2865 530 2898 FORTUNATUS
563 2866 907 2900 MAUROCENUS
929 2891 938 2905 ,
970 2877 1069 2908 quem

76 2911 119 2945 ab
142 2907 327 2942 Illustribus
348 2908 383 2941 in
407 2908 530 2941 Veneta
554 2908 735 2950 Republica
748 2910 960 2950 Muneribus,
985 2911 1070 2943 Am-

73 2952 272 2998 pliffimaque
296 2950 409 2984 Domo
432 2955 442 2990 (
465 2962 531 2985 erat
564 2953 650 2986 enim
685 2953 842 2986 Francisci
880 2954 982 2987 Ducis
1011 2953 1071 2995 qui

75 3009 117 3032 ex
139 2995 267 3029 subacta
290 2993 488 3036 Peloponeso
512 3006 694 3037 cognomen
717 2995 844 3030 invenit
858 3021 869 3036 ‚
892 2997 1009 3030 Fratris
1032 2996 1072 3029 fi-

76 3043 140 3076 lius
158 3042 175 3079 ,)
197 3036 382 3079 Religionis
404 3048 492 3072 amor
521 3039 555 3071 in
590 3039 820 3073 Venerabilem
843 3038 1072 3075 Casinenfium

76 3079 318 3118 Monachorum
340 3081 507 3115 Familiam
532 3081 734 3121 traduxerat,
759 3083 886 3117 Merita
909 3093 1013 3118 autem
1035 3094 1075 3116 ex

80 3127 139 3161 hac
163 3125 203 3159 ad
225 3122 434 3157 Tarvifinum
453 3126 526 3171 [δι
558 3125 673 3163 deinde
695 3126 736 3161 ad
771 3125 962 3161 Brixianum
995 3127 1074 3168 Epi-

80 3171 249 3212 scopatum
260 3176 447 3204 evexerant3
470 3178 535 3209 Jam
555 3169 629 3202 inde
651 3180 689 3203 ex
711 3181 779 3213 quo
799 3180 931 3214 propter
953 3180 1074 3204 novum

81 3215 159 3248 vitae
170 3222 288 3254 genus,
309 3212 412 3244 rarius
434 3211 468 3244 in
501 3211 643 3247 ublicum
666 3213 816 3254 prodire,
839 3224 876 3247 ut
899 3213 1075 3256 plurimum

82 3266 213 3295 autem,
237 3264 312 3288 cum
335 3262 424 3288 totus
445 3265 461 3287 e
488 3263 519 3288 et
541 3255 574 3289 in
588 3256 758 3289 Sacrorum
783 3256 941 3291 librorum
963 3256 1078 3290 1εᾶἰο-

83 3311 145 3337 ne,
168 3298 273 3332 sedere
296 3295 488 3336 assueverat,
511 3300 667 3340 paulatim
699 3299 996 3343 hypochondriacae
1030 3295 1080 3332 af-

83 3343 219 3378 feffioni
244 3365 254 3379 ,
288 3342 321 3374 &
345 3340 509 3383 sanguinis
532 3352 587 3384 per
616 3341 869 3378 haemorrhoides
891 3342 998 3377 fluxui
1019 3343 1080 3375 ob—

84 3388 202 3420 noxius
227 3384 347 3422 faetus,
372 3392 502 3425 tamen,
526 3383 588 3419 hoc
611 3387 695 3420 intra
721 3389 854 3421 modum
878 3395 1079 3423 recurrente,

85 3431 136 3463 vel
160 3430 260 3471 magis
282 3438 379 3471 quam
402 3429 523 3468 vellet,
547 3428 636 3462 sanus
664 3431 771 3468 vixit,
795 3432 959 3474 pinguiori
992 3428 1079 3462 vide-

86 3474 162 3508 licet
185 3482 338 3513 corpore,
363 3470 539 3514 praesertim
550 3480 655 3506 autem
668 3473 859 3514 abdomine,
880 3479 980 3508 donec
1002 3481 1078 3506 aeta-

87 3526 121 3551 te
144 3516 359 3553 increscente,
380 3515 409 3548 is
429 3513 539 3550 fluxus
561 3516 699 3559 primum
725 3518 848 3555 minui,
870 3518 982 3552 deinde
1013 3515 1079 3559 jam

88 3560 194 3594 nullus
216 3559 274 3593 esse
296 3559 438 3601 incepit.
460 3559 550 3592 Nam
576 3570 613 3592 ue
644 3571 681 3592 eo
712 3560 888 3594 imminuto
911 3583 923 3600 ‚
954 3561 1080 3596 dolores

89 3605 221 3646 quidam
245 3603 387 3640 ventris,
409 3613 491 3645 quos
514 3613 530 3636 a
582 3602 687 3637 atibus
708 3602 765 3638 esse
783 3630 794 3646 ,
817 3601 989 3642 credebat&
1011 3614 1081 3637 mo-

164 3823 199 3854 (g
214 3825 228 3852 )
244 3826 279 3850 oe
296 3824 392 3849 recond.
410 3823 513 3849 Absceff.
531 3830 581 3850 nat.
598 3825 615 3850 1.
633 3833 655 3855 4.
671 3833 692 3850 e.
707 3829 731 3851 6.

792 3826 800 3856 (
818 3827 833 3850 h
849 3827 859 3859 )
876 3827 929 3851 Ast.
947 3828 980 3852 N.
998 3827 1026 3851 C.
1042 3827 1117 3850 Tom.
1131 3830 1154 3851 6.
1170 3825 1230 3851 Obs.
1250 3834 1299 3856 ¹3¹-

1952 244 2044 292 127

1118 309 1241 343 lestiam
1254 308 1415 343 interdum
1428 308 1577 344 creabant
1591 331 1600 346 ‚
1624 309 1703 351 saepe
1715 309 1870 353 repentini
1883 334 1893 350 ,
1915 310 1946 342 &
1964 318 2110 342 momen-

1119 353 1215 392 tarii,
1239 362 1468 396 nonnunquam
1490 353 1586 395 paulo
1608 352 1789 394 longiores.
1814 354 1885 386 Ubi
1921 362 1996 384 vero
2028 362 2111 384 anno

1118 396 1185 438 jain
1206 394 1398 435 sexagefimo
1409 396 1555 434 emenso,
1579 393 1662 428 nihil
1687 397 1821 437 amplius
1833 395 1955 430 fluebat
1982 393 2111 436 sangui-

1116 442 1184 476 nis,
1207 438 1400 473 molestiores
1423 440 1493 473 fieri
1515 448 1709 480 coeperunt,
1732 449 1889 473 autumno
1912 435 2085 481 praesertim
2099 459 2108 474 ‚

1115 493 1211 525 quem
1234 481 1386 516 ultimum
1411 482 1521 522 vidit,
1544 483 1619 516 anni
1645 483 1738 525 1726.
1760 493 1827 525 quo
1848 491 1992 523 tempore
2014 481 2112 514 etiam

1116 537 1155 559 ex
1187 523 1331 558 febribus
1363 526 1523 559 laboravit
1543 549 1550 557 .
1582 525 1643 559 Sed
1675 526 1729 559 has
1761 535 1874 560 cortex
1918 524 2109 558 Peruvianus

1115 567 1338 611 compescuit;
1359 569 1432 601 illos
1454 577 1637 611 opportune
1670 568 1802 606 effluens
1835 569 1937 603 rursus
1973 578 2012 601 ex
2046 566 2112 600 hae-

1116 611 1358 645 morrhoidibus
1382 611 1509 654 sanguis
1533 612 1672 644 levavit.
1699 611 1843 645 Insecuta
1877 611 2014 652 hyeme,
2035 620 2109 644 cum

1115 657 1233 688 iterum
1249 678 1261 694 ‚
1284 666 1319 688 ac
1343 657 1442 688 tertio
1461 657 1492 687 δι
1515 654 1640 692 febres,
1662 655 1832 688 &dolores
1854 654 2034 693 rediiffent;
2057 664 2112 685 eo-

1117 699 1188 731 dem
1219 697 1459 739 superveniente
1488 695 1581 731 fluxu
1614 698 1739 732 levatus
1767 698 1809 731 est
1843 697 1962 738 semper
1984 719 1993 734 ,
2029 706 2112 728 nun-

1118 752 1214 783 quam
1239 742 1444 783 persanatus:
1467 742 1547 783 quin
1581 753 1614 775 ea
1648 740 1833 783 tempestate
1867 742 2009 782 primurn
2042 738 2112 771 ani-

1121 784 1398 826 niadverticoepta
1421 783 1462 817 est
1475 784 1612 818 durities
1635 785 1667 816 in
1693 794 1800 818 ventre
1825 783 1992 825 quaedam,
2015 783 2045 814 δέ
2060 792 2114 813 tu-

1121 839 1192 860 mor
1208 852 1215 858 .
1241 827 1299 860 Ob
1323 827 1377 861 has
1399 827 1505 861 causas
1538 828 1689 869 proximo
1714 840 1785 861 vere
1808 827 1920 860 Brixia
1944 825 2113 859 Patavium

1122 872 1151 904 se
1174 871 1314 904 contulit
1338 895 1346 902 .
1381 872 1459 904 Erat
1491 881 1566 904 cum
1589 873 1710 904 caeteris
1732 871 1949 904 incommodis
1973 869 2034 902 alvi
2059 866 2115 899 ad-

1120 914 1244 947 strilffio
1276 913 1451 955 conjunfia
1472 939 1479 947 .
1512 914 1619 950 Quem
1654 922 1690 946 ut
1723 916 1863 955 primum
1887 936 1898 953 ‚
1930 915 1960 945 δε
2000 911 2116 945 leviter

1119 956 1279 996 solveret,
1303 968 1376 990 cum
1402 956 1504 990 senior
1529 957 1677 991 Medicus
1702 956 1928 992 rhabarbarum
1962 953 2116 988 manden-

1118 1000 1217 1036 dum,
1238 997 1369 1042 paffulis
1392 1000 1584 1038 admistum,
1606 1001 1770 1033 interdurn
1791 1001 1901 1037 daret,
1925 998 2063 1040 indeque
2074 1008 2118 1029 ae-

1119 1053 1173 1085 ger
1197 1041 1254 1074 sib'i
1280 1043 1375 1083 paulo
1400 1044 1510 1076 melius
1533 1041 1647 1076 habere
1667 1043 1854 1080 videretur3
1881 1042 1996 1075 additis
2020 1041 2060 1074 ab
2072 1040 2118 1072 se-

1120 1088 1212 1119 niore
1235 1087 1335 1118 altero
1360 1085 1494 1119 Medico
1518 1085 1665 1119 remediis
1689 1085 1899 1119 validioribus
1914 1110 1923 1125 ,
1947 1085 2037 1126 pejus
2060 1082 2119 1116 ha·

1119 1129 1212 1169 buit,
1235 1127 1507 1171 quemadmodum
1522 1131 1553 1161 δι
1577 1130 1617 1162 ab
1641 1129 1710 1161 aliis
1732 1140 1803 1172 quae
1824 1128 1897 1162 data
1923 1128 1994 1161 sunt
2019 1125 2056 1159 ad
2070 1126 2119 1159 al-

1119 1184 1196 1207 vum
1221 1173 1545 1213 movendam,.aegro
1579 1172 1735 1213 clysmata
1769 1170 1932 1205 aversante
1954 1194 1962 1201 .
1997 1169 2055 1202 Sed
2087 1171 2120 1202 &

1118 1215 1279 1259 quidquid
1303 1216 1521 1252 auxiliorum,
1546 1214 1836 1256 aliospe&antium
1852 1238 1864 1255 ‚
1886 1213 2118 1260 exhiberetur,

1119 1271 1193 1293 cum
1216 1260 1272 1291 vix
1295 1259 1387 1291 semel
1402 1282 1411 1298 ,
1433 1267 1486 1291 aut
1511 1260 1629 1292 iterum
1641 1257 1837 1299 sumpsisset,
1861 1257 2050 1299 respuebat,
2073 1266 2122 1287 vi-

1119 1303 1237 1337 delicet
1251 1311 1385 1343 cogente
1397 1302 1602 1343 ventriculo,
1624 1303 1682 1345 qui
1707 1302 1772 1343 jam
1796 1301 1910 1335 crebro
1933 1302 2053 1332 interea
2066 1310 2122 1331 vo-

1121 1346 1312 1380 mitionibus
1335 1345 1500 1379 subversus
1522 1344 1826 1381 contumaciffimis,
1852 1347 1883 1377 δε
1906 1343 1987 1377 nulli
2010 1342 2123 1388 ceden-

1121 1392 1209 1424 tibus
1233 1388 1447 1422 remediorum
1470 1390 1605 1430 generi,
1629 1390 1741 1429 cibos,
1765 1387 1976 1431 potionesque
2000 1386 2122 1427 rejicie-

1123 1437 1176 1469 bat
1201 1442 1255 1466 aut
1277 1435 1370 1468 cito,
1392 1441 1446 1466 aut
1470 1432 1573 1474 fiquid
1595 1433 1718 1467 diutius
1740 1433 1911 1468 retineret,
1934 1436 1973 1464 ut
1995 1429 2125 1463 coetum

1123 1488 1255 1522 pomum
1279 1476 1369 1519 quod
1394 1477 1527 1509 retinuit
1541 1477 1636 1509 horas
1657 1476 1731 1508 osto
1754 1477 1784 1508 &
1807 1473 2045 1517 quadraginta,
2069 1470 2126 1504 sae·-

1123 1523 1194 1564 pius
1217 1530 1322 1554 tamen
1346 1519 1516 1552 evomebat
1539 1519 1623 1553 nihil
1649 1528 1809 1552 mutatum
1825 1543 1833 1550 .
1861 1519 1978 1550 Praeter
1992 1516 2124 1553 cibum,

1123 1576 1237 1607 aquam
1262 1565 1358 1596 etiam
1381 1562 1533 1604 ejiciebat
1546 1564 1681 1596 multam
1696 1586 1703 1599 ,
1727 1571 1762 1595 ut
1785 1561 1930 1596 humoris
1954 1560 2012 1601 qui
2039 1558 2126 1592 sum-

1124 1618 1196 1651 ptus
1224 1607 1348 1644 fuerat,
1375 1608 1552 1639 mensuram
1576 1605 1735 1648 superaret
1752 1632 1759 1645 ,
1784 1615 1918 1646 eamque
1954 1603 2046 1636 nullo
2080 1601 2128 1635 sa-

1125 1663 1200 1694 pore
1215 1674 1227 1691 ,
1251 1659 1304 1683 aut
1327 1650 1437 1683 colore
1459 1648 1651 1691 praeditam:
1675 1659 1778 1691 neque
1791 1649 1823 1681 in
1848 1657 1915 1682 tarn
1938 1647 2058 1680 crebris
2069 1656 2127 1679 vo-

1121 1694 1316 1728 mitionibus
1339 1692 1516 1736 quidquam
1540 1703 1682 1734 unquam
1715 1701 1771 1726 aut
1795 1692 1894 1725 amari
1922 1699 2128 1733 perceptum,

1121 1748 1176 1772 aut
1209 1738 1372 1777 colorati,
1399 1738 1424 1771 si
1447 1739 1538 1770 cibos
1561 1737 1725 1779 excipias,
1760 1733 2015 1769 animadversum
2047 1733 2091 1767 est
2117 1757 2125 1765 .

1120 1784 1208 1816 Cum
1232 1780 1322 1821 hae'c,
1347 1790 1443 1823 atque
1466 1781 1547 1818 alia,
1573 1783 1604 1814 &
1627 1788 1737 1813 tumor
1761 1779 1980 1822 potiffimum,
2001 1776 2042 1811 de
2061 1788 2128 1831 q‘if’

1121 1835 1198 1859 mox
1223 1825 1351 1858 dicetur
1367 1846 1377 1861 ‚
1401 1823 1547 1857 Medicus
1571 1832 1748 1860 terrerent,
1773 1823 1863 1856 venit
1887 1822 1950 1855 huc
1977 1821 2127 1855 Venetirs

1120 1870 1184 1901 Vir
1208 1870 1357 1901 Summus
1382 1866 1522 1900 Michael
1549 1867 1784 1904 Maurocenus,
1811 1865 1953 1899 Praesulis
1989 1865 2103 1898 Frater
2119 1885 2127 1900 ,

1123 1913 1230 1955 Eques
1245 1938 1252 1952 ‚
1275 1915 1307 1944 &
1330 1912 1463 1944 Senator
1478 1910 1750 1945 Praestantiffimus
1765 1932 1773 1947 ,
1800 1907 1926 1951 tresque
1950 1907 2029 1942 alios
2053 1909 2128 1941 Me-

1121 1955 1234 1995 dicos‚
1259 1956 1293 1987 in
1317 1954 1435 1996 quibus
1457 1956 1488 1987 &
1510 1964 1570 1996 ego
1593 1952 1662 1994 fui,
1686 1954 1837 1988 advocari
1852 1951 1957 1995 juffit,
1983 1960 2019 1986 ut
2041 1962 2128 1993 aegro

1121 1997 1268 2041 inspecto
1289 2022 1297 2038 ,
1332 1997 1464 2031 consilia
1497 2008 1570 2031 cum
1602 1997 1700 2041 hujus
1735 1997 1875 2032 Medicis
1906 1994 2092 2029 conferrent
2118 2019 2124 2027 .

1123 2043 1311 2076 Invenimus
1343 2041 1382 2075 ab
1416 2042 1540 2084 aliquot
1575 2040 1639 2083 jam
1663 2041 1774 2076 diebus
1797 2041 1880 2074 lecto
1903 2038 2053 2079 affixum,
2078 2038 2128 2072 fa-

1123 2087 1191 2124 cie,
1214 2089 1242 2119 St
1268 2085 1399 2120 artubus
1436 2094 1667 2124 extenuatum,
1692 2085 1862 2125 carnibus,
1885 2093 1921 2117 ut
1954 2084 2128 2123 sanorum,

1122 2130 1260 2170 tepidis,
1285 2129 1428 2172 puisibus
1460 2138 1567 2163 autem
1600 2130 1697 2171 paulo
1730 2127 2030 2171 frequentioribus:
2055 2139 2128 2172 quat

1122 2173 1191 2207 duo
1214 2173 1261 2205 ita
1285 2174 1403 2214 semper
1438 2171 1498 2206 effe
1523 2195 1533 2211 ,
1565 2174 1659 2206 nobis
1692 2172 1758 2215 ejus
1795 2171 1919 2206 Medici
1952 2172 2129 2206 confirma-

1123 2227 1220 2256 runt,
1243 2214 1302 2248 nisi
1326 2214 1413 2257 quod
1425 2214 1575 2258 pulsuum
1588 2217 1741 2250 crebritas
1765 2216 1933 2259 paululum
1957 2216 1996 2251 ad
2019 2215 2128 2258 vespe-

1124 2271 1217 2300 ram,
1241 2260 1403 2301 noetuque
1427 2267 1613 2302 augeretur.
1640 2262 1803 2302 Praecipue
1827 2271 1843 2293 a
1866 2260 1961 2293 nobis
1987 2261 2127 2302 petitum

1123 2303 1166 2337 est
1180 2327 1188 2341 ,
1215 2312 1252 2337 ut
1275 2313 1437 2336 tumorem
1453 2313 1600 2337 accurate
1622 2305 1894 2337 examinaremus.
1911 2304 1999 2337 'Erat
2024 2305 2050 2337 is
2061 2314 2125 2337 non

1122 2348 1226 2381 tastus
1252 2347 1368 2384 modo,
1396 2346 1448 2380 sed
1470 2349 1499 2379 &
1524 2347 1628 2385 visus,
1651 2358 1722 2382 nam
1734 2346 1790 2380 sub
1814 2347 1898 2381 hunc
1922 2358 2051 2391 quoque
2074 2360 2127 2381 ca-

1120 2392 1241 2428 debat3
1266 2389 1413 2431 judicio,
1435 2390 1551 2425 circuli
1585 2389 1650 2424 fere
1673 2392 1823 2431 ambitu,
1847 2389 1937 2433 cujus
1968 2390 2126 2425 diameter

1120 2433 1314 2468 transversos
1338 2434 1415 2467 osto
1437 2436 1584 2476 aequabat
1608 2434 1753 2477 digitos,
1776 2435 1900 2469 medius
1923 2436 2008 2468 inter
2031 2436 2126 2470 Enfi-

1118 2477 1257 2512 formem
1280 2477 1526 2519 cartilaginem,
1549 2479 1919 2512 &umbilicumlocatus
1931 2477 1993 2517 fic,
2020 2488 2054 2512 ut
2067 2478 2126 2512 ali-

1117 2531 1240 2564 quanto
1265 2520 1393 2563 spatio,
1417 2531 1451 2553 ea
1475 2530 1542 2554 erat
1567 2522 1694 2563 pinguis
1721 2523 1844 2555 ventris
1868 2524 2086 2563 prominentia
2110 2533 2120 2561 ς

1119 2566 1159 2598 ab
1184 2572 1322 2606 utroque
1343 2563 1495 2604 distaret,
1520 2565 1648 2599 modice
1672 2566 1712 2598 ab
1735 2565 1860 2599 ambitu
1884 2564 2025 2599 medium
2053 2577 2124 2600 ver-

1119 2608 1170 2641 sus
1194 2605 1369 2649 assurgens,
1394 2617 1467 2641 cute
1490 2617 1596 2642 autem
1627 2607 1765 2650 ejusdem
1792 2621 1827 2642 ac
1863 2608 1938 2641 alibi
1965 2631 1974 2646 ,
2007 2611 2124 2644 coloris

1120 2650 1302 2685 obductus.
1327 2651 1361 2684 Si
1383 2652 1619 2691 contrectare&
1640 2652 1824 2686 tuberosum
1840 2652 2121 2695 inaequalitertota

1120 2694 1310 2736 superficie,
1334 2695 1525 2737 ambituque
1549 2694 1619 2737 ipso
1644 2705 1805 2729 tumorem
1820 2695 1974 2730 sentiebas
1999 2708 2060 2730 non
2074 2697 2121 2731 se-

1121 2749 1194 2775 cus,
1220 2749 1254 2770 ac
1278 2737 1301 2771 fi
1323 2749 1362 2771 ex
1385 2738 1577 2780 glandulolis
1598 2740 1793 2781 corporibus
1814 2738 1886 2772 esset
1911 2741 2095 2781 compactus
2111 2765 2120 2781 ‚

1121 2780 1210 2823 quod
1232 2784 1262 2813 &
1287 2783 1432 2821 renixus‚
1455 2781 1477 2815 si
1502 2792 1680 2824 premeres,
1704 2780 1894 2815 confirmare
1917 2783 2084 2817 videbatur
2106 2808 2115 2817 .

1120 2826 1208 2858 Cum
1231 2835 1407 2865 premeres,
1431 2827 1572 2868 itemque
1605 2836 1678 2858 cum
1702 2825 1837 2859 flatibus
1871 2836 1956 2868 aeger
1989 2837 2120 2860 vexare-

1120 2876 1195 2908 tur,
1217 2868 1340 2902 doloris
1375 2867 1500 2906 sensus,
1525 2879 1590 2901 non
1612 2878 1717 2902 tamen
1742 2867 1938 2902 vehementis
1958 2891 1968 2906 ,
2001 2871 2034 2903 in
2067 2880 2122 2905 tu-

1122 2922 1212 2949 more
1234 2912 1421 2945 oriebatur.-
1446 2921 1561 2953 praeter
1583 2922 1664 2955 quos
1687 2912 1775 2945 casus
1799 2913 1885 2946 nulla
1920 2922 1987 2946 erat
2017 2914 2058 2947 de
2082 2928 2120 2948 eo

1121 2954 1273 2998 querela,
1297 2953 1354 2987 nifi
1378 2964 1532 2997 tanquam
1555 2953 1594 2987 de
1627 2956 1862 2997 impedimento
1894 2956 2056 2999 quodam,
2083 2958 2121 2992 fi-

1122 3008 1248 3040 xaque,
1269 2997 1319 3032 sed
1344 2998 1429 3034 levi,
1461 2998 1606 3031 molestia
1629 3023 1637 3032 .
1673 2999 1820 3041 Utraque
1852 3010 1948 3033 manu
1983 3003 2121 3035 tumori-s

1124 3041 1221 3075 latera
1244 3040 1534 3082 comprehendens,
1558 3039 1651 3075 facile
1673 3041 1778 3084 ipsum
1802 3041 1865 3076 huc
1888 3044 2030 3086 illucque
2063 3046 2121 3081 du-

1126 3085 1259 3119 cebam.
1284 3085 1402 3126 Neque
1424 3093 1490 3118 erat
1512 3083 1641 3118 difficile
1674 3084 1863 3128 cognoscere
1899 3098 1964 3120 non
1997 3087 2055 3122 esse
2086 3090 2120 3122 in

1127 3129 1249 3162 ventris
1272 3128 1466 3169 parietibus3
1492 3126 1541 3160 sed
1576 3123 1625 3162 riis
1655 3137 1760 3162 tamen
1792 3127 1850 3162 ess'e
1882 3141 1978 3172 quam
2011 3134 2121 3172 proxi-

1128 3182 1238 3205 mum.
1263 3173 1350 3205 Cum
1372 3182 1443 3212 quae
1466 3180 1554 3203 erant
1580 3171 1690 3213 supra,
1716 3171 1824 3212 infra,
1846 3173 1887 3208 ad
1905 3174 1999 3205 latera
2012 3185 2121 3208 turno.

1127 3217 1170 3248 ris
1184 3239 1193 3254 ,
1214 3225 1309 3247 manu
1330 3214 1500 3255 diligenter
1521 3217 1740 3257 explorarem;
1765 3216 1821 3248 nili
1846 3216 1933 3258 quod
1957 3215 2039 3250 infra
2051 3229 2121 3251 um-

1128 3258 1266 3291 bilicum
1282 3282 1289 3296 ,
1304 3257 1464 3295 Medicis,
1488 3268 1637 3302 aegroque
1650 3260 1859 3301 negantibus,
1882 3259 2057 3301 quidquam
2074 3262 2120 3295 ibi

1130 3300 1188 3335 esse
1212 3310 1325 3344 praeter
1349 3309 1514 3341 naturam,
1537 3304 1701 3345 explorare
1724 3312 1787 3335 non
1811 3303 1934 3342 perrexi
1955 3313 1965 3339 5
2003 3302 2087 3338 nihil
2112 3331 2121 3346 ‚

1129 3354 1286 3386 quantum
1311 3354 1367 3386 per
1390 3344 1591 3386 interjectam
1614 3344 1795 3378 abdominis
1818 3344 2046 3386 pinguedinem
2078 3348 2120 3380 li-

1130 3388 1244 3424 cebat‚
1269 3387 1349 3421 nihil
1374 3411 1383 3425 ,
1413 3388 1568 3431 inquam,
1593 3390 1751 3428 renitens,
1773 3387 1855 3421 nihil
1875 3388 2014 3429 durum,
2039 3391 2121 3427 nibil

1130 3430 1289 3473 inaequale
1311 3454 1321 3469 ‚
1355 3429 1438 3464 nihil
1470 3431 1558 3472 quod
1589 3431 1725 3473 pressum
1757 3431 1933 3478 molestiam
1962 3442 2087 3473 ,crearet
2109 3459 2119 3475 ,

1131 3483 1316 3517 perceptum
1350 3473 1393 3506 est
1417 3498 1426 3506 .
1460 3474 1522 3507 His
1545 3495 1555 3511 ‚
1587 3477 1618 3507 δε
1650 3475 1734 3508 lotio
1760 3499 1770 3515 ,
1803 3476 1836 3507 in
1859 3485 1925 3517 quo
1957 3486 2021 3509 non
2054 3489 2121 3514 erat

1131 3517 1219 3563 quod
1240 3517 1382 3559 culpares
1408 3541 1417 3557 ,
1449 3518 1479 3550 δε
1502 3529 1580 3559 aqua
1604 3517 1642 3551 de
1664 3529 1726 3561 qua
1747 3518 1870 3551 didtum
1901 3515 1971 3558 est,
1996 3523 2124 3557 vomitu

1131 3561 1268 3602 reJeCia,
1290 3563 1320 3593 &
1340 3559 1445 3603 siquid
1465 3560 1633 3595 videbatur
1669 3570 1820 3603 praeterea
1854 3561 2089 3603 inspiciendum
2111 3589 2121 3604 ,

1131 3612 1188 3637 aut
1206 3603 1466 3646 interrogandum
1480 3628 1489 3644 ,
1512 3604 1586 3638 satis
1607 3605 1769 3648 cognitis,
1792 3606 1914 3639 caetetis
1937 3615 2041 3640 autem
2052 3619 2125 3650 quae

1997 3652 2088 3694 supra

1358 3825 1371 3857 (
1387 3828 1396 3851 ι·
1411 3829 1425 3857 )
1441 3829 1500 3855 oss.
1519 3832 1590 3855 Anat.
1608 3830 1672 3854 Eut.
1692 3838 1713 3854 2.
1732 3837 1756 3854 n.
1776 3831 1819 3855 rx.
