2498 4075
343 88 434 144 ³¹4

277 149 359 189 ,alter
368 172 382 189 ³
402 158 513 188 eorum
522 145 693 182 videlicet,
708 144 766 188 qui
779 145 909 188 Septum
920 142 975 188 effe
987 167 998 184 ‚
1010 142 1099 186 ajunt
1108 166 1122 184 ,
1128 143 1251 187 semper
1262 167 1275 185 ,

271 191 302 238 fi
308 195 420 232 pueros
435 191 573 233 excipias
584 213 596 229 ,
618 187 726 229 versus
749 187 937 228 alterutrum
960 189 1045 226 latus
1066 187 1251 222 inclinatum
1265 211 1273 218 .

268 234 366 274 ‘Mihi
377 235 507 278 quidem
517 258 529 274 ‚
551 235 584 266 in
595 231 655 264 hac
667 232 842 265 Anatomes
853 241 942 274 parte
953 230 1195 274 frequentiffime
1207 242 1277 263 ver·
1297 245 1300 251 ·

277 277 346 310 sato
368 301 380 317 ‚
412 287 449 311 ut
476 279 569 319 Septa
592 274 692 308 multa
715 274 820 308 videre
841 275 981 317 contigit
1006 274 1077 321 plus
1089 275 1193 308 minus
1205 285 1277 308 cur-

275 329 349 353 -vata
372 333 386 361 ‚·
419 321 459 354 sic
483 322 582 352 etiam
605 318 707 352 multa
732 317 762 352 se
784 318 971 352 ,obtulerunt
994 318 1056 350 ime
1085 318 1242 350 *curvitate
1265 339 1276 356 ‚

277 373 333 403 aut
358 364 571 402 inclinatione
595 363 629 395 in
662 360 737 404 ipsis
771 360 954 400 adultorum
985 361 1177 403 corporibus
1201 375 1219 393 :v
1241 370 1277 394 ut

277 417 460 452 quanquam
497 408 590 439 inter-
611 404 721 441 causas
759 405 848 437 malae
878 403 973 448 hujus
1004 403 1280 440 conformationis

276 450 333 482 esle
358 449 442 492 posse
467 472 476 487 ‚
510 461 575 482 non
599 459 712 491 negem
736 470 746 485 ,
778 448 913 484 celerius
937 458 999 489 prae
1029 449 1154 485 rcaeteris
1190 447 1280 489 supe-

275 493 371 530 rioris
395 493 536 532 maxillae
570 491 685 529 offibus
707 514 719 531 ,
755 492 840 532 Septi
872 490 969 532 ipfius
1005 492 1235 524 incrementum
1269 512 1281 529 ‚

276 536 358 576 unde
383 537 412 570 se
434 547 568 574 ‚curvare
589 544 750 577 cogatur;
773 533 805 566 id
827 540 934 566 'tamen
958 535 992 571 in
1015 534 1165 572 omnibus
1199 533 1284 566 acci-

270 578 346 613 clere
368 603 381 620 ,
416 591 472 613 nec
496 581 579 612 ratio
608 601 621 618 ,
652 589 709 614 nec
732 576 970 610 observationes
1003 577 1129 612 credere
1161 588 1210 609 me
1244 575 1285 608 fi-

223 629 258 668 st(
274 626 378 664 nflnt,
405 622 507 666 Qod
532 633 632 665 neque
657 621 711 653 Cl.
736 619 929 662 Lipfiensem
953 619 1160 654 Professorem
1184 620 1285 659 Qel-

275 665 429 707 malzium
452 669 466 705 (
488 665 506 706 l<
528 669 542 705 )
567 662 760 704 credidisse,
783 664 957 705 intelligo,
982 663 1110 706 quando
1134 672 1187 695 tot
1208 662 1284 697 alias

278 709 438 745 recensens
454 732 467 749 ,
491 719 569 750 quas
593 715 648 742 aut
672 706 814 748 conjecit
831 733 841 748 ‚
867 715 919 739 aut
943 706 1146 746 observavit,
1179 706 1286 739 incur-

275 753 446 787 rationum
473 752 600 788 illarum
623 749 753 788 causas,
780 750 860 783 hanc
884 760 921 782 ne
943 749 1043 782 verbo
1075 748 1207 794 quidem
1238 757 1287 781 at-

275 796 385 837 tigit.
426 797 489 830 Eas
523 804 554 826 te
590 792 748 836 perlegisse
781 804 844 825 non
867 792 1041 835 poenitebit
1063 816 1076 833 ,
1108 801 1144 825 ut
1184 803 1288 834 neque

273 837 476 877 xdetrimenta
501 860 513 877 ,
545 837 703 870 molestias
726 857 734 871 ‚
776 834 1008 879 impedimenta
1040 858 1050 875 ‚
1095 847 1165 878 quae
1208 835 1283 868 inde

275 883 391 923 repetit
416 906 423 911 .
463 881 598 919 Illarum
623 880 728 923 plures
752 881 782 912 δι
808 890 868 921 ego
891 879 1029 921 agnosco
1054 892 1063 916 ς
1095 878 1164 913 haec
1187 889 1284 919 vero,

279 926 350 957 imo
374 927 405 957 &
429 923 563 957 morbos
592 924 672 956 alios
697 921 757 955 sive
789 922 906 965 capitis
932 945 942 961 ,
973 921 1034 955 five
1064 922 1152 956 oculi
1178 945 1190 962 ‚
1222 921 1284 958 five

274 970 377 1001 etiam
399 969 523 1001 viarum
547 965 771 1009 lacrymalium
794 989 807 1006 ,
839 977 921 1008 quos
942 965 983 1000 ab
1006 966 1077 999 aliis
1112 964 1247 1008 produci
1272 988 1285 1005 ,

276 1010 370 1045 video
395 1036 403 1050 ,
437 1022 502 1044 non
547 1010 657 1049 solum
691 1008 760 1043 fieri
793 1010 877 1052 posse
902 1032 912 1047 ‚
945 1009 1040 1043 credo
1062 1032 1075 1049 ,
1105 1008 1286 1043 dummodo

275 1056 361 1097 Septi
386 1055 571 1088 incurvatio
605 1062 726 1096 magna
759 1051 831 1093 fit,·
862 1064 974 1091 verum
1007 1053 1134 1095 insuper
1166 1064 1204 1085 ex
1237 1052 1288 1085 his

272 1099 337 1131 fine
360 1099 426 1131 ulla
450 1107 525 1131 nota
554 1096 649 1135 causa
672 1096 842 1135 diutissime
866 1099 896 1129 δε
922 1095 1163 1139 pertinacissime
1173 1106 1289 1128 vexan-

279 1142 366 1176 tibus
395 1140 479 1183 posse
503 1166 515 1182 ,
554 1141 604 1182 ajo
627 1164 639 1181 ,
675 1139 861 1182 chirurgos
884 1139 999 1179 adduci
1034 1138 1072 1175 ad
1097 1140 1185 1182 Septi
1216 1150 1289 1172 cur-

275 1187 409 1218 vitatem
435 1187 469 1216 in
499 1196 588 1227 aegro
611 1194 705 1226 quem
729 1182 902 1221 curandum
927 1183 1117 1227 susceperint
1140 1205 1150 1222 ,
1181 1180 1289 1223 conji..

276 1229 423 1262 ciendam
448 1251 461 1267 ,
496 1230 528 1261 &
554 1225 766 1269 indagandam
790 1250 797 1258 .
837 1226 985 1268 Ipsorum
1011 1227 1125 1269 'gratia
1157 1236 1213 1258 nec
1248 1226 1289 1258 il-

275 1272 331 1307 lud
357 1270 481 1314 prorsus
506 1270 733 1311 omittendum
766 1269 961 1305 ,crediderim
983 1293 996 1310 ,
1030 1269 1088 1306 ,esse
1119 1268 1290 1311 aliquando

275 1320 308 1357 δε
332 1314 413 1348 hanc
437 1315 628 1352 varietatem
653 1311 737 1360 posse
759 1336 772 1355 ,
808 1324 904 1362 quam
928 1325 1028 1355 nuper
1050 1312 1291 1355 animadverti,

282 1360 359 1394 dum
383 1356 445 1390 nasi
470 1358 626 1391 interiora
649 1355 814 1399 cujusdam
846 1367 923 1390 anus
955 1358 1034 1395 meis
1073 1356 1291 1391 Auditoribus

271 1402 518 1437 demonstrarem
542 1426 550 1440 ,
585 1402 720 1442 Septum
746 1409 811 1432 erat
832 1399 941 1442 *ipsum
973 1402 1007 1439 in
1038 1409 1184 1435 neutram
1216 1411 1289 1442 par-

275 1457 342 1480 tem
365 1454 532 1480 curvatum
555 1469 565 1488 ‚
603 1454 658 1477 aut
685 1443 879 1482 inclinatum
904 1469 912 1476 .
947 1443 1007 1477 Sed
1030 1443 1114 1481 infra
1140 1442 1287 1478 altitudi-

266 1491 316 1524 nis
356 1488 496 1523 medium
518 1513 531 1530 ,
566 1488 731 1530 aliquanto
764 1488 897 1530 propius
939 1486 1111 1530 posteriora
1136 1513 1146 1528 ‚
1190 1498 1287 1530 quam

271 1535 428 1568 anteriora
453 1556 464 1572 ‚
496 1543 566 1575 pars
591 1530 659 1574 ejus
683 1529 807 1569 modica
830 1540 894 1564 erat
916 1532 991 1568 cava
1015 1532 1047 1564 in
1071 1529 1154 1564 facie
1165 1531 1284 1570 altera,

264 1580 298 1611 in
329 1578 428 1610 altera
452 1575 558 1609 autem
581 1586 721 1608 convexa
745 1597 753 1612 ‚
782 1573 881 1619 idque
914 1586 951 1607 eo
983 1575 1083 1616 magis
1117 1574 1203 1617 quod
1239 1575 1286 1606 ibi

263 1621 345 1656 ossea
373 1618 519 1663 quaedam
559 1617 645 1661 quafi
677 1617 785 1657 instita
810 1618 982 1661 ,oblique
1016 1618 1145 1656 dueta,
1179 1618 1286 1660 super-

271 1664 377 1699 ficiem
424 1664 513 1705 Septi
558 1661 734 1702 extollebat
758 1684 770 1701 ,
803 1670 840 1698 ut
873 1661 1109 1704 propemodum
1154 1660 1284 1704 superfi-

269 1710 351 1748 ciem
375 1707 582 1748 contingeret
605 1703 827 1747 respondentis
860 1704 939 1738 offis·
963 1704 1140 1744 Turbinati
1165 1728 1173 1738 .
1206 1706 1283 1738 Mo..

270 1753 342 1787 dica
369 1762 441 1794 pars
464 1750 521 1786 illa
545 1758 612 1782 erat
637 1748 657 1789 ‚⁴
680 1754 720 1781 ut
739 1747 808 1785 dixi
834 1760 844 1787 ,-
884 1747 935 1783 sed
971 1759 1041 1790 quae
1080 1747 1284 1785 nonvrnodi„

277 1794 352 1836 cum
377 1795 511 1830 allatura
545 1791 618 1830 esset
656 1792 830 1837 Chirurgis
877 1791 1142 1835 impedimentum
1167 1815 1174 1822 .
1220 1792 1285 1825 His

274 1850 358 1875 certe
393 1836 517 1872 errandi
551 1835 726 1879 periculum
772 1844 859 1868 creat
894 1836 950 1878 qui
995 1836 1028 1868 in
1060 1836 1101 1867 iis
1123 1835 1283 1877 ‘partibus

275 1897 344 1930 ‚quae
388 1885 494 1918 minus
539 1880 642 1913 oculis
687 1877 836 1920 expofitae
881 1878 952 1912 sunt
985 1902 998 1919 ,
1043 1879 1152 1911 omnia
1197 1878 1283 1921 quasi

267 1922 421 1976 pb'rpetua
466 1923 620 1961 describit
646 1934 656 1952 .-
702 1922 816 1955 utilior
861 1930 966 1955 autern
1013 1920 1056 1954 est
1100 1923 1128 1954 is
1172 1923 1229 1963 qui
1267 1945 1280 1962 ,

262 1984 316 2009 aut
365 1973 445 2016 saepe
468 1993 481 2012 ‚
527 1976 580 2008 ‚aut
626 1965 787 2000 interdum
835 1976 905 2008 quae
950 1965 1073 1998 variare
1118 1965 1233 2012 poffint
1266 1988 1279 2010 2

261 2017 410 2058 ostendit
430 2041 437 2048 .
469 2016 471 2018 '

323 2064 372 2104 1¹7.
405 2062 483 2107 Jam
528 2069 610 2092 vero>
650 2056 768 2094 omiffis
811 2054 1045 2098 quaestionibus
1067 2076 1081 2097 ,
1126 2050 1190 2088 huc
1213 2062 1279 2088 non

267 2106 343 2140 satis
387 2104 602 2138 attinentibus
638 2114 671 2141 ,⁷
695 2111 765 2143 quae
812 2097 1051 2134 Observatione
1096 2096 1188 2132 VIL-
1225 2094 1280 2144 ad-

266 2150 417 2192 jectoque
441 2147 576 2185 Scholio
601 2145 634 2176 in
659 2142 870 2185 Sepulchreto
894 2148 1149 2189 proponuntur-2
1166 2149 1203 2171 an
1229 2139 1281 2188 83..

270 2203 371 2226 nuum
407 2191 610 2227 Frontalium
644 2188 828 2221 membrana
866 2183 1003 2220 olfactui
1037 2182 1185 2218 inserviat
1207 2203 1217 2222 ‚
1249 2192 1291 2216 rn-

266 2236 369 2278 iisque
393 2234 507 2268 odores
530 2229 694 2267 interdum
718 2229 841 2263 diutius
865 2227 1043 2263 inhaereant
1070 2250 1081 2268 ,
1117 2226 1202 2262 velut
1247 2227 1282 2261 in

270 2279 489 2324 eo‘exemplo
521 2274 611 2321 quod
648 2276 681 2309 in
716 2272 846 2310 laudato
880 2269 1066 2304 Schneideri
1098 2269 1185 2305 libro
1207 2280 1279 2315 pag.

269 2323 352 2367 leges
376 2346 388 2364 ,
435 2332 501 2354 non
549 2328 619 2351 112.
666 2316 719 2353 sed
767 2326 837 2347 122.
886 2316 919 2346 δε
963 2313 1165 2356 sequentibus
1187 2336 1199 2352 ,
1245 2322 1283 2345 ut

269 2367 388 2401 certius
412 2365 489 2398 scias
505 2386 514 2402 ,
539 2361 693 2396 foetorem
715 2358 846 2406 quidem
871 2356 1014 2391 morbidi
1031 2358 1197 2398 corporis,
1221 2366 1286 2390 non

272 2408 373 2445 morbi
396 2417 504 2442 tamen
526 2430 538 2447 ‚
571 2415 611 2439 ut
635 2403 714 2436 alibi
738 2402 854 2443 legeris
880 2424 889 2439 ,
911 2398 1043 2445 [cibalis
1066 2400 1100 2431 in
1121 2399 1285 2432 Mercato-

273 2456 316 2487 τίς
339 2452 466 2486 naribus
488 2450 609 2493 viginti
643 2447 728 2489 ipsos
760 2445 826 2481 dies
859 2441 1042 2479 inhael1sse:
1090 2441 1141 2477 his
1184 2442 1286 2482 igitur

275 2495 422 2536 ommis,-
443 2492 533 2540 quod
555 2492 595 2528 ad
621 2491 764 2535 Polypos
787 2488 914 2523 narium
938 2487 1080 2525 attinet,
1103 2486 1137 2519 in
1170 2486 1285 2527 proxi-

276 2542 338 2574 mis
361 2536 653 2575 observationibus
681 2541 900 2568 memoratos3
924 2528 1106 2578 optandum
1140 2526 1248 2563 fuisset
1273 2552 1286 2569 ,

276 2596 313 2618 ne
336 2584 377 2619 iis
401 2584 434 2617 in
459 2580 603 2620 Scholiis
626 2588 696 2621 quae
721 2577 776 2612 IX.
790 2571 1175 2614 observationisubJeCla
1188 2571 1261 2605 sunt
1277 2595 1289 2611 ‚

277 2628 411 2661 illorum
434 2634 545 2660 natura
561 2647 574 2664 ,
597 2625 629 2658 ἃς
654 2621 749 2662 origo
774 2617 814 2652 ad
838 2628 887 2652 eas
911 2615 1083 2652 referretur
1106 2616 1291 2648 concretio-

277 2682 331 2706 nes
355 2667 528 2714 polyposas
552 2677 622 2710 quae
645 2664 680 2700 in
714 2664 818 2696 Durae
853 2660 1012 2702 meningis
1045 2658 1175 2692 Sinibus
1209 2657 1294 2692 haud

278 2726 350 2750 raro
374 2706 847 2754 conspiciuntur2'quanquam
870 2701 953 2739 illud
976 2701 1107 2736 tandem
1129 2701 1259 2737 additur
1281 2724 1294 2740 ,

280 2771 319 2794 an
343 2757 416 2798 hae,
438 2756 550 2798 illique
573 2751 711 2796 ejusdem
733 2749 799 2792 fint
821 2746 959 2789 indolis,
983 2746 1116 2780 ulterius
1147 2743 1201 2788 effe
1236 2745 1296 2786 dis-

281 2801 483 2846 quirendum.
506 2800 674 2834 Caeterum
696 2792 755 2835 ipsi
780 2792 907 2825 narium
930 2790 1044 2832 polypi
1068 2789 1189 2821 variam
1224 2799 1296 2823 tum

282 2854 430 2881 naturam
454 2866 463 2882 ‚
494 2851 566 2877 tum
599 2838 738 2880 originis
760 2834 864 2870 sedem
888 2835 972 2866 inter
999 2832 1027 2865 se
1051 2832 1168 2870 habent
1193 2855 1200 2863 .
1224 2832 1295 2864 Na-

286 2898 395 2925 turam
441 2884 572 2928 quidem
594 2905 607 2924 ,
651 2889 688 2915 ut
733 2878 817 2921 apud
853 2878 906 2910 CI.
946 2874 1117 2911 Palfiniurn
1149 2874 1235 2915 (l)
1268 2876 1294 2907 is

216 2939 243 2969 (γ
284 2933 342 2977 qui
364 2942 404 2964 ex
430 2928 605 2966 humorum
632 2923 876 2964 coficervatione
901 2920 1027 2959 faetus,
1049 2919 1111 2954 nasi
1136 2920 1295 2954 internam

214 2961 256 2976 Ν
287 2974 507 3010 membranam
532 2970 570 3004 ad
594 2964 851 3010 magnitudinem
877 2965 930 2999 ovi
965 2964 1146 3000 columbini
1181 2961 1297 2995 disten-

289 3019 408 3058 dente,
433 3017 472 3052 ab
494 3013 622 3048 summo
646 3010 685 3047 ad
709 3010 811 3046 imum
835 3016 961 3049 apertus
986 3034 995 3048 ‚
1021 3016 1114 3049 atque
1139 3008 1185 3039 ita
1209 3018 1299 3038 cura-

289 3073 342 3098 tus
364 3061 426 3097 est:
453 3062 485 3095 δε
509 3055 598 3101 apud
618 3051 825 3097 Ruyscliium
847 3055 860 3090 (
883 3062 914 3083 m
936 3055 949 3091 )
974 3051 1025 3083 illi
1059 3051 1114 3093 qui
1146 3049 1300 3085 membra-

295 3117 335 3141 na
358 3102 494 3139 involuti
517 3125 526 3140 ,
566 3098 772 3142 substantiam
789 3094 978 3143 pituitosam
1001 3095 1042 3143 &J
1070 3093 1212 3143 limosam
1245 3102 1300 3141 na-

299 3149 342 3182 &i
387 3153 603 3180 memorantur
631 3153 637 3174 :
683 3140 738 3175 ille
782 3148 887 3173 autem
932 3148 965 3170 in
991 3149 1104 3179 primis
1147 3147 1242 3178 quem
1264 3146 1298 3167 m

303 3188 513 3234 Sepulchreto
545 3184 791 3224 animadverti,
825 3193 889 3215 non
925 3183 957 3215 in
990 3181 1049 3217 hac
1081 3179 1212 3224 quidem
1247 3180 1300 3211 Se-

306 3236 439 3273 έὶίοηε,
463 3230 514 3269 sed
537 3233 570 3266 in
593 3242 628 3263 ea
651 3240 722 3273 quae
745 3226 932 3262 inscribitur
956 3225 990 3258 de
1012 3224 1161 3257 catarrho
1184 3227 1198 3263 <
1219 3234 1238 3256 n
1263 3227 1300 3263 ),

302 3277 498 3320 descriptum
530 3274 625 3309 instar
658 3270 795 3314 veficulae
827 3269 959 3310 oblongae
980 3291 990 3306 ,
1136 3266 1206 3308 sero
1233 3267 1303 3308 ple-

297 3333 340 3358 nae
367 3344 380 3361 ‚
414 3345 422 3352 .
439 3345 446 3352 .
462 3344 469 3352 .
487 3345 494 3352 .
508 3333 515 3336 ·
532 3314 744 3362 membranosae
764 3336 773 3352 ,
811 3337 882 3349 ..,.
911 3310 989 3354 saepe
1013 3318 1100 3349 extra
1124 3321 1212 3347 nares
1230 3319 1303 3355 pro-

880 68 1049 126 :Liber
1083 73 1117 118 1.
1153 66 1239 121 De
1273 65 1476 125 Morbis
1508 65 1714 137 Capi-tis
1766 92 1767 95 ¹

1322 144 1485 186 pendentis
1503 165 1516 184 ‚
1548 167 1557 177 .
1651 155 1720 186 quae
1751 142 1958 177 evacuabatur
1984 141 2115 184 subinde
2145 143 2320 184 exstillante
2338 143 2349 161 ³*

1321 188 1407 231 fiero.
1433 188 1544 229 Longe
1565 188 1659 219 enim*
1676 186 1736 219 alia
1759 195 1868 219 natura
1887 185 2002 219 hisest
2022 199 2030 219 .-
2061 184 2085 219 fi
2116 187 2199 222 inter
2232 195 2323 220 veros

1326 231 1455 273 quidem
1479 231 1616 272 polypos
1640 229 1711 263 sunt
1733 228 1907 263 recensendi
1930 243 1940 267 3
1973 240 2008 262 ac
2030 229 2096 263 illis
2116 232 2177 277 qui
2196 241 2238 265 ex
2259 241 2325 265 me-

1324 275 1380 307 ,dia
1403 275 1486 306 inter
1509 272 1727 315 glandulosam
1751 295 1761 310 ‚
1791 275 1825 305 &
1846 272 2006 310 carnosam
2029 272 2199 307 substantia
2220 274 2324 309 fiunt,

1328 319 1410 352 Dixi
1435 325 1540 351 autem
1565 341 1576 356 ,
1609 315 1631 348 fi
1678 317 1761 349 inter
1804 327 1894 349 veros
1939 317 2075 359 polypos
2119 317 2191 350 sunt
2220 328 2328 352 recen-

1331 360 1439 400 sendi,
1461 369 1627 404 propterea
1650 360 1725 402 quia
1749 358 1937 392 Mancharti
1969 363 1981 400 (
2002 371 2021 393 o
2041 363 2056 400 >
2077 359 2204 394 censura
2235 361 2291 394 illa
2314 384 2325 400 ‚

1330 402 1506 437 membrana
1551 402 1675 438 narium
1710 403 1884 444 pituitaria
1909 401 2058 444 subjeiiis
2100 402 2325 445 phlegmaticis

1332 447 1499 489 aliquoties
1517 446 1584 488 jam
1609 444 1748 489 excidiffie
1790 448 1802 483 (
1826 445 1904 478 idest
1926 445 2111 490 prolapsum
2135 446 2251 492 passa)
2276 446 2328 481 ob-

1328 490 1455 533 servata
1479 488 1518 529 est
1541 513 1553 530 ,
1585 497 1622 522 ut
1655 488 1774 532 ignaris
1809 488 1990 530 imposuerit
2016 500 2075 532 pro
2114 489 2228 532 polypo
2252 515 2261 530 ,
2294 492 2330 523 in

1336 534 1460 576 aliquos
1478 531 1570 565 cadit
1589 551 1610 572 ι,
1637 531 1659 566 fi
1684 542 1747 565 non
1767 543 1808 563 ex
1830 532 1926 565 modo
1950 532 2119 575 propositis
2141 555 2154 573 ‚
2191 542 2223 565 at
2244 543 2331 567 certe

1337 587 1374 609 ex
1398 576 1514 610 horum
1537 586 1603 608 non
1623 573 1842 609 dissimillimis
1867 598 1873 603 -
1900 575 1972 610 Nec
1993 575 2124 609 eandem
2147 576 2272 618 prorsus
2296 587 2332 610 ac

1336 620 1416 651 veris
1464 620 1592 661 polypis
1623 627 1768 652 naturam
1801 616 1892 650 fuiffe
1916 639 1926 654 ,
1956 619 2157 654 manifestum
2180 619 2224 653 est
2249 646 2259 661 ,
2291 620 2332 653 iis

1336 674 1416 706 quos
1441 663 1621 705 Slevogtius
1664 665 1677 700 (
1694 661 1752 704 p)
1785 663 2060 696 -commemoravit
2091 662 2332 705 cartilagineum

1337 705 1485 738 videlicet
1508 728 1521 746 ,
1565 705 1617 738 vel
1652 703 1789 748 succcffu
1822 705 1969 746 temporis
2001 703 2112 748 offeum
2136 729 2145 743 ‚
2187 714 2247 740 :aut
2290 706 2330 740 ad

1337 758 1482 783 naturam
1506 749 1619 790 lapidis
1642 748 1831 781 accedentem
1853 770 1863 784 ,
1899 748 1943 780 2⁷3⁹»
1964 772 1974 787 ,
1999 749 2028 791 fi
2043 747 2140 794 fidem
2163 757 2298 784 meretur
2321 771 2349 786 ,.

1338 792 1474 835 ligneum
1497 816 1510 833 ,
1531 791 1634 834 visum
1657 802 1676 823 a
1697 789 1778 834 Jobo
1801 799 1863 823 van
1884 790 2046 830 Meelzren.
2072 792 2223 828 Profecto
2246 793 2333 826 enirn

1338 835 1361 869 si
1385 834 1479 878 liujus
1509 839 1524 875 (
1546 846 1564 876 q
1586 839 1600 875 >
1621 842 1718 876 caput
1740 843 1758 865 a
1781 833 1948 875 Slevogtio
1984 834 2160 869 indicatum
2192 836 2333 878 perlege-

1334 880 1377 913 ris
1402 891 1411 918 5
1444 884 1507 911 non
1538 879 1679 920 ligneum
1712 875 1803 909 fuisse
1825 900 1837 916 ,
1868 876 2028 920 intelliges
2051 901 2063 919 ,
2085 879 2147 912 'sed
2193 880 2333 923 polypo-

1335 922 1398 957 sam
1424 921 1665 956 excrescentiam
1692 918 1830 964 frustum
1860 920 1938 962 ligni
1970 922 2002 954 in
2034 922 2132 955 medio
2166 917 2334 956 continen-

1336 976 1400 998 tem
1423 990 1436 1007 ‚
1470 965 1508 998 ab
1529 976 1617 1007 aegro
1641 987 1654 1005 ,
1689 964 1807 1007 quippe
1831 964 1948 996 trienni
1971 965 2080 1006 puello
2102 988 2115 1005 ,
2145 966 2227 997 clam
2251 968 2335 1000 intra

1337 1020 1427 1045 nares
1450 1008 1597 1042 adactum
1620 1029 1629 1045 ,
1664 1006 1753 1050 quod
1788 1006 2026 1049 suppurationis
2050 1029 2060 1045 ‚
2087 1009 2125 1041 ’δε
2155 1008 2336 1043 excrescen-

1340 1054 1395 1086 tiae
1427 1053 1517 1085 causa
1549 1051 1652 1085 fuerat
1677 1075 1684 1082 .
1724 1051 1775 1083 Sic
1807 1052 1903 1084 etiam
1937 1061 2031 1092 quem
2063 1052 2221 1095 polypum
2253 1056 2344 1086 anti->

1339 1108 1420 1138 quus
1442 1095 1566 1129 Autstor
1589 1093 1665 1128 libri
1691 1095 1737 1127 II.
1761 1093 1797 1126 de
1818 1093 1940 1127 Morbis
1963 1097 1975 1133 (
1998 1105 2015 1127 r
2036 1097 2049 1135 )
2072 1096 2156 1127 inter
2180 1096 2260 1129 alios
2290 1099 2336 1131 ita

1337 1138 1527 1181 descripsit,
1549 1139 1676 1171 viderur
1698 1136 1822 1179 quidem
1844 1148 1915 1170 caro
1950 1135 2037 1181 effe:
2067 1138 2093 1181 fi
2130 1149 2203 1172 vero
2235 1140 2337 1182 ipsum

1341 1183 1510 1226 attigeris,
1528 1180 1695 1222 strepitum
1719 1179 1783 1212 edit
1806 1178 1896 1212 velut
1919 1178 2002 1221 lapis
2024 1192 2035 1219 5
2069 1192 2262 1226 quanquam*
2281 1186 2338 1219 Sa-

1340 1227 1400 1259 lius
1425 1225 1504 1271 (s)
1528 1224 1684 1267 polypum
1705 1219 1889 1267 cancrosum
1914 1221 2026 1264 fuisse,
2049 1233 2164 1266 putat3
2189 1237 2265 1260 num
2280 1238 2341 1271 po.

1340 1271 1454 1312 lypum
1477 1267 1665 1301 cancrosum'
1684 1264 1772 1299 fuisse
1794 1288 1806 1305 ‚
1838 1264 1940 1299 credes
1963 1288 1972 1304 ‚
2005 1275 2041 1300 ut
2072 1268 2255 1311 Slenogtiu's
2289 1272 2340 1303 in-

1341 1312 1454 1346 dicasse
1477 1312 1623 1351 videtur,
1644 1312 1699 1353 qui
1723 1309 1762 1342 ad
1786 1316 1931 1343 naturam
1964 1309 2079 1353 lapidis
2114 1313 2341 1348 tantummodo

1339 1354 1527 1390 accederet?
1552 1366 1588 1388 an
1625 1352 1816 1396 polyposam
1849 1352 2092 1386 excrescentiam
2125 1357 2235 1397 potius
2269 1369 2340 1400 quae

1337 1401 1495 1435 calculum
1512 1422 1526 1440 ,
1550 1407 1603 1431 aut
1632 1396 1770 1432 ,calculos
1803 1395 1905 1429 laxius
1935 1398 2201 1440 complecteretur
2230 1398 2342 1434 durio-

1338 1442 1412 1477 res?
1433 1455 1505 1479 nam
1529 1441 1669 1478 calculos
1692 1452 1708 1473 e
1731 1439 1857 1473 naribus
1881 1439 1971 1473 fuisse
1996 1439 2135 1475 excussos
2159 1441 2268 1485 forma
2297 1443 2342 1479 ⁴&

1338 1488 1551 1529 magnitudine
1583 1483 1776 1526 anciylorum
1797 1506 1811 1523 ,
1853 1482 1991 1516 tradidit
2026 1483 2094 1518 Th.
2131 1485 2341 1523 Bartholinus

1339 1535 1349 1569 (
1373 1538 1388 1563 t
1410 1532 1421 1568 )
1446 1543 1456 1570 5
1490 1539 1527 1563 ut
1550 1529 1687 1562 minores
1712 1526 1815 1570 plures
1839 1528 1991 1559 omittam
2015 1549 2025 1565 ,
2053 1528 2091 1560 ab
2114 1529 2186 1564 aliis
2211 1530 2344 1566 adnota-

1339 1584 1389 1607 tos
1411 1596 1420 1612 ‚
1454 1583 1491 1608 ut
1513 1584 1530 1605 a
1556 1571 1705 1606 Khernio
1736 1572 1749 1608 (
1771 1570 1826 1613 u)
1850 1593 1863 1610 ,
1894 1573 1925 1603 δε
1965 1570 2003 1603 ab
2026 1571 2182 1606 Riedlino
2217 1577 2231 1614 (
2253 1577 2308 1618 x)
2331 1598 2344 1616 ,

1336 1628 1475 1660 quorum
1499 1617 1634 1649 ultimos
1667 1613 1847 1655 Chirurgus
1873 1638 1883 1653 ,
1914 1615 1970 1655 qui
2010 1615 2044 1647 in
2077 1626 2165 1649 nares
2202 1617 2345 1653 immisso

1339 1660 1538 1699 instrumento
1560 1659 1599 1692 ad
1621 1667 1730 1703 corpus
1754 1657 1864 1690 durum
1897 1657 2048 1697 quoddam
2081 1659 2224 1702 alliserat
2245 1686 2259 1704 ‚
2291 1674 2345 1704 ap-

1338 1703 1506 1745 prehensos
1530 1701 1651 1743 forcipe
1674 1723 1686 1740 ,
1720 1709 1787 1732 tam
1822 1698 1879 1732 diu
1911 1700 2035 1733 trahere
2069 1705 2213 1744 perrexit
2243 1706 2346 1739 donec

1336 1748 1475 1780 extraxit
1501 1770 1509 1778 .
1544 1746 1690 1786 Denique
1726 1742 1747 1777 fi
1781 1743 1920 1789 polypus
1945 1765 1955 1780 ,
1992 1754 2057 1776 non
2099 1746 2347 1789 quodammodo

1336 1790 1561 1832 cartilagineus
1584 1811 1596 1829 ,
1612 1788 1676 1819 -vel
1703 1786 1834 1820 successu
1858 1789 2015 1828 temporis
2038 1785 2139 1823 osseus
2174 1789 2265 1826 fuisse
2297 1792 2348 1826 di-

1337 1843 1428 1867 catur
1444 1844 1462 1872 >;
1495 1831 1579 1875 apud
1611 1829 1751 1864 nostrum
1794 1831 1880 1863 enim
1924 1831 2081 1873 Equitem
2121 1834 2348 1870 Marchettum

1336 1879 1428 1916 (ν)
1457 1901 1467 1916 ,
1497 1875 1636 1918 aliosque
1667 1875 1729 1916 legi
1748 1894 1767 1914 -,
1801 1873 1977 1915 aliquando
2011 1875 2150 1920 polypos
2183 1879 2216 1911 in
2239 1875 2349 1925 offeam

1330 1918 1400 1963 fere
1433 1920 1583 1954 duritiem
1616 1917 1812 1961 occallescere
1837 1940 1850 1957 ,
1887 1917 2080 1957 Meekreuio
2112 1922 2208 1964 (z)
2242 1933 2349 1957 autem

1328 1963 1402 1996 'scio
1434 1962 1651 2004 cartilagineae
1684 1961 1820 1994 duritiei
1856 1960 2015 2003 polypum
2049 1963 2179 1997 evellere
2211 1967 2345 2000 conanti

1325 2005 1508 2053 frafiuram
1525 2003 1647 2048 passum
1672 2002 1726 2047 effe
1742 2002 1899 2046 forcipem
1934 2006 2040 2048 magni
2072 2005 2154 2041 alias
2190 2010 2308 2044 roboris
2338 2022 2351 2049 3

1333 2048 1357 2081 fi
1379 2050 1483 2091 igitur
1506 2059 1572 2081 non
1595 2047 1683 2089 quod
1705 2046 1825 2079 duritie
1848 2045 1886 2079 ad
1909 2058 1945 2079 os
1981 2048 2111 2083 accedat
2133 2072 2143 2087 ,
2177 2053 2230 2087 sed
2261 2053 2351 2097 quod

1334 2102 1439 2126 revera
1464 2103 1499 2124 os
1523 2090 1561 2123 sit
1584 2113 1597 2130 ,
1629 2090 1769 2133 polypus
1793 2088 1893 2124 osseus
1915 2090 2042 2125 dicatur
2066 2116 2076 2133 ,
2112 2102 2149 2127 ut
2173 2097 2229 2139 qui
2266 2096 2350 2139 apud

1338 2135 1442 2178 ipsum
1468 2133 1671 2175 Slevogtium
1718 2137 1728 2172 (
1753 2144 1771 2166 a
1794 2135 1805 2172 )
1852 2141 1917 2167 erat
1941 2157 1953 2173 ,
1986 2136 2098 2168 malim
2135 2147 2208 2173 cum
2233 2134 2349 2175 'eodem

1340 2184 1349 2218 (
1374 2179 1392 2211 b
1415 2183 1426 2218 )
1451 2189 1510 2220 pro
1533 2175 1747 2210 excrescentia
1770 2175 1882 2209 offium
1905 2177 1974 2213 nali*
1995 2203 2004 2219 ,
2041 2191 2139 2222 quam
2173 2194 2232 2225 pro
2255 2184 2351 2227 poly-

1338 2234 1381 2265 po
1403 2245 1416 2262 ,
1448 2222 1561 2257 habere
1586 2244 1594 2254 .
1726 2220 1879 2262 Originis
1903 2230 2008 2257 autem
2032 2223 2135 2256 sedem
2160 2226 2256 2260 aliam
2280 2227 2352 2261 aliis

1336 2266 1502 2307 obtingere
1527 2263 1657 2309 polypis
1680 2283 1690 2299 ‚
1720 2261 1922 2297 manifestum
1947 2265 2009 2301 est.
2046 2267 2137 2301 Nam
2163 2269 2353 2312 Ruyschius

1334 2312 1348 2348 (
1371 2320 1386 2341 c
1408 2312 1422 2349 )
1444 2318 1511 2343 non
1534 2306 1627 2339 semel
1652 2305 1735 2339 vidit
1767 2307 1851 2338 intra
1887 2308 2096 2346 Maxillarem
2132 2312 2243 2347 Sinum
2278 2315 2346 2348 hae-

1340 2360 1442 2385 rentes
1467 2364 1477 2386 ;
1499 2361 1538 2383 ex
1560 2360 1625 2392 quo
1649 2348 1822 2390 aliquando
1845 2360 1900 2390 per
1922 2350 1988 2393 ejus
2012 2358 2229 2389 excretorium
2255 2357 2346 2391 fora-

1339 2406 1412 2431 men
1437 2396 1471 2427 in
1504 2392 1567 2428 nasi
1601 2402 1715 2426 cavum
1750 2391 1921 2435 producis
1955 2394 2140 2441 Chirurgus
2173 2399 2354 2442 deprehen-

1336 2437 1387 2472 dit
1410 2436 1496 2481 apud
1521 2435 1685 2469 laudatum
1709 2434 1879 2469 Palfinium
1903 2438 1916 2475 (
1938 2438 1958 2469 d
1977 2441 1991 2479 )
2016 2463 2025 2478 ‚
2048 2442 2103 2482 qui
2128 2441 2199 2486 jure
2222 2444 2352 2484 censet,

1339 2493 1378 2515 ex
1402 2481 1472 2514 aliis
1495 2490 1623 2523 quoque
1634 2478 1761 2512 Sinibus
1774 2478 1912 2523 produci
1935 2479 2041 2524 posse:
2066 2496 2251 2527 quanquam
2265 2487 2350 2520 mihi

1343 2526 1449 2559 multo
1473 2522 1601 2558 facilius
1625 2521 1751 2557 videtur
1773 2546 1785 2562 ,
1820 2531 1856 2556 ut
1880 2533 1919 2555 ex
1943 2535 1981 2557 eo
2005 2549 2018 2566 ,
2051 2526 2086 2560 in
2109 2539 2176 2571 quo
2199 2532 2351 2565 invent&

1343 2569 1447 2608 dixi,
1481 2567 1646 2600 Maxillari
1692 2567 1878 2608 proveniant
1903 2587 1913 2604 ‚
1947 2578 2116 2611 propterea
2153 2573 2242 2615 quod
2279 2586 2354 2608 cum

1345 2613 1431 2648 muci
1455 2622 1493 2643 ex
1517 2610 1580 2645 hoc
1604 2611 1709 2656 exitus
1733 2608 1901 2645 difficilior
1924 2609 1962 2646 lit
1987 2613 2029 2646 ob
2054 2612 2174 2656 ipsius,
2195 2620 2227 2650 ἂν
2260 2616 2352 2651 fora-

1346 2657 1443 2693 minis
1469 2655 1639 2686 excretorii
1663 2655 1756 2686 litum
1776 2676 1789 2694 ,
1822 2664 1912 2687 mora
1937 2654 2072 2695 addere,
2097 2658 2132 2691 in
2159 2660 2353 2700 quibusdam

1347 2699 1524 2744 praesertim
1557 2697 1743 2740 corporibus
1766 2720 1778 2737 ‚
1811 2708 1880 2730 eam
1915 2709 2010 2732 muco
2035 2701 2245 2736 acrimoniam
2277 2715 2355 2747 pot..

1349 2743 1390 2776 est
1409 2766 1421 2782 ,
1453 2751 1489 2774 ut
1513 2741 1760 2774 membranulam
1779 2751 1841 2782 qua
1865 2742 1952 2775 intus
1985 2744 2119 2778 vestitur
2142 2746 2256 2787 Sinus,
2278 2760 2348 2781 ero-

1347 2788 1402 2820 dat
1422 2809 1434 2826 ,
1468 2797 1507 2818 ex
1539 2796 1635 2827 eaque
1668 2782 1876 2817 excrescentis
1907 2785 2019 2831 polypi
2052 2789 2146 2821 initia
2181 2791 2318 2833 praebeat
2346 2816 2353 2824 .

1348 2831 1426 2867 Alia
1449 2838 1552 2862 autem
1576 2831 1696 2861 ratione
1721 2827 1934 2863 Boerhaavius
1960 2834 1969 2869 (
1993 2841 2008 2864 e
2031 2835 2044 2874 )
2067 2832 2207 2866 credidit
2242 2846 2280 2867 ex
2304 2837 2355 2869 Si-

1350 2873 1444 2907 nibus
1478 2873 1656 2906 Pituitariis
1680 2871 1807 2906 existere
1829 2872 1967 2914 polypos
1992 2898 2001 2914 ‚
2034 2874 2119 2917 quafi
2142 2899 2155 2917 ,
2190 2877 2363 2921 inspissato

1350 2928 1446 2950 muco
1491 2925 1527 2950 ut
1574 2915 1704 2961 prodire
1748 2925 1813 2948 non
1858 2914 1949 2956 poffit
1972 2940 1985 2958 ,
2031 2925 2116 2951 totus
2153 2919 2279 2963 denique
2303 2924 2356 2956 Si-

1349 2972 1407 2995 nus
1450 2960 1566 3002 aliquis
1622 2958 1783 3001 repleatur
1816 2982 1828 2999 ‚
1872 2959 1914 2992 &
1957 2960 2136 2994 membrana
2184 2966 2277 2998 Sinus
2321 2967 2353 2999 in

1346 3002 1523 3046 pediculum
1561 3004 1669 3038 educ'ia
1696 3012 1754 3043 per
1785 3002 1892 3041 ostium
1916 3024 1926 3039 ‚
1960 3004 1992 3037 in
2023 3006 2194 3041 cavitatem
2231 3009 2355 3042 narium

1347 3047 1556 3089 propendeat.
1582 3048 1691 3090 Qam
1705 3056 1764 3086 ego
1777 3046 1936 3091 rationem
1964 3045 2091 3082 facilius
2115 3048 2204 3082 essem
2226 3052 2355 3084 intelle-

1351 3091 1458 3123 &urus
1482 3115 1491 3130 ,
1523 3090 1544 3123 fi
1571 3101 1680 3124 mucus
1704 3089 1787 3121 inter
1810 3088 1909 3123 osscos
1943 3091 2035 3124 Sinus
2067 3094 2200 3135 parietes
2225 3116 2234 3132 ‚
2268 3106 2355 3128 eam-

1351 3145 1411 3176 que
1456 3135 1670 3168 membranam
1695 3155 1706 3172 ,
1753 3132 1870 3165 alicubi
1894 3132 2029 3168 erofione
2063 3136 2219 3178 pertusam
2242 3160 2252 3175 ‚
2299 3149 2355 3173 aut

1353 3178 1413 3209 alia
1437 3179 1558 3210 ratione
1583 3179 1689 3220 aliqua
1719 3176 1856 3209 intrusus
1892 3186 1985 3219 atque
2028 3179 2190 3221 congestus
2233 3181 2355 3215 dicere-

1352 3230 1405 3254 tur
1430 3246 1441 3262 ,
1473 3231 1509 3255 ut
1534 3223 1575 3255 lic
1599 3224 1688 3254 illam
1712 3219 1839 3251 tandem
1865 3231 1881 3251 a
1903 3229 1993 3262 tergo
2017 3232 2131 3263 urgens
2164 3222 2264 3265 posset
2299 3237 2354 3258 ex-

1354 3265 1480 3298 trudere
1505 3291 1512 3299 .
1645 3262 1757 3298 Multo
1780 3273 1890 3308 autem
1912 3273 1947 3297 ut
1969 3265 2163 3306 crebriores,
2187 3268 2233 3300 ita
2257 3270 2354 3302 etiam

1354 3308 1490 3353 majores
1515 3311 1709 3356 polyporum
1720 3307 1944 3349 originesiunt
1955 3317 2042 3342 extra
2054 3310 2169 3350 Sinus,
2192 3311 2246 3344 ubi
2270 3313 2354 3346 cras-

2224 3354 2310 3396 fior,

388 3560 404 3584 k
419 3559 434 3588 3
449 3560 533 3585 Progr,
552 3558 581 3581 de
598 3557 702 3582 Narium
713 3570 721 3583 1
737 3559 846 3581 earumq·
865 3553 931 3580 Sept!
948 3551 1115 3577 incurvatione
1131 3569 1138 3578 .

390 3599 404 3614 n
422 3591 430 3620 )
447 3589 464 3613 l.
485 3596 504 3615 ι.
522 3588 545 3612 S.
563 3595 600 3615 17.
619 3586 727 3615 Append.
748 3591 769 3610 ι,
785 3584 813 3608 ad
831 3581 889 3607 obs.
907 3588 945 3605 ιο.
1089 3614 1092 3616 ¹

390 3629 404 3649 q
423 3624 431 3649 )
447 3617 504 3642 Obs.
520 3618 588 3641 Med.
606 3617 671 3642 Chir.
683 3623 750 3645 c.14.
812 3613 864 3643 (r)
875 3620 898 3636 n.
909 3620 944 3641 34.
958 3620 1003 3641 apu
1030 3614 1156 3638 Marinell.

393 3660 409 3674 u
427 3652 439 3679 J
479 3648 518 3676 ph.
535 3649 569 3671 N,
586 3649 615 3671 C.
631 3650 690 3672 Dee.
709 3654 730 3676 3·
746 3646 777 3669 A.
795 3652 817 3674 5.
835 3646 857 3668 8:
873 3646 895 3667 6.
913 3644 972 3669 obs.
988 3645 1028 3671 46.

394 3682 435 3711 a)
719 3674 954 3707 <b21bid.§.13.

452 3651 517 3708 gisp.
532 3677 575 3703 cit.
593 3677 614 3707 ξ.
634 3685 655 3706 9·
1013 3674 1019 3700 (
1039 3680 1050 3698 c
1067 3675 1076 3703 l
1092 3673 1149 3699 obs.
1169 3676 1210 3699 cit.
1228 3681 1267 3703 77.

1202 3552 1211 3580 (
1228 3552 1237 3575 1
1252 3552 1265 3580 )
1283 3553 1358 3574 Anat.
1375 3548 1407 3573 du
1423 3554 1492 3577 corps
1507 3546 1577 3571 hum.
1595 3547 1620 3570 P.
1638 3554 1660 3572 2.
1677 3551 1709 3570 tri
1724 3556 1747 3575 4·
1765 3547 1804 3570 ch.
1823 3555 1860 3575 14-

1034 3591 1046 3605 ⁰
1063 3586 1073 3609 )
1089 3583 1185 3609 Differt.
1201 3582 1229 3606 de
1245 3581 1336 3607 Hernia
1355 3580 1467 3605 incarcer.
1484 3585 1504 3602 c.
1522 3586 1544 3601 2.

1218 3612 1273 3642 (s)
1284 3613 1424 3637 Comment.
1441 3609 1465 3633 in
1484 3610 1546 3632 hunc
1563 3608 1646 3633 locum
1663 3616 1703 3637 qui
1722 3608 1761 3637 ipsi
1780 3608 1811 3631 est
1828 3614 1888 3635 texi.
1899 3611 1936 3633 68.

1089 3644 1096 3671 (
1116 3653 1130 3667 x
1147 3649 1156 3670 )
1175 3646 1232 3668 Dee.
1248 3642 1301 3668 ead.
1319 3644 1349 3667 A.
1367 3650 1389 3669 9.
1408 3641 1431 3665 Sc
1450 3648 1488 3674 ιο..
1502 3637 1561 3662 obs.
1583 3646 1634 3667 145-

1329 3673 1343 3701 (
1360 3672 1374 3694 d
1390 3671 1404 3699 )
1420 3677 1452 3696 tr.
1468 3675 1510 3695 cu-
1527 3670 1562 3694 th.
1581 3676 1617 3698 15⁴

1718 3578 1722 3581 ι
1936 3549 1951 3578 (
1968 3557 1991 3572 m
2006 3546 2016 3576 l
2033 3546 2094 3571 Obs.
2112 3549 2187 3574 Anat·
2206 3547 2274 3574 Chir.
2291 3550 2317 3572 6.

1609 3576 1673 3607 (p)
1694 3579 1759 3612 Drsp.
1776 3578 1804 3601 de
1822 3577 1919 3607 Polypis
1935 3578 2020 3608 capitis
2038 3578 2059 3607 §.
2078 3586 2114 3606 ιι).

1999 3609 2158 3637 (1)(Σει1ω.
2170 3609 2228 3633 Hist.
2241 3611 2354 3639 Anat.33.

1698 3639 1756 3669 (y)
1772 3638 1829 3662 ΟΜ.
1841 3640 1910 3663 Med.
1921 3640 2038 3668 Chir.27v

2102 3640 2142 3668 (ι
2154 3638 2227 3669 )Obs.
2240 3640 2352 3664 cit.c.12.

1680 3670 1693 3698 Ε
1710 3678 1722 3694 ¹
1740 3672 1747 3700 )
1765 3670 1872 3696 Praestet.
1889 3670 1930 3694 cit.
1947 3670 1976 3694 ad
1994 3669 2015 3700 §.
2032 3669 2087 3698 498.
