2498 4075
329 216 484 281 Epist.
521 216 683 267 Anat.
720 213 937 267 Medica
975 214 1099 267 XX.

80 303 143 335 que
166 291 332 334 sanguinea
356 291 595 324 exscreabantur
614 315 626 330 ,
657 293 690 323 &
713 289 863 323 subrubra
895 290 1086 333 dejicieban-

87 345 159 369 tur.
186 334 321 367 Acceffit
345 335 519 375 delirium,
543 333 776 370 &convulfio‚
804 345 840 367 ut
852 346 945 367 omne
967 346 1086 377 corpus

83 379 168 421 quasi
193 378 359 411 immobile
382 387 554 411 remaneret
588 389 595 409 :
630 388 717 410 mors
741 378 871 410 tandem
891 379 976 411 circa
998 378 1087 411 deci—

83 433 172 458 mum
194 433 210 454 a
231 421 304 455 casu
323 421 409 454 diem
429 434 436 454 .·
460 433 525 463 quo
536 430 608 453 toto
630 421 899 462 temporisspatio
922 433 1087 466 nunquam

83 477 165 508 aeger
190 463 450 498 flecteredorsum
475 465 583 506 potuit
594 483 607 503 ,=
630 462 680 496 sed
692 463 857 497 extensum
882 464 999 498 servare
1011 477 1087 498 coa-

81 510 153 542 tfftus
176 506 261 541 fuit.
398 508 662 541 CADAVERE
695 505 827 541 disseeto
844 530 857 547 ‚
894 520 958 542 non
983 507 1088 551 major

83 563 100 584 a
124 551 207 585 facie
231 553 356 585 interna
378 552 465 584 circa
489 550 609 582 allisam
622 559 745 592 partem
768 550 853 583 laesio
876 552 1006 585 inventa
1022 551 1085 591 est,

81 607 178 637 quam
202 595 240 628 ab
263 604 390 628 externa
413 592 669 635 conspiceretur.
697 594 790 627 Num
817 592 997 628 fortelaefio
1018 605 1085 628 erat

82 639 123 672 ad
147 638 348 676 Medullam,
370 637 522 670 nervosve
545 639 578 669 in
602 637 817 682 vertebrarum
840 638 1049 672 interioribus
1070 663 1081 679 ‚

83 694 156 725 quae
180 683 290 715 rimari
314 679 498 723 permissum
523 692 585 713 non
610 680 699 713 fuit?
831 683 993 714 Caeterum
1007 683 1083 716 Pul-

81 737 216 760 monum
240 724 382 767 superior
417 735 487 767 pars
511 735 525 755 a
550 723 671 757 dextris
693 723 825 765 quidem
849 725 1048 758 inflammata
1074 739 1081 758 :

82 782 98 802 a
124 768 253 803 sinistris
275 778 351 801 vero
373 766 523 801 nonnihil
550 768 627 802 dura
650 778 813 809 comperta
837 767 879 801 est
898 792 910 808 ‚
934 769 1084 811 pulmone

82 813 217 847 dextero
239 810 342 846 valide
362 811 402 845 ad
427 811 568 854 pleuram
592 809 771 846 adhaerente
795 833 805 849 ,
829 810 955 845 sinistro
978 821 1084 847 autem

83 856 210 891 soluto.

126 911 177 940 29.
203 900 275 932 Tot
299 896 442 941 interjeci
460 897 711 931 Observationes
724 921 737 938 ,
761 898 798 932 ad
813 898 1023 939 decubitum,
1045 898 1086 931 fi-

82 952 218 986 tumque
240 942 387 984 corporis
411 940 610 984 spefflmes,
633 952 670 975 ut
695 941 792 975 ferme
817 952 846 975 te
871 943 1011 975 oblitum
1035 953 1084 974 ea-

84 997 156 1020 rum
181 993 315 1027 putem,
338 996 415 1028 quas
441 984 648 1026 promiseram
671 988 735 1026 (r)
759 986 796 1019 ad
808 986 907 1018 serum
923 987 1084 1027 pertinen-

83 1039 129 1063 tes
141 1053 154 1070 ,
175 1029 208 1060 in
234 1029 592 1071 peripneumonicorum
605 1028 734 1062 thorace
747 1052 758 1069 ,
782 1032 813 1062 &
827 1028 1006 1070 pericardio
1016 1029 1084 1061 col-

84 1073 225 1115 leftum.
253 1074 358 1105 Prima
382 1071 494 1105 harum
518 1070 611 1105 simul
635 1071 672 1105 ad
686 1072 767 1105 illud
783 1098 791 1112 ‚
818 1072 909 1106 simul
925 1071 964 1105 ad
989 1071 1082 1105 decu-

78 1116 187 1149 bitum
210 1117 362 1148 attinebit
379 1139 387 1152 ,
410 1119 442 1148 &
467 1125 616 1158 praeterea
637 1114 800 1156 ostendet,
835 1126 991 1158 quatenus
1014 1116 1085 1158 pul-

81 1161 188 1193 monis
200 1159 416 1193 inflammatio
431 1158 607 1203 aliquando
630 1158 784 1202 jecinoris
795 1159 1086 1194 inflammationem

81 1212 256 1238 mentiatur
270 1229 277 1235 .

127 1257 178 1290 30.
201 1246 439 1281 CLERICUS
467 1270 480 1286 ‚
512 1247 567 1289 qui
600 1245 699 1279 modo
731 1245 920 1289 vigesimum
953 1247 1087 1280 tertium

81 1291 197 1323 inierat
221 1301 339 1323 annum
355 1314 365 1331 ‚
392 1290 455 1331 jam
479 1301 550 1322 ante
574 1291 751 1324 triennium
775 1300 865 1324 acuta
898 1288 985 1323 febre
1008 1302 1082 1324 cum

80 1332 267 1377 parotidum
292 1337 460 1375 eruptione
484 1334 704 1367 laboraverat:
729 1347 744 1367 a
767 1346 828 1378 qua
853 1334 935 1366 liber
956 1332 1082 1373 faffitus,

78 1381 114 1412 in
137 1377 299 1420 duplicem
325 1379 513 1413 Tertianam
539 1376 716 1415 inciderat,
740 1390 810 1420 quae
834 1377 1001 1420 postquam
1026 1377 1082 1412 diu

80 1430 267 1457 vexaverat,
293 1421 409 1454 receffit
433 1421 590 1463 quidem,
614 1419 664 1453 sed
690 1421 848 1463 pallidum
871 1421 966 1454 faciei
991 1421 1084 1454 colo-

79 1476 166 1504 rem,
189 1466 387 1505 maciemque
411 1466 510 1497 etiarn
531 1463 747 1506 quadantenus
771 1465 904 1507 reliquit
928 1490 936 1505 ,
970 1473 1083 1507 praete-

80 1521 132 1542 rea
154 1519 285 1550 gravem
319 1508 497 1552 aliquando
521 1508 766 1549 respirationem
789 1534 797 1548 ,
832 1511 863 1540 δε
886 1508 1082 1542 ηοξὲυιτιιιπι

78 1553 226 1586 somnum
249 1551 410 1585 interdum
435 1551 599 1584 turbatum
621 1574 633 1591 ,
656 1553 763 1585 urinas
784 1560 893 1585 autem
915 1550 980 1584 fere
1005 1551 1084 1584 sem-

79 1607 134 1639 per
157 1596 286 1629 rubras.
310 1595 363 1629 Ad
388 1595 456 1628 haec
479 1594 607 1627 tandem
632 1603 724 1626 acuta
737 1594 836 1628 febris
861 1594 1006 1634 acceffit,
1031 1596 1084 1628 cui

79 1638 230 1682 postridie
254 1638 282 1672 se
303 1640 458 1671 comitem
482 1636 609 1670 addidit
633 1637 751 1676 dolor,
776 1639 832 1681 qui
846 1637 1008 1681 tangendo
1033 1650 1088 1671 au-

79 1682 241 1725 gebatur,
264 1681 348 1714 infra
371 1680 454 1722 ipsas
475 1680 576 1714 costas
600 1679 716 1714 nothas
740 1681 889 1715 adextris
905 1707 915 1721 ,
939 1680 1087 1725 infraque

79 1724 530 1766 Ensiformemcartilaginem
543 1749 550 1756 .
578 1725 699 1757 Primis
709 1724 821 1758 diebus
832 1728 976 1759 vomitus
994 1724 1060 1759 fuit
1076 1750 1088 1766 ‚

79 1773 111 1803 δε
134 1768 319 1809 diarrhoea,
340 1768 426 1803 tuffis
448 1779 578 1811 quoque
602 1767 895 1803 nonnihilhumida
909 1793 920 1809 ‚
944 1769 994 1802 sed
1020 1780 1088 1811 per-

79 1823 197 1854 paucos
222 1811 292 1854 post
317 1810 382 1844 dies
407 1811 484 1844 sicca
507 1820 603 1854 atque
626 1812 718 1845 irrita
739 1838 748 1847 .
779 1813 937 1847 Difficilis
960 1823 1025 1846 erat
1051 1826 1088 1845 u-

84 1865 172 1889 trum
195 1856 310 1889 liberet
333 1856 366 1887 in
391 1855 475 1888 latus
499 1853 669 1888 decubitus
690 1877 699 1893 ‚
725 1865 762 1890 ut
785 1867 849 1889 non
873 1855 930 1889 nisi
956 1856 1087 1898 supinus

81 1898 183 1942 jacere
206 1897 330 1943 posset:
354 1897 549 1932 vehementis
574 1907 679 1932 autem
703 1911 792 1942 aegro
814 1900 947 1943 quidem
972 1901 1089 1934 caloris

78 1943 182 1977 sensus
206 1942 244 1976 ad
267 1940 546 1988 dorsum-renem
568 1943 671 1976 versus
692 1941 879 1977 dexterum:
906 1943 1014 1987 pulsus
1037 1955 1090 1976 ce-

77 1988 143 2024 ler,
169 1986 315 2029 frequens
334 2009 346 2025 ‚
369 1985 509 2026 debilis,
533 1987 972 2029 inaequalis,intermittens.
1000 1988 1089 2021 Mul-

77 2041 149 2065 tum
172 2039 237 2063 erat
261 2028 409 2063 Valsalva
442 2030 581 2062 incertus
606 2031 703 2063 animi
727 2053 740 2070 ,
771 2042 868 2074 quam
892 2030 948 2065 ess'e
981 2031 1088 2065 morbi

78 2074 180 2108 sedem
204 2072 360 2106 censeret.
386 2074 543 2106 Attamen
564 2084 639 2106 cuni
660 2084 743 2115 aegei·
767 2075 894 2109 nullum
918 2076 952 2108 in
977 2076 1088 2108 thora-

77 2131 113 2151 ce
135 2118 258 2151 doloris
281 2115 406 2159 signum
430 2115 618 2158 patefaceret
639 2142 648 2157 ,
684 2117 735 2151 sed
761 2122 901 2160 propriis
942 2120 1088 2152 manibus

77 2163 125 2195 ibi
148 2162 269 2203 semper
302 2161 360 2194 ubi
383 2159 509 2194 dietum
532 2159 575 2193 est
593 2183 606 2200 ,
636 2160 787 2194 videlicet
811 2163 844 2194 in
878 2163 1008 2202 regione
1033 2160 1089 2194 he-

78 2206 186 2245 patis,
208 2204 354 2238 dolorem
378 2202 469 2236 suum
493 2204 649 2237 indicaret
670 2215 681 2241 5
717 2203 846 2237 tandem
869 2204 927 2239 esse
948 2204 1089 2251 credidit

80 2248 206 2291 hepatis
229 2246 522 2280 inflammationem
543 2270 551 2278 .
586 2248 711 2279 Interea
734 2246 852 2279 morbo
881 2249 915 2281 in
939 2247 1005 2281 dies
1039 2250 1089 2280 in-

83 2291 309 2335 gravescente,
332 2288 496 2332 magisque
519 2289 639 2331 semper
663 2290 754 2323 ευξὶει
784 2290 927 2332 spirandi
948 2290 1088 2325 difficul-

82 2344 173 2373 tate,
196 2332 368 2377 pulsusque
392 2332 562 2365 debilitate
583 2355 595 2371 ,
619 2332 758 2377 septimo
780 2335 896 2368 exacto
918 2333 971 2367 die
996 2346 1087 2367 mors

79 2377 221 2412 acceffit.
353 2376 626 2410 CADAVERIS
651 2377 772 2415 ieffio,
795 2378 857 2410 mei
871 2378 988 2418 judicii
1001 2400 1010 2416 ‚
1036 2379 1089 2410 in-

80 2425 155 2465 quit
179 2420 353 2460 Valsalva,
377 2418 473 2461 digna
496 2418 567 2465 ipso
589 2419 788 2460 ingenuitate
809 2442 818 2455 ,
852 2420 973 2454 detexit
1006 2432 1088 2455 erro-

80 2476 164 2499 rem.
189 2465 278 2497 Nam
301 2464 334 2495 in
352 2464 473 2497 Ventre
497 2463 569 2494 sana
580 2463 690 2495 omnia
714 2462 929 2496 erantviscei·a
946 2487 957 2503 ,
980 2464 1002 2497 fi
1028 2464 1085 2497 lie-

80 2520 153 2542 nem
176 2508 318 2549 excipias
341 2504 525 2547 quadruplo
550 2503 725 2547 majorem,
751 2518 847 2549 quam
872 2518 928 2549 par
952 2507 1058 2542 fuisl'et
1075 2532 1082 2540 .

210 2552 249 2584 In
273 2549 435 2583 Thoracis
459 2558 565 2581 autem
588 2548 714 2583 sinistro
736 2561 813 2583 cavo
848 2548 951 2584 serum
974 2552 1087 2594 limpi-

80 2595 159 2629 dum
182 2592 346 2636 stagnabat
371 2591 408 2625 ad
433 2591 530 2628 duas,
554 2604 653 2635 eoque
678 2595 838 2636 amplius,
862 2594 982 2628 libras:
1008 2595 1087 2629 dex-

79 2649 186 2672 terum
209 2637 277 2671 sero
300 2637 429 2678 plenum
452 2644 519 2668 erat
540 2635 678 2669 craffiori
693 2663 702 2675 ,
726 2635 818 2679 cujus
843 2647 946 2679 partes
969 2639 1087 2682 aliquae

79 2690 305 2716 concreverant
323 2704 336 2720 ,
359 2689 396 2715 nt
420 2690 556 2721 corpora
578 2680 664 2722 quasi
689 2681 923 2716 membranacea
944 2706 957 2723 ,
992 2683 1027 2716 in
1050 2693 1089 2716 eo

80 2726 262 2759 innatantia
284 2747 296 2764 ,
326 2724 540 2758 mentirentur
560 2747 568 2755 .
601 2725 706 2757 Erant
730 2725 897 2766 pulmones
937 2738 953 2759 a
978 2727 1087 2769 plenta

82 2767 214 2814 quidem
238 2767 362 2806 soluti5
388 2765 438 2800 sed
460 2766 571 2800 dexter
589 2790 602 2808 ‚
638 2770 785 2810 quamvis
812 2770 896 2803 mole
920 2781 984 2803 tion
1010 2769 1087 2804 adeo

83 2812 197 2851 aursta,
220 2819 310 2844 totus
333 2819 438 2844 tamen
469 2811 508 2844 ab
530 2810 790 2845 inflammatione
819 2813 911 2846 valde
934 2813 1088 2848 indurue-

84 2865 134 2889 rat
149 2879 157 2887 .
183 2853 402 2888 Pericardium
423 2856 524 2896 magis
546 2866 646 2896 quam
681 2855 800 2893 soleat,
827 2857 993 2899 amplum,
1019 2857 1087 2890 sero

83 2910 152 2942 quo
176 2897 334 2939 repletum
355 2906 448 2938 erat,
471 2897 512 2931 fic
535 2897 709 2931 dilatante.
734 2901 860 2933 Dexter
883 2900 990 2933 cordis
1015 2912 1088 2934 ven-

84 2941 220 2976 triculus
245 2951 359 2983 praeter
382 2941 579 2975 mediocrem
601 2942 796 2985 polyposam
818 2945 1060 2977 concretionem
1079 2970 1088 2984 ,

85 2986 237 3028 sanguine
271 2985 440 3027 coagulato
462 2986 571 3027 plenus
591 3008 605 3026 ,
642 2997 657 3018 a
681 2998 749 3033 quo
772 2989 922 3029 proxima
947 2989 1088 3023 auricula

84 3029 178 3063 valde
200 3027 369 3070 turgebat.
393 3029 561 3071 Ejusmodi
590 3028 741 3072 sanguis,
765 3030 817 3065 sed
840 3032 1088 3075 minoricopia,

84 3076 119 3107 in
142 3071 268 3106 finistro
290 3083 416 3114 quoque
441 3071 505 3106 fuit
528 3074 727 3107 ventriculo.

130 3127 183 3158 31.
209 3114 310 3156 Qod
334 3115 487 3163 Valsalvae
510 3115 568 3158 ipfi
594 3116 734 3159 accidit,
756 3126 848 3151 tanto
872 3116 998 3153 facilius
1022 3120 1088 3162 ple-

87 3160 192 3203 risque
217 3159 288 3191 aliis
311 3159 461 3199 potuislet
485 3160 624 3193 accidere
641 3185 652 3201 ‚
686 3170 722 3196 ut
746 3161 871 3204 hepatis
904 3163 1089 3198 inflamma-

89 3206 213 3236 tionem
239 3200 317 3240 esse‚
344 3201 528 3244 crederent,
550 3215 620 3246 quae
633 3214 698 3238 erat
722 3206 912 3248 pulmonis,
936 3206 1028 3241 sicuti
1043 3209 1092 3241 vi-

86 3246 186 3282 ciffim
209 3246 354 3290 pluribus
378 3245 543 3287 accidisse,
567 3250 716 3283 novimus
737 3273 750 3290 ,
781 3259 818 3284 ut
841 3262 912 3293 quae
945 3261 1012 3286 etat
1036 3250 1093 3285 he-

87 3292 199 3333 patis,
224 3290 410 3333 pulmonis,
435 3298 490 3323 aut
513 3291 630 3332 pleurae
653 3292 733 3333 effe,
756 3293 975 3328 existimarent
1001 3316 1010 3333 ‚
1033 3307 1091 3329 cu-

86 3333 224 3378 jusmodi
248 3333 392 3376 exempla
414 3333 506 3367 habes
527 3332 581 3367 hic
604 3337 638 3368 in
662 3336 870 3380 Sepulchreto
883 3337 1095 3372 Observatio-

88 3390 127 3411 ne
148 3378 304 3411 XXXVI.
331 3388 429 3420 quam
443 3377 638 3418 potiffimum
662 3379 796 3420 indico,
820 3390 856 3415 ut
867 3381 995 3422 videas,
1018 3396 1091 3427 quae

89 3420 176 3464 signa
200 3423 232 3453 in
256 3433 289 3453 ea
310 3446 320 3462 ‚
353 3430 507 3463 tanquam
531 3419 654 3464 hepatis
678 3425 851 3466 peculiaria
874 3450 884 3466 ‚
907 3437 1093 3460 enumeran-

91 3475 167 3504 tur,
192 3476 304 3507 magna
328 3474 432 3498 tamen
458 3475 497 3496 ex
520 3474 607 3505 parte
630 3468 673 3500 in‘
688 3468 856 3511 proposito
878 3481 1006 3512 quoque
1017 3472 1094 3503 Cle-

90 3510 159 3542 rico
182 3519 246 3541 non
270 3506 421 3543 defuisse.
445 3507 537 3541 Adeo
557 3509 590 3542 in
614 3510 778 3545 Medicina
802 3511 896 3546 facile
919 3512 961 3546 est
985 3525 1038 3556 per
1059 3526 1095 3547 ea

91 3552 160 3594 ipsa
182 3552 345 3587 interdum
368 3551 499 3594 decipi,
521 3563 592 3595 quae
616 3552 716 3588 facere
740 3555 891 3590 videntur
927 3556 965 3590 acl
989 3559 1094 3592 vitan-

1135 216 1259 267 Art.
1295 226 1374 277 29.
1395 229 1473 280 30·
1498 231 1574 278 3¹·
1593 229 1669 278 32.
1688 215 1742 267 &
1761 219 1840 283 332
1975 232 2069 277 197

1138 298 1184 323 ret
1205 299 1280 321 cum
1303 290 1343 322 iis
1365 301 1435 332 quae
1460 289 1623 323 noviffime
1647 291 1854 332 ingruerant,
1877 291 1984 325 multo
2008 290 2138 328 facilius

1139 331 1239 376 posset
1265 330 1354 365 falli.
1380 334 1471 370 Quin
1495 335 1592 366 etiam
1618 333 1677 365 alia
1700 345 1771 375 quae
1794 335 1833 367 ad
1846 332 2068 377 designandam
2090 335 2136 377 je-

1136 377 1256 409 cinoris
1280 375 1569 409 inflammationem
1594 375 1720 409 fortasse
1744 379 1903 419 requiras,
1928 387 1982 411 aut
2007 388 2044 411 ne
2070 378 2137 421 ipsa

1137 418 1268 462 quidem
1289 417 1480 456 desum-unm
1503 431 1685 463 quanquam
1710 431 1724 451 a
1748 420 1898 453 Valsalva
1933 418 2019 454 forte
2043 422 2078 454 in
2098 433 2139 455 eo

1137 473 1242 496 rerum
1266 473 1400 496 numero
1424 462 1496 496 sunt
1519 462 1654 496 omissa:
1681 472 1735 496 aut
1759 461 1781 495 si
1805 463 1974 499 defuerunt
1997 487 2011 505 ,
2047 463 2138 499 fuisse

1137 516 1243 540 tamen
1267 515 1415 548 poterant
1438 506 1478 539 iis
1501 505 1668 540 dumtaxat
1693 506 1803 548 politis
1825 508 1916 540 vitiis
1940 519 2011 551 quae
2034 507 2068 541 in
2082 518 2138 540 ca-

1137 549 1249 583 davere
1270 548 1458 591 deprehensa
1483 549 1575 584 sunt.-
1599 559 1655 583 aut
1677 549 1750 583 deni
1776 561 1814 583 ue
1835 549 1857 582 fi
1881 548 1944 583 hoc
1968 562 2032 585 non
2056 550 2140 585 faci-

1134 594 1162 626 le
1185 592 1358 632 comedis,-
1378 591 1534 625 concedas
1557 602 1643 626 certe
1667 561 1783 627 necesse
1806 592 1848 626 est
1867 614 1880 633 ,
1913 593 2059 638 pleraque
2082 593 2137 628 hic

1133 636 1217 678 sigua
1242 634 1332 669 fuisse
1367 635 1490 678 hepatis
1514 636 1705 670 inflammati
1727 649 1738 676 3
1775 647 1881 670 rarum
1907 647 2011 670 autern
2043 636 2102 671 effe
2128 662 2140 677 ,

1137 690 1171 714 ut
1196 681 1229 712 in
1253 678 1411 713 medicina
1437 677 1580 713 facienda
1604 681 1698 714 unius
1721 679 1891 722 cujuslibet
1922 680 2028 713 morbi
2052 680 2140 723 signa

1121 724 1279 757 xuniversa
1301 733 1488 756 concurrere
1509 723 1691 756 videamus.
1718 725 1798 767 Quo
1820 723 1921 765 magis
1944 734 2060 757 cautos
2083 722 2140 757 esse

1137 766 1227 799 decet
1253 766 1399 799 Medicos
1422 767 1455 798 in
1478 778 1511 798 ea
1536 775 1624 808 parte
1646 779 1716 808 quae
1744 768 1861 800 merito
1885 767 1922 799 ab
1934 769 2141 809 Hippocrate

1135 809 1220 851 (s)
1244 809 1380 852 difficilis
1404 811 1615 852 pronunciata
1639 810 1700 846 est,
1727 808 1849 852 judicio
1863 809 2037 852 videlicet,
2060 822 2143 854 prae-

1138 853 1246 887 sertim
1270 864 1344 885 vero
1368 852 1423 886 ubi
1447 855 1479 886 in
1502 852 1610 886 eadem
1646 855 1774 894 regione
1797 855 1942 893 corporis
1974 866 2046 898 quae
2070 851 2143 887 affe-

1137 898 1186 930 &a
1210 895 1272 933 est,
1298 897 1387 939 plura
1411 896 1538 930 subsunt
1563 922 1573 937 ‚
1607 899 1693 932 velut
1717 897 1770 930 hic
1788 922 1796 929 .
1833 897 1921 931 Nam
1948 910 2033 940 pone
2055 897 2145 942 jecut·

1133 940 1247 972 dexter
1270 940 1385 981 pulmo
1410 939 1530 973 suberat
1554 942 1772 975 infiammatus
1792 963 1805 981 ,
1828 940 1910 974 unde
1933 943 2032 974 etiam
2054 941 2146 975 calo-

1137 985 1180 1016 ris
1206 983 1306 1016 sensus
1330 982 1369 1016 ad
1393 982 1522 1017 dorsum
1540 1007 1547 1021 ,
1578 996 1684 1017 renem
1708 984 1811 1019 versus
1836 985 1944 1018 lateris
1967 983 2107 1028 ejusdem
2132 995 2140 1016 :

1135 1029 1167 1060 &
1189 1037 1372 1069 quanquam
1406 1027 1433 1059 is
1457 1028 1570 1069 pulmo
1595 1039 1660 1061 non
1694 1038 1761 1061 erat
1786 1027 1864 1061 adeo
1897 1029 1990 1062 aneta
2023 1029 2109 1062 mole
2132 1050 2146 1067 ‚

1135 1080 1200 1103 erat
1225 1070 1334 1103 anetus
1359 1079 1465 1102 tamen
1491 1092 1499 1106 ‚
1531 1074 1563 1104 δε
1589 1072 1691 1104 serum
1716 1080 1864 1113 praeterea
1885 1071 2011 1105 crassius
2035 1095 2046 1111 ,
2079 1082 2148 1114 quo

1137 1112 1282 1146 thoracis
1304 1124 1397 1145 cavea
1420 1112 1548 1146 dextera
1573 1115 1763 1157 opplebatur
1787 1138 1797 1153 ‚
1821 1114 1944 1156 septum
1968 1113 2148 1149 Transver-

1140 1156 1209 1191 sum
1230 1155 1401 1199 deorsum,
1426 1159 1459 1189 ἃς
1483 1158 1664 1190 antrorsum
1680 1157 1845 1199 urgendo,
1870 1157 1965 1199 hepar
1988 1158 2147 1199 urgebat,

1139 1203 1172 1234 δε
1198 1200 1260 1233 hoc
1283 1199 1414 1232 viciffim
1438 1211 1453 1231 a
1476 1199 1571 1234 costis
1598 1201 1714 1243 spuriis
1739 1224 1751 1241 ,
1775 1212 1923 1234 earumve
1947 1201 2150 1243 cartilagini-

1139 1245 1198 1278 bus
1214 1267 1223 1283 ,
1247 1247 1279 1277 ἃ
1304 1243 1486 1276 abdominis
1510 1244 1662 1277 musculis
1688 1269 1697 1284 ,
1733 1244 1911 1286 praesertim
1934 1244 2019 1277 inter
2051 1243 2151 1286 respi-

1138 1287 1274 1322 randum
1298 1309 1307 1324 ‚
1345 1288 1514 1334 multoque
1538 1290 1636 1321 etiam
1660 1289 1763 1329 magis
1784 1310 1794 1325 ,
1827 1287 1849 1321 fi
1874 1287 2059 1322 admoveres
2083 1298 2152 1321 ma·-

1136 1343 1232 1367 num,
1261 1332 1454 1373 represlum,
1477 1330 1718 1365 inflammatum
1742 1332 1928 1373 pulmonem
1951 1333 2152 1374 comprime·

1135 1376 1190 1409 bat
1207 1402 1215 1415 ,
1239 1373 1470 1418 molestumque
1494 1374 1651 1408 efficiebat
1677 1375 1800 1408 sensum
1821 1401 1827 1407 .
1864 1377 1939 1409 Huc
1963 1375 2042 1410 adde
2072 1386 2153 1419 qua-

1136 1419 1257 1462 druplo
1280 1417 1437 1461 majorem
1463 1419 1557 1451 lienis
1582 1420 1727 1458 molem,
1750 1430 1819 1461 quae
1844 1419 1940 1452 facile
1963 1419 2053 1462 jecur
2075 1418 2153 1451 ala-

1137 1473 1204 1496 tere
1230 1464 1329 1504 magis
1352 1463 1386 1494 in
1411 1463 1535 1495 aretum
1556 1463 1769 1505 compellebat
1792 1486 1799 1494 .
1826 1461 1923 1496 Unde
1946 1465 2045 1496 etiam
2069 1472 2156 1505 repe-

1139 1517 1186 1540 tes
1210 1505 1376 1539 difficilem
1400 1506 1434 1538 in
1458 1505 1624 1541 dexterum
1657 1507 1740 1539 latus
1763 1505 1953 1540 decubitum
1972 1518 1986 1546 ,·
2018 1508 2053 1539 in
2076 1504 2156 1539 sini-

1139 1551 1237 1584 strum
1260 1550 1348 1582 enim
1371 1547 1428 1582 ess‘e
1451 1547 1612 1590 debuisse,
1636 1550 1818 1591 intelligis,
1842 1561 1859 1582 a
1885 1550 2037 1591 pulmone
2048 1560 2156 1592 oppo-

1138 1593 1190 1627 siti
1216 1595 1324 1626 latei-is
1347 1594 1462 1635 gravi,
1486 1595 1517 1625 δε
1544 1605 1559 1626 a
1584 1603 1675 1626 tanta
1699 1591 1845 1626 indidem
1870 1592 1929 1626 seri
1943 1595 2063 1636 copia,
2087 1603 2155 1625 me-

1139 1637 1312 1671 diastinum
1345 1637 1378 1669 in
1402 1635 1556 1670 sinistram
1595 1637 1738 1670 thoracis
1762 1647 1891 1670 caveam
1926 1637 2116 1680 urgentibus
2140 1658 2155 1676 ,

1139 1681 1244 1724 sicque
1269 1680 1386 1720 alteri,
1410 1691 1475 1721 quo
1499 1692 1565 1714 uuo
1588 1692 1670 1723 aeger
1695 1680 1836 1723 spirabat
1856 1702 1866 1718 ,
1889 1681 2036 1723 pulmoni
2062 1688 2157 1713 tanto

1139 1726 1243 1766 magis
1265 1723 1504 1765 officientibus,
1527 1734 1651 1767 quanto
1675 1725 1702 1756 is
1728 1724 1843 1766 pulmo
1866 1726 1968 1767 magis
1980 1724 2157 1768 impeditus

1138 1769 1207 1811 jam
1231 1780 1269 1800 ex
1295 1776 1383 1807 parte
1408 1777 1473 1799 erat
1498 1766 1559 1800 sive
1586 1768 1628 1802 ob
1652 1767 1754 1800 serum
1778 1768 1811 1799 in
1836 1766 1923 1800 suam
1946 1780 2076 1811 quoque
2102 1779 2154 1801 ca-

1139 1823 1229 1845 veam
1255 1810 1389 1844 effusum
1409 1834 1421 1851 ,
1456 1810 1514 1844 five
1538 1811 1581 1844 ob
1605 1810 1802 1854 adjacentem
1826 1813 1982 1854 proximo
2005 1812 2064 1845 fibi
2088 1811 2158 1846 dia-

1140 1855 1325 1898 pliragmati
1349 1855 1442 1887 lienis
1466 1854 1603 1888 molem.
1631 1855 1711 1887 Haec
1730 1865 1840 1888 antem
1864 1867 1879 1887 a
1903 1865 2048 1899 tempore
2061 1857 2157 1898 usque

1142 1897 1382 1942 praegressarum
1407 1896 1547 1930 febrium
1572 1898 1803 1932 diuturnarum
1835 1909 1900 1931 non
1927 1899 2013 1933 secus
2035 1901 2069 1933 iu
2094 1899 2158 1932 hoc

1142 1943 1276 1976 Clerico
1299 1941 1429 1974 videtur
1454 1940 1545 1974 fuisse
1570 1967 1578 1982 ,
1611 1953 1707 1986 quam
1730 1943 1765 1975 in
1799 1941 1860 1975 illo
1886 1941 2053 1977 Rhedario
2092 1941 2158 1977 fuit

1140 1986 1179 2019 de
1204 1998 1270 2029 quo
1295 1984 1420 2018 dictum
1444 1985 1545 2018 initio
1568 1985 1611 2019 est
1633 1983 1717 2028 (f)
1743 2009 1750 2018 .
1776 1986 1869 2019 Num
1894 1998 1971 2020 vero
1994 1990 2027 2020 ἅτ
2051 1986 2160 2029 prius-

1141 2041 1240 2073 quam
1264 2028 1363 2062 febris
1399 2028 1465 2061 haec
1490 2029 1740 2063 inflammatoria
1772 2028 1932 2063 accederet
1953 2052 1963 2067 ,
1997 2029 2101 2064 serum
2125 2032 2161 2063 in

1141 2075 1264 2107 Clerici
1290 2072 1422 2105 thorace
1438 2071 1615 2108 collectum
1627 2072 1752 2114 fuerit,
1774 2072 1988 2115 suspicionem
2012 2073 2098 2107 haud
2112 2073 2162 2106 le-

1140 2129 1212 2150 vem
1235 2128 1268 2149 ea
1292 2115 1418 2149 faciunt
1443 2115 1531 2158 signa
1551 2140 1563 2157 ‚
1587 2129 1658 2160 quae
1683 2116 1861 2160 praeceffiffe
1881 2139 1890 2154 ‚
1924 2119 2122 2152 narravimus
2147 2142 2156 2149 .

1144 2161 1229 2201 Qae
1255 2159 1398 2202 suspicio
1421 2170 1497 2193 curn
1520 2160 1554 2193 in
1580 2160 1702 2195 duabus
1725 2172 1857 2204 quoque
1880 2159 2025 2196 historiis
2045 2185 2058 2203 ‚
2080 2173 2157 2204 quas

1140 2204 1299 2236 continuo
1324 2201 1551 2249 subjiciemus,
1576 2206 1724 2244 oriatur5
1750 2204 1819 2248 post
1831 2216 1880 2239 eas
1905 2206 2064 2240 malumus
2077 2204 2161 2249 quid

1142 2248 1177 2279 in
1202 2245 1335 2288 siugulis
1356 2246 1394 2278 de
1418 2246 1480 2280 hoc
1505 2249 1704 2288 sentiamus,
1731 2247 1888 2289 adjicere.

1190 2300 1242 2333 32.
1285 2290 1448 2323 VIRGO
1484 2300 1642 2324 annorum
1676 2289 1837 2325 sexdecim
1861 2314 1872 2331 ‚
1903 2294 1956 2327 cui
1989 2293 2159 2328 menstruae

1141 2334 1350 2376 purgationes
1384 2333 1424 2366 ab
1445 2333 1521 2367 οᾶο
1543 2333 1608 2376 jam
1639 2333 1795 2368 menfibus
1829 2335 1995 2380 suppressae
2032 2347 2121 2371 erant
2149 2363 2160 2379 ‚

1140 2377 1323 2410 cachectica
1337 2402 1345 2416 ,
1367 2374 1578 2411 catarrhalem
1604 2379 1773 2415 materiam
1795 2379 1949 2422 exspuens
1972 2405 1984 2423 ‚
2018 2380 2161 2416 nonnul-

1140 2420 1206 2453 lam
1232 2422 1359 2461 patiens
1384 2421 1418 2453 in
1443 2430 1536 2454 motu
1559 2421 1787 2456 difficultatem
1810 2423 2057 2465 respirationis,
2105 2437 2161 2461 ue-

1138 2465 1168 2496 ri
1194 2463 1287 2496 solita
1312 2463 1350 2496 de
1374 2464 1515 2506 quodam
1540 2464 1676 2506 ardore,
1700 2475 1792 2509 atque
1815 2468 2002 2503 irritatione
2026 2471 2059 2503 in
2099 2471 2161 2504 ini-

1138 2507 1202 2556 stra
1223 2505 1366 2539 thoracis
1391 2516 1503 2548 parte,
1527 2518 1655 2550 repente
1678 2509 1875 2552 orthopnoea
1901 2513 2060 2548 laboriosa
2083 2527 2162 2550 cor-

1140 2551 1262 2592 ripitur
1277 2573 1288 2589 ,
1313 2559 1348 2584 ut
1372 2550 1465 2583 nullo
1489 2552 1590 2585 modo
1615 2552 1708 2595 possit
1731 2552 1944 2595 decumbere,
1970 2557 2066 2600 sputo
2089 2559 2160 2594 san-

1140 2592 1453 2637 guineo-catarrhali
1477 2617 1488 2633 ,
1523 2594 1613 2630 sensu
1638 2596 1787 2639 ponderis
1810 2601 2027 2641 opprimentis
2052 2603 2086 2635 in
2109 2616 2161 2637 ea.

1140 2639 1213 2671 dem
1237 2638 1292 2669 illa
1316 2636 1434 2671 sinistra
1451 2637 1596 2673 thoracis
1620 2649 1730 2683 parte,
1756 2641 1847 2684 pulsu
1860 2642 1969 2686 duro,
1992 2655 2157 2681 extremo-

1141 2693 1214 2715 rum
1238 2680 1360 2724 frigore
1379 2704 1392 2722 ,
1423 2684 1455 2715 &
1479 2681 1617 2727 denique
1640 2694 1746 2717 morte
1769 2696 1885 2728 quarto
1909 2689 1951 2722 ab
1982 2690 2082 2723 initio
2103 2703 2159 2725 or-

1142 2724 1308 2768 thopnoeae
1333 2724 1405 2759 die.
1539 2729 1592 2761 lN
1620 2729 1872 2763 THORACIS
1906 2741 2043 2776 utroque
2078 2745 2158 2768 cavo

1142 2780 1222 2812 aqua
1244 2770 1412 2803 invenitur
1436 2769 1599 2813 limpida,
1622 2783 1695 2814 quae
1721 2771 1852 2814 sepofita
1873 2797 1887 2814 ,
1911 2787 1977 2810 non
1999 2777 2096 2810 aliter
2120 2789 2156 2812 ac

1140 2812 1268 2855 sanguis
1292 2824 1380 2846 mora
1404 2823 1587 2847 concretam
1610 2814 1738 2848 rubr-am
1763 2825 1885 2858 partem
1908 2831 1924 2852 a
1946 2819 2046 2853 serosa
2070 2820 2158 2864 sepa-

1141 2866 1243 2890 ratam
1267 2856 1406 2890 ostendit
1422 2884 1429 2896 ,
1455 2867 1637 2903 concretam
1661 2859 1694 2891 in
1719 2858 1766 2892 sui
1790 2859 1899 2893 medio
1923 2861 2130 2900 substantiam
2145 2889 2156 2907 ,

1136 2899 1285 2941 gelatinae
1309 2900 1405 2934 instar
1422 2925 1434 2941 ,
1468 2904 1619 2934 secretam
1643 2901 1681 2933 ab
1714 2902 1843 2945 reliquo
1866 2903 1935 2938 sero
1965 2906 2119 2942 exhibuit
2143 2934 2155 2944 .

1139 2944 1217 2977 Hoc
1240 2955 1372 2987 quoque
1396 2946 1465 2987 igni
1490 2945 1704 2987 impositum,
1727 2945 1839 2979 eodem
1863 2948 1965 2983 modo
2016 2963 2059 2985 uo
2081 2951 2157 2986 san-

1140 2988 1249 3029 guinis
1274 2985 1396 3024 serum,
1420 2991 1584 3022 concrevit
1602 3014 1610 3022 .
1634 2991 1801 3024 Caeterum
1825 2999 1914 3026 totus
1936 2992 1995 3027 fini
2025 3006 2057 3028 er
2080 2996 2155 3038 pul-

1140 3041 1196 3064 mo
1229 3031 1319 3063 valde
1345 3039 1411 3064 erat
1442 3031 1542 3066 durus
1564 3058 1571 3065 .
1607 3034 1647 3065 In
1670 3031 1803 3066 dextero
1834 3037 1940 3070 cordis
1973 3039 2156 3073 ventriculo

1143 3074 1340 3117 praegrandi's
1362 3075 1517 3118 polyposa
1539 3077 1730 3115 concretio3
1752 3079 1787 3111 in
1812 3077 1936 3113 sinisti-0
1959 3082 2078 3123 altera,
2101 3083 2156 3119 sed

1142 3119 1266 3165 minor.
1403 3122 1443 3152 In
1467 3120 1589 3153 Ventre
1622 3129 1726 3154 autem
1751 3122 1963 3158 animadversa
2002 3125 2044 3159 est
2067 3125 2154 3161 fellis

1141 3163 1275 3195 vesicula
1296 3161 1495 3196 craffioribus
1518 3162 1613 3197 factis
1638 3166 1778 3204 tunicis,
1801 3167 1916 3210 exigua
1935 3189 1948 3206 ,
1969 3170 2003 3201 δε
2026 3169 2153 3206 nullum

1142 3206 1191 3238 vel
1217 3206 1282 3239 leve
1305 3206 1382 3238 bilis
1404 3206 1573 3248 vestigium
1597 3208 1743 3242 servans.

1188 3260 1240 3293 33„
1266 3251 1428 3283 SENEM
1454 3261 1553 3285 annos
1584 3261 1695 3285 natum
1719 3262 1861 3296 quatuor
1891 3256 1925 3288 δε
1948 3253 2151 3299 septuaginta

1143 3291 1250 3326 dextri
1273 3294 1379 3327 lateris
1402 3293 1497 3327 dolor
1509 3294 1679 3337 prehendit
1696 3322 1703 3335 ‚
1727 3296 1887 3339 gravando
1899 3299 2009 3340 potius
2021 3322 2035 3340 ‚
2057 3312 2154 3343 quam

1145 3338 1205 3370 alia
1230 3338 1379 3377 ratione,
1404 3339 1627 3379 permolestus,
1651 3340 1814 3373 molestior
1837 3349 1965 3384 autern,
1987 3342 2011 3375 si
2034 3344 2067 3376 in
2091 3356 2153 3387 op.

1145 3380 1286 3423 positum
1313 3382 1394 3414 latus
1418 3381 1546 3423 cubet,·
1579 3385 1688 3425 itaque
1712 3385 1745 3416 in
1777 3382 1943 3418 dexterum
1976 3385 2150 3422 dumtaxat

1143 3425 1246 3468 jacet.
1274 3426 1432 3458 Dolorem
1454 3429 1652 3460 comitantur
1674 3428 1859 3469 importuna
1883 3428 1969 3463 tuffis
1994 3455 2003 3469 ‚
2035 3441 2153 3465 cruen-

1145 3479 1216 3503 tum
1241 3469 1388 3512 sputum,
1413 3467 1508 3502 dolor
1531 3472 1673 3513 capitis,
1697 3470 1831 3513 vigilia,
1853 3473 1887 3505 in
1909 3474 2025 3515 primis
2040 3483 2148 3509 autern

1145 3512 1315 3547 vehemens
1337 3513 1438 3546 febris
1457 3524 1530 3547 cum
1555 3513 1646 3557 pulsu
1668 3514 1749 3548 duro
1770 3538 1782 3555 ‚
1814 3517 1847 3549 &
1869 3515 2030 3559 frequenti
2051 3542 2064 3559 ‚
2097 3517 2150 3554 sed

1144 3568 1211 3590 non
1234 3557 1325 3590 valde
1346 3556 1479 3598 turgido
1493 3581 1502 3589 .
1524 3559 1589 3592 Die
1613 3559 1712 3590 tertio
1723 3559 1884 3605 moritur.
2019 3562 2147 3597 THO-

90 3595 146 3629 das
168 3594 377 3647 deceptiones
400 3596 414 3646 l·
435 3596 636 3629 Accedebant
659 3599 693 3646 in
716 3599 851 3633 Clerico
883 3613 953 3643 quae
979 3614 994 3634 a
1017 3613 1098 3644 prae-
1149 3602 1249 3635 RAX
1272 3601 1349 3635 dum
1371 3601 1531 3642 aperitur,
1553 3613 1568 3633 e
1591 3599 1725 3634 dextero
1748 3613 1814 3644 ejus
1836 3613 1915 3636 cavo
1936 3607 2081 3648 erumpit
2104 3606 2152 3639 se-

89 3638 191 3682 greffis
214 3640 334 3673 morbis
356 3639 469 3673 relitffm
493 3649 600 3673 erant:
624 3650 660 3675 ut
671 3643 768 3685 siquis
790 3643 964 3686 conjunffihl
977 3645 1099 3688 speeta-
1149 3656 1222 3678 rum
1242 3668 1254 3686 ,
1277 3657 1342 3687 quo
1366 3644 1449 3678 illud
1482 3655 1590 3679 toturn
1613 3645 1803 3688 opplebatur
1825 3658 1836 3685 3
1869 3658 1946 3681 num
1978 3649 2010 3681 vi
2044 3650 2147 3684 brevis

2032 3693 2113 3728 adeo

93 3762 2157 3791 Ἢ

146 3821 196 3851 »(1
214 3824 221 3854 )
239 3834 264 3852 η.
282 3834 320 3852 21.

382 3825 648 3858 (s)8.1-Aph.1.
706 3828 855 3861 (t)n.2.
