2498 4075
363 310 517 379 Epist-¹
550 307 715 363 Anat.
748 306 966 365 Medica
997 307 1092 363 IV.
1126 305 1251 360 Art.
1284 317 1332 370 4.
1371 321 1414 368 ς.
1446 306 1493 360 6.
1528 319 1576 368 7.-
1606 303 1650 355 8.
1682 300 1739 355 &
1771 317 1821 368 9.

85 388 211 424 arteriis
224 414 233 428 ‚
256 389 382 424 animal
397 389 511 424 sentire
533 396 643 430 pergat
661 398 670 419 .·
694 396 804 423 utrum
815 386 1088 430 apoplec'ticoium

85 432 256 470 hominum
278 432 406 476 sanguis
427 432 465 465 ab
488 431 626 464 aliorum
648 429 801 470 differat,
823 433 857 465 &
879 441 941 473 qua
964 431 999 463 in
1023 441 1055 462 re
1079 442 1087 463 :

83 475 222 518 denique
246 475 346 511 serum
368 474 455 519 quod
480 473 558 516 saepe
581 474 665 507 intra
688 485 797 508 eorum
818 473 988 508 calvariam
1010 471 1091 507 effu-

84 518 155 554 sum
177 517 242 559 est,
263 531 326 562 qua
349 520 381 552 in
405 529 437 550 re
460 525 588 559 peccet,
609 519 641 550 &
664 517 744 561 quid
761 517 980 559 interipsum,
994 525 1025 550 at
1053 527 1089 549 ue

84 561 168 596 illud
191 560 359 597 discrimen
382 559 422 595 fit
443 559 533 604 quod
555 561 640 593 intra
663 571 733 594 eam
755 560 834 602 saepe
855 562 953 595 etiam
975 562 1010 593 in
1054 571 1090 592 o-

84 606 153 640 lore
175 606 292 647 capitis
313 602 447 638 effusum
467 602 765 638 invenitur.Vides
786 604 950 647 quomodo
973 603 1035 637 hoc
1046 603 1091 636 se-

85 658 160 684 rum
181 650 214 681 in
240 648 342 684 Zanio
363 647 541 681 examinare
561 656 697 681 conatus
720 646 781 688 sit,
803 657 858 680 nec
880 644 1090 689 concrescibile

83 691 125 726 ad
147 693 274 734 ignem,
297 690 389 734 quale
411 690 561 725 nonnulli
583 698 720 733 putant,
743 693 777 724 δε
798 689 889 733 quale
910 702 949 724 ex
972 689 1090 731 pedee-

82 744 225 770 manarat
236 744 348 775 antea,
370 734 548 767 invenerit.
573 734 623 767 At
645 732 738 767 simul
748 733 923 776 intelligis,
945 744 1042 776 quam
1051 731 1091 766 fit

83 777 255 821 diligenter
275 776 451 812 eura-ndum
463 800 476 817 ,
498 788 535 809 ne
559 775 638 820 quid
660 776 775 810 habeat
798 775 989 814 admistum5
1012 776 1091 809 faci-

84 821 115 856 le
136 823 220 855 enim
245 819 367 864 aliquid
391 819 552 863 sanguinis
584 821 667 854 inter
696 818 908 855 dissecandum
941 819 1095 853 admisce-

84 875 160 899 tur:
183 864 360 907 praesertim
381 874 460 897 vero
482 874 579 907 quarn
602 864 697 906 longa
733 865 913 907 requiratur
943 863 1096 897 tentami-

84 918 163 944 num
186 906 294 947 series,
318 910 351 944 δε
372 918 470 951 quam
491 917 606 948 caute,
629 906 821 950 solerterque
841 906 1095 940 conec-‘tinum

86 951 155 985 liaec
177 950 373 985 desideratur
387 975 398 992 ‚
421 949 653 994 ficonjetsturis
675 952 726 986 uti
738 952 835 990 licet,
858 958 951 991 atque
963 948 995 982 id
1007 948 1095 996 quod

84 994 127 1029 est
148 993 343 1028 manifestius
353 1018 367 1036 ,
389 994 572 1033 attendere3
596 1005 661 1027 non
682 992 866 1028 incredibile
876 993 919 1026 est
931 1016 943 1033 ,
967 991 1006 1026 ab
1015 991 1096 1035 ejus-

84 1037 248 1072 demmodi
272 1037 341 1072 sero
364 1047 435 1071 tum
458 1037 606 1071 dolorem
627 1038 745 1080 capitis
764 1038 831 1072 fieri
843 1058 856 1076 ‚
879 1045 949 1070 tum
966 1036 1098 1078 apople-

85 1082 199 1120 xiam3
222 1080 274 1115 sed
297 1093 359 1125 pro
380 1082 467 1115 varia
489 1083 581 1125 copia
597 1107 606 1120 ,
630 1084 663 1115 δε
686 1080 862 1115 acrimonia
884 1079 978 1113 illum
1000 1101 1010 1117 ‚
1042 1087 1097 1112 aut

90 1124 192 1165 hanc,
217 1127 253 1159 &
275 1122 357 1159 hanc
377 1126 516 1168 denique
539 1124 607 1167 post
630 1124 726 1158 illum
741 1148 749 1156 .
777 1124 829 1157 Sic
852 1121 948 1156 habes
970 1123 1005 1155 in
1044 1123 1098 1155 Se-

90 1167 263 1211 pulchreto
283 1170 329 1208 (d
337 1172 371 1209 )‚
394 1169 583 1202 Matronam
604 1165 808 1202 hemicraniae
831 1165 887 1201 diu
898 1165 1097 1203 obnoxiam,

79 1213 258 1255 apoplexia
281 1212 441 1255 postremo
464 1212 641 1249 sublatam,
663 1212 697 1244 in
720 1210 809 1254 cujus
829 1211 939 1244 cranio
959 1210 1098 1243 inventae

90 1253 164 1289 sunt
188 1267 273 1299 aquae
290 1254 492 1298 flavescentis
506 1280 514 1294 ‚
539 1254 736 1289 mediocriter
750 1253 878 1297 salim,
900 1251 986 1286 librae
996 1253 1093 1286 medi-

85 1298 212 1332 cinales
235 1299 362 1333 circiter
383 1300 536 1341 quinque.
560 1298 657 1332 Hanc
680 1298 868 1344 Matronani
891 1307 966 1331 cum
989 1297 1093 1329 Zanio

84 1352 259 1384 compara:
285 1351 457 1385 utrumque
479 1349 587 1376 autem
609 1351 683 1375 cum
705 1342 793 1375 Viro
814 1351 904 1383 cujus
928 1339 1046 1381 pariter
1055 1347 1093 1373 ut

86 1387 206 1428 capitis
229 1384 360 1420 dolores
383 1386 546 1429 primum,
568 1384 685 1417 deinde
707 1383 933 1427 apoplexiam,
959 1381 999 1414 sic
1031 1383 1097 1415 eir-

83 1440 161 1462 cum
182 1429 370 1469 cerebrum,
395 1430 427 1463 &
451 1430 484 1461 in
508 1427 636 1462 cerebro
659 1438 772 1470 aquam
781 1425 1002 1466 descripsimus
1013 1426 1097 1468 Epi-

86 1471 167 1506 stola
192 1475 221 1506 Ι.
243 1476 326 1513 (ε).
353 1472 425 1505 Nec
450 1473 526 1514 quia
550 1473 584 1504 in
606 1470 673 1513 ejus
696 1482 776 1514 aqua
799 1468 938 1507 salsedo,
959 1480 1030 1511 quae
1060 1469 1096 1501 in

89 1514 218 1550 duobus
243 1515 406 1558 prioribus
429 1514 582 1549 adnotata
605 1513 648 1548 est
659 1537 673 1554 ,
697 1515 871 1547 omittatur
884 1511 1097 1553 ,credibilius

88 1558 156 1600 est,
177 1557 311 1594 defuiffe
325 1581 336 1596 ,
360 1568 458 1601 quam
480 1556 684 1601 perquisitam
694 1568 758 1591 non
769 1555 845 1591 esse.
869 1557 942 1590 Nec
963 1554 1053 1598 quod
1062 1566 1098 1589 ea

88 1603 184 1645 copia
196 1603 304 1643 quain
317 1602 469 1635 Matrona
482 1601 560 1639 suit,
570 1602 602 1633 in
616 1611 726 1634 eorum
737 1609 853 1634 neutro
864 1599 929 1633 fuit
942 1621 952 1635 ‚
974 1598 1099 1632 idcirco

115 1645 254 1688 roposita
264 1643 446 1687 conjectura
459 1643 635 1687 abjicienda
646 1643 688 1678 est
702 1645 902 1687 prius,quam
914 1643 1097 1684 proximam

87 1657 254 1723 l-iistoriam
278 1688 442 1730 perlegas,
464 1691 498 1722 δέ
520 1699 591 1732 quae
615 1687 653 1721 ad
676 1687 777 1731 ipsam
797 1687 1061 1733 adnotabimus.-

97 1762 101 1765 ,
133 1744 165 1775 4.
204 1732 436 1766 PUBLICUS
469 1732 628 1765 Bononiae
660 1732 752 1777 Juris
785 1729 943 1765 Professor
965 1753 978 1770 ,
1009 1740 1099 1772 cujus

88 1774 187 1809 faciei
210 1775 302 1808 color
325 1774 417 1810 ruber
440 1775 481 1808 ad
504 1775 692 1818 plumbeum
714 1785 842 1817 vergens
856 1798 867 1814 ‚
889 1783 965 1807 :ctas
990 1781 1098 1808 autem

91 1821 167 1852 anni
190 1820 319 1853 circiter
343 1817 527 1860 sexaginta,
547 1818 676 1862 questus
698 1817 736 1852 ad
758 1817 894 1852 mensem
919 1817 957 1851 de
982 1816 1099 1851 stoma-

89 1861 146 1896 chi
170 1861 233 1895 sive
255 1861 424 1896 debilitate
446 1861 607 1906 quadam,
631 1860 693 1895 sive
716 1861 826 1895 dolore
842 1885 853 1901 ,
875 1873 941 1905 quo
962 1859 1028 1903 ejus
1050 1861 1101 1894 vi-

93 1917 143 1942 1es
166 1905 244 1939 adeo
266 1905 532 1946 infirmabantur,
554 1914 589 1939 ut
614 1906 647 1939 in
672 1905 892 1939 ambulatione
925 1904 971 1936 vel
1007 1904 1095 1937 brevi

94 1949 212 1992 saepius
236 1948 393 1992 quiescere
415 1958 585 1991 cogeretur
604 1961 616 1989 3
648 1950 755 1992 quiete
787 1949 873 1981 enim
905 1946 1068 1982 levabatur
1087 1959 1100 1986 3

92 2003 168 2026 cum
192 1992 279 2026 forte
302 1993 356 2027 die
375 2003 492 2035 quarto
516 1991 586 2035 post
607 1993 746 2035 primam
768 1992 868 2026 Luiiae
883 1991 1000 2025 Martii
1022 2002 1102 2034 qua-

91 2036 285 2077 draturam,
311 2035 408 2070 flante
430 2036 553 2072 austro,
578 2037 613 2069 in
637 2035 823 2078 ampliffirna
846 2035 963 2068 sederet
988 2034 1104 2067 Basili-

92 2090 130 2113 ca
153 2080 260 2113 Sanc‘ti
283 2079 458 2120 Petronii,
481 2088 610 2122 repente
631 2090 707 2113 cum
738 2079 913 2113 incondito
945 2078 1070 2113 ululatu
1088 2100 1099 2116 ,

91 2126 126 2157 &
149 2123 301 2166 peculiari
323 2122 459 2167 quadarn
481 2123 626 2165 corporis
648 2121 850 2156 contorsione
871 2121 1011 2156 cecidit.
1042 2122 1107 2154 Fa„

93 2167 156 2201 cies
182 2166 321 2201 multum
343 2166 483 2207 livebat>
506 2166 616 2208 spuma
639 2168 721 2199 circa
756 2177 791 2199 os
823 2174 890 2199 erat
910 2189 924 2206 ,
955 2176 994 2198 ex
1023 2164 1097 2197 alvo

96 2208 191 2246 faeces
215 2209 387 2253 prodibant
412 2233 424 2250 ,
454 2210 561 2243 nullus
586 2208 733 2242 edebatur
755 2218 863 2242 motus
878 2233 885 2240 .
913 2210 1025 2250 Itaque
1048 2208 1098 2240 in-

95 2262 146 2287 tra
169 2254 315 2290 horulam
348 2262 495 2286 mortuus
526 2252 586 2285 est.
681 2252 879 2285 PAULO
911 2250 982 2293 post
1015 2261 1105 2284 mor-

96 2303 167 2333 t‘em
190 2297 286 2330 facies
309 2296 478 2338 pallescit,
511 2303 617 2327 tamen
642 2293 713 2336 post
734 2294 955 2337 horasviginti
968 2303 1107 2336 quatuor

97 2341 182 2375 livor
204 2339 323 2382 aliquis
345 2348 416 2372 tum
438 2349 519 2381 pone
541 2349 651 2376 aures,
675 2346 745 2370 tum
769 2338 934 2370 nonnullis
957 2338 1107 2370 aliiscor-

95 2385 187 2425 poris
210 2383 292 2416 locis
316 2381 418 2417 adhuc
441 2380 632 2423 apparebat·
724 2382 815 2415 Dum
837 2391 854 2412 e
876 2382 1000 2413 Cranio
1020 2391 1107 2414 cere-

96 2427 192 2461 brum
218 2425 414 2460 eximebatur
429 2451 437 2463 ,
461 2423 617 2457 mediocri
643 2421 744 2456 serum
765 2424 859 2466 copia
884 2422 1013 2457 exibat.
1037 2424 1106 2456 Va-

99 2469 129 2504 sa
151 2470 271 2503 cerebri
296 2467 472 2510 sanguifera
494 2478 557 2499 non
580 2465 668 2499 valde
693 2466 843 2509 turgida:
869 2466 907 2500 ad
930 2466 1106 2501 nonnullo-

98 2525 172 2549 rum
195 2522 303 2546 autem
330 2513 411 2545 latus
435 2519 500 2544 erat
523 2510 689 2543 concretio
712 2509 769 2543 seri
798 2509 970 2553 gelatinosa
993 2535 1000 2541 .
1033 2511 1105 2543 Me-

98 2558 180 2591 ninx
203 2557 327 2590 Tenuis
350 2554 446 2588 facile
469 2553 688 2596 separabatur.
712 2553 888 2587 Cerebrum
920 2553 1102 2587 universum

97 2600 188 2634 valde
212 2600 404 2638 flaccidum,
429 2600 461 2631 &
484 2598 592 2630 colore
614 2595 699 2639 quasi
723 2595 830 2630 diluto
853 2621 864 2636 ‚
899 2597 933 2629 in
968 2598 1102 2630 Latera-

99 2643 186 2678 libus
206 2643 394 2677 ventriculis
418 2640 529 2686 serum-
546 2640 684 2673 habebat
705 2642 800 2683 copia
824 2641 881 2674 vix
904 2648 1020 2674 notatu
1052 2641 1102 2674 di·

97 2699 184 2732 gna,
207 2686 315 2729 sapore
339 2694 442 2720 autem
467 2685 564 2730 sallo.
656 2682 806 2718 Thorace
819 2693 930 2725 aperto
939 2707 952 2724 ,
977 2684 1107 2726 pulmo-

100 2743 154 2766 nes
177 2731 337 2773 conspeffi
362 2729 434 2763 sunt
457 2728 540 2771 quasi
566 2736 744 2761 atramento
766 2727 884 2767 unffi,-
909 2738 925 2760 a
939 2727 1046 2769 pleura
1057 2738 1106 2762 ta-

101 2786 174 2809 men
198 2772 317 2807 soluti.
342 2775 380 2805 ln
403 2769 580 2815 pericardio
601 2781 673 2804 cum
697 2769 774 2813 justa
800 2782 887 2813 aquae
921 2772 1014 2813 copia
1046 2781 1104 2804 cor

103 2816 296 2857 flaccidum,
319 2815 466 2858 nihilque
491 2816 526 2847 in
547 2813 646 2857 hujus
671 2814 857 2848 ventriculis
894 2813 1102 2847 adnotatione

104 2861 259 2901 dignum.
286 2862 386 2901 Prope
410 2857 514 2900 ipsum
536 2859 650 2891 arteria
673 2858 793 2900 Magna
816 2857 986 2891 nonnullas
1006 2856 1102 2892 osseas

103 2906 234 2948 exiguas
256 2902 388 2937 habebat
412 2902 571 2945 squamas.

151 2959 179 2991 ς.
206 2949 360 2981 Ventrem
382 2957 445 2979 non
469 2944 606 2988 inspexit
630 2944 780 2980 Valsalva
800 2969 812 2985 ,
834 2943 938 2986 credo)
960 2946 1033 2988 quia
1064 2945 1105 2977 il-

105 2993 171 3027 lam
193 2990 369 3031 stomachi,
390 2998 426 3024 iit
449 3000 531 3031 aeger
554 2991 709 3029 vocabat,
732 2986 935 3021 affefftionen‘i
949 2989 1106 3022 censuerit

107 3036 146 3071 ad
164 3034 271 3068 cordis
295 3032 522 3067 flacciditatem
544 3029 749 3075 pertinuisse,
771 3042 844 3065 cum
868 3030 1023 3065 stomachi
1047 3043 1107 3065 no-

107 3081 194 3114 mine
217 3080 251 3111 in
276 3076 418 3120 pluribus
442 3076 616 3111 nostrarum
639 3077 810 3110 civitatum
836 3076 933 3108 imam
963 3077 1105 3109 anterio-

108 3135 175 3157 rem
199 3121 340 3156 thoracis
362 3121 524 3162 regionem
547 3122 624 3164 aegri
648 3120 766 3155 soleant
780 3141 790 3156 ‚
812 3119 915 3161 ignari
927 3129 1106 3159 mammes,

108 3165 287 3209 defigi-iare.
315 3161 486 3205 Ejusmodi
516 3174 574 3196 cor
606 3164 787 3207 sanguinem
818 3163 950 3196 celerius
979 3162 1105 3205 praeser-

54 3232 56 3234 -
111 3211 175 3244 tim
195 3232 204 3247 ,
247 3216 284 3242 ut
315 3207 350 3239 in
382 3205 597 3241 ambulatione
617 3231 626 3246 ,
659 3206 844 3241 affluentem
876 3205 1003 3240 videtur
1043 3217 1108 3240 noni

110 3253 251 3290 multum
274 3251 343 3285 sane
364 3260 548 3292 promovere
571 3250 724 3293 potuisse:
751 3249 789 3284 ad
812 3248 1003 3292 eandemque
1033 3261 1109 3283 cor-

111 3298 161 3332 dis
183 3296 405 3330 infirmitatem
428 3293 561 3326 attinuit
584 3292 710 3329 fortasse
734 3302 801 3327 ater
832 3293 886 3327 ille
920 3293 1108 3335 pulmonum

111 3340 228 3373 color.
254 3340 304 3372 Ut
318 3346 353 3371 ut
364 3335 428 3375 est;
451 3335 614 3378 apoplexia
626 3349 694 3381 quae
708 3336 874 3371 hominem
895 3335 1017 3370 sustulit
1041 3345 1109 3371 tam

115 3384 205 3419 brevi
227 3380 332 3425 spatio
345 3404 353 3419 ‚
375 3379 494 3423 quippe
505 3378 679 3415 flaccido&
691 3381 786 3414 corde
797 3405 809 3421 ,
823 3383 854 3414 &
865 3378 990 3413 cerebro
1000 3380 1107 3414 minus

114 3425 250 3461 resistere
271 3425 429 3458 valentem
450 3446 462 3463 ,
498 3423 576 3455 oriri
598 3425 707 3466 potuit
731 3425 770 3457 ab
792 3424 857 3458 sero
880 3424 942 3456 illo
961 3447 974 3464 ,
1008 3434 1110 3466 pauco

115 3469 244 3514 quidem
260 3492 272 3509 ,
296 3467 348 3502 sed
372 3465 473 3506 salso,
499 3466 650 3501 nimirum
673 3468 841 3501 vellicante
852 3468 1032 3510 meningern
1042 3468 1109 3501 Te-

115 3525 230 3552 nuem,
256 3523 317 3555 qua
338 3512 436 3544 etiam
457 3509 627 3543 ventriculi
658 3510 898 3545 convestiuntur
920 3534 932 3549 ,
966 3519 1003 3544 ut
1034 3520 1110 3553 pro-

116 3566 221 3600 pterea
244 3554 378 3589 insultus
401 3553 535 3587 initium
568 3550 664 3587 fuerit
697 3555 863 3598 epileptici
894 3552 990 3587 instar
1010 3579 1019 3594 ‚
1051 3554 1109 3595 qui

116 3612 195 3634 mox
218 3600 250 3632 in
277 3598 511 3642 apopleoticum
543 3593 775 3638 degeneraverit
801 3623 808 3630 .
842 3599 923 3638 Non
953 3596 993 3636 est
1023 3598 1109 3629 enim

117 3642 332 3678 incon-veniens
350 3664 363 3681 ,
385 3650 481 3674 unum
503 3639 685 3682 eundemque
708 3640 865 3675 humorem
886 3640 972 3675 modo
985 3639 1108 3681 apople-

114 3687 206 3722 xiam
228 3706 239 3723 ,
270 3685 356 3718 modo
378 3681 552 3725 epilepfiam
568 3683 713 3717 inducere
724 3707 737 3724 ‚
759 3684 878 3727 quando
900 3682 1038 3726 quotidie
1059 3681 1112 3715 ob-

202 3728 366 3771 Morgagni
375 3729 411 3762 de
423 3727 490 3760 Sed.
505 3726 546 3758 (9·
555 3724 641 3767 Caus-
652 3726 754 3761 Morb.
768 3728 865 3760 Tom.
879 3727 906 3761 I.

1958 355 1966 369 ,
1979 365 1987 368 7,
2006 295 2072 376 {27

1131 381 1298 426 servatur,
1321 380 1557 425 epilepticorum
1574 376 1733 424 plerosque
1755 388 1773 411 a
1789 370 2027 425 superveniente
2058 385 2077 408 a
2099 384 2130 406 o-

1136 425 1244 468 plexia
1264 435 1280 458 e
1302 425 1402 458 medio
1425 425 1518 466 tolli,
1540 433 1578 459 ut
1601 434 1672 456 vere
1694 420 1801 455 scribit
1826 419 2005 453 Martianus
2026 420 2040 457 (
2082 419 2136 456 ι),

1139 468 1195 501 ubi
1218 479 1282 501 non
1303 468 1403 501 modo
1433 467 1624 510 convulsivos
1657 473 1761 498 motus
1791 470 1893 496 omnes
1925 473 1944 495 a
1968 459 2134 501 stimulata

1131 510 1291 554 facultate
1312 511 1496 553 dependere,
1521 511 1571 544 sed
1594 512 1626 543 &
1649 507 1730 543 illud
1754 505 1847 541 docet
1861 529 1869 545 ‚
1901 506 2136 553 Hippocratem

1140 551 1317 599 impoffibile
1340 551 1395 597 effe
1417 551 1657 596 existimaviffe‚
1689 548 1847 585 cerebrum
1878 557 1939 580 nort
1967 546 2098 596 conpelli
2122 568 2136 585 ‚

1140 598 1214 631 dum
1236 595 1275 630 ab
1305 596 1362 631 illa
1393 598 1526 630 materia
1558 597 1623 630 acri
1655 595 1836 629 irritatur:
1870 592 1903 624 δε
1934 588 2003 637 sane
2033 601 2067 622 in
2099 600 2138 622 eo

1141 651 1236 684 quern
1258 648 1403 679 enarrat,
1426 638 1618 673 vetustiffimi
1644 635 1817 678 Scriptoris
1841 634 1915 667 loco
1935 633 2049 667 diserte
2063 630 2139 666 scri-

1141 693 1234 728 ptum
1256 682 1321 724 est,
1344 682 1558 724 apoplexiam
1574 681 1649 726 fieri
1668 703 1679 719 ,
1712 692 1724 714 ι
1747 677 1870 722 quidem
1900 676 2057 711 cerebrum
2086 686 2139 708 ro-

1141 729 1237 760 datur
1258 739 1269 765 ς
1304 726 1378 760 inde
1401 727 1488 759 enim
1508 726 1551 759 Θ
1574 735 1659 758 mens
1701 723 1790 767 efipit
1817 723 1832 761 (
1853 719 1888 754 id
1910 719 1976 759 est,
1998 728 2034 753 ut
2060 718 2142 752 reste

1142 771 1324 805 Martianus
1345 769 1485 812 explicat
1496 791 1508 808 ‚
1531 779 1595 801 non
1618 767 1797 809 intelligit)
1819 764 1862 799 &¹
1885 762 2050 812 cerebrum⁸
2072 772 2143 795 con-

1143 813 1238 848 vellit
1258 837 1270 853 ,
1301 825 1337 846 ac
1358 811 1501 853 distrahit
1523 818 1624 845 totum
1654 810 1807 845 hominem
1828 831 1836 838 .
1872 805 1973 841 Vides
2005 814 2108 848 igitur
2132 827 2143 842 ,

1145 867 1209 890 non
1233 855 1289 890 esse
1314 868 1329 889 a
1352 856 1419 889 veri
1446 853 1654 889 similitudine
1676 853 1813 886 alienum
1833 849 1921 893 quod
1954 848 1994 883 de
2022 848 2145 882 senten-

1146 901 1191 933 tia
1213 908 1378 934 tantorum
1401 899 1560 932 Virorum
1582 897 1797 932 existimamus
1820 920 1828 933 .
1862 905 1879 926 a
1903 893 1970 927 sero
1992 891 2042 925 vel
2067 902 2144 934 pau-

1144 954 1184 976 co
1202 967 1209 979 .
1233 943 1332 977 modo
1354 943 1484 976 irritans
1506 941 1545 975 sit
1568 966 1580 983 ‚
1605 940 1678 974 *fieri
1701 938 1904 983 apoplexiam
1926 933 2011 981 posse
2032 957 2044 974 ‚
2066 945 2146 985 con-

1147 985 1287 1020 vulfione
1309 985 1477 1022 videlicet,
1503 987 1556 1023 δε,
1579 984 1667 1027 quod
1688 983 1922 1026 consequitur,
1942 978 2148 1030 const-rifano-

1148 1040 1185 1063 ne
1210 1038 1371 1064 meatuum
1392 1029 1535 1068 cerebri,
1557 1028 1648 1061 illan-i
1682 1027 1900 1061 irritationem
1933 1030 2114 1065 excipiente
2136 1044 2147 1053 .

1149 1073 1328 1108 Secundum
1351 1072 1419 1107 haec
1443 1071 1518 1105 scies
1532 1093 1542 1109 ,
1567 1083 1628 1114 qua
1652 1083 1711 1113 ego
1733 1071 1857 1102 ratione
1877 1066 2028 1113 explicari
2042 1062 2148 1107 posse,

1146 1115 1296 1157 credam,
1318 1124 1476 1159 quatuor,
1502 1123 1557 1148 aut
1580 1115 1720 1157 quinque
1741 1111 1905 1156 perbreves
1918 1112 1981 1142 iere
1990 1107 2149 1156 Valsalvae

1147 1159 1315 1198 historias,
1336 1170 1414 1203 quas
1436 1157 1498 1191 sine
1530 1157 1594 1191 ulla
1627 1156 1838 1191 adnotatione
1873 1153 2020 1202 protinus
2053 1150 2153 1193 subji-

1146 1205 1231 1237 ciam
1253 1229 1259 1235 .
1295 1204 1366 1236 Sive
1388 1202 1473 1235 enim
1496 1212 1569 1235 cum
1593 1199 1661 1233 sero
1683 1210 1748 1233 non
1771 1208 1893 1241 pauco,
1918 1204 1954 1229 ut
1975 1206 2010 1228 in
2030 1193 2153 1228 duabus

1145 1259 1252 1281 earum
1277 1247 1391 1289 primis
1411 1269 1424 1286 ‚
1447 1256 1547 1288 neque
1570 1242 1745 1287 pei-fenam
1779 1241 1982 1288 apoplexi-am
2005 1262 2019 1279 ‚
2051 1246 2152 1281 neque

1142 1290 1340 1325 celerrimam
1365 1299 1503 1323 mortem
1525 1286 1732 1331 conjunetam
1754 1286 1892 1329 legeris,
1915 1285 1975 1317 sive
1986 1293 2061 1332 curn
2082 1290 2155 1323 per·

1143 1345 1246 1377 pauco
1268 1333 1371 1368 modo
1392 1331 1502 1366 eadem
1519 1355 1531 1372 ‚
1562 1341 1599 1365 ut
1622 1332 1657 1364 in
1677 1330 1796 1367 tertia,
1821 1327 1921 1362 modo
1942 1336 2076 1360 omnino
2089 1335 2152 1373 op-

1146 1377 1270 1421 posita,
1294 1387 1329 1412 ut
1353 1378 1388 1410 in
1412 1376 1547 1418 reliquis
1567 1374 1713 1412 duabus,
1737 1372 1921 1410 inveneri55
1946 1381 1995 1403 me
2028 1370 2064 1401 in
2097 1365 2153 1401 his

1146 1420 1278 1464 quidem
1316 1419 1468 1454 omnibus
1501 1430 1564 1452 non
1596 1427 1665 1452 tam
1697 1417 1756 1451 seri
1788 1416 1918 1458 copiam
1942 1436 1954 1453 ,
1988 1421 2045 1459 aut
2075 1422 2158 1452 pau-

1145 1465 1280 1498 citatem
1302 1463 1463 1508 speum-e,
1486 1461 1614 1503 credes,
1636 1460 1853 1508 quam'aliam
1875 1459 1908 1491 in
1921 1457 1993 1490 aliis
2015 1453 2158 1499 ejusdem

1148 1507 1360 1547 salsedinem,
1383 1509 1415 1540 δε
1438 1506 1649 1540 acrimoniam
1671 1504 1850 1546 conjicere.

1192 1554 1223 1583 6.
1249 1552 1334 1586 VIR
1356 1550 1507 1593 gracilis,
1540 1559 1637 1582 annos
1671 1546 1886 1590 quadraginta
1918 1551 2013 1578 natus
2031 1565 2042 1581 ,
2072 1539 2160 1592 febre

1149 1603 1240 1628 acuta
1265 1594 1448 1627 laborabat.
1472 1594 1572 1628 Circa
1593 1601 1715 1625 nonum
1739 1589 1826 1623 diem
1847 1588 1886 1622 de
1909 1587 2004 1621 noste
2033 1593 2162 1619 amittit

1150 1636 1303 1680 loquendi
1327 1636 1536 1671 facultatem.
1563 1637 1782 1676 Interrogatus
1806 1632 1933 1667 nullum
1959 1630 2015 1664 dat
2037 1629 2162 1663 intelli-

1148 1680 1244 1724 gendi
1268 1678 1410 1723 signum.
1434 1682 1472 1714 In
1499 1677 1629 1714 artubus
1650 1677 1801 1713 omnibus
1823 1677 1900 1709 levis
1910 1673 2079 1708 dumtaxat
2090 1684 2164 1707 mo-

1149 1724 1280 1765 vendi,
1311 1723 1528 1766 sentiendique
1551 1722 1687 1756 facultas
1720 1719 1932 1768 remanebat..
1967 1719 2074 1752 Facies
2108 1729 2164 1753 ru-

1150 1768 1206 1802 bra
1230 1778 1295 1801 non
1317 1777 1383 1802 erat
1407 1794 1414 1800 .
1449 1765 1598 1801 Tandem
1621 1767 1702 1799 circa
1724 1764 1811 1799 diem
1833 1770 1976 1797 moritur
1998 1761 2163 1796 decimum

1154 1812 1308 1846 tertium.
1396 1814 1428 1846 C
1451 1813 1481 1845 E
1505 1812 1535 1845 R
1561 1811 1591 1843 E
1616 1810 1643 1842 B
1666 1810 1696 1845 R
1720 1809 1755 1842 U
1778 1808 1824 1842 M·
1862 1808 2030 1840 inventum
2054 1804 2096 1839 est
2118 1806 2164 1839 se-

1152 1854 1293 1890 cundum
1316 1864 1460 1889 naturam
1484 1853 1513 1888 fe
1536 1852 1677 1891 liabens;
1701 1850 1758 1885 nisi
1781 1850 1871 1895 quod
1894 1848 2113 1892 interipsum,
2131 1853 2164 1883 δε

1153 1900 1316 1943 meninges
1338 1898 1500 1942 stagnabat
1525 1897 1644 1938 serum,
1667 1898 1701 1930 &
1734 1894 1798 1930 hoc
1832 1893 2004 1928 ventriculi
2035 1904 2165 1936 quoque

1152 1951 1240 1976 erant
1264 1943 1368 1985 pleni.

1196 1998 1226 2029 7.
1255 1987 1339 2022 VIR
1364 1986 1445 2020 alter
1469 1996 1627 2020 annorum
1651 1983 1838 2028 sexaginta,
1860 1982 1982 2017 coloris
2005 1980 2138 2016 subflavi
2151 2006 2165 2023 ,

1153 2030 1259 2066 ulcera
1284 2031 1316 2063 in
1340 2030 1432 2064 tibiis
1454 2029 1511 2064 diu
1536 2029 1729 2072 pertulerat.
1754 2029 1802 2061 Iis
1835 2025 1934 2061 ferme
1965 2025 2129 2060 exsiccatis
2151 2049 2161 2063 ‚

1154 2073 1294 2116 aphonia
1317 2074 1493 2117 corripitur
1515 2085 1589 2107 curn
1621 2074 1772 2107 omnium
1795 2070 1941 2106 sensuum
1964 2080 2095 2113 torpore
2118 2080 2169 2104 at-

1152 2129 1212 2160 que
1236 2115 1431 2152 hebetudine
1456 2130 1462 2150 :
1496 2119 1529 2151 &
1552 2115 1706 2159 postridie
1730 2116 1870 2151 moritur
1893 2139 1899 2145 -
2001 2114 2169 2149 SERUM

1149 2161 1235 2194 inter
1258 2162 1418 2205 meninges
1430 2161 1569 2204 Spinalis
1592 2160 1762 2202 medullae,
1785 2161 1818 2193 δε
1841 2158 1986 2200 cerebri,
2008 2159 2043 2191 in
2057 2156 2170 2201 hujus-

1153 2215 1215 2247 que
1236 2206 1427 2239 ventriculis
1450 2213 1655 2247 compertum
1676 2204 1720 2239 est
1735 2228 1744 2235 -

1201 2247 1231 2280 8.
1265 2248 1455 2283 MULIER
1480 2269 1489 2285 ‚
1521 2247 1610 2282 surda
1635 2247 1700 2290 jam
1724 2256 1814 2282 antea
1835 2271 1849 2289 ,
1871 2245 1975 2290 pridie
2006 2245 2082 2283 Kal.
2110 2243 2169 2290 Ja-

1157 2292 1263 2325 nuarii
1286 2292 1436 2325 movendi
1460 2290 1647 2325 facultatem
1669 2289 1796 2332 amisit,
1828 2293 1861 2325 δι
1895 2290 2022 2334 pulsum
2053 2291 2167 2324 eodem

1159 2336 1232 2368 die.
1258 2336 1354 2368 Toto
1373 2346 1508 2377 corpore
1531 2334 1651 2377 frigida
1672 2344 1738 2368 erat
1751 2334 1843 2373 34st*st
1865 2334 1954 2377 quod
1988 2343 2060 2376 pars
2092 2333 2170 2368 fini-

1157 2379 1241 2418 stra,
1263 2379 1295 2410 in
1319 2378 1532 2421 superioribus
1556 2378 1730 2420 praesertirn
1745 2401 1758 2419 ,
1780 2378 1919 2421 aliquem
1943 2378 2099 2412 retinebat
2121 2385 2170 2410 te-

1157 2432 1269 2464 porem
1294 2445 1302 2452 .
1337 2421 1442 2456 Modo
1462 2423 1559 2455 citius
1574 2445 1586 2462 ,
1608 2421 1707 2455 modo
1729 2420 1854 2455 rai-dius
1879 2420 2074 2464 respirabat.-
2112 2421 2169 2455 sae-

1156 2466 1233 2507 pius·
1255 2474 1360 2498 autem
1382 2464 1533 2504 facilem,
1558 2468 1589 2497 &
1614 2473 1799 2507 promptam
1822 2465 1958 2498 habebat
1981 2463 2167 2508 respiratio-

1156 2518 1258 2547 nem;
1281 2507 1404 2541 tardam
1426 2518 1532 2542 autem
1555 2510 1586 2541 δε
1610 2509 1775 2551 querulam
1799 2508 2073 2548 exspirationem.
2114 2510 2166 2542 Sic

1157 2551 1302 2586 triduum
1326 2553 1412 2586 vixit
1436 2576 1443 2584 .
1536 2552 1590 2584 IN
1612 2553 1876 2587 CADAVERE
1902 2553 2026 2595 sanguis
2060 2554 2167 2587 omnis

1153 2594 1275 2671 fluicllus
1317 2594 1383 2630 fuit
1405 2621 1412 2628 .
1450 2597 1490 2629 In>
1519 2594 1651 2629 Cerebri
1681 2595 1870 2630 ventriculis
1904 2596 2059 2630 crassioris
2105 2597 2165 2630 seri

1183 2650 1218 2672 au
1235 2650 1289 2672 um
1303 2665 1310 2672 .

1158 2649 1179 2681 p
1200 2695 1231 2723 9.
1259 2683 1464 2719 FOEMINA
1489 2693 1604 2717 annum
1628 2694 1723 2726 agens
1745 2684 2045 2728 quinquagesimum
2066 2686 2162 2731 septi-

1157 2736 1247 2775 mum
1264 2750 1277 2767 ‚
1313 2725 1424 2761 febrili
1455 2726 1578 2769 frigore
1607 2729 1786 2771 corripitur
1803 2754 1813 2771 ‚
1845 2731 1898 2763 cui
1922 2730 2009 2763 calor
2030 2741 2107 2765 cum·-
2127 2731 2168 2765 fi-

1154 2778 1207 2810 ti,
1232 2769 1380 2813 sensuque
1404 2780 1477 2804 toto
1497 2781 1631 2813 corpore
1653 2771 1799 2813 doloris,
1825 2776 1857 2808 &c
1880 2772 2063 2807 debilitatis·
2094 2774 2163 2809 suc-

1154 2813 1240 2847 cedit
1258 2838 1265 2845 .
1291 2815 1402 2848 Febris
1424 2814 1473 2848 bis
1496 2813 1643 2856 quotidie
1666 2815 1779 2850 iisdem
1811 2816 2085 2859 symptomatibue
2114 2820 2167 2852 i-ri⁴

1155 2855 1264 2891 vadit:
1288 2859 1368 2901 quin
1390 2860 1487 2891 etiarn
1501 2878 1510 2893 ‚
1534 2856 1673 2891 secundo
1694 2857 1746 2891 die
1769 2858 1875 2901 pulsus
1900 2861 2166 2904 inaequaliterin-
2186 2854 2188 2858 ὗ

1154 2902 1310 2934 termittit
1322 2913 1333 2940 3
1357 2900 1408 2934 sed
1431 2901 1530 2934 tertio
1553 2900 1858 2936 intermiffioceffat.
1881 2903 1945 2937 His
1955 2905 2065 2939 diebus
2077 2908 2162 2940 mul-

1156 2953 1197 2978 tae
1221 2953 1309 2978 erant
1332 2945 1454 2984 urinae,
1477 2947 1508 2977 δι
1533 2942 1825 2979 sanorumfimiies:
1851 2958 2007 2990 quarum,
2031 2960 2165 2993 progre-

1157 2987 1263 3021 diente
1287 2988 1421 3025 morbo,
1448 2988 1540 3029 copia
1564 2988 1791 3023 iniminuitur.
1817 2990 1971 3033 Quinto,
2005 2996 2039 3026 &
2071 2993 2164 3027 sexto

1157 3030 1210 3064 die
1232 3030 1331 3064 febris
1355 3042 1428 3077 non,
1443 3030 1494 3063 bis
1508 3052 1517 3067 ‚
1539 3030 1588 3064 sed
1613 3041 1659 3064 ter
1682 3034 1840 3074 recurrit,
1864 3035 2065 3079 multumque
2075 3036 2164 3072 affli-

1155 3075 1205 3117 git
1227 3073 1355 3108 difficili
1379 3075 1611 3117 respiratione,
1636 3075 1746 3109 dolore
1767 3078 1906 3120 capitis,
1929 3079 2052 3118 ingenti
2086 3081 2164 3122 siti,

1156 3117 1326 3152 aridiffima
1349 3119 1458 3164 lingua
1471 3140 1483 3157 ,
1504 3117 1582 3151 boni
1604 3127 1709 3152 tamen
1731 3121 1872 3155 coloris.
1897 3117 2006 3156 Nogte
2028 3134 2097 3165 quae
2120 3123 2162 3159 fi-

1156 3163 1206 3195 nis
1229 3170 1294 3195 erat
1317 3161 1382 3195 diei
1406 3162 1509 3201 sexti,
1532 3162 1648 3196 mulier
1669 3162 1746 3196 bene
1777 3163 1899 3199 dormit
1923 3178 1933 3198 .·
1965 3176 2056 3200 mane
2077 3191 2092 3208 ‚
2122 3177 2160 3203 ut

1157 3205 1257 3238 lectus
1280 3206 1545 3246 reconcinnetur,
1569 3205 1694 3249 surgit,
1716 3216 1874 3251 tuncque,
1910 3208 1976 3251 ipsa
2006 3209 2126 3244 fatente
2148 3235 2162 3252 ,

1159 3250 1240 3281 vires
1264 3249 1419 3291 perstant.
1445 3248 1552 3282 Febris
1574 3275 1582 3288 ,
1611 3262 1683 3294 quae
1713 3253 1875 3286 matutino
1906 3260 2050 3296 tempore
2086 3255 2157 3288 aliis

1161 3291 1271 3325 diebus
1295 3291 1489 3339 ingruebat,
1507 3303 1572 3326 non
1597 3293 1679 3328 redit
1704 3306 1714 3326 .-
1747 3293 1841 3327 dolor
1872 3296 1988 3338 capitis
2019 3300 2156 3331 omnino

1159 3344 1347 3369 evanuerat:
1372 3346 1453 3378 aegra
1476 3346 1541 3378 Jam
1563 3335 1619 3370 fibi
1635 3349 1674 3370 ex
1696 3337 1813 3370 morbo
1834 3338 1956 3373 evasisse
1965 3340 2154 3375 videbatur:

1157 3378 1264 3421 pulsus
1285 3378 1499 3425 prementibus
1529 3378 1642 3422 digitis
1664 3380 1741 3413 bene
1764 3379 1946 3417 resistebat:
1982 3383 2077 3418 facies
2109 3394 2161 3417 ta-

1158 3434 1230 3456 men
1252 3422 1405 3469 quiddam
1417 3421 1551 3455 habebat
1561 3422 1736 3458 cadaverosi
1750 3447 1758 3455 .
1772 3424 1945 3460 Prandium
1966 3429 2048 3461 reete
2074 3428 2159 3461 sum-

1159 3465 1257 3508 psit‚·
1290 3476 1391 3508 major
1423 3474 1527 3499 tamen
1563 3467 1660 3500 solito
1696 3476 1762 3500 erat
1794 3468 1861 3504 sitis
1885 3495 1892 3502 .
1927 3469 2052 3504 Deinde
2085 3483 2160 3506 cunr
2212 3468 2214 3470 ¹

1159 3510 1292 3543 muliere
1325 3508 1460 3551 quadam
1494 3510 1639 3544 alacriter
1669 3509 1816 3552 loquitur
1840 3537 1848 3544 .
1881 3514 1950 3546 Vix
1981 3512 2050 3547 haec
2083 3526 2156 3549 mu-

1159 3554 1218 3586 lier
1241 3551 1415 3587 discesserat
1439 3575 1447 3590 ‚
1470 3564 1545 3586 curn
1570 3553 1690 3586 redieris
1713 3555 1747 3587 in
1768 3555 1952 3591 cubiculum
1976 3555 2043 3591 filia
2067 3569 2157 3592 mor-

1159 3607 1248 3630 tuam
1271 3597 1410 3630 invenit.
1437 3597 1553 3630 Le&us
1575 3599 1664 3631 urina
1687 3598 1832 3632 madebat
1848 3621 1856 3630 .
1945 3601 2161 3636 CADAVE-

1161 3641 1233 3673 RIS
1265 3641 1349 3673 cutis
1380 3638 1479 3672 ferme
1510 3649 1579 3673 tota
1603 3643 1790 3684 purpureis,
1814 3640 1852 3675 ad
1874 3639 2005 3677 dorsum
2029 3644 2156 3687 praescr.

1160 3684 1245 3724 tim,
1264 3686 1297 3717 &
1321 3693 1355 3716 in
1376 3684 1501 3717 cuneus
1523 3684 1671 3722 artubus,
1695 3684 1830 3718 maculis
1860 3685 2041 3721 rubescebat
2062 3710 2074 3721 .

1675 3727 1706 3760 D
1751 3739 1768 3760 2
2033 3732 2122 3766 Ven-

178 3910 522 3942 (3)1.1.s0st.2.0bs.
538 3919 576 3942 ⁴5·
637 3909 781 3946 (elii-4.

841 3910 857 3939 ζ
867 3908 884 3939 5
895 3908 906 3942 )
921 3911 1014 3935 Annot.
1030 3907 1056 3935 in
1072 3910 1090 3936 l.
1105 3911 1220 3941 Hippon.
1233 3910 1264 3936 de
1279 3909 1366 3936 Gland,
1384 3909 1442 3937 vers.
1463 3917 1512 3943 ¹0³-
