2498 4075
352 151 474 205 ET
544 151 944 206 RERUM
1009 117 1821 211 Nor-Amnum.

94 225 214 265 Cutis,
236 226 268 258 Sc
290 226 447 266 musculi,
473 227 532 262 sub
555 226 664 261 illaefis
676 227 824 268 percuffis
839 229 1000 270 vestibus,
1025 229 1099 264 vul-

179 279 307 304 nerata.
332 272 423 304 LIV.
451 282 500 312 17.

92 312 190 345 Cutis
214 313 247 345 in
273 315 374 348 macie
400 313 554 348 confeffis
576 322 633 346 cur
655 311 770 346 durior
794 314 852 348 sit.
877 314 999 348 XLIX.
1028 325 1076 358 ¹7·

92 354 220 397 cystici
245 357 362 391 calculi
385 368 401 390 a
425 358 545 401 quibus
568 358 667 390 etiam
678 356 918 392 oliminventi.
934 358 1101 393 XXXVII.

184 406 233 440 15.
256 410 308 434 22.

227 445 371 521 cuiibfigt
395 443 500 478 multo
523 440 762 486 frequentiores
778 469 789 485 ‚
812 456 911 487 quam
935 442 1101 488 hepatici-

315 499 323 520 i
350 513 358 520 .
385 497 398 519 1
427 512 433 519 .

225 531 326 564 causae
350 498 460 564 eor‘iim
483 530 708 570 productionis
731 542 752 564 a>
769 530 888 574 quibus
921 530 971 564 vel
1014 530 1095 565 olim

267 574 433 608 indicatae.
460 572 546 607 Ibid.

310 628 418 650 earum
441 617 588 659 quaedam
612 628 677 653 non
703 616 894 660 probandae.
930 615 1017 650 Ibid.
1042 627 1095 650 22.

310 660 455 702 quaedam
480 671 544 693 non
566 660 806 703 improbandae.
833 659 918 693 Ibid.
951 671 996 701 ¹9·

222 701 340 748 quibus
363 702 537 741 aetatibus,
557 706 588 737 ἃ.
612 707 665 739 cui
688 705 776 738 sexui
800 704 948 738 crebrius
969 703 1068 737 insint
1087 725 1098 742 ,

267 747 299 778 &
322 757 400 779 cur.
425 747 513 780 Ibid.
542 757 589 789 15.
619 760 670 782 22.

219 799 297 823 num
322 799 381 831 pro
399 791 496 866 svaria
519 801 615 825 aetate
640 792 749 826 colore
772 789 833 824 sint
858 789 948 823 vario
970 813 979 823 .
1011 788 1100 824 Ibid.

270 835 320 865 16.
344 835 374 865 &
414 846 426 865 e
453 857 461 864 .

216 885 295 909 num
320 845 491 910 ordinaciio
517 877 580 911 sint
605 879 691 918 atri,
715 886 767 912 aut
794 876 897 910 fusci.
925 876 1010 917 Ibid-
1049 884 1099 917 17.

215 919 335 960 quibus
358 919 523 955 coloribus
546 922 608 955 fint
634 923 842 964 plerumque.
868 919 952 952 Ibid.
981 920 1030 952 18.

217 972 282 995 non
307 962 428 1006 semper
451 965 639 999 concolores
665 964 737 998 sunt
760 966 788 998 ei
813 963 873 996 bili
896 965 929 996 in
953 973 1014 1005 qua
1047 974 1095 998 re·

261 1007 455 1047 periuntur,
479 1009 511 1039 δε
536 1020 613 1042 cur.
640 1008 727 1042 Ibid.
755 1010 803 1040 16.

215 1048 355 1091 pallidus
364 1062 460 1085 cavus
475 1050 582 1092 plures
593 1051 780 1086 continebat
795 1050 905 1092 nigros
920 1074 925 1081 .
941 1050 1098 1083 XLIX.2.

87 1089 216 1132 Cystici
238 1092 355 1127 calculi
379 1106 396 1128 a
420 1093 539 1137 quibus
562 1096 689 1129 inventi
713 1095 773 1127 {int
797 1095 1022 1133 maximi,aut
1038 1094 1100 1128 mi-

174 1136 282 1175 nimi,
306 1146 361 1171 aut
385 1137 537 1181 plurimi.
563 1139 731 1170 XXXVII.
761 1148 808 1177 19.

216 1179 337 1221 quibus
359 1179 474 1223 figuris
498 1181 558 1214 sint
573 1205 582 1219 ‚
608 1185 638 1214 &
662 1192 718 1216 cur
742 1180 956 1224 quibusdam,
982 1181 1013 1213 δι
1037 1189 1100 1223 qua

259 1223 469 1266 plerumque.
497 1226 582 1259 Ibid.
606 1227 636 1258 &
660 1236 712 1257 20.

215 1277 293 1343 nulm
317 1278 385 1344 qug
397 1268 514 1345 dplures
540 1268 660 1308 simul,
687 1280 724 1302 eo
749 1267 901 1311 pluribus
924 1266 987 1300 sint
1001 1276 1102 1308 angu-

273 1311 318 1343 is.
346 1313 358 1343 I
387 1312 393 1343 i
422 1336 429 1343 .

220 1365 235 1387 a
259 1353 455 1396 quibusnam
481 1354 563 1390 olim
587 1367 625 1390 ex
647 1363 700 1390 tot
734 1355 842 1389 stratis
883 1352 1098 1388 circularibus

262 1398 326 1430 toti
351 1400 519 1441 compingi
543 1399 603 1433 fint
627 1400 725 1432 dieti.
749 1398 834 1431 Ibid.
862 1408 912 1431 22.
1047 1429 1049 1432 ,
1092 1420 1096 1425 -

216 1451 355 1485 quenam
367 1440 427 1475 (int
439 1452 545 1476 tamen
557 1444 590 1475 in
600 1454 634 1475 ea
646 1441 795 1475 doctrina
807 1440 1094 1482 excipienda.lbid.

216 1488 353 1527 quinam
365 1485 396 1517 in
410 1485 600 1527 quibusdam
613 1486 711 1518 lineas
721 1484 924 1518 observarint
942 1489 1094 1517 radiatim

260 1528 301 1563 ab
323 1528 647 1563 ambitu'introrsum
668 1528 849 1561 tendentes.
868 1526 953 1560 ibid.
967 1529 996 1560 δι
1011 1528 1094 1571 seqq.

218 1573 350 1648 quigacin
385 1571 587 1648 pellucido&
620 1575 652 1606 δι
682 1571 864 1614 splendidos
889 1573 1093 1604 invenerint.

258 1616 274 1648 I
301 1616 309 1648 i
336 1639 344 1648 .
366 1625 377 1648 1
408 1639 414 1647 .
441 1626 457 1647 2
483 1639 491 1646 .

212 1657 429 1736 εοὲεῑεῖειὲηὲ
450 1626 629 1702 a311quand0
652 1658 685 1692 in
710 1658 872 1701 glandulis
905 1655 1003 1701 ipsius
1035 1669 1092 1701 cy-

285 1703 328 1735 is.
355 1704 369 1735 I
398 1704 406 1735 i
433 1727 440 1734 .
467 1713 516 1735 21.

211 1743 316 1787 sicque
340 1746 580 1780 observationes
603 1744 750 1789 quaedam
782 1756 896 1780 eorum
934 1745 1091 1779 membra-

253 1790 304 1821 nis
327 1790 560 1824 obvolutorum
583 1789 713 1831 possunt
737 1790 912 1832 explicari.
937 1789 1023 1823 Ibid.

81 1830 233 1873 Cysticos
256 1832 400 1866 calculos
423 1834 559 1876 quinam
582 1832 664 1867 olim
685 1835 718 1866 in
739 1844 820 1876 aqua
845 1841 953 1866 natare
988 1832 1092 1867 tradi-

167 1876 297 1909 derint.
325 1877 409 1911 Ibid.
435 1887 485 1920 ²5-

205 1921 337 1961 quinam
353 1932 416 1954 non
429 1932 538 1955 ornnes
550 1929 673 1962 natare,
686 1919 993 1955 animadverterint.
1008 1919 1092 1953 Ibid.

208 1960 259 1996 hae
281 1967 484 2010 exceptiones
506 1964 637 2000 difficile
660 1965 699 1999 ad
723 1976 808 2000 certa
832 1965 937 2008 capita
962 1962 1092 2007 poliunt

256 2011 363 2042 reduci
378 2032 383 2040 .
398 2009 485 2042 Ibid.

208 2048 249 2084 de
271 2050 369 2086 caufis
394 2052 507 2129 lissum
532 2053 726 2087 varietatum
752 2051 900 2095 quaedam
922 2052 1093 2095 attingun-

255 2102 326 2128 tur.
353 2097 403 2129 Ibi
430 2122 437 2129 .

210 2139 283 2179 quis
308 2140 389 2172 olim
401 2139 651 2173 inflammabiles
663 2137 741 2177 effe,
753 2138 913 2180 scripserit
929 2139 1091 2172 .1bid.26.

209 2183 343 2222 quinam
367 2183 453 2217 baud
476 2181 818 2220 omnesinflarnmari,
845 2183 1091 2224 admonuerim.
1128 2199 1140 2201 ..

257 2224 345 2259 Ibid.

208 2265 266 2299 effe
292 2268 443 2302 morbum
467 2267 736 2307 haereditarium,
755 2279 833 2301 num
857 2267 936 2301 bene
960 2280 998 2302 ex
1009 2279 1089 2310 qua-

253 2311 327 2343 dam
351 2310 576 2345 observatione
603 2318 777 2353 probatum
801 2311 857 2344 fit.
883 2311 969 2345 Ibid.
998 2324 1041 2352 ¹9·

75 2352 203 2395 Cystiei
228 2354 366 2388 calculi.
392 2357 460 2388 Cur
483 2353 602 2387 horum
625 2355 727 2397 aliqui
753 2366 812 2396 pro
843 2354 1086 2389 intestinalibus

163 2397 286 2439 accepti
312 2399 411 2431 videri
438 2397 573 2439 poffint.
601 2397 684 2430 Ibid.
712 2408 760 2438 24.

206 2451 309 2478 num,
331 2444 362 2474 δε
384 2440 552 2482 quomodo
586 2442 625 2473 ab
658 2440 898 2475 inteliinalibus
929 2440 1084 2483 distingui

253 2483 385 2524 poffint.
412 2482 497 2516 Ibid.
521 2486 551 2515 δι
576 2483 638 2525 seq.
664 2486 695 2516 δε
716 2495 771 2526 4³-

203 2537 279 2561 curn
306 2528 456 2561 urinariis
479 2525 610 2569 quidem
635 2529 668 2560 in
692 2530 783 2560 rebus
800 2528 1016 2570 quibusdam,
1031 2527 1083 2562 secl

249 2580 313 2603 non
337 2573 369 2603 in
394 2570 493 2608 aliis,
510 2575 733 2604 conveniunt.
760 2572 846 2604 Ibid.
898 2593 915 2610 n

209 2625 281 2657 quae
304 2613 496 2647 detrimenta
523 2614 601 2655 cylli
616 2613 729 2655 poffint
744 2612 871 2648 afferre.
889 2615 1017 2649 Ibid.2o
1034 2626 1082 2650 21.

207 2669 308 2694 num,
333 2660 363 2691 δε
386 2657 516 2700 quando
539 2658 690 2692 inducere
715 2659 920 2700 apoplexiam
945 2660 1084 2701 poffint.

213 2742 289 2787 i‘psis
313 2711 427 2786 egistim
452 2745 686 2787 implentibus,
719 2745 888 2788 quomodo
919 2744 1083 2780 diarrhoea

248 2788 414 2821 interdum
438 2787 516 2821 fiat.
543 2789 709 2820 XXXVII.
736 2792 790 2830 36.

70 2831 200 2875 Cyliici
225 2830 365 2864 calculi.
393 2831 486 2865 Num
511 2832 625 2865 ister-us
652 2833 699 2864 vel
725 2841 925 2870 contumax,
949 2836 980 2866 δι
1005 2834 1084 2867 reci-

161 2874 277 2912 divus,
299 2885 422 2908 certum
447 2875 485 2907 sit
509 2886 619 2908 eorum
644 2874 791 2916 iignum.
818 2877 903 2910 Ibid.
952 2888 983 2910 n.
1035 2888 1083 2920 ¹3·

164 2928 216 2960 27.
241 2920 271 2950 δι
295 2917 380 2960 seqq.
407 2920 505 2960 usque
529 2918 566 2951 ad
588 2920 641 2960 36.

294 2972 349 2994 cur
371 2960 547 3004 aliquando
569 2972 644 2995 cum
667 2962 707 2994 iis
733 2961 969 3005 conjungatur.
997 2963 1084 2998 Ibid.

205 3057 286 3081 num
309 3057 497 3090 perpetuum
532 3047 570 3081 sit
603 3058 713 3081 eorum
748 3048 873 3090 {ignum
908 3052 1051 3084 vomitus
1073 3072 1084 3088 ‚

248 3090 342 3124 dolor
354 3091 434 3125 colit
443 3104 490 3132 us,
502 3092 588 3126 alvus
604 3091 766 3130 adstricta,
780 3096 825 3126 vei
840 3092 924 3126 fusa.
940 3095 1082 3137 Ibid.36.

203 3146 281 3168 num
305 3132 422 3210 senIsusd
433 3136 601 3176 ponderis,
641 3136 852 3176 punctionum
871 3161 881 3177 ,
915 3137 1084 3171 distentio-

253 3180 321 3210 nis.
368 3179 398 3209 bi
427 3202 432 3208 .
457 3189 511 3220 37.

203 3230 287 3298 nur}
308 3221 410 3254 ullum
434 3222 521 3256 aliud
544 3221 696 3256 haffitenus
708 3222 1084 3261 animadversum.1bid.

206 3318 283 3342 num
307 3309 409 3341 ullum
433 3318 648 3350 perpetuum,
674 3310 784 3343 saltem
808 3322 882 3344 cum
907 3311 1086 3348 obstruunt

248 3351 383 3386 <iustum
408 3350 592 3393 Cysticum.
619 3353 703 3385 Ibid.
731 3365 781 3396 39.
1052 3382 1056 3391 .

202 3405 281 3428 num
307 3395 417 3428 saltem
442 3395 584 3436 Wepferi
610 3396 733 3438 iignum
750 3420 759 3434 ‚
787 3397 820 3431 id
845 3397 888 3432 est
910 3398 1006 3433 dolor
1040 3400 1077 3435 ad

246 3440 467 3480 cartilaginem
491 3436 717 3473 enfiformem.
744 3441 828 3474 Ibid.

200 3492 281 3516 num
304 3482 390 3515 idem
416 3481 539 3524 signum
565 3492 640 3515 tunc
664 3483 774 3518 saltem
813 3494 886 3519 cum
922 3497 1075 3527 pervene-

245 3528 312 3559 rint
334 3526 368 3558 in
390 3524 524 3559 ductum
548 3526 787 3564 Communem„
811 3531 980 3570 proprium
992 3533 1075 3568 erit,

240 3571 274 3602 Αδε
299 3578 511 3611 perpetuum.
542 3570 622 3602 Ibid.
650 3581 699 3611 40.
725 3574 758 3604 &
781 3571 866 3614 seqq.
989 3574 994 3580 “

198 3612 289 3653 signa
311 3611 431 3645 habent
457 3614 494 3646 ad
520 3612 770 3653 suspicandum,
796 3626 861 3648 non
886 3615 925 3649 ad
957 3616 1082 3651 asseve-

243 3655 380 3690 randum
403 3655 536 3689 idonea.
561 3655 647 3689 Ibid.
670 3667 725 3699 43.
749 3669 806 3700 44.

197 3695 286 3740 figna
310 3698 467 3741 ejusmodi
492 3698 639 3740 quaedam
664 3699 847 3735 adduntur.
876 3702 960 3737 Ibid.
987 3714 1040 3746 43.

152 3742 210 3774 Mo
234 3743 342 3785 rgagm'
354 3742 390 3776 dc
402 3743 468 3775 Sed.
486 3742 624 3784 &Caufi
637 3742 738 3777 Morb.
752 3745 892 3779 Tom.1.

1994 159 2091 214 lxv

1281 231 1334 264 Ex
1356 233 1506 267 omnibus
1530 232 1624 274 signis
1647 233 1811 275 quodnam
1833 234 2028 277 praecipuum
2053 239 2156 277 fit‚&

1326 287 1342 307 a
1365 276 1483 316 quibus
1505 278 1646 318 primum
1670 277 1868 311 indicatum.
1893 278 1980 311 Ibid.
2004 291 2057 323 44.

1282 328 1344 358 qua
1356 328 1429 351 cum
1442 321 1594 353 cautione
1609 332 1646 352 eo
1657 320 1829 354 utendum.
1853 320 1939 354 Ibid.
1953 332 2005 365 45.
2023 326 2055 356 δι
2069 322 2157 367 seqq..'

1152 359 1357 403 Cysticorum
1383 363 1579 398 calculorum
1602 363 1750 397 curatio.
1777 364 1853 396 Vid.
1882 364 1994 397 Bilarii
2020 365 2159 400 calculi.

1218 425 1226 429 -
1282 405 1332 438 De
1356 404 1467 439 iisdem
1491 406 1622 441 (Disticis
1645 407 1755 448 plura.
1779 408 1947 443 LXV.12.
1969 412 2000 445 &
2023 410 2116 453 seqqss

1150 447 1281 494 Cystis.
1306 448 1386 483 Vid.
1404 450 1548 494 Jecoris.

1597 539 1683 620 D

1153 670 1238 747 D
1253 664 1460 708 Alechampii
1484 665 1719 701 hallucinatio.
1744 667 1841 703 LIII.
1864 669 1896 700 6.

1264 720 1326 742 non
1350 708 1517 744 necessaria
1530 709 1676 750 quaedam
1687 712 1720 744 in
1736 713 1843 744 Plinio
1853 709 2161 750 dubitatio-mmm.

1152 752 1337 786 Decubitus
1358 755 1390 785 in
1416 753 1551 786 alterurn
1576 753 1658 785 latus
1695 754 1834 788 difficilis
1867 765 1931 787 non
1965 755 2084 798 semper
2116 759 2160 791 ob

1240 795 1373 830 eandem
1398 795 1497 829 causae
1523 795 1647 829 sedem.
1676 799 1830 832 XVI-11·
1858 806 1906 840 13.
1935 799 2000 830 XX.
2030 811 2077 842 ¹9-
2105 812 2157 844 27.

1238 849 1292 881 42.
1318 850 1370 882 43.
1398 841 1485 873 XXI.
1510 850 1560 881 25.
1586 841 1758 871 XXXVIII
1797 852 1826 883 ς,
1856 851 1904 883 14.
1932 852 1982 884 17.

1287 885 1320 914 in
1345 881 1477 916 dorsum
1502 883 1683 922 facilioris,
1707 893 1761 917 aut
1784 883 1980 918 difficilioris
2013 887 2047 919 in
2083 888 2160 929 qui-

1322 925 1456 959 busdam
1471 925 1961 964 thoracisinflammationibus.
1986 931 2015 962 &
2035 930 2160 964 cafibus

1318 969 1388 1003 aliis
1401 969 1498 1003 causae
1511 972 1722 1013 inquiruntur
1734 995 1742 1004 .
1757 974 1879 1014 XX.23.
1893 981 1941 1013 25.
1952 975 2154 1015 31.XXI.25.

1149 1011 1338 1054 Deglutitio
1364 1015 1534 1054 potionum
1561 1012 1727 1049 quomodo
1751 1014 1808 1048 fiat
1823 1037 1836 1054 ‚
1859 1018 1890 1048 &
1912 1017 2035 1056 quibus
2058 1016 2158 1052 caulis

1238 1056 1408 1089 turbetur.
1436 1057 1587 1087 XXVIII.
1621 1066 1667 1098 13.

1282 1099 1392 1133 ultimi
1419 1099 1484 1130 boli
1509 1102 1678 1140 quomodo
1722 1110 1955 1148 nwnquam
1999 1102 2158 1144 impedia=

1324 1151 1397 1176 tur.
1426 1143 1580 1173 XXVIII.
1610 1152 1660 1186 14.
1736 1142 1754 1153 ⁵³
1772 1146 1782 1151 ’”

1152 1187 1416 1229 Deglutitionein
1441 1187 1651 1227 impedientes
1676 1186 1777 1219 causae
1801 1187 1869 1220 aliae
1886 1211 1893 1219 .
1919 1187 2005 1221 Ibid.
2031 1189 2160 1230 &seqq.

1153 1230 1393 1272 Deglutitionis
1417 1229 1450 1260 in
1462 1231 1531 1262 imo
1541 1229 1720 1271 oesophago
1730 1227 1905 1264 difficultas
1918 1231 2000 1264 unde
2013 1256 2020 1264 .
2032 1233 2160 1265 XXIII.

1241 1284 1270 1314 ς.
1299 1272 1456 1303 XXVIII.
1487 1282 1533 1313 15.
1558 1274 1589 1305 ἃ
1613 1272 1701 1316 seqq.

1152 1317 1382 1360 Deglutitione
1407 1317 1582 1357 impedita,
1603 1316 1684 1358 quid
1708 1315 1747 1350 de
1791 1315 2072 1360 pharyngotomia
2091 1341 2102 1356 ‚
2137 1330 2154 1356 a

1236 1357 1382 1393 Stoffeho
1405 1360 1570 1397 indicata,
1595 1359 1786 1393 censendum
1812 1360 1871 1393 fir.
1897 1363 1970 1394 ibin
2020 1361 2023 1362 ⁷

1273 1404 1438 1446 quodnam
1449 1401 1536 1435 aliud
1549 1403 1707 1438 auxilium
1721 1406 1910 1438 tentandum
1925 1431 1931 1438 .
1948 1406 2100 1439 XXVIII.
2111 1416 2159 1448 14.

1148 1447 1340 1490 Degnerus.
1359 1446 1414 1486 Jo.
1439 1446 1536 1479 Harr.
1566 1459 1602 1479 ex
1626 1447 1709 1480 Caes.
1735 1447 1837 1480 Acad.
1863 1448 1910 1480 N.
1935 1450 1975 1481 C.
1992 1449 2159 1482 laudatus.

1236 1490 1421 1520 XXXVIII.
1445 1492 1497 1522 61.
1522 1491 1559 1522 L.
1585 1489 1636 1532 38.

1146 1533 1278 1577 Dejeoa
1302 1534 1367 1576 pisa
1390 1534 1524 1575 qustffito
1547 1544 1585 1565 ex
1608 1544 1674 1574 quo
1696 1533 1835 1567 comesta
1861 1534 1988 1568 fuerant
2014 1556 2022 1569 ‚
2058 1535 2161 1568 mense

1232 1589 1295 1619 qua
1320 1578 1353 1610 in
1366 1577 1486 1610 ventris
1499 1585 1587 1618 parte
1599 1576 1761 1610 subsistere
1775 1580 1960 1619 potuerint.
1976 1579 2094 1611 XXXI.
2110 1589 2159 1618 27.

1143 1621 1348 1664 DeJ'effiones
1372 1623 1489 1664 nigrae.
1515 1619 1594 1653 Vid.
1619 1619 1701 1654 Bilis
1724 1631 1790 1655 atra
1807 1646 1814 1653 .

1142 1666 1326 1700 Delirantes
1350 1677 1412 1706 qua
1436 1663 1558 1698 cautela
1582 1664 1768 1698 vinciendi.
1797 1666 1888 1699 VIII.
1916 1676 1944 1706 5.
1971 1666 2061 1699 LXI.
2090 1677 2137 1710 13.

1143 1710 1268 1743 Deliria
1291 1708 1418 1742 sudores
1443 1705 1635 1742 universales
1660 1706 1823 1751 sequentia
1840 1734 1847 1747 ‚
1871 1712 1901 1742 ἅτ
1927 1721 2003 1742 cur.
2031 1711 2160 1743 VII.16.

1143 1753 1348 1787 Deliriorum
1373 1752 1472 1787 causae
1496 1752 1570 1785 alias
1596 1752 1666 1785 aliae
1691 1762 1845 1794 repertae.
1872 1754 1947 1782 VII.
1976 1753 2005 1785 8.

1144 1797 1309 1830 Deliriurn
1330 1797 1498 1838 quomodo
1522 1806 1575 1829 aut
1602 1795 1799 1836 praecedere,
1833 1805 1887 1829 aut
1934 1796 2021 1839 sequi
2064 1796 2159 1840 possit

1231 1842 1557 1883 peripneumoniam.
1583 1839 1671 1871 XXI.
1686 1851 1716 1882 7.

1274 1883 1442 1961 ςυοὲῃοῖῗ
1463 1883 1567 1926 ipsum
1593 1881 1741 1927 soporosa
1766 1881 1892 1922 affeffio
1916 1882 2088 1932 sequatur.
2116 1887 2154 1919 X.

1320 1936 1367 1962 ι’.
1445 1954 1449 1960 .
1475 1932 1528 1971 48.

1143 1971 1283 2012 Delius,
1305 1972 1407 2006 Henr.
1431 1972 1515 2005 Frid.
1541 1984 1581 2006 ex
1604 1972 1685 2006 Caes.
1713 1973 1758 2007 N.
1785 1976 1825 2008 C.
1850 1974 1952 2010 Acad.
1982 1976 2157 2014 laudatus.

1234 2016 1321 2049 XIV.
1346 2016 1396 2058 38.
1424 2017 1540 2049 XXIX.
1566 2027 1597 2059 3.

1144 2059 1253 2093 Dente
1277 2060 1411 2099 evulso.
1436 2072 1493 2093 cur
1518 2059 1645 2103 sanguis
1668 2071 1903 2106 nonnunquam
1927 2063 2094 2099 difficilius
2117 2064 2157 2100 si-

1232 2103 1351 2137 statur.
1376 2104 1465 2135 XIV.
1493 2114 1544 2146 25.

1144 2149 1303 2183 Dentium
1326 2147 1438 2181 dolor.
1466 2150 1515 2182 De
1538 2147 1605 2189 ejus
1630 2150 1779 2184 remediis
1802 2150 1970 2194 quaedam.
1996 2155 2083 2184 XIV·
2100 2161 2156 2196 31.'

1274 2192 1466 2224 caninorum
1491 2191 1596 2224 editio
1621 2194 1819 2234 periculosa.
1847 2196 1904 2227 IX.
1928 2208 1959 2239 4.

1273 2235 1347 2310 δι’ἳς
1369 2234 1519 2309 όῧῖἱίὺιις
1543 2234 1623 2268 senis
1648 2237 1786 2271 musculi
1810 2239 2159 2283 Temporalesstrigo-

1328 2290 1359 2310 1.
1452 2303 1456 2308 .
1482 2289 1513 2317 9.
2192 2312 2195 2316 ,

1138 2321 1296 2356 Dentitio
1318 2320 1460 2354 difficins
1484 2322 1730 2361 convulsiones,
1754 2327 1785 2357 δι
1810 2324 2008 2361 diarrhoeam
2021 2334 2160 2369 movet,'

1225 2362 1318 2403 cujus
1343 2362 1515 2405 suppressio
1534 2366 1737 2409 periculosa.
1766 2369 1871 2398 XXXI
1909 2373 1943 2400 6.
2140 2368 2142 2371 ’

1137 2406 1420 2445 Βεώπόὶηείυς,
1445 2407 1571 2448 Georg.
1598 2409 1720 2446 pridem
1748 2412 1781 2442 Ι),
1813 2410 1898 2444 Prof
1928 2412 2159 2449 Hafn.lauda-

1222 2460 1294 2497 tus.
1323 2451 1417 2482 XIII.
1446 2461 1495 2493 24.
1522 2451 1628 2481 XXII.
1657 2455 1697 2485 26
1732 2454 1840 2488 XLII.
1866 2466 1917 2497 23.
1944 2457 2031 2490 LIX.
2065 2468 2114 2490 io.

1264 2505 1330 2536 ejus
1356 2493 1510 2527 sententia
1532 2494 1572 2527 de
1596 2496 1686 2529 causa
1712 2500 1827 2530 mortis
1847 2498 2084 2534 submersorum
2100 2523 2108 2538 ‚
2124 2505 2156 2536 δε

1307 2536 1481 2570 methodus
1522 2536 1572 2571 his
1619 2539 1831 2575 subveniendi

1310 2579 1398 2611 XIX.
1422 2592 1476 2624 44.
1803 2604 1804 2607 =

1136 2622 1358 2663 Derhieefius‚
1384 2626 1517 2664 Petrus,
1541 2625 1709 2661 laudatus.
1736 2620 1830 2662 LVI.
1858 2641 1909 2673 29.

1135 2668 1277 2702 Diabete
1289 2668 1507 2702 extinctorurn
1521 2680 1628 2710 paucae
1640 2671 1844 2707 dissefflones
1857 2683 1969 2709 extant
1984 2700 1991 2709 .
2009 2675 2155 2721 xL1.15.·

1267 2713 1318 2744 De
1341 2722 1381 2743 eo
1402 2714 1570 2753 quaedarn.
1599 2714 1683 2747 Ibid.
1711 2717 1741 2748 &
1760 2726 1806 2758 ¹4-

1269 2755 1338 2790 Qui
1365 2755 1401 2787 acl
1425 2767 1497 2788 eum
1523 2756 1753 2798 explicandum
1779 2760 1827 2793 vel
1862 2760 1945 2796 olim
1977 2762 2015 2797 ad
2049 2775 2154 2798 aerem

1311 2797 1538 2840 confugerint.
1565 2801 1651 2834 Ibid.
1682 2812 1729 2840 ις.

1137 2840 1309 2884 Diagnosis
1333 2840 1506 2875 difficultas
1530 2844 1708 2884 praesertim
1734 2846 1767 2878 in
1791 2859 1826 2881 ea
1848 2850 1996 2892 corporis
2021 2851 2153 2893 regione

1226 2886 1280 2917 ubi
1306 2885 1395 2925 plura
1422 2884 1493 2917 sunt
1519 2885 1656 2920 viscera.
1683 2889 1752 2920 XX.
1775 2900 1827 2932 31.

1138 2927 1368 2971 Diaphragma
1394 2929 1540 2969 pluribus
1565 2928 1782 2965 foraminibus
1805 2941 1867 2975 pro
1890 2936 2150 2972 transmittendis

1224 2974 1315 3003 venis
1337 2972 1525 3010 dumtaxat,
1552 2974 1717 3008 interdum
1743 2976 1909 3018 pertusum
1933 3004 1939 3012 .
1975 2980 2013 3012 V.
2049 2983 2078 3013 6.
2120 2994 2152 3024 9.

1222 3015 1289 3048 LX.
1314 3017 1346 3046 6.
1372 3016 1496 3049 LXIV.
1519 3026 1547 3048 2.
1574 3018 1715 3052 LXVII.
1733 3029 1781 3060 14.
1808 3022 1906 3055 LXX.
1927 3034 1976 3057 10.

1264 3057 1423 3092 foramine
1448 3070 1506 3100 pro
1528 3059 1601 3099 gula
1626 3063 1732 3096 multo
1756 3064 1901 3097 breviori
1917 3089 1929 3105 ,
1954 3066 2152 3108 autiongio-

1306 3103 1356 3141 ri,
1378 3113 1474 3143 quam
1498 3103 1618 3138 soleat.
1647 3108 1684 3139 X.
1712 3116 1749 3147 19
1786 3108 1941 3140 XXVIII.
1973 3113 2020 3142 15.

1268 3146 1499 3187 appendicibus
1525 3158 1579 3185 per
1601 3149 1767 3183 tendinem
1783 3150 2148 3194 transversumjunffib

1317 3199 1352 3222 ut
1376 3190 1478 3224 Aorta
1503 3201 1568 3237 non
1594 3203 1648 3233 per
1675 3192 1923 3236 semiforarnen‚
1944 3195 1997 3229 sed
2022 3208 2077 3238 per
2101 3196 2152 3231 fo-

1316 3242 1424 3265 ramen
1450 3233 1617 3267 transiret.
1646 3238 1765 3268 XVIIIv
1797 3248 1824 3271 2.

1268 3285 1380 3309 centro
1404 3287 1442 3309 ex
1466 3288 1553 3318 parte
1576 3278 1681 3313 osseo.
1707 3281 1808 3314 LXX.
1835 3291 1863 3322 ς.

1136 3317 1402 3365 Diaphragmatis
1426 3319 1682 3355 inflammationi
1708 3323 1784 3355 alias
1808 3324 1877 3364 est,
1903 3323 1980 3361 alias
2003 3336 2067 3360 non
2102 3326 2147 3361 est.

1224 3361 1412 3403 adjunfftum
1437 3362 1592 3399 delirium
1639 3366 1715 3397 VII.
1747 3377 1784 3408 ¹4
1818 3368 1902 3401 LIII
1939 3371 1970 3401 6.

1263 3409 1293 3436 ὅτ.
1319 3407 1357 3438 {ic
1383 3416 1512 3448 quoque
1535 3408 1601 3450 ejus
1625 3410 1750 3442 vulneri
1766 3409 1843 3444 risus
1856 3410 2044 3444 saniorum.
2061 3411 2148 3447 Ibid.

1256 3448 1423 3525 vqunffsslm
1446 3461 1592 3491 quaenam
1618 3451 1780 3486 interdum
1805 3465 1871 3488 non
1898 3453 1959 3487 fint
1984 3454 2134 3490 lethalia.

1248 3516 1287 3525 s
1388 3516 1392 3520 ⁴
1421 3502 1454 3525 11
2136 3505 2147 3533 .'

1223 3546 1226 3549 s
1265 3535 1423 3569 vulnerati
1442 3536 1549 3579 ligna:
1573 3540 1691 3581 quibus
1704 3551 1803 3573 unum
1818 3539 1945 3573 additur
1980 3540 2139 3584 L111.4.6

1195 3601 1200 3628 s
1266 3578 1512 3620 conformatio,
1533 3584 1563 3614 δι
1589 3581 1665 3617 situs
1685 3582 1859 3616 ostendunt
1884 3608 1892 3622 ,
1929 3583 2020 3617 simul
2065 3595 2142 3618 cum

1305 3621 1374 3663 ipso
1399 3625 1520 3668 ventrIs
1545 3625 1660 3659 viscera
1690 3625 1766 3666 saepe
1791 3627 1951 3660 vulnerari
1976 3653 1986 3668 ‚
2030 3630 2061 3661 ἃ
2107 3629 2142 3661 in

1307 3665 1425 3706 quibus
1450 3667 1597 3702 facilius.
1623 3670 1719 3701 LIII.
1743 3679 1795 3710 41.

1265 3707 1439 3751 eademque
1451 3710 1620 3745 ostendunt
1635 3735 1644 3750 ,
1658 3722 1727 3760 *cur
1739 3710 1827 3747 effusi
1842 3711 1994 3748 humores
2007 3712 2139 3748 difficile

1654 3765 1667 3788 a
1986 3765 2101 3796 exeant

1877 2544 2121 2587 perpenduntur
2145 2571 2154 2580 .
