2498 4075
392 231 548 298 Epist.
572 223 747 283 Anat·
777 226 993 283 Medica
1028 224 1306 284 XXXIII.
1344 227 1463 286 Art.
1487 249 1524 295 ς.
1539 231 1585 283 6.
1600 246 1644 294 7.
1676 232 1732 286 ὅ(
1767 231 1815 286 8.

126 308 159 342 sa
180 308 348 351 procidens
364 334 372 349 ‚
395 322 450 353 per
472 311 621 345 infimum
635 308 779 342 exeuntis
790 308 931 343 intestini
943 316 1125 343 extremum

127 351 295 394 prodiret,
323 353 510 396 ipsumque,
536 354 566 387 se
589 351 756 391 addendo,
779 353 908 394 longius
932 351 1070 386 faceret.

172 404 200 435 5.
225 396 305 428 Non
329 396 371 429 est
395 397 527 438 quidem
541 395 871 429 meaeconsuetudinis
894 395 1124 437 longioreora-

124 437 212 470 tione
236 440 286 471 uti
309 440 342 472 in
366 438 542 473 theoretica
568 438 766 472 medicorum
777 438 999 472 Consiliorum
1012 446 1122 479 parte3

123 490 226 522 neque
250 484 336 515 enim
349 484 469 524 ignoro
485 508 493 522 ‚
519 491 678 523 aegrorum
703 481 868 524 plerosque
894 480 952 514 esse
975 482 1122 522 Empiri-

122 532 235 556 corum
258 525 392 563 similes,
414 536 478 558 non
501 523 742 564 dubitantium,
765 533 801 557 ut
825 525 869 557 ait
891 523 1002 557 Celsus
1023 528 1036 564 (
1059 524 1070 555 l
1090 527 1126 564 )‚

124 563 182 598 has
205 566 373 602 latentium
387 578 488 601 rerum
512 567 702 608 conjecturas
724 568 763 600 ad.
785 577 849 600 rem
871 577 929 599 non
946 568 1125 608 pertinere.

100 609 196 649 aquia
219 620 276 643 non
299 610 441 650 intersit,
464 611 539 652 quid
560 610 700 644 morbum
717 608 845 653 faciat,
863 609 917 652 sed
926 609 999 651 quid
1009 609 1123 642 tollat.

122 651 190 685 Hic
215 661 322 687 tamen
347 655 438 686 aliter
461 652 544 686 mihi
567 654 726 695 agendum
741 653 944 692 existimavi,
970 663 1033 685 non
1055 663 1125 685 mo-

120 693 164 726 do
188 698 263 737 quia
286 695 481 730 dofflffimus
505 697 531 728 is
542 699 637 739 AEger
662 696 704 729 est
726 695 962 737 quiconsilium
986 695 1123 737 requirit

121 748 252 778 meum,
276 750 386 772 verum
410 740 508 772 etiam
531 741 607 781 quia
632 738 755 772 tametsi
768 737 914 780 quaedam
928 738 1126 771 animadver-

121 778 224 814 fiones
247 794 324 824 quas
346 794 385 814 ex
411 783 450 814 iis
473 782 626 816 deducam
650 794 720 824 quae
745 781 894 815 haeftenus
918 781 986 814 dixi
1010 804 1018 819 ‚
1056 791 1122 814 non

119 822 288 858 ostensurae
310 824 405 858 essent
444 825 591 859 adversus
623 827 866 867 Empiricorum
899 826 1122 867 opinationem

116 877 231 900 eorum
254 879 325 909 quae
348 868 438 904 dixi,
462 867 662 905 utilitatem3
686 877 771 901 certe
783 878 857 900 cum
872 866 1035 910 prolapsus
1055 878 1122 909 quo

118 909 158 941 de
181 910 318 951 loquor,
341 923 415 944 cum
436 922 496 944 una
514 911 628 953 possit,
654 921 708 945 aut
728 923 802 945 cum
820 911 937 950 altera,
961 919 1016 943 aut
1048 921 1122 943 cum

119 951 269 993 pluribus
292 965 329 987 ex
356 955 452 988 variis
476 966 553 997 quas
577 955 695 998 attigi,
717 953 815 989 causis
827 953 886 987 effe
907 953 1121 995 conjunctus,

116 994 201 1042 mihi
225 1006 331 1030 autem
344 998 387 1030 ob
398 1009 430 1030 ea
441 1008 512 1040 quae
527 998 624 1031 initio
647 1002 658 1038 (
682 1008 713 1031 m
736 1002 746 1036 )
771 997 842 1030 sunt
867 996 1031 1034 indicata,
1055 1007 1122 1030 non

116 1037 214 1071 liceat
238 1039 301 1073 fine
325 1042 463 1074 maxima
487 1040 677 1075 difficultate
692 1063 702 1079 ,
726 1043 757 1074 δέ
781 1038 868 1082 quod
888 1040 1120 1082 consequitur,

117 1079 183 1114 fine
206 1085 351 1116 maximo
373 1084 497 1117 errandi
524 1085 690 1125 periculo,
714 1082 994 1125 quacumillarum
1019 1082 1122 1124 reapse

116 1123 310 1165 conjunc‘ius
335 1125 393 1166 fit,
418 1126 575 1164 definires
596 1135 727 1169 oportet
751 1125 862 1158 saltem
884 1135 919 1159 ut
944 1138 998 1169 per
1020 1137 1124 1169 quan-

117 1167 192 1201 dam
217 1168 444 1208 induffionem3
468 1171 500 1203 id
524 1171 613 1212 quod
636 1169 742 1207 faci03
766 1169 940 1211 colligam,
964 1168 1026 1203 five
1039 1180 1123 1210 una,

114 1211 181 1244 five
205 1211 302 1245 altera
318 1236 329 1252 ‚
353 1213 404 1246 seu
430 1213 535 1256 plures
560 1213 612 1247 hic
627 1213 688 1247 sint
709 1224 817 1246 earum
838 1212 1008 1246 causarum
1022 1237 1031 1251 ,
1054 1214 1122 1247 veri

113 1254 240 1297 semper
264 1253 323 1289 esse
348 1256 470 1296 simile,
495 1258 574 1290 utin
586 1257 783 1291 relaxatione
797 1256 935 1297 quadam
946 1255 1121 1293 confistat,

113 1300 147 1330 δι
169 1297 229 1331 hac
253 1299 406 1341 quidem,
431 1300 510 1334 ficut
533 1299 605 1341 ejus
629 1299 765 1333 ostendit
781 1298 927 1337 effe-Rus,
954 1301 1070 1341 viginti
1083 1300 1122 1332 ab

114 1340 193 1375 hinc
217 1344 331 1383 annis,
354 1355 455 1387 eoque
478 1343 616 1387 amplius
635 1341 789 1378 inchoata
804 1365 814 1382 ‚
834 1343 991 1387 paulatim
1015 1352 1120 1377 autem

112 1385 222 1428 postea
248 1385 378 1420 adauc'ta
392 1411 400 1419 .
689 1412 691 1415 >

158 1431 189 1462 6.
213 1429 264 1462 Ex
288 1442 354 1472 quo
378 1440 414 1464 ut
438 1430 603 1464 Indicatio
625 1431 735 1465 existit
751 1430 900 1465 relaxatis
911 1429 1056 1473 partibus
1071 1441 1122 1463 re-

112 1471 269 1507 stituendi
295 1475 435 1515 primum
459 1473 868 1517 illumjustaearffltudinis
891 1474 1044 1514 modum,
1069 1485 1123 1508 ne-

113 1525 193 1548 xum
207 1538 215 1552 ‚
241 1515 358 1553 situm,
385 1520 555 1559 vigorem;
576 1520 621 1550 ita
635 1529 730 1552 nemo
751 1519 794 1551 est
812 1518 859 1551 vel
884 1519 998 1551 leviter
1014 1519 1046 1550 in
1074 1519 1122 1551 Re

111 1559 248 1593 Medica
273 1559 415 1593 versatus
430 1582 439 1597 ‚
463 1563 595 1603 quinon
610 1561 943 1603 continuointelligat
960 1587 969 1601 ‚
993 1560 1124 1595 difficil-

113 1602 254 1641 limum,
278 1614 315 1635 ne
337 1603 443 1636 dicam
466 1603 661 1645 impoffibile
683 1602 785 1638 esleid
799 1604 938 1646 assequi.
963 1604 1062 1642 Quod
1077 1606 1120 1642 fi,

112 1654 150 1678 ut
174 1648 351 1687 generatim
364 1647 509 1679 Galenus
522 1646 636 1680 docuit
661 1648 675 1686 (
697 1657 716 1680 n
741 1649 780 1687 )‚
803 1646 883 1681 sedis
908 1648 989 1680 vitia
1022 1651 1052 1681 &
1076 1648 1123 1682 af-

111 1689 215 1722 fedus
226 1686 379 1732 difficilem
391 1700 496 1722 curam
507 1690 665 1730 accipiunt
675 1701 689 1730 ‚⁴
705 1702 775 1733 quae
788 1691 877 1724 causa
890 1690 1019 1725 fortasse
1033 1691 1095 1725 fuit
1109 1717 1118 1732 ,

110 1742 171 1764 cur
195 1731 327 1774 quidam
351 1734 432 1765 olim
455 1732 578 1766 Medici
602 1735 634 1765 in
648 1744 759 1767 eorum
770 1734 937 1768 dumtaxat
950 1736 1117 1769 curatione

108 1774 205 1821 :suurn
216 1786 312 1808 omne
324 1775 464 1809 studium
477 1776 618 1810 locarent
642 1780 726 1816 (o)·,
750 1787 873 1820 quanto
884 1778 1045 1811 difficilius
1058 1778 1120 1812 hoc

108 1819 235 1861 poterit
250 1829 426 1852 contumax
436 1819 515 1852 adeo
526 1844 538 1860 ,
553 1822 585 1852 &
599 1820 758 1854 vetustum
771 1820 899 1854 sanari?
925 1822 1036 1854 Multo
1045 1825 1119 1864 qui-

109 1867 186 1901 dem
211 1863 372 1906 majorum
397 1863 626 1905 prolapsuum‚
651 1864 780 1898 velutis
791 1874 856 1897 erat
869 1862 964 1906 quern
988 1876 1027 1897 ex
1043 1865 1120 1899 Mu-

109 1912 198 1947 :ralto
221 1907 473 1942 commemoravi
498 1907 552 1948 (p
574 1910 606 1945 ),
632 1907 950 1949 sanationemlegiffe
964 1909 1118 1941 memini.

106 1955 158 1990 ‚At
172 1953 382 1994 antiquorum
396 1972 405 1987 ,
429 1951 461 1982 &
474 1951 531 1991 qui
548 1962 564 1983 a
579 1951 699 1991 viginti
718 1949 782 1992 jam
807 1954 896 1984 annis
911 1950 1117 1993 affligerent,

107 2006 201 2031 certe
225 2007 288 2029 non
299 1993 454 2027 memini.
481 1994 596 2035 Itaque
619 1992 694 2027 satis
719 1994 812 2028 nobis
828 1993 881 2027 hic
893 1993 951 2028 csse
969 1995 1117 2033 deberet,

107 2041 133 2076 fi
143 2051 218 2074 cum
230 2038 303 2072 tolli
318 2037 476 2070 relaxatio
488 2046 625 2079 nequeat
637 2047 647 2075 3
673 2037 838 2078 palliativa
853 2037 963 2071 saltem
976 2061 984 2075 ‚
1009 2047 1045 2071 ut
1057 2049 1116 2071 vo-

108 2092 207 2122 cant,
230 2082 397 2116 curatione
411 2080 723 2122 autprohiberetur,
749 2091 802 2114 aut
817 2083 946 2122 minor,
969 2081 1112 2115 &levius

104 2126 258 2162 ferendus
270 2124 457 2158 redderetur
469 2125 681 2165 quotidianus
692 2125 780 2158 illius
792 2124 920 2157 effeetus
935 2147 945 2162 ,
970 2126 1024 2165 qui
1038 2135 1111 2165 gra-

103 2173 158 2207 vis
181 2170 223 2204 est
235 2168 312 2202 adeo
326 2178 400 2201 cum
411 2176 543 2209 propter
554 2168 732 2200 molestiam
749 2192 757 2207 ,
781 2175 853 2200 tum
873 2168 948 2208 quia
960 2169 1110 2200 morbum

106 2224 205 2257 auget
216 2236 227 2253 ‚
250 2222 321 2246 turn
333 2212 428 2244 etiam
442 2211 517 2251 quia
527 2212 560 2243 in
574 2211 733 2244 summum
746 2210 919 2252 aliquando
932 2211 1111 2252 periculum

105 2257 214 2301 potest
238 2256 392 2291 adducere
416 2254 465 2285 vel
489 2254 587 2287 nimis
608 2254 703 2287 aneto
724 2265 762 2286 eo
774 2253 862 2295 quod
875 2253 1036 2295 procidit,
1062 2253 1111 2286 vel

106 2301 208 2336 :serius
219 2298 361 2341 reposito
374 2319 386 2336 ,
410 2297 457 2328 vel
472 2296 510 2329 ab
524 2298 603 2329 aeris
614 2296 742 2338 injuriis
757 2297 876 2329 vitiato
889 2320 897 2335 ,
919 2296 967 2328 vel
980 2296 1117 2339 denique

107 2345 217 2379 minus
230 2341 380 2376 cohibito
390 2351 406 2373 a
418 2338 608 2382 sphinstere,
620 2341 677 2382 qui
691 2340 846 2381 temporis
856 2339 984 2373 decursu
997 2341 1119 2372 relaxa-

107 2389 140 2421 ri
167 2385 269 2429 potest
292 2395 367 2418 tunc
381 2384 538 2425 praecipue
550 2395 624 2417 curn
637 2381 772 2416 fredum
785 2384 887 2429 :etatis
898 2384 997 2415 robur
1010 2385 1114 2417 minus

105 2431 186 2466 huic
209 2428 400 2464 relaxationi
425 2427 567 2467 poterit,
590 2429 623 2460 δι
645 2426 673 2460 ei
696 2437 767 2470 quae
790 2436 856 2468 Jam
869 2426 971 2464 adest,
995 2438 1033 2459 ne
1044 2438 1113 2461 ma-

101 2479 155 2518 gis
180 2482 355 2515 augeatur,
379 2467 550 2503 obfistere.

140 2526 173 2559 7.
189 2516 251 2550 Sed
262 2510 534 2559 quemadmodum
547 2513 584 2547 ad
598 2511 679 2547 hanc
692 2512 868 2547 tollendam
881 2511 997 2546 frustra
1012 2512 1106 2547 adhi-

98 2559 168 2594 bita
183 2559 261 2598 effe,
287 2558 438 2599 intelligo
452 2578 460 2593 ,
474 2557 704 2590 medicamenta
716 2568 851 2598 quaeque
864 2557 1019 2590 validiora
1035 2568 1044 2595 3
1064 2557 1105 2591 fic

97 2604 223 2646 pariter
248 2601 366 2641 video,
388 2599 534 2634 adversus
549 2601 759 2633 relaxationis
783 2600 931 2634 effeffimm
946 2601 978 2632 in
993 2600 1106 2642 pallia-

99 2647 171 2680 tiva
196 2642 530 2680 curationeincassum
555 2644 654 2677 trac-qa
668 2641 800 2677 fuiffein
813 2644 1106 2678 usuminstrumen-

102 2699 138 2724 ta
162 2690 286 2727 multa,
309 2690 459 2726 &varia,
484 2686 620 2730 ideoque
635 2687 695 2719 alia
721 2698 737 2719 a
761 2699 812 2720 me
834 2688 978 2729 requiri,
1005 2688 1107 2721 illius-

104 2745 168 2774 que
193 2735 226 2766 in
239 2734 348 2773 primis
361 2731 632 2771 descriptionem,
659 2730 746 2772 quod
758 2729 850 2764 fuisse
864 2731 1107 2765 olimdicitura

104 2775 274 2811 Monacho
298 2774 546 2817 ingeniosiffimo
562 2774 661 2807 Paulo
676 2774 789 2816 Sarpio
799 2775 1017 2816 excogitatum
1030 2799 1037 2806 .
1064 2775 1107 2806 E-

105 2831 152 2862 go
175 2829 283 2855 autem
307 2829 447 2858 vereor,
471 2829 508 2851 ne
533 2816 571 2850 ad
595 2817 650 2849 ista
663 2828 733 2858 quae
756 2817 820 2859 jam
846 2817 916 2850 sunt
942 2817 1108 2857 adhibita,

105 2876 141 2897 ea
155 2863 282 2897 tandem
295 2861 405 2895 referri
421 2861 535 2903 poffint
546 2861 655 2893 omnia
668 2873 677 2897 ς
702 2859 823 2902 siquod
835 2862 1035 2903 praecipuum
1046 2861 1088 2894 est
1102 2885 1110 2899 ,

104 2909 306 2949 speetemus·,
330 2910 400 2947 q'uae
424 2903 503 2938 mihi
523 2904 656 2946 quidem
675 2906 807 2944 cognita
840 2904 932 2944 sunt,
959 2905 1107 2946 interque

105 2950 175 2985 haec
198 2949 278 2983 illud
291 2959 420 2990 quoque
443 2947 657 2990 Sarpianum,
683 2947 813 2989 quando
825 2946 890 2988 ejus
908 2948 1027 2981 nullam
1051 2948 1103 2981 de-

104 2995 315 3036 scriptionem
339 2992 469 3023 invenio
493 3001 606 3032 praeter
631 2991 713 3024 hanc
736 3002 808 3032 quae
829 2990 912 3033 apud
933 2990 1104 3024 Rhodium

103 3041 116 3077 (
141 3049 160 3080 q
181 3041 196 3077 )
219 3036 358 3077 legitur.-
381 3033 623 3067 Haemorrhoides
646 3035 677 3067 in
696 3033 789 3076 suum
814 3033 946 3075 repositae
980 3033 1102 3072 locum,

103 3091 141 3114 ne
163 3081 259 3114 denuo
278 3077 463 3120 procidant,
486 3077 596 3110 annulo
613 3073 718 3119 ferreo
741 3077 847 3110 dextre
880 3075 1101 3110 cohibeantur.-

104 3135 194 3166 quem
211 3121 328 3166 summi
350 3120 466 3162 ingenii
475 3121 544 3153 Viro
554 3120 654 3153 'Paulo
668 3120 797 3152 Servitae
809 3121 916 3153 Veneto
921 3119 1029 3160 plures
1041 3131 1103 3154 ma-

99 3178 161 3211 gno
186 3165 338 3199 commodo
360 3170 516 3203 acceptum
539 3160 696 3205 referunt.
718 3162 886 3196 ,Annulum
917 3172 992 3195 vero
1014 3162 1103 3196 aluta

102 3210 248 3251 utrinque
258 3208 413 3241 continet,
436 3207 688 3247 quaeperinaeum‚
718 3209 758 3239 Θ
783 3205 887 3239 clunes
899 3205 1028 3247 versus,
1045 3204 1098 3248 fa-

96 3253 176 3297 sciis
199 3259 329 3294 quatuor
341 3259 408 3289 ejus
430 3247 584 3289 capitibus
596 3248 734 3291 adfinis,
758 3248 838 3281 lineo
848 3249 969 3290 cingulo
980 3249 1101 3282 innexis

96 3296 270 3341 firmatur.
297 3292 349 3326 Ad
376 3291 506 3325 annulos
529 3293 649 3334 igitur,
674 3291 740 3334 jam
765 3293 800 3324 in
824 3292 915 3325 usum
950 3293 1068 3325 tractos
1093 3317 1102 3331 ‚

99 3339 346 3375 instrumentum
361 3336 462 3377 Sarpii
477 3335 610 3367 attinet:
637 3335 674 3367 ad
688 3334 885 3377 eundemque
897 3357 906 3371 ,
931 3335 1048 3368 nedum
1063 3337 1100 3370 ad

101 3382 229 3418 tabulas
239 3380 454 3422 Hippocratis
479 3382 489 3417 (
513 3388 528 3410 r
551 3381 561 3416 )
586 3377 848 3421 angustzffimasid
866 3378 1047 3420 reditquod
1059 3380 1099 3412 ab

100 3427 243 3461 Riolano
268 3422 348 3466 (s)
365 3445 373 3460 ,
397 3420 584 3463 duobusque
606 3422 676 3454 aliis
697 3420 802 3454 Gallis
825 3422 972 3463 Blegnyo
995 3421 1045 3464 (t
1067 3427 1098 3462 )‚

100 3474 131 3503 δι
152 3467 334 3503 Dionifio(
357 3476 376 3498 u
401 3469 428 3503 ),
453 3468 483 3497 &
507 3475 577 3497 ante
590 3463 673 3497 hunc
698 3467 819 3497 etiama
841 3466 987 3498 Muralto
1010 3466 1065 3507 (x
1088 3469 1099 3504 )

99 3512 249 3548 laudatur
262 3533 270 3546 ‚
284 3510 438 3542 nimirum
452 3508 557 3540 tabula
574 3532 582 3545 ,
605 3505 762 3540 foramine
777 3509 898 3548 pertusa
910 3508 1067 3550 ejusmodi
1084 3535 1094 3551 ‚

188 3552 352 3597 Morgagni
363 3554 397 3585 cie
409 3551 478 3585 Sed.
492 3551 533 3584 ξφ
542 3549 629 3592 Caus.
642 3549 742 3583 Morb.
756 3551 856 3585 Tom.
868 3553 916 3587 ΙΙ.

92 3653 520 3671 --——-————--·-···

153 3730 191 3761 (l
207 3730 221 3758 )
236 3732 272 3754 De
287 3728 378 3753 Medic.
396 3726 420 3751 in
438 3725 506 3751 Praef.
569 3728 582 3757 (
598 3735 621 3750 m
637 3727 651 3754 )
667 3736 690 3751 n.
707 3735 730 3751 2.
793 3728 802 3759 (
821 3737 837 3753 n
853 3729 866 3756 )
882 3731 918 3753 De
936 3731 1021 3757 Comp.
1040 3729 1127 3754 medic.
1144 3730 1187 3755 sec.
1204 3731 1252 3755 loc.
1270 3732 1288 3755 l.
1306 3738 1327 3759 9.
1343 3737 1365 3755 c.
1384 3735 1405 3754 6.

153 3764 167 3789 (
182 3767 198 3789 p
215 3761 226 3787 )
244 3768 265 3783 n.
282 3767 306 3787 4.
369 3759 382 3788 ζ
399 3767 413 3787 q
431 3760 528 3791 [Ceut.
547 3765 570 3782 2.
589 3757 647 3782 Obs.
666 3758 732 3783 Med.
752 3767 789 3788 94.
853 3759 891 3788 (ν
906 3761 919 3788 )
935 3761 969 3785 De
987 3760 1067 3784 Fistul.
1083 3768 1108 3784 n.
1126 3769 1151 3790 4.

154 3793 165 3815 ε
185 3797 194 3813 ι
210 3791 222 3817 ⁷)
240 3791 267 3813 L.
286 3791 333 3823 Art
345 3789 373 3812 de
391 3795 468 3815 nuern-
485 3791 519 3812 les
534 3788 600 3813 hero.
616 3790 641 3813 P.
659 3796 683 3814 ².
701 3791 724 3815 S.
740 3796 761 3814 ι.
777 3797 800 3815 c.
817 3791 839 3815 8.
900 3790 908 3821 (
928 3798 944 3815 u
959 3793 970 3822 )
986 3792 1063 3816 Cours
1078 3791 1184 3821 d'oper.
1201 3791 1230 3817 de
1245 3792 1311 3818 Chir.
1330 3794 1400 3818 Dem.
1416 3799 1440 3822 a.

160 3817 169 3847 s
183 3827 202 3851 1
218 3819 226 3850 l
244 3827 295 3850 cap.
313 3825 354 3845 tlt.
371 3819 438 3849 supra
453 3818 482 3844 ad
498 3826 521 3844 n,
539 3827 563 3849 3.

874 3654 1837 3671 Ἥ..

2045 245 2102 293 41

1175 318 1212 343 ut
1236 309 1392 351 egerentis
1415 310 1602 344 intestinum
1627 310 1757 344 tranfire
1780 321 1818 343 ne
1830 307 1934 343 finate
1956 308 2054 352 quarn
2078 310 2174 344 tabu:

1174 354 1238 386 lam
1260 352 1424 386 Muraltus
1448 352 1554 386 vestiri
1577 352 1711 395 jubebat
1736 364 1842 395 panno
1865 352 2003 386 caeruleo
2026 363 2065 385 ex
2088 353 2174 385 Indi-

1169 406 1231 437 go,
1255 405 1320 427 non
1345 402 1432 429 terrae
1443 396 1666 439 Madagascar,
1690 395 1741 429 sed
1761 395 1931 437 insularum
1952 394 2171 429 Antillidum.

1173 438 1361 480 Eodemque
1382 439 1510 472 tandem
1535 440 1649 474 recidit
1660 440 1770 481 quod,
1793 439 1882 472 nullo
1895 438 2107 472 instrumento
2120 438 2176 470 ad-

1175 479 1309 521 bibito,
1332 480 1483 515 suadebat
1508 484 1628 517 Paraeus
1680 483 1740 526 y)
1764 481 1923 519 scribens,
1946 481 2048 515 retius
2076 479 2178 522 stans-

1175 535 1231 566 que
1247 523 1276 567 fi
1298 523 1405 557 alvum
1428 534 1589 558 exonerare
1598 536 1636 567 po
1658 533 1704 563 ιι,
1727 535 1883 566 nunquam
1894 525 2035 566 egerendi
2045 531 2172 557 conten-

1173 568 1256 600 tione
1277 566 1453 605 intestinum
1476 567 1632 609 exclusum
1655 569 1714 601 iri.
1737 569 1865 601 Verum
1887 578 1961 601 cum
1972 568 2091 609 AEger‚
2115 577 2177 599 no-

1175 611 1226 643 bis
1251 609 1450 653 propositus,
1474 622 1644 644 exonerare
1668 611 1775 645 alvum
1797 619 1957 651 nequeat,
1980 609 2036 643 nisi
2051 636 2060 651 ‚
2083 609 2177 643 omni

1175 652 1315 686 artificio
1341 663 1452 687 amoto
1473 679 1481 694 ,
1515 654 1699 688 intestinum
1717 656 1803 687 exire
1837 653 1940 691 finat3
1962 663 2058 686 terere
2092 652 2176 687 mihi

1176 705 1303 738 tempus
1326 696 1454 737 videar,
1477 696 1498 730 fi
1523 698 1583 730 alia
1608 696 1843 739 ejusdemmodi
1866 698 2175 738 excogitareconer,

1175 750 1231 785 nec
1257 740 1367 781 potius
1389 740 1515 774 causam
1538 751 1680 783 quaeram
1699 764 1709 779 ,
1734 753 1790 774 cur
1811 741 1938 773 inutilis
1962 739 2016 773 hic
2043 739 2114 772 usus
2137 736 2176 770 fit

1174 782 1367 824 ejuscemodi
1381 784 1667 817 instrumentorum
1682 806 1691 820 ‚
1716 794 1751 818 ut
1763 784 1822 818 hac
1836 782 1926 817 causa
1938 784 2092 824 cognita,
2119 789 2176 814 aut

1174 826 1300 858 solertis
1323 824 1485 868 Chirurgi
1510 826 1644 869 alicujus
1668 827 2003 868 excitetur-ingenium
2018 825 2056 859 ad
2081 826 2177 865 longe

1174 869 1285 909 aliud,
1308 869 1394 912 quod
1409 871 1489 903 utile
1511 870 1569 903 effe
1584 870 1698 912 possit,
1720 869 1973 909 inveniendum,
1999 867 2087 902 autfi
2112 867 2177 901 hoc

1172 914 1310 946 omnino
1335 914 1401 946 fieri
1415 925 1478 946 non
1504 912 1612 955 posse,
1636 914 1862 956 intelligatur,
1888 925 1960 957 pars
1975 911 2089 946 affeeta
2101 909 2176 945 nul-

1173 956 1212 988 lis
1236 956 1269 988 in
1295 956 1453 995 posterum
1478 956 1704 991 instrumentis
1727 967 1881 992 vexetur.

1215 998 1244 1030 8.
1270 999 1313 1030 Et
1339 1001 1481 1038 primum
1504 1000 1658 1034 credibile
1692 1000 1761 1035 sane
1794 1001 1847 1034 hic
1883 1012 1947 1034 non
1983 998 2027 1034 est
2050 1023 2063 1040 ,
2099 997 2176 1032 ideo

1171 1042 1256 1075 exire
1281 1041 1465 1076 intestinum
1490 1042 1659 1076 necessario
1682 1042 1739 1077 esse
1751 1043 1935 1081 sinendum,
1960 1044 2048 1085 quod
2073 1053 2176 1076 recre-

1175 1093 1283 1119 menta
1307 1085 1404 1118 nimis
1428 1086 1546 1122 classa,
1570 1088 1602 1118 &
1625 1086 1706 1120 dura
1730 1087 1860 1120 tranfire
1872 1096 2032 1129 nequeant
2057 1098 2110 1128 per
2123 1086 2176 1117 in-

1176 1129 1348 1163 strumenta
1362 1128 1417 1161 illa
1429 1141 1499 1171 quae
1511 1129 1583 1162 sunt
1597 1141 1795 1167 memorata;
1816 1129 1849 1163 id
1862 1128 2087 1169 enimfiesset,
2110 1127 2176 1170 jam

1177 1170 1301 1215 pridem
1326 1170 1431 1205 fuisset
1456 1171 1645 1214 provisum,
1667 1175 1698 1206 δε
1721 1184 1759 1206 ne
1783 1173 1959 1209 accideret,
1993 1183 2178 1214 opportuna

1175 1226 1230 1248 aut
1247 1214 1378 1247 vivendi
1402 1226 1537 1256 norma,
1562 1225 1615 1248 aut
1639 1217 1762 1249 modici
1782 1218 1915 1259 aptique
1927 1213 2074 1249 humoris
2095 1212 2178 1256 inje-

1174 1259 1280 1292 &ione
1304 1257 1499 1301 perfeetum.
1528 1260 1867 1302 Itaquerelinquitur,
1891 1258 2178 1293 uttotiusintesti-

1172 1303 1230 1341 ni,
1255 1311 1310 1335 aut
1332 1303 1466 1335 internae
1490 1301 1556 1347 ejus
1567 1304 1685 1336 tunicae
1696 1303 1927 1337 relaxationem
1947 1312 2073 1336 tantam
2096 1299 2177 1339 esse,

1172 1344 1337 1380 credamus
1350 1368 1358 1383 ,
1371 1345 1499 1379 utillud
1514 1355 1526 1383 4'
1549 1355 1602 1379 aut
1620 1346 1686 1380 haec
1702 1372 1711 1387 ,
1729 1346 1979 1380 detrudentibus
1993 1356 2179 1379 excremen-

1170 1390 1213 1422 tis
1228 1411 1238 1428 ‚
1262 1387 1450 1422 descendens
1463 1414 1468 1427 ,
1479 1389 1613 1429 multis,
1626 1390 1811 1433 magnisque
1823 1391 1911 1432 rugis
1926 1415 1934 1430 ‚
1958 1400 2093 1433 quarum
2108 1389 2179 1422 aliae

1172 1432 1243 1466 aliis
1265 1432 1499 1475 imponantur,
1524 1433 1659 1467 valvulae
1674 1432 1950 1473 instar-efformet,
1971 1431 2180 1476 quotiescun-

1175 1488 1237 1519 que
1263 1476 1406 1510 artificio
1430 1474 1609 1519 praesertim
1634 1477 1749 1519 aliquo
1763 1476 1970 1516 cohibitum,
1994 1476 2024 1509 se
2049 1476 2178 1518 prorsus

1176 1519 1366 1560 extendere,
1389 1522 1420 1552 δι
1444 1520 1605 1561 explicare
1628 1531 1692 1553 non
1703 1529 1819 1562 queat,
1845 1519 1950 1562 sicque
1975 1529 2119 1562 apertum
2131 1531 2177 1552 re-

1175 1565 1343 1597 crementis
1368 1564 1490 1596 exitum
1513 1561 1606 1597 dare.
1633 1564 1733 1600 Quod
1757 1563 1779 1595 ii
1805 1563 1870 1600 est3
1895 1565 2004 1597 omnia
2018 1562 2178 1605 ejusmodi

1173 1607 1312 1642 artificia
1336 1606 1409 1640 sunt
1435 1605 1649 1644 removenda,
1674 1617 1728 1648 per
1751 1617 1820 1648 quae
1853 1619 1927 1640 cum
1963 1619 1997 1640 ea
2031 1605 2179 1640 intestini

1172 1662 1241 1695 pars
1264 1652 1349 1683 inter
1372 1648 1504 1691 desuper
1517 1649 1640 1683 ada&as
1651 1649 1760 1686 faeces,
1786 1650 2077 1685 &instrumentum
2090 1662 2178 1683 eom-

1174 1696 1357 1738 primatur;
1379 1694 1465 1727 nulla
1490 1693 1563 1727 inde
1586 1693 1704 1737 sperari
1728 1694 1876 1734 utilitas,
1899 1696 1967 1727 imo
1991 1695 2040 1728 vel
2074 1694 2178 1738 major

1174 1749 1258 1771 noxa
1283 1738 1393 1770 timeri
1417 1736 1592 1779 aliquando
1616 1739 1736 1779 potest.
1772 1737 1910 1771 Illorum
1943 1740 2018 1772 loco
2055 1750 2177 1773 novum

1174 1781 1339 1824 quoddam
1362 1781 1576 1823 requireretur
1597 1781 1866 1821 instrumentum,
1890 1782 1979 1824 quod
1993 1794 2056 1815 non
2072 1783 2175 1817 solum

1175 1826 1337 1862 exterius,
1360 1832 1396 1857 ut
1420 1824 1499 1861 illa,
1521 1823 1666 1857 infimam
1691 1824 2015 1860 sustineretintestini
2029 1836 2177 1868 partem,

1174 1868 1225 1902 sed
1250 1868 1393 1901 simuleo
1404 1868 1606 1909 perveniret,
1628 1878 1662 1902 ut
1686 1866 1972 1908 fulcireinterius,
1997 1882 2030 1903 ac
2055 1882 2177 1913 oppor-

1171 1919 1250 1945 tune
1273 1911 1408 1945 dilatare
1430 1909 1532 1953 posset
1557 1912 1693 1952 parietes
1727 1913 1905 1951 relaxatos,
1930 1924 1969 1947 ne
2000 1925 2177 1956 rugarum,

1172 1958 1205 1987 &
1232 1955 1431 1987 valvularum
1456 1954 1577 1992 instar,
1600 1954 1629 1988 se
1652 1964 1724 1988 ante
1746 1954 1839 1990 faeces
1861 1957 2054 1993 invertendo
2071 1984 2080 1999 ,
2104 1959 2178 1997 his,

1169 2008 1242 2031 cum
1259 1998 1394 2031 exitura?
1407 1994 1503 2037 sunt,
1525 1999 1773 2033 intercluderent
1786 2002 1870 2033 viam
1884 2025 1891 2032 .
1917 2002 2176 2044 Oporterethoc

1168 2040 1419 2074 instrumentum
1442 2039 1500 2074 esse
1524 2041 1702 2082 ejusmodi,
1725 2054 1759 2075 ut
1776 2043 1869 2077 facile
1884 2045 2021 2080 immitti
2048 2045 2172 2089 posset,

1170 2092 1266 2126 atque
1279 2087 1363 2117 intra
1379 2084 1509 2118 modum
1522 2084 1653 2119 dilatari
1677 2085 1785 2120 statim
1798 2099 1832 2121 ac
1845 2089 2002 2130 inciperet
2016 2092 2173 2126 naturalis

1164 2127 1322 2161 neceffitas
1334 2127 1484 2170 poscere,
1508 2140 1609 2171 neque
1622 2130 1725 2163 ullum
1737 2132 1992 2173 fivelateribus,
2016 2133 2079 2167 five
2091 2147 2173 2177 prae-

1161 2168 1268 2203 sertim
1281 2172 1402 2205 summa
1418 2170 1465 2203 sui
1480 2182 1569 2213 parte
1580 2172 1875 2209 intestinolaefionis
1886 2177 2067 2219 periculum
2084 2178 2132 2212 affl
2143 2191 2176 2214 r-

1162 2223 1234 2246 ret:
1258 2213 1296 2247 ad
1307 2214 1394 2256 quod
1408 2215 1618 2250 avertendum
1630 2215 1750 2250 summa
1761 2220 1996 2262 quaequeillius
2006 2224 2147 2263 partium
2162 2249 2174 2265 ,

1169 2256 1355 2299 prinsquam
1381 2259 1612 2294 immitteretur
1628 2282 1636 2298 ,
1660 2260 1752 2293 molli
1777 2263 1889 2305 aliquo
1901 2274 1936 2296 ac
1960 2268 2172 2300 recenticon-

1168 2299 1280 2333 vestiri
1304 2298 1405 2343 posset
1430 2303 1520 2344 parvi
1545 2304 1691 2336 animalis
1705 2303 1882 2340 intestino.
1905 2306 2035 2341 Notum
2062 2309 2171 2352 specu-

1167 2344 1276 2377 lorum
1293 2369 1300 2382 ‚
1321 2355 1392 2386 quae
1417 2354 1534 2379 vocant
1551 2372 1560 2386 ,
1583 2347 1757 2381 artificium
1771 2351 1889 2391 quibus
1901 2350 2058 2395 Chirurgi
2073 2364 2170 2387 utun-

1167 2397 1220 2421 tur
1244 2387 1453 2436 adlvaginam
1478 2391 1583 2426 uteri,
1608 2390 1776 2433 ipsumque
1788 2392 1867 2426 adeo
1882 2394 2023 2428 Rectum
2046 2398 2171 2431 intesti-

1164 2442 1242 2463 num
1266 2430 1489 2468 dilatandum,
1515 2432 1615 2474 poss'ct
1641 2432 1768 2468 fortasse
1792 2436 1965 2476 prudenti,
1998 2451 2033 2472 ac
2059 2441 2168 2475 solerti

1162 2473 1448 2507 instrumentorum
1474 2477 1693 2518 excogitatori
1706 2476 1834 2511 facilius
1846 2479 2048 2522 suppeditare
2063 2486 2169 2519 multo

1159 2519 1348 2554 meliorem,
1375 2517 1542 2559 minusque
1564 2520 2027 2566 incommodamideamhujus
2051 2527 2169 2563 instru-

1159 2561 1261 2593 menti
1286 2571 1354 2602 quo
1378 2560 1451 2593 satis
1476 2561 1549 2595 esset
1573 2564 1735 2597 extensam
1760 2565 1881 2599 servare
1913 2579 1981 2601 earn
2019 2571 2167 2607 intestini

1160 2613 1283 2646 partem
1309 2615 1380 2645 quae
1404 2602 1497 2637 facile
1521 2606 1697 2645 dilatatur,
1723 2609 1814 2642 illam
1847 2610 1997 2646 videlicet
2029 2626 2100 2656 quae
2124 2616 2167 2651 est

1159 2647 1252 2696 supra
1264 2645 1502 2696 sphinete1·em;
1528 2661 1581 2691 per
1596 2647 1681 2684 hunc
1695 2661 1801 2685 autem
1814 2655 1871 2695 qui
1887 2659 1986 2697 magis
1999 2656 2167 2693 dilatatio-

1159 2701 1193 2724 m
1219 2688 1351 2739 re-fistit,
1376 2702 1439 2723 non
1461 2694 1531 2733 plus
1544 2694 1603 2726 viae
1617 2705 1764 2735 apertum
1778 2696 2063 2742 relinquerequam
2076 2703 2165 2745 quod

1160 2733 1342 2782 transituris
1366 2735 1518 2768 mollibus
1542 2738 1572 2768 &
1595 2739 1686 2778 quasi
1720 2739 1827 2773 fluidis
1850 2745 2062 2777 excrementis
2097 2747 2163 2780 suf.

1160 2779 1294 2814 hceret3
1318 2777 1393 2810 talia
1417 2780 1503 2811 enirn
1517 2788 1551 2811 ut
1574 2778 1657 2817 sint,
1685 2793 1739 2821 per
1765 2783 1892 2816 vivendi
1918 2796 2086 2827 normam,
2112 2792 2164 2825 uti

1159 2820 1322 2858 dicemus,
1346 2820 1558 2854 nihilominus
1580 2823 1754 2858 curandum
1778 2825 1844 2858 est.
1871 2828 1928 2860 Sed
1964 2841 2037 2864 curn
2063 2834 2163 2873 probe

1161 2864 1255 2913 sciam
1270 2889 1277 2900 ‚
1301 2864 1519 2897 machinarum
1532 2865 1716 2907 plerasque,
1741 2868 1796 2901 ubi
1811 2868 1847 2902 ad
1861 2870 1952 2904 usum
1966 2874 2136 2911 trahuntur

1161 2908 1223 2949 sper
1237 2929 1246 2944 ,
1258 2909 1292 2941 ὃς
1305 2908 1500 2950 cogitationi
1514 2911 1618 2941 minus
1630 2909 1816 2951 respondere
1830 2913 1936 2947 solitas
1946 2917 2029 2957 effe,
2053 2921 2083 2951 in
2097 2902 2161 2956 hod

1160 2961 1265 2983 aurem
1291 2949 1457 2991 speciatim
1482 2954 1551 2983 calu
1568 2953 1716 2992 praeclare
1730 2955 1855 2989 videam
1868 2969 1938 2998 quae
1950 2962 2031 2993 oriri
2056 2961 2157 2998 detri-

1158 3004 1264 3027 menta
1277 2991 1397 3034 possent
1423 3005 1485 3026 non
1505 2999 1602 3027 modo
1617 2995 1636 3028 li
1651 2997 1815 3040 inexperta
1841 3003 2157 3042 manusinstrumen-

1155 3046 1226 3070 turn
1251 3037 1438 3069 immitteret
1454 3049 1486 3070 ac
1511 3037 1682 3079 dilataret,
1708 3045 1927 3078 verumetiam
1952 3058 1990 3079 ex
2012 3049 2078 3090 ipsa
2091 3050 2157 3086 fre-

1155 3080 1269 3122 quenti
1295 3079 1484 3113 immissione
1501 3105 1512 3122 ,
1536 3092 1571 3114 ac
1583 3081 1915 3130 dilatationesatque
1926 3089 2006 3123 adeo
2022 3093 2060 3125 ab
2083 3096 2156 3136 ipso

1156 3123 1321 3161 intestini,
1345 3124 1422 3157 dum
1435 3122 1525 3156 saeces
1536 3126 1788 3167 expellerentur,
1814 3141 1904 3164 motu
1920 3159 1927 3169 ‚
1951 3135 2154 3178 &compres-

1156 3165 1259 3205 sione,
1282 3178 1418 3209 cumque
1442 3167 1568 3200 tandem
1594 3180 1631 3202 ne
1657 3171 1733 3205 illud
1757 3174 1889 3214 quidem
1914 3174 2058 3219 scirepro
2082 3193 2154 3216 cer..

1157 3218 1192 3243 to
1215 3221 1350 3260 queam,
1373 3210 1601 3244 relaxationem
1625 3212 1708 3249 haud
1720 3217 1965 3259 altiusincipere
1976 3231 2072 3262 quam
2086 3237 2154 3268 quo

1156 3263 1318 3293 pervenire
1341 3253 1589 3288 instrumentum
1613 3258 1726 3297 possit,
1751 3260 1924 3299 profiteor,
1947 3262 1985 3295 de
2014 3263 2076 3300 hoc
2101 3280 2151 3306 me

1155 3306 1218 3328 non
1243 3296 1300 3328 alia
1328 3307 1433 3330 mente
1452 3297 1628 3332 sermonem
1653 3300 1844 3342 instituisse,
1867 3303 1924 3336 nisi
1950 3314 1986 3338 ut
2010 3308 2087 3343 alios
2110 3315 2150 3350 ad

1152 3338 1407 3388 commodiorem
1420 3340 1818 3385 aliquamfflacilioremque
1834 3345 1933 3380 ideam
1946 3355 2149 3393 quaerendam

1152 3392 1345 3432 excitarem.-
1369 3394 1465 3424 quarn
1490 3384 1511 3417 si
1537 3395 1633 3424 tuto,
1659 3390 1689 3419 &
1725 3387 1785 3420 sine
1810 3388 1906 3423 ullius
1930 3396 2063 3432 periculi
2096 3400 2149 3434 su..

1151 3425 1291 3468 spicione
1314 3426 1351 3460 ad
1375 3426 1466 3459 usum
1490 3427 1603 3462 deduci
1618 3429 1702 3471 posse
1714 3430 1891 3473 constaret;
1913 3443 1981 3468 tum
2008 3449 2082 3472 vero
2093 3455 2151 3477 ex-

1151 3469 1368 3518 perimentum
1393 3470 1458 3511 ejus
1482 3482 1615 3513 capere,
1639 3482 1740 3516 neque
1755 3473 1795 3507 ab
1806 3486 1839 3509 re
1852 3476 2019 3519 profecito,
2045 3493 2148 3530 neque

1148 3513 1266 3547 inutile
1288 3511 1418 3546 fortasse
1441 3511 1546 3548 foret.

1658 3559 1683 3592 F
1938 3577 1971 3606 9·
1986 3568 2100 3612 Qan-

1216 3761 1275 3792 (Ι)
1292 3760 1352 3786 Se&
1369 3761 1411 3786 dt.
1427 3733 1511 3793 supssat
1525 3732 1709 3792 {dvdlffssl'cal‘
1725 3732 1797 3758 adfer.
1807 3734 1836 3759 de
1843 3737 2105 3773 Partib,Arg,Med,c·
2116 3756 2141 3774 εὖ

1498 3794 1514 3824 ζ
1530 3801 1545 3818 x
1559 3794 1574 3823 )
1590 3794 1673 3821 schol.
1689 3794 1733 3820 eit.
1749 3794 1816 3825 supra
1831 3797 1860 3823 ad
1877 3806 1901 3825 n.
1916 3808 1940 3830 ⁴·
