2498 4075
464 260 614 326 Epist.
651 260 812 313 Anat.
844 259 1057 311 Medica
1094 256 1292 311 XLIX.
1308 257 1428 309 Art.
1449 255 1523 326 36²
1547 258 1601 310 &
1622 271 1703 323 37.

85 345 139 371 nes
160 336 350 380 degenerat-‘e
373 340 406 373 in
429 349 613 382 gangraenas
639 363 648 377 ,
679 350 718 372 ex
740 337 886 379 pluribus
904 360 915 377 ,
948 349 1025 380 quas
1048 338 1083 371 in

86 382 232 414 Sectione
256 383 314 415 hac
338 383 536 424 Sepulchreti
559 382 643 424 leges
667 406 675 420 ‚
709 381 1003 414 observationibus
1027 392 1082 422 ap-

83 425 226 466 parebit.
251 426 379 464 Quibus
401 426 455 459 has
479 427 573 460 etiam
597 426 748 467 adjunges
771 449 778 455 .
812 425 998 458 Sanffmrius
1021 436 1079 458 no-

82 468 142 501 ster
165 470 178 506 (
200 469 213 501 i
234 471 247 506 )
272 469 396 510 quidam
418 469 475 502 alii
492 476 670 510 putarunt,
694 470 802 510 inquit
816 490 828 506 ,
843 465 964 508 febrem
987 467 1079 501 mali-

77 521 171 553 gnam
194 510 231 543 ab
255 511 360 554 aliqua
378 522 539 554 gangraena
573 512 605 544 in
639 512 734 552 jecore
760 537 769 551 ‚
804 510 853 543 vel
876 511 908 543 in
941 510 1002 543 alio
1026 511 1078 544 vi-

77 553 164 595 scere
187 552 263 587 orz'rz'
286 579 295 594 ,
330 557 409 597 quod
429 566 483 587 nos
505 565 562 588 non
578 555 675 596 semel
696 556 727 588 in
750 553 952 587 cadaveribus
977 553 1074 596 obser-

84 598 231 630 univimus
256 622 262 629 .
295 600 491 632 Dominicus
515 598 685 640 Gagliardi
708 596 793 640 (lt)
817 599 851 630 in
875 596 1076 630 disseffioni-

82 639 142 673 bus
165 652 274 674 eorum
299 643 357 682 qui
381 654 397 675 a
421 643 559 683 maligna
583 640 664 674 febri
688 650 820 682 pereunt
840 663 851 679 ,
874 651 947 673 cum
972 641 1076 674 ulcera

81 684 121 716 ab
144 684 347 718 erodentibus
370 685 613 718 medicamentis
635 696 705 727 quae
730 683 899 717 veficantia
924 694 1040 716 vocant
1062 707 1075 724 ,

80 735 208 768 aperta,
233 727 299 769 ipsa
322 739 449 771 quoque
471 739 640 769 gangraena
654 727 734 760 affici
757 728 956 767 incipiunt„
977 728 1075 761 inter-

79 790 103 805 „
128 781 181 803 nas
205 782 387 812 gangraenas
421 772 554 813 persaepe
577 771 719 812 conspici
742 792 765 808 ,‚
787 769 962 803 affirmabat
987 796 994 803 .
1032 771 1074 803 Et

74 812 235 856 Josephus
259 816 430 848 Lanzonus
456 819 465 853 (
490 814 501 846 l
521 818 535 853 )
557 815 777 856 Epidemicam
795 813 970 846 describens
982 814 1075 846 Con-

77 855 282 890 stitutionem
306 856 538 890 Ferrariensem
561 858 606 891 A.
632 858 769 898 1729-1'11
796 858 913 899 apertis
937 857 1076 889 nonnul-

78 897 186 932 lorum
208 901 397 941 corporibus
418 912 499 941 quos
521 912 557 933 ea
582 900 682 933 febris
704 899 888 939 occiderat,
912 902 995 933 inter
1015 911 1077 932 cae-

81 952 148 975 tera
171 943 290 985 aliquas
312 944 451 977 maculas
474 944 590 977 lividas
611 945 644 976 in
667 943 740 985 ipsis
762 942 971 981 intestinorum
995 944 1077 975 tuni-

79 986 126 1018 cis
148 988 361 1021 memoravit.
387 989 443 1020 Tu
470 987 549 1027 alia,
572 997 643 1029 quae
666 997 731 1020 non
754 985 907 1024 deerunt,
931 987 1077 1028 exempla

81 1028 237 1070 adjicito.

120 1074 174 1115 36.
201 1072 299 1107 Nunc
322 1083 494 1117 antequam
518 1072 613 1106 finem
639 1071 793 1107 scribendi
819 1073 905 1105 facio
925 1097 933 1112 ‚
955 1080 988 1104 te
1012 1073 1075 1104 mi-

74 1126 218 1151 raturum
242 1128 306 1150 non
331 1128 432 1159 puto,
455 1118 554 1150 initio
578 1116 755 1159 praesertim
780 1115 1003 1153 admonitum,
1025 1116 1073 1162 ni-

74 1159 122 1192 hil
155 1169 294 1202 repetere
318 1172 368 1194 me
391 1161 470 1194 velle
494 1172 532 1193 ex
555 1162 595 1193 :iis
617 1172 688 1202 quae
713 1159 751 1192 ad
774 1169 806 1192 te
830 1161 907 1195 alias
932 1158 1037 1199 scripsl
1064 1179 1073 1194 ,

75 1204 292 1242 miraturum,
318 1206 476 1246 inquam,
500 1215 565 1237 non
589 1213 689 1244 puto,
712 1202 801 1245 quod
823 1203 861 1236 de
883 1203 978 1247 certis
1001 1202 1076 1243 qui-

74 1245 209 1280 busdam
242 1247 396 1282 Febribus
419 1248 542 1280 nullam
574 1246 627 1280 hic
652 1247 849 1279 mentionem
874 1246 1041 1286 injecerim
1067 1269 1074 1276 .

75 1291 127 1323 De
151 1300 262 1324 earum
286 1292 444 1332 plerisque
468 1289 561 1331 egisse
584 1302 656 1326 me,
680 1290 738 1322 scis
757 1312 768 1329 ,
792 1301 866 1323 cum
891 1290 929 1322 de
951 1289 1020 1321 aliis
1046 1300 1076 1320 a-

74 1344 183 1376 gerem
196 1333 338 1369 morbis.
361 1334 545 1367 Nonnullas
559 1343 663 1366 tamen
683 1358 692 1372 ,
716 1342 751 1366 ut
775 1342 850 1374 puta
872 1332 1081 1375 quinfianas,

75 1379 108 1409 δε
130 1388 204 1419 quae
223 1376 373 1418 longiora
396 1378 566 1410 intervalla
592 1377 732 1415 habent,
758 1389 806 1409 me
819 1375 922 1409 fateor
946 1386 1009 1407 non
1022 1385 1080 1406 no-

74 1419 232 1458 minafle3
257 1430 361 1461 neque
384 1422 470 1454 enim
493 1421 561 1454 vidi
576 1446 586 1461 ,
609 1420 666 1453 nili
688 1420 895 1463 septimanam
919 1418 1078 1460 excipias,

75 1475 169 1504 quae,
195 1474 268 1497 cum
293 1464 449 1497 Bononiae
473 1464 622 1505 degerem
639 1489 648 1503 ‚
672 1464 706 1496 in
730 1464 875 1497 Patricio
899 1463 985 1495 Viro
1008 1472 1081 1493 exa-

74 1508 124 1539 ete
148 1507 352 1540 recurrebat:
378 1519 434 1540 nec
457 1506 495 1540 de
517 1508 584 1541 illis
606 1508 710 1541 dicere
733 1508 910 1549 quidquam
934 1502 1080 1546 possum,

73 1550 132 1583 nifi
156 1549 244 1591 quod
268 1552 323 1583 etsi
349 1552 516 1593 quartanis
539 1551 605 1584 sere
626 1550 794 1583 succedant
812 1573 820 1587 ‚
846 1561 909 1582 non
937 1548 1008 1582 sunt
1023 1554 1082 1579 'ta-

73 1605 170 1632 men,
193 1601 230 1625 ut
254 1595 428 1635 aliquando
452 1593 573 1627 faenum
599 1594 641 1627 est
662 1616 671 1631 ,
696 1605 753 1633 pro
776 1593 937 1636 quartanis
961 1590 1083 1624 haben·

74 1637 122 1669 dae
143 1647 281 1679 quarum
306 1638 456 1679 longiora
468 1637 594 1670 reddita
617 1636 679 1669 fint·
693 1636 867 1670 intervalla
881 1661 889 1675 ‚
916 1634 972 1667 nisi
987 1645 1084 1682 quar-

74 1690 164 1713 tanas
188 1682 309 1720 pariter
330 1691 405 1713 cum
439 1680 611 1713 succedunt
634 1681 784 1713 tertianis
813 1705 822 1719 ,
852 1690 911 1723 pro
936 1679 1083 1711 tertianis

1965 259 2059 319 267

1132 348 1269 381 quarum
1291 336 1446 370 tardiores
1468 337 1544 371 faeti
1568 338 1630 370 fint
1655 337 1793 375 reditus,
1815 341 1928 369 contra
1952 346 1986 367 ac
2003 332 2126 366 Medici

1131 383 1170 414 ab
1193 380 1416 423 antiquiffimis
1439 380 1536 424 usque
1558 381 1758 422 temporibus
1781 380 1956 413 statuerunt
1982 403 1990 415 ‚
2014 376 2128 425 babere

1131 426 1284 458 velimus.
1311 423 1410 462 Qod
1433 424 1584 465 praeclare
1608 424 1834 457 animadvertit
1857 422 1961 456 Solers
1986 421 2047 453 Vir
2066 421 2127 468 Ze-

1131 471 1243 502 vianus
1266 478 1350 500 meus
1374 471 1384 506 (
1409 478 1440 500 m
1463 471 1473 506 )
1498 468 1726 509 ubiquartanae
1751 465 2009 501 mutationemin
2033 472 2128 505 qum-

1129 513 1276 549 ἃειιηῐῐι,
1303 509 1395 552 hujus
1418 513 1453 543 in
1477 512 1647 544 tertianam
1671 533 1680 548 ‚
1703 514 1734 545 δι
1758 522 1833 544 mox
1858 507 1952 550 hujus
1975 510 2008 541 in
2031 516 2127 549 quar-

1128 565 1257 593 tanam,
1280 556 1310 586 &
1334 562 1499 596 quartanae
1532 554 1669 595 denique
1693 556 1726 587 in
1753 557 1914 588 sextariam
1938 575 1948 591 ,
1983 551 2128 598 hancque

1126 598 1323 631 constantem
1347 619 1356 634 ‚
1389 598 1421 629 in
1447 596 1680 631 adolescentula
1715 610 1731 631 a
1756 598 1785 630 se
1809 596 1910 628 visam
1934 603 2090 637 proponit
2116 606 2124 624 :

1126 641 1219 683 cujus
1252 641 1375 674 ultimae
1408 639 1505 673 febris
1529 642 1711 681 exemplum
1745 650 1908 682 perrarum
1943 637 1984 671 est
2006 660 2015 674 ,
2049 647 2127 669 cum

1126 685 1191 718 duo
1207 708 1215 720 ‚
1239 683 1324 718 haud
1346 684 1482 726 amplius
1498 708 1506 722 ‚
1530 684 1720 725 melegisse,
1745 683 1965 720 meminerim,
1990 681 2127 712 alterum

1126 728 1270 760 Gentilis
1293 727 1346 770 (n
1369 731 1404 767 ),,
1429 728 1599 765 Lanzoni(
1621 738 1637 759 o
1659 731 1673 766 )
1698 726 1834 760 alterurn
1851 748 1858 757 -
1884 725 1951 761 Qui
1967 734 2042 768 vero
2056 720 2127 771 {³9st

1125 771 1220 813 hujus
1243 771 1366 813 generis
1389 769 1491 803 febres
1515 771 1638 803 mortui
1662 770 1722 802 sint
1747 792 1755 806 ‚
1788 771 1821 801 in
1847 769 1885 800 iis
1909 765 1987 809 quid
2012 765 2050 797 sit
2077 775 2130 796 in-

1127 824 1259 848 ventum
1278 840 1287 853 ,
1310 825 1358 847 me
1381 814 1478 847 latet.
1504 812 1563 846 Sed
1587 825 1659 851 cum
1675 812 1755 852 ‘ipsae
1779 812 1940 846 diuturnae
1965 807 2025 857 sint
2041 832 2050 846 ‚
2074 815 2129 840 aut

1126 858 1289 891 diuturnis
1313 856 1505 894 succedant;
1528 858 1596 889 veri
1620 856 1720 889 simile
1744 856 1809 895 est,
1832 854 1901 896 post
1915 853 1944 886 se
1967 852 2130 893 relinque-

1128 912 1160 933 re
1181 900 1289 933 eadem
1314 899 1413 933 ferme
1437 911 1509 943 quae
1532 900 1596 932 illae
1620 901 1721 933 solent
1746 924 1753 932 .
1790 899 1901 931 Solent
1925 906 2031 929 autem
2053 905 2130 945 ‘me-2

1128 942 1278 980 senterii,
1303 955 1356 977 aut
1381 943 1474 975 lienis
1500 944 1601 982 vitia,
1625 953 1679 977 aut
1705 942 1837 975 alterius
1862 940 2002 982 proximi
2029 936 2130 987 visce-

1128 989 1194 1024 ris,
1219 989 1251 1020 δε
1277 988 1471 1020 nominatim
1495 985 1665 1027 jecinoris.
1691 988 1740 1019 De
1764 986 1881 1028 quibus
1905 982 1997 1016 simul
2021 992 2132 1014 omni-

1126 1032 1184 1063 bus
1208 1030 1389 1070 exemplum
1412 1029 1508 1064 habes
1533 1029 1614 1070 apud
1640 1030 1693 1063 Cl.
1718 1031 1899 1067 Fautonum
1924 1027 1979 1069 (p
2004 1028 2013 1063 )
2037 1050 2044 1058 .
2080 1025 2132 1058 De

1126 1075 1207 1107 liene
1231 1082 1336 1105 autem
1361 1073 1436 1105 satis
1459 1072 1653 1105 ostendimus
1678 1072 1755 1106 alias
1780 1082 1843 1104 non
1869 1081 1934 1103 uno
1959 1069 2058 1107 loco,
2083 1065 2134 1099 sed

1126 1115 1300 1160 praesertim
1335 1114 1478 1156 Epistola
1501 1116 1658 1148 XXXVI.
1683 1113 1769 1157 (q)
1794 1125 1865 1156 quae
1900 1111 2134 1145 consentientia

1125 1160 1248 1193 videbis
1271 1159 1345 1191 cum
1369 1158 1663 1191 Observationibus
1689 1182 1698 1197 ‚
1720 1160 1754 1190 in
1779 1157 1955 1190 Sefflonem
1979 1154 2060 1187 hanc
2084 1154 2138 1185 Se-

1127 1202 1289 1246 pulchreti
1314 1202 1442 1238 relatis,
1466 1203 1523 1235 ubi
1548 1201 1586 1235 de
1610 1201 1789 1243 Quartanis
1813 1200 1862 1243 (r
1884 1203 1896 1238 )
1924 1220 1933 1235 ,
1958 1196 2055 1246 &det
2072 1196 2136 1229 Er-

1129 1247 1236 1279 raticis
1259 1246 1419 1278 diuturnis
1444 1244 1586 1278 febribus
1612 1250 1620 1284 (
1640 1244 1692 1286 s)
1716 1245 1821 1276 austum
1845 1241 1906 1277 est,
1933 1243 1981 1275 De
1996 1250 2136 1286 jecinore

1130 1289 1252 1322 ibidem
1275 1300 1405 1331 quoque
1431 1290 1564 1329 reperies
1588 1288 1732 1329 exempla
1757 1311 1765 1320 .
1790 1284 1995 1325 Qibnscum
2020 1293 2135 1331 junges

1132 1345 1203 1375 quae
1228 1332 1440 1365 Commercio
1466 1333 1642 1366 Litterario
1666 1337 1676 1372 (
1701 1339 1715 1363 t
1737 1334 1750 1370 )
1773 1330 1924 1371 leguntur
1948 1328 1997 1371 de,
2012 1327 2137 1368 hepatis

1133 1376 1307 1410 substantia
1331 1398 1341 1414 ,
1371 1385 1434 1416 prae
1456 1374 1587 1417 reliquis
1604 1374 1707 1416 sedem
1732 1380 1954 1415 quartanarum
1971 1369 2101 1412 fovente
2126 1390 2135 1405 ‚

1131 1420 1273 1461 hincque
1307 1419 1337 1452 in
1358 1418 1507 1459 plurimis
1540 1427 1694 1460 quartana
1728 1416 1859 1450 naortm's
1893 1414 2005 1463 [riseri-nt
2029 1412 2139 1449 modo,

1132 1463 1219 1496 modo
1242 1461 1448 1501 exsiccatum,
1472 1462 1558 1494 modo
1580 1459 1725 1501 inflatum
1746 1459 1844 1499 hepar
1867 1460 2003 1491 inveniri
2018 1480 2025 1488 .

1177 1517 1230 1548 37.
1256 1505 1337 1538 Haec
1362 1504 1461 1537 habui.
1485 1516 1555 1543 quae
1581 1504 1671 1545 super
1696 1503 1853 1543 plerisque
1869 1501 2022 1549 Febrium
2046 1509 2143 1540 gene-

1136 1550 1224 1582 ribus
1250 1548 1285 1581 ad
1312 1547 1468 1580 Valsalvae
1495 1547 1639 1580 historias
1664 1546 1813 1580 adderem
1838 1556 1877 1577 ex
1902 1554 2002 1579 meis,
2029 1551 2084 1574 aut
2108 1553 2144 1574 a-

1134 1593 1252 1627 liorum
1278 1591 1341 1624 live
1366 1602 1493 1624 mecum
1518 1589 1765 1625 communicatis
1787 1611 1798 1627 ‚
1821 1587 1884 1621 five
1906 1586 1995 1618 leftis
2020 1584 2142 1617 Obser-

1136 1635 1343 1668 vationibus.
1371 1636 1455 1676 Qae
1479 1643 1537 1674 tu,
1561 1644 1597 1668 ut
1622 1632 1720 1671 sole&
1744 1632 1831 1674 aequi
1855 1630 1999 1674 bonique
2023 1626 2140 1661 facies:

1136 1680 1168 1711 δέ
1192 1678 1311 1712 valebis
1329 1702 1336 1710 .

195 1867 711 1933 EPISTOLA
768 1867 1884 1932 ANATOMICO-MEDICA
1940 1869 2011 1930 L.

771 2017 965 2084 Agitur
999 2018 1065 2070 de
1102 2019 1424 2073 Tumoribus
1440 2056 1453 2069 0

205 2163 277 2195 Uos
301 2163 432 2197 morbos
453 2161 558 2196 statim
584 2159 653 2202 post
676 2159 790 2193 Febres
815 2160 959 2202 plerique
982 2160 1076 2194 facile

218 2206 452 2247 proposuissent
464 2228 474 2244 ,
499 2202 718 2237 Arthritidem
731 2226 740 2240 ‚
754 2205 854 2237 Luem
869 2205 1051 2237 Veneream
1068 2227 1076 2240 ,

215 2250 293 2282 alios
317 2247 510 2288 eiuscemodi
525 2270 537 2287 ,
561 2246 687 2292 Boneto
711 2247 831 2288 placuit
855 2245 983 2280 differre
1010 2273 1018 2287 ,
1042 2250 1073 2280 δε

66 2293 152 2326 inter
174 2300 256 2330 nos,
278 2292 454 2335 Febresque
477 2290 657 2330 interjicere
681 2290 844 2324 Tumores
859 2311 868 2326 ‚
892 2290 1038 2324 Vulnera
1062 2314 1071 2328 ,

67 2335 188 2368 Ulcera
210 2360 218 2374 ,
243 2338 275 2368 ὃς
296 2348 369 2379 quae
392 2336 452 2369 alia
478 2334 517 2368 ad
539 2331 751 2375 Chirurgiam
777 2332 919 2374 spe-&ant
944 2358 950 2365 .
985 2335 1071 2377 Quae

66 2379 211 2411 Facultas
226 2403 234 2417 ,
256 2391 331 2413 cum
357 2381 491 2413 minime
514 2379 664 2418 ignores,
686 2385 886 2419 quantopere
904 2389 925 2409 ‘a
950 2378 1075 2410 Vallal-

66 2432 106 2456 va
129 2422 276 2455 adamata
300 2422 360 2461 fit,
385 2426 417 2456 δι
439 2421 589 2457 exculta3
614 2419 742 2453 fortass'e
766 2420 829 2461 jam
855 2421 1027 2462 plurimas,
1052 2421 1075 2453 {i

66 2466 173 2498 minus
197 2477 234 2498 ex
256 2477 325 2504 me,
350 2477 447 2508 quem
471 2464 554 2498 nosti
577 2485 588 2500 2
622 2474 707 2500 non,
732 2466 780 2496 uti
803 2464 840 2497 ad
867 2472 1071 2498 mortuorum

67 2508 247 2546 seetiones,
270 2510 316 2542 ita
340 2510 377 2542 ad
402 2509 605 2548 viventium,
630 2517 742 2540 natura
766 2505 826 2539 esse
849 2505 972 2539 facturn
996 2529 1004 2542 ‚
1040 2517 1071 2540 at

65 2562 154 2585 certe
185 2564 223 2586 ex
246 2552 306 2586 illo
330 2552 584 2587 Observationes
615 2552 759 2591 expeetas
785 2574 792 2580 .
828 2550 899 2583 Nec
925 2559 1012 2583 tuam
1038 2560 1070 2584 te

61 2594 212 2629 fefellisse
234 2598 422 2639 opinionem
437 2619 444 2632 ‚
467 2607 506 2629 ex
529 2595 684 2635 proximis
708 2595 842 2626 Litteris
865 2594 1037 2635 cognosces
1059 2616 1068 2631 ,

62 2651 137 2681 quae
160 2648 255 2672 erunt
278 2640 316 2673 de
340 2639 542 2673 Vulneribus
567 2660 574 2666 .
600 2637 718 2679 Neque
742 2637 796 2670 ille
820 2646 927 2670 tamen
952 2648 1068 2678 paucas

52 2682 178 2720 ,habuit
211 2683 249 2715 de
274 2683 477 2717 Tumoribus
509 2678 762 2713 Observationes
789 2705 796 2713 .
831 2681 955 2713 Verum
992 2682 1068 2713 alias

62 2724 184 2758 chartis
207 2736 271 2758 non
295 2725 457 2760 commifit
481 2749 492 2765 ‚
525 2723 601 2756 alias
624 2724 788 2757 commisit
821 2723 952 2766 quidem
977 2735 985 2759 ;
1019 2723 1069 2757 sed

62 2779 173 2802 earum
199 2768 322 2810 aliquot
346 2779 400 2802 aut
423 2769 489 2811 ipse
513 2767 659 2807 vulgavit
686 2790 694 2805 ,
729 2776 784 2801 aut
807 2778 867 2807 ego
890 2767 959 2798 aliis
986 2768 1067 2808 Epi-

63 2812 153 2844 stolis
176 2809 324 2853 descripsi
348 2836 355 2842 .
381 2814 461 2850 Quae
486 2811 595 2844 omnia
618 2810 677 2844 hac
700 2811 853 2844 indicabo
875 2809 1042 2843 dumtaxat
1057 2833 1068 2849 ,

62 2864 102 2889 ut
125 2854 263 2895 relegere
286 2855 400 2896 poffis,
425 2854 447 2887 si
470 2854 568 2889 velis3
593 2853 675 2886 nihil
699 2864 805 2887 autem
818 2863 980 2895 repetam,
1004 2852 1067 2885 sive

65 2899 154 2930 illius
177 2897 236 2936 fit,
259 2896 321 2930 sive
346 2910 470 2932 meum.
496 2897 545 2929 Ut
569 2898 653 2929 enirn
679 2896 875 2939 Sepulchreti
898 2896 1068 2934 ordinem,

66 2939 298 2983 qualiscunque
320 2942 347 2974 is
369 2940 431 2981 fit,
456 2940 730 2983 quemadmonum
752 2940 816 2973 fere
839 2940 951 2973 solitus
975 2939 1068 2980 sum,

65 2984 122 3019 hic
155 2985 254 3016 etiam
278 2984 390 3026 sequar
413 2996 424 3022 3
459 2995 522 3017 non
550 2983 658 3025 sequar
691 2995 799 3017 tamen
824 2984 1033 3025 repetitiones
1058 3008 1065 3015 .

63 3031 213 3065 Quarum
237 3027 352 3070 aliquae
377 3038 441 3060 non
465 3026 588 3067 modo,
610 3035 646 3061 ut
670 3028 801 3066 mulcae,
826 3026 909 3060 haud
935 3026 1005 3059 sunt
1029 3028 1068 3059 il-

67 3072 172 3105 larum
197 3069 473 3103 Observationum
488 3092 497 3106 ‚
517 3082 587 3113 quae
612 3071 700 3104 ultro
723 3072 756 3103 in
781 3070 851 3102 aliis
874 3081 1005 3111 quoque
1018 3071 1069 3102 Se-

64 3114 232 3147 &ionibus
255 3113 363 3154 positae
388 3113 627 3156 significantur3
652 3113 702 3148 sed
727 3124 834 3146 earum
857 3124 929 3154 quse
952 3114 985 3145 in
1011 3113 1067 3146 hac

64 3158 174 3191 eadem
197 3158 354 3190 iterantur
379 3158 425 3188 II.
450 3158 594 3189 Seetione
617 3179 626 3194 ‚
660 3167 696 3190 ut
718 3168 791 3191 cum
816 3158 899 3188 inter
923 3167 972 3188 eas
995 3168 1065 3198 quae

63 3202 99 3233 in
126 3201 364 3234 Additamentis
386 3200 561 3241 leguntur,
583 3201 632 3233 vel
656 3199 839 3242 primaipsa
863 3211 937 3233 cum
961 3199 1066 3240 subje-

58 3242 261 3278 ‘eti-scholii
286 3252 372 3286 parte
393 3266 404 3282 ,
428 3243 589 3284 proposita
612 3243 678 3285 jam
702 3244 792 3287 supra
818 3242 920 3276 fuerat
944 3243 1065 3275 Obser-

65 3288 198 3320 vatione
221 3288 283 3319 VI.
307 3288 361 3329 (a
385 3290 394 3325 )
419 3297 435 3317 a
460 3286 609 3327 Boneto,
631 3289 688 3329 qui
713 3288 820 3320 locum
841 3287 909 3327 ipse
933 3286 1065 3328 quidem

66 3332 152 3364 unde
177 3329 351 3372 sumpserat
375 3354 383 3368 ‚
429 3339 494 3361 non
517 3331 648 3363 reticuit
672 3356 681 3371 ,
714 3341 768 3364 aut
792 3341 865 3363 curn
890 3330 992 3362 eidem
1017 3340 1066 3362 ta-

66 3385 162 3413 men,
185 3373 271 3414 quod
296 3384 397 3413 prope
420 3372 608 3405 incredibile
632 3375 692 3413 est,
720 3375 839 3408 accidit
854 3395 862 3409 ‚
886 3382 919 3405 nt
945 3385 1067 3406 unaea-

63 3417 202 3459 ⁴demque
225 3417 339 3457 pagina
365 3421 374 3454 (
398 3415 451 3457 b)
476 3426 571 3449 unam
594 3418 789 3461 eandemque
812 3417 860 3450 bis
883 3427 921 3449 ex
945 3417 1070 3450 Garne-

69 3472 107 3493 ro
132 3460 299 3494 historiam
325 3459 540 3501 produxerit.

112 3514 142 3536 2.
168 3504 275 3543 Igitur
298 3503 384 3544 quod
410 3501 447 3535 ad
460 3502 623 3536 Tumores
648 3503 764 3545 spectat
788 3505 984 3546 Sanguineos
1008 3504 1069 3538 five

66 3557 149 3589 quos
175 3546 216 3579 sic
241 3546 339 3587 vulgo
361 3545 547 3587 appellant,
570 3545 631 3579 sive
654 3559 705 3579 eos
730 3549 904 3587 praesertim
930 3550 1068 3590 quicum

157 3590 322 3631 Morgagni
331 3590 366 3623 de
378 3589 443 3621 Sed.
457 3592 499 3624 &-
512 3592 597 3629 (Ἀκί.
611 3590 712 3622 Morb.
727 3592 825 3624 Torn.
840 3593 885 3624 II.
926 3603 929 3610 ·

160 3751 168 3765 ι
214 3746 353 3768 Comment.
371 3742 395 3766 in
412 3744 431 3767 1.
449 3744 498 3766 Fen
516 3743 536 3766 l.
555 3742 650 3766 l.Avie.
668 3745 717 3772 Qu.
735 3744 772 3766 85.

165 3782 187 3796 m
204 3774 211 3802 )
229 3777 318 3798 Nuovo
335 3775 411 3797 Fonte
426 3773 449 3797 di
466 3773 595 3797 Pronostici
614 3776 638 3797 Ρ,
657 3781 679 3797 1.

160 3813 173 3827 ο
189 3808 200 3829 )
217 3805 277 3833 Eph.
295 3806 329 3827 N.
347 3808 377 3829 C.
394 3807 464 3828 Cent.
481 3805 503 3828 8.
520 3805 578 3828 obs.
598 3813 632 3828 10.

160 3834 177 3862 s
192 3838 197 3860 l
215 3835 255 3864 sub
271 3835 327 3859 Obs.
346 3843 381 3863 32-
444 3836 479 3865 (2
496 3833 506 3863 )
523 3837 551 3858 A.
571 3843 640 3864 ¹739·
659 3835 735 3859 Hebd.
754 3843 789 3863 50.

162 3864 285 3894 djn.4.
350 3865 571 3895 (e)c.4.n.8.

851 3833 1002 3863 (a)§·7-

132 3740 146 3887 mont-v·-

834 3742 844 3770 (
861 3743 878 3766 k
893 3747 904 3770 )
920 3742 1099 3766 Dell'lnfermo
1116 3743 1209 3767 istruito
1226 3746 1251 3766 P.
1271 3751 1293 3766 2.
1311 3741 1379 3770 veel.
1397 3750 1432 3770 30.

1065 3832 1404 3865 (b)Obs.7.§.1.&3i

634 3867 698 3897 (f)
716 3865 779 3890 Ibid.
798 3866 820 3889 8t
836 3866 919 3889 nostrae
935 3865 1001 3889 illius
1020 3865 1129 3893 Epistola:
1146 3873 1167 3888 n.
1186 3875 1205 3890 ι,

1128 2172 1225 2204 rupto
1251 2173 1336 2195 venae
1359 2172 1476 2195 trunco
1499 2162 1608 2204 aliquo
1633 2164 1898 2202 communicant,
1922 2165 2044 2198 varices
2060 2162 2138 2205 spu⁶

1128 2206 1202 2244 rire,
1228 2216 1263 2238 ur
1287 2208 1424 2245 opinor,
1450 2217 1466 2237 a
1492 2206 1695 2241 Boerhaavio
1717 2211 1781 2246 (c)
1805 2207 1912 2249 postea
1937 2209 2114 2248 nuncupati
2131 2229 2139 2242 :⁸

1127 2250 1206 2290 quid
1232 2249 1383 2282 Valsalva
1408 2249 1548 2284 viderit,
1571 2252 1601 2281 Sc
1625 2251 1806 2291 censuerit,
1831 2252 1864 2283 in
1890 2263 1958 2284 mea
1983 2251 2078 2284 habes
2094 2252 2139 2283 E·-

1127 2292 1241 2333 pistola
1268 2293 1462 2325 Anatomica
1488 2293 1585 2324 XIII.
1608 2297 1622 2332 (
1644 2295 1697 2334 d)
1722 2293 1887 2336 magisque
1920 2296 1953 2326 in
1979 2295 2137 2327 Trafisatu

1127 2335 1214 2368 illius
1237 2335 1275 2368 de
1301 2338 1387 2370 Aure
1413 2336 1564 2368 Humana
1585 2339 1599 2375 (
1622 2337 1694 2379 e),
1719 2338 1893 2380 utrobique
1918 2348 2024 2371 autern
2048 2335 2138 2379 (f)

1127 2390 1161 2411 ea
1185 2380 1303 2421 pariter
1327 2392 1398 2421 quae
1423 2379 1565 2416 speetant
1590 2380 1628 2413 ad
1651 2383 1845 2414 steatomata
1872 2382 2100 2421 palpebrarum
2128 2406 2136 2413 .

1262 2424 1400 2455 Utinam
1426 2421 1466 2454 sic
1489 2422 1777 2465 disertejudiciuin
1802 2424 1968 2458 addidisset
1995 2424 2084 2458 suum
2098 2425 2136 2458 de

1124 2474 1237 2498 natura
1261 2465 1427 2506 cujusdam
1455 2467 1589 2498 sumatis
1612 2479 1710 2509 quem
1736 2468 1773 2502 ad
1798 2466 1882 2501 hunc
1918 2467 2050 2506 modum
2077 2480 2137 2501 no-

1124 2510 1172 2541 bis
1195 2508 1393 2549 descriptum
1420 2509 1553 2550 reliquit
1572 2533 1579 2540 .

1168 2563 1197 2594 3.
1224 2553 1418 2598 MULiER
1452 2563 1550 2584 annos
1575 2561 1648 2585 nata
1681 2555 1718 2587 ad
1740 2556 1981 2597 quinquaginta
2007 2554 2134 2589 labora-

1123 2605 1211 2628 verat
1248 2605 1311 2627 tres
1336 2607 1400 2637 Jam
1435 2595 1554 2628 menses
1579 2606 1707 2630 tumore
1733 2601 1763 2631 in
1790 2600 1917 2631 dextera
1943 2599 2018 2632 colli
2045 2608 2133 2641 parte

1120 2638 1223 2675 duro,
1247 2639 1414 2684 oblongo,
1435 2640 1489 2671 ovi
1502 2639 1580 2680 galli
1596 2641 1700 2673 Indici
1727 2643 1984 2683 magnitudinem
2001 2654 2133 2683 aetinan-

1122 2692 1155 2714 te
1180 2705 1192 2721 ,
1215 2693 1304 2723 cujus
1327 2693 1394 2715 erat
1421 2681 1499 2714 basis
1523 2684 1555 2714 in
1581 2683 1726 2723 ejusdem
1752 2687 1859 2718 lateris
1884 2689 1997 2718 arteria
2026 2687 2133 2719 Caro-

1122 2725 1189 2758 tide
1213 2747 1222 2762 ‚
1247 2725 1330 2758 unde
1355 2726 1476 2758 sursum
1502 2736 1633 2766 pergens
1658 2728 1755 2770 usqne
1779 2728 1815 2761 ad
1842 2729 1908 2768 ejus
1933 2731 2055 2761 arteriae
2079 2730 2131 2762 di-

1121 2770 1298 2808 visionem,
1322 2768 1514 2802 finiebatur.
1542 2769 1608 2802 Hic
1621 2771 1793 2812 aliquando
1807 2772 1959 2808 dolebam
1985 2773 2131 2814 aliquan—

1119 2811 1161 2844 do
1199 2812 1323 2845 nullum
1349 2812 1477 2852 prorsus
1502 2810 1651 2845 afferebat
1684 2815 1829 2847 dolorem
1856 2840 1863 2846 .
1904 2816 2053 2848 Tandem
2080 2818 2129 2848 vi-

1120 2857 1207 2897 ginti
1230 2857 1359 2887 circiter
1384 2865 1456 2887 ante
1481 2865 1616 2888 mortem
1640 2856 1752 2891 diebus
1764 2859 1909 2891 crebrius
1935 2870 2048 2891 vexare
2062 2870 2131 2892 coe-

1121 2900 1190 2940 pit,
1214 2901 1245 2930 in
1269 2898 1336 2940 ipsa
1363 2897 1538 2939 presertim
1563 2900 1705 2940 luryngis
1729 2903 1878 2943 regione,
1906 2911 1940 2934 ut
1964 2914 2037 2935 cum
2076 2915 2129 2945 pe-

1120 2943 1232 2975 culiari
1254 2942 1395 2983 quodam
1421 2940 1551 2974 stertore
1574 2954 1700 2983 cogeret
1727 2945 1878 2983 respirare
1905 2968 1913 2982 ‚
1938 2947 1990 2978 cui
2020 2958 2128 2979 comes

1120 2997 1186 3018 erat
1210 2987 1245 3018 in
1269 2995 1399 3031 gutture
1424 2985 1554 3026 quidam
1581 2986 1700 3019 ardoris
1728 2987 1849 3020 sensus.
1877 2989 1991 3029 [taque
2009 2991 2128 3023 mulie-

1121 3040 1187 3061 rem
1212 3030 1374 3062 conrecit.
1507 3029 1598 3074 Nolo
1622 3029 1673 3063 hic
1700 3052 1707 3066 ‚
1744 3043 1778 3065 ut
1804 3035 1836 3064 in
1871 3041 1998 3064 tumore
2023 3034 2126 3066 altero

1119 3070 1201 3108 feci.
1226 3083 1320 3113 quem
1345 3073 1377 3104 in
1402 3072 1519 3105 sinistra
1545 3073 1651 3113 juguli
1676 3085 1763 3114 parte
1787 3075 1904 3108 durum
1930 3077 2067 3118 pariter,
2093 3080 2124 3109 ὃς

1121 3116 1207 3148 nulla
1232 3125 1406 3147 memorata
1432 3116 1632 3155 pulsatione,
1657 3118 1805 3151 Valsalva
1821 3119 1990 3160 descripsit
2015 3123 2025 3157 (
2046 3132 2067 3162 g
2089 3124 2124 3159 ),

1121 3171 1204 3192 meas
1231 3159 1291 3190 tibi
1314 3159 1512 3199 conjec'iuras
1536 3170 1714 3200 proponere
1741 3174 1747 3194 ;
1773 3162 1836 3201 ipse
1862 3185 1872 3200 ,
1896 3174 1931 3194 ut
1959 3163 2125 3202 malueris,

1117 3202 1299 3244 judicabis.
1330 3203 1400 3242 ligo
1426 3213 1499 3234 vero
1525 3203 1561 3234 ad
1587 3205 1723 3236 certiora
1747 3205 1949 3238 exscribenda
1964 3205 2123 3239 transibo.²

1122 3288 1127 3292 1
1156 3258 1187 3288 4.
1215 3246 1246 3276 V
1274 3246 1286 3275 I
1315 3246 1345 3277 R
1370 3246 1401 3277 G
1427 3247 1440 3277 I
1469 3245 1501 3275 N
1527 3247 1539 3276 Ι
1577 3246 1700 3286 ingenii
1734 3249 1834 3280 vividi
1860 3271 1868 3284 ‚
1903 3260 1973 3289 quae
1999 3249 2123 3291 aliquot

1117 3300 1180 3330 jam
1205 3299 1301 3320 annos
1328 3313 1336 3326 ‚
1371 3298 1502 3330 propter
1527 3298 1651 3321 :etatem
1677 3291 1714 3323 ad
1738 3290 2037 3333 quinquagesimum
2061 3294 2123 3325 cir-

1118 3334 1198 3366 citer
1223 3332 1407 3371 pei-ductam
1430 3354 1441 3369 ,
1479 3331 1647 3365 menstruis
1679 3336 1805 3367 carebat
1840 3336 2087 3375 purgationibus
2114 3358 2122 3372 ,

1120 3374 1287 3408 cancrosus
1312 3385 1420 3407 tumor
1444 3375 1476 3406 in
1500 3375 1614 3407 dextro
1640 3377 1734 3408 latere
1760 3390 1858 3419 prope
1883 3379 2011 3410 axillam
2025 3379 2122 3411 obor-

1120 3429 1171 3452 tus
1195 3419 1237 3451 est
1263 3442 1269 3447 -
1303 3419 1368 3450 Hic
1393 3420 1549 3458 paulatim
1584 3420 1615 3450 in
1640 3420 1875 3454 crassitudinem
1909 3422 2041 3463 quidem
2066 3433 2122 3463 pa-

1120 3474 1216 3500 rum,
1243 3460 1294 3493 sed
1321 3462 1459 3494 multum
1484 3464 1516 3493 in
1544 3463 1751 3495 latitudinem
1776 3487 1789 3503 ,
1824 3468 1853 3497 δε
1879 3464 2120 3505 longitudinem

1120 3507 1252 3540 crevit,
1289 3516 1321 3537 ut
1356 3504 1393 3537 ad
1428 3506 1556 3537 axillam
1590 3508 1768 3545 perveniret
1793 3530 1800 3538 .
1836 3507 2011 3540 Proximus
2037 3519 2122 3542 artus

1121 3549 1282 3582 oedemate
1304 3549 1462 3580 intumuit
1489 3573 1495 3579 .
1521 3548 1657 3581 Accessit
1681 3550 1766 3583 tuffis
1789 3572 1800 3589 ,
1824 3551 1953 3593 sputum
1978 3554 2121 3586 materiae

1644 3594 1703 3625 Ll
1750 3604 1766 3625 2
1975 3602 2079 3627 catar-

1495 3744 1508 3773 (
1525 3744 1533 3766 l
1549 3743 1563 3770 )
1581 3745 1633 3768 Ast.
1652 3749 1684 3769 N.
1702 3747 1728 3770 C.
1748 3747 1820 3769 Torn.
1837 3753 1860 3768 2.
1877 3745 1936 3769 obs.
1954 3754 2007 3776 209.

739 3771 748 3802 (
765 3782 781 3796 n
799 3773 807 3801 )
823 3774 884 3802 apud
901 3774 1017 3797 Schenck.
1036 3772 1095 3795 ΟΜ.
1114 3774 1215 3808 Medd.
1231 3778 1254 3797 6.
1272 3773 1310 3797 ubi
1327 3773 1354 3795 de
1372 3773 1428 3797 raris
1445 3774 1507 3798 febr.
1524 3774 1591 3801 typis
1608 3775 1665 3799 ΟΜ,
1684 3784 1708 3799 2.

695 3805 709 3832 (
723 3804 767 3833 p)
786 3806 819 3828 De
836 3804 894 3828 Obs.
914 3804 979 3827 Med.
997 3803 1019 3826 3<
1036 3806 1108 3826 Anat.
1128 3805 1199 3832 Epist.
1217 3806 1240 3828 8.
1257 3813 1279 3828 n.
1301 3813 1334 3826 io.

1396 3805 1465 3833 (q)
1485 3814 1506 3828 n.
1528 3807 1559 3828 13.
1623 3807 1663 3834 (ν
1683 3809 1689 3835 j
1707 3806 1747 3831 sub
1766 3806 1821 3830 Obs.
1841 3814 1877 3835 30.

1467 3839 1480 3865 ζ
1499 3837 1538 3863 ε)
1558 3835 1659 3860 Praelest.
1678 3839 1704 3861 ad
1725 3838 1798 3862 instit.
1819 3838 1838 3867 §v
1857 3845 1908 3866 71¹-

1269 3871 1283 3894 <—
1297 3874 1315 3896 g
1332 3866 1345 3893 ⁴)
1363 3865 1434 3893 Epist.
1453 3874 1486 3895 ¹7·
1508 3875 1532 3890 n.
1552 3875 1589 3895 19.
1608 3868 1628 3891 &-
1645 3877 1682 3893 zo.
