2498 4075
356 198 514 235 marionis
537 195 766 239 polyposarum
788 190 986 238 quarundam
1009 191 1091 224 uteri
1108 193 1351 227 concretionum

363 240 544 275 reticenda.

411 295 455 317 iz.
483 283 616 316 Nobilis
640 284 674 314 in
698 283 804 314 Patria
829 279 930 313 nostra
955 278 1107 311 Matrona
1129 277 1193 313 fuit
1211 304 1218 318 ,
1242 290 1356 322 proce-

363 340 396 362 ra
420 328 557 365 statura,
579 325 708 361 colore,
734 327 764 357 δι
788 323 899 356 habitu
924 321 1077 354 laudabili
1101 322 1233 363 praedita
1254 347 1262 359 ‚
1286 333 1357 363 quae

364 371 536 404 nonnullos
557 369 687 410 quidem
712 367 796 399 intra
823 367 944 407 primos
957 363 1143 405 gestationis
1167 365 1286 399 menses
1299 364 1358 398 soe-

361 424 412 447 tus
435 414 590 455 ejeceram
615 410 669 444 sed<
687 411 771 443 inter
793 420 841 442 eas
865 408 1048 442 abortiones
1072 408 1150 450 saepe
1173 417 1279 442 tamen
1304 420 1359 450 ge-

361 458 494 490 statione
517 453 661 488 absoluta
677 475 686 490 ‚
711 453 822 486 vitales
846 451 929 484 filios
953 461 1115 493 pepererat
1139 451 1357 495 praegrandes‚

361 500 522 532 interdum
545 501 575 531 δι
600 499 765 538 geminos,
789 506 853 527 non
879 494 942 526 sine
966 495 1058 535 gravi
1082 494 1212 535 labore,
1234 498 1265 528 &
1288 507 1358 528 mo-

363 543 439 577 lesto
462 542 648 585 puerperio.
675 542 760 572 Inter
782 538 839 571 hos
862 536 1005 571 difficiles
1024 547 1131 579 partus
1154 537 1250 571 fluor-i
1271 536 1356 572 haud

360 597 432 619 raro
455 586 597 618 obnoxia
621 583 726 617 fuerat
750 582 844 614 albo.
868 583 898 613 &
923 581 1080 619 innocuo,
1105 582 1268 615 interdum
1293 582 1356 614 levi

358 630 457 664 etiam
484 651 492 665 ,
526 626 630 661 medio
653 628 736 660 inter
759 623 930 659 menstruas
954 626 1159 666 purgationes
1183 635 1323 666 tempore
1348 647 1356 661 ,

362 672 524 715 sanguinis
548 670 715 704 stillicidio
741 692 749 706 2
784 668 870 709 quod
896 667 1016 708 semper
1041 668 1117 701 Viri
1140 668 1322 710 congressus
1345 692 1354 706 ,

358 717 453 755 paulo
479 714 699 749 vehementior
725 712 898 753 praesertim
914 735 921 748 ,
945 721 1009 744 non
1035 710 1098 744 sine
1121 711 1232 744 dolore
1248 711 1357 754 aliquo

359 760 534 792 renovabat
557 784 564 791 .
602 758 679 790 Haec
703 757 803 797 igitur
837 755 952 788 mulier
976 764 1058 786 anno
1090 756 1200 787 cameto
1230 756 1358 789 circiter

361 801 526 844 trigesimo
550 810 668 842 quarto
688 821 697 836 ‚
732 809 805 832 cum
830 797 914 830 fluor
947 797 1002 829 ille
1026 797 1116 831 albus
1139 799 1230 841 plane
1251 798 1359 831 desiis-

361 844 428 882 set3
452 856 539 878 novo
564 844 669 878 morbi
696 852 812 884 genere
837 852 892 882 per
915 840 1082 874 intervalla
1104 843 1209 884 coepit
1232 842 1359 876 labora-

359 901 412 926 re,
437 886 548 929 saepius
572 888 656 920 intra
680 885 850 918 biennium
874 894 1055 918 recurrente
1077 910 1084 922 ,
1107 884 1285 918 novissimis
1305 898 1359 918 au-

357 942 421 964 tem
447 932 551 965 tribus
584 928 743 963 menfibus
769 929 809 961 A.
839 938 931 969 ¹723·
958 930 989 960 &
1025 930 1132 969 primo
1165 928 1361 971 insequentis

359 975 455 1013 anni,
477 987 543 1017 quo
566 986 627 1016 ego
652 971 756 1007 mense
780 982 833 1013 per
858 972 982 1005 litteras
1004 972 1167 1005 consultus
1190 971 1258 1005 sum
1278 996 1289 1012 ,
1323 972 1360 1005 ad

356 1028 481 1053 certum
506 1018 628 1059 semper
654 1027 779 1057 tempus
803 1015 974 1053 redeunte,
998 1014 1234 1049 menstruorum
1248 1016 1360 1048 videli-

355 1072 428 1097 cet.
455 1062 551 1096 Tunc
576 1062 663 1094 enim
686 1059 816 1094 obortis
842 1067 948 1101 partus
962 1057 1150 1098 doloribus,
1174 1061 1206 1091 &
1230 1061 1359 1101 primo,

356 1115 410 1138 aut
436 1106 535 1138 altero
557 1106 610 1140 die
633 1104 794 1146 sanguinis
817 1104 911 1135 cursu
934 1103 1135 1143 incipiente,
1161 1103 1208 1134 vel
1234 1102 1361 1135 uberius

354 1159 451 1190 quam
476 1160 535 1191 pro
558 1147 788 1182 consuetudine
811 1145 973 1179 effluentis
996 1171 1005 1184 ‚
1037 1147 1069 1178 in
1096 1145 1202 1178 medio
1235 1144 1301 1179 fere
1324 1158 1360 1178 eo

352 1191 445 1227 cursu
458 1204 496 1225 ex
519 1201 613 1227 utero
627 1191 820 1234 ejiciebatur
831 1200 967 1231 corpus,
991 1198 1025 1221 ut
1038 1189 1232 1229 apparebat,
1256 1200 1360 1222 mern-

356 1237 512 1268 braneum
535 1259 546 1275 ‚
578 1237 675 1277 idque
699 1246 732 1266 ea
757 1233 861 1267 forma
885 1254 894 1268 ‚
918 1242 1018 1274 eaque
1043 1232 1264 1273 magnitudine
1287 1244 1359 1273 quae

350 1279 542 1320 triangulari
575 1280 657 1312 uteri
682 1289 785 1311 caveae
820 1274 893 1309 satis
936 1273 1199 1316 responderent,
1233 1276 1358 1309 modice

350 1333 531 1355 convexum
555 1323 714 1358 exterius,
740 1332 801 1363 qua
824 1317 907 1351 facie
932 1327 997 1351 erat
1022 1318 1177 1361 inaequale
1192 1341 1201 1356 ‚
1223 1329 1279 1352 nec
1295 1320 1357 1352 sine

352 1366 500 1408 plurimis
524 1365 698 1400 filamentis
714 1390 721 1402 ‚
746 1375 817 1405 quae
841 1363 880 1395 ab
903 1361 1029 1395 sedibus
1052 1362 1090 1395 ad
1113 1373 1191 1404 quas
1213 1361 1359 1396 adhaesis-

350 1409 417 1442 sent
432 1434 440 1445 ,
464 1409 597 1452 abrupta
616 1408 675 1442 esse
699 1407 893 1440 videbantur
908 1429 917 1444 ‚
942 1417 1056 1439 cavum
1068 1414 1174 1439 autern
1198 1406 1333 1439 interius
1348 1433 1356 1446 ,

351 1464 414 1495 qua
438 1452 520 1486 facie
543 1463 610 1486 erat
635 1453 712 1488 laeve
729 1474 740 1490 ,
764 1454 794 1483 &
820 1448 983 1483 madidum
1007 1447 1092 1491 quasi
1106 1449 1145 1482 ab
1170 1461 1272 1492 aqueo
1296 1449 1357 1484 bu<

350 1507 460 1536 more,
485 1508 582 1539 quem
607 1506 697 1529 antea
721 1492 957 1533 continuisset,
981 1495 1011 1525 in
1035 1493 1123 1525 exitu
1147 1503 1276 1532 autem,
1301 1505 1356 1536 per

352 1541 497 1582 amplum
521 1538 666 1573 foramen
686 1560 696 1576 ‚
730 1537 818 1580 quod
843 1537 876 1569 in
899 1548 964 1570 uno
988 1545 1055 1569 erat
1081 1537 1275 1577 angulorum
1298 1562 1307 1577 ,
1340 1549 1356 1570 a

348 1583 552 1618 distraeiione
575 1583 668 1617 facile
692 1589 863 1624 apertum,
886 1579 1035 1613 emisisset
1056 1605 1065 1612 .
1091 1578 1200 1622 Hujus
1224 1580 1356 1622 ejectio-

349 1638 421 1660 nem
445 1630 591 1669 corporis
618 1624 723 1660 lochia
748 1624 848 1657 multa
874 1623 1260 1666 consequebantur-,pro
1284 1636 1355 1657 mu-

347 1671 435 1704 lieris
460 1669 693 1704 consuetudine
718 1668 795 1709 sape
819 1669 1017 1709 interrupta.
1045 1667 1146 1706 Qod
1172 1666 1355 1701 sinonnuu-

348 1725 446 1756 quam
468 1713 502 1747 id
527 1725 642 1755 corpus
666 1723 730 1744 non
756 1712 922 1753 integrum
945 1735 953 1747 ‚
977 1709 1028 1742 sed
1054 1710 1086 1741 in
1111 1709 1243 1743 frustula
1269 1712 1355 1744 divi,

347 1757 416 1791 sum
450 1768 504 1799 per
528 1759 611 1790 vices
645 1755 817 1798 prodiret5
843 1763 911 1786 tum
933 1753 1058 1786 dolores
1083 1774 1092 1788 ‚
1116 1754 1145 1784 8<
1170 1753 1354 1787 locbiorum

345 1800 455 1835 fluxus
493 1812 547 1841 per
572 1803 655 1834 vices
687 1798 807 1841 pariter
848 1796 1152 1838 redintegrabantur
1172 1821 1179 1829 .
1215 1798 1356 1838 Singulis

346 1855 454 1879 autern
476 1845 541 1877 islis
565 1853 708 1886 quatuor
733 1840 891 1874 mensibus
915 1863 923 1877 ‚
950 1839 1065 1881 quibus
1090 1849 1106 1870 a
1133 1840 1219 1872 Viro
1246 1840 1273 1873 se
1297 1841 1352 1873 ab-

344 1887 499 1922 stinuerat
525 1911 536 1927 ,
571 1900 645 1921 cum
670 1885 807 1927 singulas
831 1884 885 1918 has
921 1882 1122 1925 permolestas
1145 1882 1232 1924 quasi
1257 1884 1352 1916 abor-

345 1934 451 1966 tiones
476 1931 557 1973 passa
580 1930 654 1964 esset
680 1929 817 1968 mulier,
842 1938 898 1960 nec
912 1926 1070 1963 remedia,
1096 1938 1112 1958 a
1135 1926 1282 1968 pluribus
1294 1927 1352 1969 qui

345 1976 485 2008 consulti
499 1975 647 2010 fueraut,
672 1974 811 2015 egregiis
823 1971 962 2004 Medicis
976 1971 1131 2011 imperata
1145 1992 1156 2008 ,
1172 1969 1351 2045 quidquam

345 2018 562 2062 profuissent;
586 2028 675 2051 rata.
699 2016 757 2049 sibi
783 2015 842 2048 esse
856 2014 960 2047 multo
972 2013 1233 2051 conducibilius,
1271 2025 1352 2046 ino-

344 2075 415 2096 vtm
441 2063 549 2097 saltem
586 2058 744 2096 mensibus
769 2071 783 2091 a
807 2057 973 2091 doloribus
1005 2066 1132 2090 vacaret
1155 2068 1165 2094 3
1203 2055 1351 2089 secubare

346 2107 452 2140 noluit
475 2106 631 2148 amplius3
657 2105 765 2145 itaque
790 2102 915 2135 Martio
939 2100 1044 2134 mense
1067 2101 1109 2133 A.
1141 2110 1232 2141 1724.
1247 2100 1351 2143 gravi-

344 2152 381 2184 da
407 2147 488 2183 fasta
513 2150 574 2183 est.
601 2149 698 2182 Ultra
717 2146 853 2190 Junium
878 2154 984 2178 tamen
1009 2144 1127 2177 foetum
1152 2154 1217 2175 non
1242 2152 1352 2185 pertu-

345 2195 404 2227 lit.
428 2193 483 2226 Sed
507 2193 569 2227 hoc
593 2191 761 2225 consecuta
784 2189 826 2223 est
842 2213 851 2228 ‚
877 2188 1036 2232 utJulio,
1060 2186 1248 2228 duobusque
1269 2187 1353 2220 inse-

343 2237 519 2274 quentibus
544 2235 702 2271 mensibus
713 2235 791 2269 rite,
816 2244 850 2266 ac
875 2231 936 2266 sine
950 2232 1004 2264 illa
1030 2228 1175 2264 molestia
1188 2228 1350 2264 menstrua

345 2282 503 2315 fluerent.
529 2282 616 2313 Cum
630 2290 706 2312 vero
730 2277 815 2310 nulla
829 2274 1044 2317 apparuissent
1069 2274 1172 2307 mense
1184 2273 1327 2307 Octobri
1343 2299 1352 2313 ‚

343 2326 401 2359 sub
413 2322 757 2358 Novembrisinitium
771 2319 882 2353 reversi
906 2317 1034 2352 dolores
1055 2318 1126 2351 sunt
1138 2329 1213 2362 cum
1234 2316 1352 2350 descri-

345 2371 391 2411 pti
417 2369 562 2408 corporis
585 2366 762 2408 eje-&ioum
785 2361 971 2403 caeterisque
994 2363 1031 2394 de
1054 2361 1172 2403 quibus
1192 2361 1288 2402 ⁴supra
1302 2359 1351 2392 di-

345 2414 432 2445 &tum
450 2411 513 2445 est.
540 2408 832 2450 Diutiusqueslatis
845 2405 1024 2438 intervallis
1049 2403 1154 2437 cadem
1168 2403 1269 2436 redire
1281 2415 1352 2444 per-

345 2465 520 2492 rexerunt,
544 2464 579 2488 ut
594 2450 746 2493 cumipse
773 2461 836 2482 uno
859 2460 898 2481 ex
910 2449 998 2480 annis
1023 2448 1182 2490 proximis
1199 2447 1280 2478 s-'oro
1295 2446 1351 2477 Li-

348 2502 391 2531 vii
419 2497 510 2532 essem
533 2522 542 2536 ‚
572 2496 711 2538 ejee'turn
736 2493 870 2525 viderim
892 2503 1008 2532 corpus
1033 2515 1040 2529 ,
1073 2489 1160 2532 quod
1185 2499 1221 2521 ut
1243 2488 1351 2522 absens

347 2542 569 2578 rescripseram
595 2566 601 2578 ,
635 2551 672 2571 ex
696 2535 849 2580 polyposa
874 2535 1080 2568 concretione
1102 2543 1168 2566 erat
1194 2531 1315 2565 fafrurn
1341 2554 1350 2568 ‚

348 2580 567 2620 membranam
593 2583 767 2616 mentiente
794 2603 801 2615 ‚
836 2580 868 2610 in
895 2578 1027 2611 modurn
1050 2575 1235 2618 dispofitam
1260 2578 1350 2617 parvi

348 2626 737 2671 marsupiitriangulai·is·‚
763 2634 799 2656 ut
823 2622 966 2664 proclive
978 2620 1052 2653 esset
1076 2619 1278 2661 intelligere,
1304 2622 1352 2650 vi-

347 2673 444 2708 scidas
467 2672 629 2709 sanguinei
655 2670 713 2702 seri
739 2665 909 2709 particulas
937 2687 944 2699 ,
975 2675 1012 2696 ex
1037 2663 1172 2696 uterinis
1206 2661 1351 2694 vasorum

346 2717 464 2751 osculis
488 2710 674 2758 prbdeuntis
697 2735 705 2748 ‚
739 2722 810 2751 quae
835 2709 899 2741 albi
924 2707 1035 2740 fluoris
1068 2705 1171 2739 forma
1195 2705 1275 2739 olim
1297 2717 1352 2738 ex-

346 2760 579 2797 cernebantur,
604 2767 689 2791 nunc
713 2753 899 2786 viscidiores
924 2749 1019 2783 facias
1038 2773 1050 2790 ‚
1076 2749 1115 2783 ad
1137 2760 1246 2782 omnes
1269 2751 1350 2783 uteri

346 2806 482 2849 parietes
506 2803 642 2835 intimos
666 2797 850 2835 adbserere,
874 2795 1024 2836 sicquein
1051 2792 1353 2841 polyposamhmem-

346 2851 478 2882 branam
504 2844 705 2879 concrescere
726 2865 734 2879 ,
762 2851 832 2883 quae
857 2838 894 2871 ad
918 2848 1018 2871 caveae
1042 2838 1127 2869 illius
1150 2837 1325 2878 imagine-m
1343 2860 1351 2873 ‚

347 2903 443 2932 quarn
469 2892 501 2921 in
528 2886 725 2922 Adversariis
747 2888 759 2924 (
787 2882 798 2916 l
823 2887 833 2921 )
858 2882 1012 2922 trianguli
1039 2880 1269 2922 propemodum
1286 2879 1354 2913 for-

347 2947 396 2968 ma
422 2932 480 2966 esse
499 2955 508 2969 ,
534 2929 800 2965 confirmavimus
827 2948 836 2964 ‚
870 2926 957 2966 quasi
983 2924 1019 2957 ad
1043 2933 1160 2966 typum
1193 2923 1352 2965 quendam

347 2976 549 3012 conformata
574 2998 586 3014 ,
620 2973 816 3013 marsupium
841 2968 971 3001 referret
1000 2992 1007 3004 ,
1043 2969 1077 3013 in
1101 2965 1187 3008 quod
1211 2965 1352 3007 expressa

347 3033 417 3064 quae
442 3020 526 3052 inter
550 3017 737 3050 viscidiores
760 3014 830 3047 illas
853 3012 1024 3053 particulas
1049 3014 1172 3049 suerat,
1196 3010 1255 3042 seri
1280 3021 1352 3051 pars

332 3076 448 3106 ‘aquea
473 3063 687 3096 retineretur,
714 3061 744 3090 δε
772 3056 967 3098 marsupium
993 3054 1127 3087 servaret
1151 3064 1265 3086 cavum
1287 3055 1352 3099 ³⁴&

346 3109 424 3141 laeve
449 3108 536 3139 intus
559 3103 702 3138 redderet
730 3113 736 3133 :
771 3101 904 3133 retineri
929 3107 1032 3131 autem
1064 3096 1157 3130 facile
1181 3098 1351 3143 quia-sive

348 3154 391 3184 nb
414 3151 565 3184 exstantes
588 3149 671 3180 intra
695 3145 853 3178 cervicem
877 3143 1010 3176 lacertos
1033 3165 1042 3180 ‚
1065 3140 1127 3173 sive
1152 3141 1195 3173 ob
1220 3140 1314 3181 hujus
1338 3162 1346 3176 ‚

347 3195 369 3228 si
395 3206 468 3228 cum
493 3192 595 3226 fundo
619 3186 803 3223 conferatur
823 3208 832 3223 ,
868 3186 1024 3227 angustias
1043 3207 1051 3221 ,
1087 3184 1148 3217 sive
1172 3184 1216 3217 ob
1238 3183 1351 3216 conni-

350 3240 454 3271 ventis
477 3236 577 3270 osculi
608 3232 876 3275 impedimentum
902 3228 1095 3262 subsistentes
1125 3227 1251 3274 viscidfe
1278 3237 1350 3268 par-

349 3282 479 3318 riculae,
504 3280 616 3320 ibique
640 3278 723 3308 inter
746 3274 774 3307 se
797 3274 938 3314 undique
953 3273 1196 3313 contingentes,
1220 3271 1350 3312 jamin-

350 3325 387 3358 de
412 3325 450 3357 ab
473 3324 569 3356 initio
595 3319 772 3362 masupium
797 3316 1021 3350 occluderent:
1047 3314 1108 3348 hoc
1131 3314 1266 3357 denique
1279 3312 1347 3345 san-

351 3369 441 3402 <*uini
464 3391 472 3405 ,
495 3365 624 3405 singulis
649 3362 806 3395 mensibus
830 3369 983 3402 erupturo
1011 3381 1020 3394 ,
1056 3360 1195 3400 primum
1218 3357 1349 3399 quidem

349 3397 475 3445 {isicem
498 3403 691 3451 opponendo
711 3429 719 3443 ‚
751 3403 871 3436 efficere
889 3425 898 3440 ‚
933 3413 968 3435 ut
991 3402 1240 3435 distenderentur
1264 3401 1347 3432 uteri

353 3455 445 3493 vasa,
471 3453 574 3495 sicque
598 3451 724 3485 dol-ores
747 3450 1013 3483 concitarentur5
1040 3444 1153 3478 deinde
1177 3455 1252 3477 vero
1274 3453 1347 3475 curn

939 112 1095 167 Liber
1128 113 1218 166 ΙΙΙ.
1252 111 1334 166 De
1375 109 1576 164 Morbis
1612 104 1820 164 Ventris

1403 190 1547 232 urgentis
1571 187 1729 232 sanguinis
1755 189 1787 221 vi
1812 200 1828 222 a
1853 189 2025 230 parietibus
2048 191 2131 226 uteri
2154 189 2398 226 distraheretur,

1405 234 1566 266 cruciatus
1590 242 1702 275 augere
1722 245 1731 269 5
1766 232 1929 266 novissime
1954 235 2094 277 undique
2117 233 2263 268 avulsum
2286 255 2295 271 ‚
2332 243 2398 265 non

1408 276 1471 309 sine
1505 286 1618 317 magna
1640 276 1684 308 ob
1716 275 1805 308 illam
1831 277 1979 310 vasorum
2012 277 2236 312 distentionem
2258 279 2288 309 δι
2318 287 2399 317 prae-

1408 320 1484 358 via,
1504 321 1535 351 &
1558 321 1755 355 comitante,
1778 322 1809 352 δε
1832 318 1981 362 sequente
2003 320 2165 363 sanguinis
2187 320 2280 360 copia
2302 318 2400 361 ejici.

1408 363 1536 400 Habes,
1556 373 1627 404 quae
1651 363 1771 398 initio,
1794 364 1824 394 Sc
1849 361 1952 404 postea
1975 363 2074 398 suerit
2100 375 2167 397 mea
2178 364 2216 396 de
2239 362 2299 396 hoc
2313 372 2402 394 mor-

1409 407 1451 438 bo
1474 406 1611 447 opinio:
1635 407 1691 447 qui
1717 406 1749 437 in
1774 416 1810 437 eo
1833 405 1963 448 quidem
1988 406 2091 444 milti,
2116 406 2239 441 Flateri
2263 409 2276 445 (
2298 417 2329 439 m
2350 409 2365 444 2
2390 429 2401 443 ,

1409 449 1611 490 aliorumque
1624 447 1918 488 Observationum,
1942 451 1991 483 v‘el
2014 452 2137 490 Aetio(
2160 461 2179 483 n
2200 449 2311 489 >olim
2335 458 2401 481 non

1409 493 1649 534 incognitarum
1661 492 1796 524 memori
1809 514 1817 528 ‚
1842 493 1975 526 minime
1989 506 2090 527 novus
2102 492 2269 527 videbatur
2284 513 2293 528 ‚
2314 490 2403 534 quod

1408 536 1488 568 stato
1513 534 1900 581 menstruorurn‘tempore
1923 549 1996 573 cum
2020 537 2069 571 his
2088 538 2253 571 concretio
2277 534 2404 576 aliqua,

1408 579 1505 622 idque
1529 579 1652 611 diutius
1678 601 1687 615 ‚
1722 580 1911 618 ejiceretur3
1938 579 1986 613 sed
2013 581 2045 612 in
2069 593 2107 614 eo
2129 580 2216 623 quod
2239 577 2405 612 concretio

1410 621 1561 664 singulari
1595 620 1653 654 ista
1678 621 1782 654 forma
1813 620 1886 654 esset
1907 645 1916 660 ‚
1950 636 2046 666 quarn
2079 623 2162 666 apud
2187 623 2267 655 alios
2298 619 2406 662 legisse

1409 676 1472 698 non
1496 665 1628 698 memini
1648 676 1658 709 ᾗ
1682 666 1760 707 quin
1785 662 1947 698 Platerum
1970 668 2105 701 memini
2128 665 2246 700 diserte
2271 662 2408 706 scripsis-

1410 710 1461 748 se,
1482 707 1602 742 nullam
1640 709 1666 740 se
1690 707 1863 753 cavitatem
1891 710 1926 741 in
1957 709 2008 743 sua
2037 708 2169 753 potuiffi?
2201 707 2372 751 cognoscere
2397 730 2406 737 .

1410 754 1532 785 Eorum
1564 753 1620 793 qui
1646 751 1784 784 consulti
1816 750 1940 785 fuerant
1963 776 1975 793 ,
2006 755 2077 787 aliis
2110 752 2196 787 uteri
2225 749 2407 785 excrescen-

1410 798 1489 828 tiam
1513 794 1594 828 hanc
1618 793 1759 827 nostram
1781 792 1864 833 esse,
1889 795 1994 829 visum
2018 796 2061 831 est
2081 820 2093 838 ,
2125 797 2193 829 aliis
2217 791 2407 838 polyposam

1408 839 1539 882 quidem
1573 839 1811 871 concretionem
1831 860 1844 877 ‚
1876 837 1926 872 sed
1950 851 1988 873 ex
2020 840 2170 883 sauguine
2195 849 2249 880 per
2275 848 2326 869 vas
2348 837 2409 869 ali-

1408 882 1495 925 quod
1511 907 1520 922 ,
1542 882 1575 913 in
1599 892 1692 926 utero
1714 880 1784 921 ipso
1807 880 1951 921 erosurn,
1976 882 2172 917 destillante.
2196 881 2268 924 Qui
2291 879 2312 913 fi
2334 902 2346 919 2
2370 887 2408 911 ut

1411 938 1493 968 ego,
1516 934 1570 958 aut
1595 923 1797 967 inspexissent
1825 923 1882 966 ipsi
1906 950 1914 965 ‚
1946 936 2001 959 aut
2025 929 2057 960 in
2081 926 2198 961 Mariti
2231 922 2334 957 multo
2359 933 2409 954 ac-

1411 968 1628 1003 curatioribus
1651 979 1748 1008 quam
1773 968 1896 1001 Medici
1920 991 1930 1006 ,
1962 970 2079 1004 litteris
2102 969 2140 1004 ad
2164 981 2214 1003 me
2236 965 2332 1001 miffis
2354 966 2411 998 de-

1413 1012 1564 1054 scriptam
1588 1010 1754 1056 legissent3
1778 1022 1827 1043 eas
1847 1013 2038 1054 opiniones,
2064 1022 2098 1046 ut
2126 1012 2226 1057 puto,
2248 1009 2341 1044 facile
2354 1008 2409 1042 de-

1413 1055 1583 1097 posuissent
1605 1078 1614 1093 ,
1648 1065 1726 1097 quas
1749 1062 1874 1096 tempus
1895 1067 2024 1098 quoque
2048 1069 2063 1089 a
2089 1067 2164 1090 vero
2196 1055 2309 1088 alienas
2333 1051 2411 1085 fuis-

1414 1099 1467 1138 se,
1488 1098 1645 1133 ostendit.
1672 1098 1760 1132 Nam
1789 1108 1823 1131 ut
1848 1099 1978 1132 morbus
2002 1099 2106 1142 postea
2130 1099 2253 1134 diutius
2273 1097 2410 1131 durave-

1411 1144 1475 1178 rit3
1500 1143 1594 1176 finem
1608 1153 1662 1183 per
1674 1140 1702 1174 se
1717 1164 1727 1180 ,
1752 1144 1782 1174 &
1797 1153 1851 1183 per
1874 1152 1999 1176 aetatem
2014 1142 2128 1177 habuit
2151 1142 2298 1175 tandem.
2322 1141 2410 1173 Cum

1410 1188 1495 1219 enim
1520 1186 1556 1219 ad
1583 1195 1706 1227 tempus
1730 1184 1851 1218 accessit
1883 1196 1950 1227 quo
1989 1187 2175 1221 mulieribus
2207 1185 2309 1218 solent
2332 1181 2412 1216 desi-

1410 1241 1482 1262 nere
1507 1229 1671 1276 menstruae
1697 1228 1926 1270 purgatione53
1949 1228 2014 1272 jam
2039 1232 2201 1273 primum,
2225 1239 2288 1266 non
2303 1226 2411 1268 singu-

1409 1274 1448 1306 lis
1473 1273 1653 1311 mensibus,
1678 1271 1728 1306 sed
1752 1271 1884 1313 singulis
1905 1274 1995 1306 annis
2015 1295 2026 1311 ,
2056 1273 2217 1310 bisiterve
2239 1295 2251 1310 ,
2285 1271 2413 1305 dumta-

1409 1325 1486 1355 xat,
1511 1316 1612 1349 redire
1633 1316 1755 1357 coepit:
1779 1325 1855 1348 curn
1879 1326 1956 1349 vero
1980 1316 2078 1351 finem
2100 1317 2163 1351 illae
2194 1315 2375 1350 habuerunt
2401 1327 2411 1352 3

1410 1362 1440 1392 &
1463 1359 1527 1402 ipse
1549 1359 1682 1392 habuit:
1706 1369 1806 1401 neque
1829 1358 1925 1391 ullius
1948 1361 1982 1392 in
2006 1368 2098 1394 utero
2121 1359 2170 1393 vel
2191 1360 2269 1393 levis
2292 1356 2412 1392 eros-‘10-

1410 1405 1459 1436 nis
1483 1403 1661 1438 indicium,
1687 1412 1741 1435 aut
1766 1400 1996 1444 qualiscunque
2018 1414 2058 1437 ex
2094 1413 2187 1437 utero
2211 1401 2412 1441 incommodi

1410 1457 1550 1489 unquam
1575 1447 1685 1479 extitit
1708 1444 1815 1488 quoad
1839 1446 1956 1479 mulier
1981 1447 2092 1486 vixit;
2117 1447 2209 1480 vixit,
2225 1447 2337 1481 autem
2354 1443 2413 1478 do-

1409 1502 1465 1523 nec
1489 1491 1681 1537 cancercin
1707 1489 1804 1521 altera
1827 1487 1933 1530 postea
1956 1501 2096 1523 mamma
2112 1499 2221 1528 ortus,
2247 1489 2414 1532 septuage-

1409 1534 1488 1567 simo
1513 1545 1596 1567 anno
1619 1544 1685 1576 Jam
1720 1532 1903 1575 proximam
1939 1533 2084 1569 confecit
2107 1558 2114 1565 .
2150 1535 2253 1566 Porro
2288 1531 2414 1566 Medici

1407 1590 1473 1620 quo
1494 1578 1548 1610 illa
1573 1577 1746 1615 utebatur,
1770 1575 1922 1608 sententia
1947 1574 2073 1615 fuerat,
2097 1578 2318 1614 concretiones
2345 1576 2416 1609 illas

1406 1622 1444 1654 de
1468 1622 1585 1663 quibus
1596 1619 1718 1654 ditffurn
1732 1618 1797 1654 est,
1821 1617 2032 1653 subventanea
2047 1619 2106 1654 esse
2119 1631 2202 1657 ova,
2226 1618 2412 1656 cumidem,

1406 1663 1523 1703 credo,
1547 1664 1701 1705 spectaret
1723 1660 1810 1704 quod
1833 1662 1883 1695 illi
1906 1663 1962 1705 qui
1988 1663 2158 1707 polyposas
2181 1661 2284 1697 molas
2309 1663 2349 1696 ab
2373 1663 2415 1695 iis

1406 1719 1477 1751 quae
1500 1720 1540 1741 ex
1564 1705 1785 1751 subventaueis
1808 1707 1881 1738 ovis
1905 1704 2025 1745 essent,
2045 1719 2101 1750 per
2117 1705 2253 1740 ’caveam
2278 1706 2414 1750 quaeiu-

1408 1761 1455 1783 tra
1481 1749 1536 1784 has
1559 1775 1567 1788 ‚
1603 1761 1666 1782 non
1691 1750 1774 1781 intra
1810 1747 1882 1781 illas
1906 1746 1989 1781 foret
2014 1770 2023 1785 ‚
2054 1749 2264 1784 internoscere
2296 1749 2414 1782 docue-

1407 1804 1483 1836 runt
1503 1819 1511 1824 .
1544 1793 1665 1836 Qualia
1687 1802 1749 1825 ova
1772 1791 1897 1824 tametsi
1922 1791 2018 1824 essent
2042 1794 2075 1825 in
2101 1793 2289 1827 mulieribus
2312 1803 2414 1833 agno-

1406 1837 1540 1875 scenda;
1564 1836 1695 1870 difficile
1720 1843 1825 1868 tamen
1849 1834 1920 1868 esset
1944 1835 2050 1869 dicere
2069 1857 2078 1873 ‚
2101 1848 2157 1869 cur
2180 1837 2214 1868 in
2238 1835 2294 1869 ista
2317 1835 2346 1868 se
2358 1846 2414 1867 ex-

1405 1882 1560 1923 plicarent
1599 1880 1723 1921 semper
1745 1878 1780 1910 in
1813 1878 1968 1919 trianguli
2001 1878 2144 1913 formam
2173 1901 2183 1917 ‚
2216 1877 2413 1920 singulisque

1405 1923 1564 1957 mensibus
1587 1923 1708 1963 semper
1734 1932 1834 1954 unum
1859 1921 1971 1963 praesto
2002 1922 2080 1955 esset
2104 1923 2192 1965 quod
2226 1925 2258 1954 in
2284 1932 2413 1957 uterum

1404 1967 1627 2000 descenderet.
1652 1965 1709 1999 Sed
1734 1965 1801 1998 haec
1823 1962 1976 1998 haetenus
1999 1990 2006 1998 .
2032 1966 2134 1999 Nunc
2156 1965 2196 2000 de
2220 1967 2379 2008 legitimis
2400 1990 2415 2007 ,

1404 2010 1497 2044 sicuti
1524 2007 1756 2052 promifimus,
1781 2008 1874 2041 molis
1898 2019 1997 2050 pauca
2020 2008 2228 2050 adjiciamus.

1453 2065 1501 2096 ¹3·
1527 2053 1701 2095 Legitimas
1725 2051 1802 2083 Viri
1826 2060 1919 2084 aetate
1944 2051 2050 2086 nostra
2062 2052 2233 2086 doetiffimi
2256 2065 2304 2087 eas
2317 2052 2411 2087 dum-

1405 2107 1493 2131 taxat
1530 2097 1627 2129 molas
1652 2094 1812 2137 appellant
1847 2107 1917 2138 quae
1950 2094 2014 2129 sine
2050 2097 2169 2139 praevia
2199 2099 2413 2140 conceptione

1404 2151 1469 2174 non
1495 2140 1577 2174 fiunt
1598 2166 1605 2173 .
1645 2139 1703 2173 Sed
1727 2138 1782 2171 alii
1807 2149 1844 2172 ex
1868 2137 1952 2172 foetu
1973 2162 1984 2178 ,
2019 2142 2050 2174 δι
2075 2140 2229 2174 Secundis
2251 2164 2262 2179 ,
2296 2142 2351 2174 alii
2375 2152 2414 2174 ex

1405 2185 1550 2227 placenta
1575 2182 1677 2217 solum
1701 2182 1773 2215 sieri
1798 2181 1906 2223 posse,
1928 2182 2088 2221 credunt,
2110 2184 2133 2218 si
2157 2195 2349 2228 quacunque
2373 2185 2413 2218 de

1403 2228 1494 2261 causa
1518 2238 1625 2261 rerum
1652 2224 1765 2259 harum
1788 2225 1885 2260 facies
1909 2226 1950 2260 sic
1974 2237 2118 2262 mutetur
2137 2253 2147 2268 ‚
2175 2238 2210 2262 ut
2233 2227 2329 2262 facile
2352 2238 2412 2268 pro

1406 2274 1446 2305 iis
1469 2282 1539 2314 quae
1565 2271 1603 2303 ab
1625 2270 1757 2311 origine
1773 2268 1898 2303 fueraut
1920 2291 1930 2307 ,
1964 2270 2095 2314 agnosci
2121 2282 2280 2314 nequeant
2303 2295 2316 2312 ,
2351 2270 2413 2306 sive

1407 2315 1534 2349 massam
1556 2313 1642 2356 quasi
1666 2324 1813 2345 carneam
1833 2336 1846 2352 ,
1870 2314 1937 2346 imo
1963 2325 2056 2348 carne
2077 2315 2185 2348 multo
2211 2316 2377 2349 duriorem
2402 2340 2412 2355 ,

1405 2358 1467 2392 sive
1491 2358 1651 2399 aggeriem
1677 2355 1885 2389 vesicularum
1910 2380 1920 2396 ‚
1953 2369 1987 2391 ut
2011 2369 2107 2400 quam
2142 2358 2222 2391 olim
2248 2360 2413 2392 Mercatus

1405 2403 1457 2442 (ο
1480 2405 1493 2440 )
1518 2400 1626 2438 vidit,
1649 2399 1877 2441 repraesentent
1900 2422 1907 2429 ·
1942 2401 2130 2442 Ruyschius
2158 2402 2220 2435 tibi
2245 2403 2277 2435 in
2305 2404 2414 2436 mani-

1404 2446 1461 2477 bus
1483 2444 1526 2477 est
1541 2466 1549 2480 ‚
1573 2445 1630 2485 qui
1647 2445 1688 2482 jn
1713 2442 1856 2484 placenta
1880 2443 1929 2475 vel
1954 2443 2020 2478 sola
2035 2445 2227 2479 utrumlibet
2251 2447 2413 2480 mutatio-

1404 2490 1452 2520 nis
1476 2498 1574 2529 genus
1598 2483 1739 2519 ostendit
1764 2497 1838 2519 cum
1862 2486 1962 2526 alibi,
1986 2499 2056 2522 tum
2086 2488 2262 2531 praesertim
2288 2491 2321 2522 in
2334 2490 2410 2522 Ob-

1404 2529 1637 2563 servationibus
1663 2541 1672 2559 .·
1696 2540 1734 2561 ex
1755 2530 1874 2572 quibus
1900 2542 1982 2563 anno
2005 2533 2100 2565 editis
2130 2535 2219 2571 1690.
2244 2543 2301 2565 cur
2324 2532 2409 2566 nihil

1404 2585 1514 2607 eorum
1539 2585 1608 2615 quae
1633 2572 1708 2609 bic,
1732 2583 1786 2605 aut
1812 2573 1900 2614 supra
1925 2576 1980 2615 (p
2003 2578 2013 2612 )
2038 2576 2182 2608 indicavi
2208 2597 2216 2611 ‚
2245 2576 2281 2608 ad
2306 2576 2409 2609 Scho-

1405 2619 1446 2649 lia
1470 2618 1579 2649 saltem
1602 2615 1717 2649 harum
1741 2615 1927 2649 Seffionum
1949 2618 2090 2659 augenda
2112 2644 2120 2657 ‚
2144 2618 2279 2651 relatum
2306 2618 2344 2651 sit
2369 2620 2407 2651 in

1403 2661 1648 2701 Sepulchretum
1669 2683 1679 2697 ‚
1717 2669 1780 2691 non
1805 2659 1898 2692 video
1923 2683 1931 2691 .
1964 2662 2164 2694 Placentulas
2190 2661 2276 2695 enim
2300 2664 2408 2695 mino-

1403 2716 1475 2737 rum
1499 2702 1639 2736 foetuum
1663 2713 1726 2734 non
1752 2702 1899 2734 rariffime
1923 2703 1956 2735 in
1973 2715 2070 2742 utero
2093 2704 2249 2737 subfistere
2266 2727 2275 2742 ,
2299 2706 2338 2739 ab
2352 2717 2407 2738 eo-

1404 2759 1467 2790 que
1493 2747 1521 2780 se
1544 2746 1782 2787 constringente
1797 2748 1896 2787 magis
1919 2747 2083 2790 magisque
2096 2748 2307 2790 compressas,
2333 2751 2408 2783 lon-

1405 2802 1442 2832 ge
1467 2790 1552 2824 aliud
1575 2801 1609 2822 ae
1631 2799 1740 2825 erant,
1766 2801 1828 2822 non
1854 2789 1949 2823 modo
1973 2791 2077 2833 figura
2096 2815 2108 2831 ‚
2132 2792 2182 2826 sed
2207 2795 2237 2824 δε
2264 2792 2407 2826 substan-

1404 2837 1451 2867 tia
1474 2835 1562 2869 carni
1586 2831 1754 2865 durissimae
1779 2832 1897 2869 simili,
1922 2833 2022 2868 videri
2047 2835 2159 2868 docuit
2183 2835 2201 2878 s
2222 2847 2240 2876 q
2265 2840 2274 2874 )
2299 2861 2306 2869 .
2332 2836 2407 2869 Pla-

1404 2888 1510 2911 centas
1542 2887 1648 2909 autern
1673 2874 1813 2909 foetuum
1852 2875 2011 2917 majorum
2035 2878 2155 2912 ibidem
2190 2878 2369 2914 restitantes
2392 2901 2404 2916 ,

1404 2922 1571 2955 interdum
1601 2920 1788 2961 degenerare
1819 2920 1853 2952 in
1886 2921 2034 2954 vesiculas
2062 2944 2075 2961 ,
2116 2922 2262 2957 humoris
2295 2920 2406 2965 aquosi

1403 2967 1533 3009 plenas,
1556 2963 1639 2997 idem
1662 2985 1671 2999 ‚
1705 2963 1801 3005 siquis
1825 2963 1927 3002 alius,
1952 2966 2101 3006 praeclare
2124 2965 2265 2999 ostendit
2288 2988 2298 3003 ‚
2332 2976 2407 2999 cum

1404 3021 1500 3043 unam
1525 3006 1721 3048 eandemque
1746 3007 1924 3048 placentam
1948 3010 2077 3041 invenit
2101 3013 2160 3048 (r)
2183 3021 2220 3041 ex
2244 3019 2332 3051 parte
2357 3008 2405 3042 sa-

1403 3065 1475 3085 nam
1498 3074 1507 3088 ‚
1541 3062 1578 3083 ex
1603 3061 1688 3090 parte
1712 3052 1746 3082 in
1770 3049 1926 3097 ejus-modi
1953 3051 2101 3085 vesiculas
2124 3052 2188 3094 jam
2213 3061 2372 3086 mutatam
2395 3078 2404 3087 .

1404 3098 1487 3138 Qae
1511 3094 1764 3127 Observationes
1789 3094 1842 3126 etsi
1869 3104 1950 3126 verae
1974 3093 2034 3128 sint
2057 3107 2067 3134 3
2100 3097 2162 3129 tria
2186 3105 2294 3129 tamen
2317 3119 2325 3134 ‚
2349 3105 2405 3130 aut

1403 3148 1544 3182 quatuor
1569 3137 1639 3171 sunt
1652 3136 1793 3169 addenda
1809 3161 1816 3168 .
1843 3136 2011 3178 Primum,
2034 3150 2138 3182 neque
2158 3141 2319 3173 minorum
2343 3138 2406 3173 foe-

1402 3192 1495 3216 tuum
1533 3180 1726 3224 placentulas
1751 3191 1814 3212 non
1840 3181 2013 3222 aliquando
2036 3184 2069 3215 in
2093 3182 2245 3215 vesiculas
2271 3183 2405 3225 degene-

1400 3238 1492 3262 rare,
1517 3236 1589 3258 curn
1617 3222 1798 3264 Ruyschius
1822 3225 1906 3269 idem
1931 3225 1963 3256 in
1990 3225 2169 3269 placentula
2196 3226 2294 3260 foetns
2305 3227 2402 3260 trium

1394 3267 1464 3312 fere
1486 3267 1629 3309 mensium
1654 3268 1750 3299 initia
1782 3266 1879 3309 hujus
1903 3270 2094 3302 mutationis
2119 3293 2128 3307 ‚
2159 3270 2192 3302 in
2217 3270 2314 3302 altera
2346 3279 2401 3302 au-

1399 3323 1462 3345 tem
1491 3309 1668 3352 plaz-emula
1700 3310 1799 3351 ipsam
1835 3312 2039 3347 mutationem
2070 3313 2170 3351 masis
2211 3312 2399 3346 luculentam

1400 3353 1666 3388 demonstraverit
1692 3353 1790 3396 (s).
1814 3354 1961 3387 Alterum
1976 3380 1986 3394 ,
2008 3367 2064 3389 nec
2078 3355 2136 3388 soli
2161 3355 2314 3397 placentae
2327 3364 2397 3386 mu-

1401 3400 1558 3431 tationem
1584 3398 1663 3429 liane
1680 3397 1874 3436 convenire,
1898 3398 2027 3439 quando
2051 3411 2114 3433 nou
2141 3408 2266 3432 tantum
2292 3407 2328 3430 ex
2339 3405 2418 3437 po-‘

1401 3440 1586 3475 sterioribus
1610 3440 1901 3474 Observationibus
1926 3441 2088 3484 Ruyscbii
2113 3443 2236 3475 constat
2260 3466 2268 3479 ‚
2294 3438 2341 3472 vel
2364 3440 2398 3471 in

2267 3482 2354 3517 funi-

354 3578 1636 3599 .-..-.-—--————-—-—·--—--——---—----

492 3662 510 3684 1.
528 3660 590 3683 Tab.
608 3667 629 3688 3.
647 3658 672 3682 ἃ
689 3658 731 3682 lv.
749 3655 863 3679 Animad.
879 3661 917 3682 42.

494 3691 553 3713 Se&
572 3692 614 3713 hac
631 3688 755 3718 Sepulchr.
774 3694 811 3714 37.
831 3684 888 3708 obs.
910 3691 929 3706 1.
950 3683 973 3712 §.
990 3691 1006 3710 4
1078 3683 1117 3712 (p
1133 3682 1146 3709 )
1164 3689 1188 3704 n.
1209 3688 1242 3703 11.

412 3662 419 3687 s
438 3661 474 3689 1)

411 3692 482 3751 {J}
497 3720 565 3744 Thes.
582 3724 653 3743 Anat,
673 3722 697 3743 6.
714 3725 739 3742 n.
755 3723 806 3741 102.
824 3723 876 3744 103.
895 3713 917 3737 8(
933 3712 995 3738 Tab.
1013 3723 1034 3742 5.
1051 3715 1102 3742 Fig.
1122 3720 1145 3741 3.
1161 3720 1183 3740 4.
1203 3720 1223 3740 3.

979 3654 994 3681 (
1013 3660 1034 3675 m
1050 3652 1063 3681 3
1079 3650 1137 3676 Obs.
1156 3651 1172 3674 l.
1191 3658 1213 3679 3.
1230 3649 1270 3673 ubi
1287 3648 1314 3671 de
1333 3647 1462 3670 lnanimat.
1479 3649 1573 3670 Exctet.

1306 3682 1309 3690 ⁸
1333 3687 1344 3706 ς
1364 3678 1376 3707 )
1393 3677 1453 3701 Obs.
1471 3679 1507 3701 28,
1526 3685 1561 3705 29.
1579 3677 1617 3705 58.

1638 3646 1644 3674 (
1662 3655 1675 3668 n
1691 3646 1703 3673 )
1723 3645 1814 3669 Medic.
1832 3645 1943 3669 Tetrabi.
1960 3654 1982 3674 4.
2001 3648 2076 3670 Serm.
2094 3656 2117 3674 4·
2135 3654 2155 3671 c.
2174 3648 2210 3669 80.

1681 3676 1689 3705 (
1709 3683 1745 3706 r)
1763 3676 1818 3699 Obs-
1839 3683 1875 3705 33.
