2498 4075
511 195 661 261 Epist.
703 198 859 247 Anat.
896 194 1108 247 Medica
1142 193 1389 247 XLVIII.
1427 196 1547 248 Art.
1581 198 1658 259 46.

72 288 186 322 partu,
211 287 367 321 reponam
393 288 469 311 mox
492 287 599 312 tamen
621 278 734 312 iisdem
766 279 990 313 inflationibus
1023 279 1067 312 ob

71 324 266 358 contrariam
290 323 411 355 causam
437 322 581 355 mulieres
605 323 764 355 obnoxias
789 321 886 355 faciat
908 345 920 361 ,
965 333 998 354 ut
1045 322 1066 354 si

72 366 252 401 lochiorum
277 365 380 399 fluxus
405 377 467 398 non
493 367 552 398 rite
576 364 774 401 successerit,
812 374 864 398 aut
908 364 1071 398 cohibitus

71 411 205 444 omnino
229 408 347 442 fuerit.
371 409 454 450 Quae
480 420 543 441 non
568 411 716 451 attingo,
743 408 799 440 nifi
834 417 869 442 ut
916 410 1070 440 memine-

70 456 135 493 ris,
159 454 297 486 tumoris
320 451 477 492 ejusmodi
503 453 623 485 ventris
646 452 749 486 causas
772 450 830 485 esse
874 451 998 492 plures,
1032 454 1063 484 &

69 500 154 532 inter
177 497 206 529 se
228 496 468 537 discrepantes..
483 497 532 528 Ex
554 495 606 529 his
637 505 741 528 tamen
785 506 1006 540 quaecunque·
1028 496 1060 526 in

69 541 202 575 foemina
227 539 286 573 hac
310 537 411 572 nostra
433 536 531 572 fuerit
546 564 553 576 ,
576 539 597 570 si
622 536 787 573 historiam
810 538 926 580 releges
941 560 949 574 ,
994 549 1061 579 Jam

69 583 184 622 fuisse,
230 582 361 620 nosces,
392 581 577 624 priusquam
623 581 785 623 sanguinis
831 581 974 622 profusio
1020 579 1069 614 fa-

70 629 121 661 &ta
143 627 239 664 esset3
274 625 390 658 mulier
420 626 504 657 enim
539 634 679 666 coeperat
714 635 884 666 antequam
917 634 1037 667 pareret
1057 646 1068 662 ,

67 671 202 713 digitis,
225 672 256 701 ὃ(
282 669 451 700 abdomine
475 668 708 701 intumescere.
734 669 785 701 Illi
822 679 953 709 quoque
999 679 1068 701 mu-

70 715 142 749 lieri
166 714 204 745 de
228 722 290 754 qua
322 709 445 751 scripsit
480 709 564 742 Phil.
584 711 653 755 Jac.
693 712 912 743 Hartmannus
948 714 958 749 (
980 710 1036 754 p)
1061 734 1069 750 ‚

67 757 224 800 proximis
246 763 318 787 ante
342 763 467 795 partum
491 755 602 787 diebus
634 767 650 787 a
674 754 803 788 flatibus
836 753 982 786 intestina
1016 764 1070 786 tu-

69 794 220 836 mebant,
243 798 301 840 qui
324 806 432 829 tumor
456 809 470 829 a
497 808 591 838 partu
606 822 614 836 ‚
636 797 760 830 tametsi
786 797 908 830 nullum
945 796 1072 838 sangui-

68 845 117 875 nis
140 841 359 884 profluvium,
382 842 449 872 imo
471 840 655 873 lochiorum
678 840 751 873 esset
776 851 898 873 remora
922 863 934 880 ,
971 842 1069 883 usque

69 886 146 920 adeo
170 886 328 921 increvit,
353 894 388 916 ut
412 884 488 929 coli
514 884 692 925 praesertim
717 884 859 916 intestini
895 883 1037 922 superior
1060 904 1069 919 ,

68 934 100 963 &
123 927 258 962 inferior
280 925 397 959 traaus
416 924 472 967 filo
496 934 559 959 tres
579 934 685 967 partes
709 926 785 960 ulnae
808 926 895 968 longo
919 926 976 958 vix
999 925 1072 968 pos-

69 974 114 1006 set
137 967 388 1012 comprehendi3
411 971 520 1011 itaque
544 971 608 1002 ima
632 969 699 1010 ejus
725 982 795 1012 pars
821 969 967 1009 sphacelo
1002 981 1074 1002 cor-

69 1025 184 1057 repta,
207 1016 237 1045 δι
260 1022 353 1054 rupta
378 1020 522 1046 ventrem
547 1012 756 1046 s‘oetidiffimis
781 1012 928 1046 sordibus
963 1012 1074 1054 opple-

68 1062 141 1098 vit,
165 1056 397 1098 foeminamque
422 1056 558 1089 secundo
581 1068 596 1087 a
621 1064 714 1098 partu
740 1056 791 1089 die
817 1056 959 1089 sustulit:
985 1054 1075 1097 cujus

70 1112 162 1136 utero
193 1100 277 1134 intus
308 1109 365 1141 per
396 1109 512 1132 omnem
543 1098 735 1142 superficiem
768 1099 916 1140 placentae
940 1098 1075 1140 reliquiae

71 1142 241 1180 haerebant,
267 1142 378 1185 digito
401 1141 495 1175 facile
520 1142 712 1176 avellendae:
746 1143 780 1174 in
812 1144 934 1175 cervice
960 1140 1082 1175 autern⁴

69 1188 135 1232 ipsa
159 1196 247 1219 cruor
269 1183 450 1227 haesitabat.
586 1185 711 1218 Verum
736 1196 774 1218 ne
797 1185 835 1218 de
882 1186 923 1218 iis
967 1184 1069 1218 solum

68 1242 140 1274 quae
165 1238 281 1271 praeter
306 1235 450 1261 naturam
485 1230 517 1261 in
549 1227 709 1269 descripto
743 1241 757 1261 a
793 1229 886 1262 nobis
919 1228 1070 1261 cadavere

69 1281 303 1308 occurrerunt·‚
329 1271 381 1304 sed
404 1271 443 1305 de
467 1272 538 1305 aliis
560 1273 679 1308 etiam,
702 1284 772 1313 quae
797 1281 831 1305 ut
877 1282 979 1305 totam
1022 1271 1076 1305 hic

68 1318 204 1352 haberes
246 1315 412 1349 historiam
437 1339 448 1356 ,
471 1315 582 1348 omisl'a
629 1326 693 1347 non
739 1314 811 1349 sunt
833 1340 841 1354 ,
876 1314 999 1358 aliquid
1035 1314 1075 1348 si-

69 1361 138 1396 mul
163 1361 382 1401 attingamuss
408 1360 531 1392 utinam
545 1370 583 1392 ne
597 1359 679 1399 apud
692 1358 1078 1396 Consarcinatoremmon

69 1405 182 1448 paucis
205 1402 356 1436 instituto
380 1402 436 1435 suo
459 1400 639 1436 necessariis
663 1402 755 1434 libris
786 1412 949 1436 carentem
974 1424 983 1439 ,
1028 1402 1078 1435 sed

70 1449 153 1490 apud
177 1447 363 1479 Antonium
388 1444 522 1479 Sidobre
545 1448 610 1488 (q)
634 1445 709 1477 Viri
733 1444 1076 1488 Doffiffimilegissent

71 1491 182 1525 omnia
206 1501 277 1532 quae
299 1501 373 1522 cum
397 1487 467 1530 ipso
491 1490 528 1522 de
551 1489 662 1522 laeteis
684 1489 767 1522 uteri
801 1489 951 1522 duffibus
988 1500 1076 1522 com-

68 1536 290 1568 municaverat
313 1531 506 1574 chyracus5
529 1543 594 1564 non
618 1533 708 1565 enim·
726 1532 821 1565 facile
853 1531 1041 1566 censuissent
1067 1557 1074 1570 ,

69 1577 185 1620 eosdem
207 1576 265 1610 esse
288 1588 321 1610 ac
344 1587 510 1619 quosiego
534 1574 793 1618 lymphaedustus
839 1576 872 1608 in
920 1587 1074 1618 puerpera

67 1621 126 1655 hac
151 1619 240 1653 vidi.
265 1619 431 1660 Optaslem
456 1620 595 1661 pariter,
619 1628 655 1651 ur
676 1620 732 1660 qui
757 1618 815 1651 hos
829 1619 869 1652 ab
883 1619 1071 1661 Ruyschio,

73 1664 184 1698 aliisve
206 1663 393 1703 conspeetos
415 1661 592 1702 dixerunt,
616 1662 705 1695 illius
728 1662 858 1699 locum,
885 1664 917 1694 &
954 1674 1074 1696 annum

66 1719 134 1750 quo
156 1705 378 1744 viderint'alii‚
403 1703 523 1738 diserte
545 1704 753 1740 indicassent,
780 1705 908 1747 quando
931 1716 991 1747 ego
1012 1716 1079 1747 quo

66 1761 230 1791 tempore,
254 1750 284 1781 &
307 1749 424 1791 quibus
446 1747 669 1788 ostendissem,
692 1759 756 1781 non
783 1751 972 1782 reticueram
996 1750 1076 1791 (r).

65 1795 135 1832 Qui
160 1793 230 1835 post
254 1803 303 1824 me
326 1793 572 1832 conspexerint,
597 1792 683 1829 scio,
707 1794 792 1825 inter
816 1803 898 1834 quos
936 1792 1075 1826 animad.

65 1847 166 1871 vertas
190 1836 309 1872 velim,
334 1835 466 1868 doctum
489 1847 618 1877 quoque
643 1834 841 1869 Stehelinum
863 1837 876 1874 <
895 1834 947 1876 s)
971 1836 1003 1868 in
1026 1835 1076 1868 di-

65 1880 170 1914 stento
193 1887 286 1912 utero
311 1877 446 1915 vidisse,
463 1876 599 1920 foeminae
622 1877 774 1912 videlicet
802 1879 940 1921 gravidae
962 1903 971 1911 .
1017 1878 1075 1912 Sed

63 1924 121 1965 qui
145 1922 296 1955 muliebri
320 1931 413 1954 utero
435 1933 473 1954 ex
498 1932 596 1957 vero,
619 1932 682 1954 non
707 1933 746 1955 ex
770 1923 944 1955 bestiarum
960 1932 1075 1955 anato-

63 1978 117 1999 me
141 1965 366 2008 appin‘xerint,
389 1965 525 1997 necdum
547 1975 607 2004 pro
629 1973 717 1997 certo
741 1965 828 2004 scio‚·
853 1974 886 1998 ut
912 1977 975 1997 non
1009 1967 1070 1998 mi-

63 2021 140 2049 rer,
163 2009 183 2042 si
209 2008 326 2042 Illustri
352 2008 438 2040 Viro
461 2007 614 2040 Heistero
636 2013 649 2046 (
672 2016 687 2040 t
710 2012 720 2046 )
747 2009 816 2041 vasa
842 2007 906 2041 hec
923 2032 931 2046 ,
967 2007 1034 2043 haec
1060 2031 1069 2045 ,

62 2055 220 2095 inquam,
244 2061 278 2085 ut
303 2050 436 2084 humano
458 2050 556 2083 adhuc
581 2058 670 2084 utero
705 2052 918 2093 appinguntur
941 2076 948 2091 ,
990 2050 1069 2094 fibla

63 2096 117 2138 effe
140 2096 325 2128 videantur.
348 2093 451 2136 Quod
476 2102 582 2126 autem
606 2094 644 2126 ad
677 2094 740 2126 ossa
783 2096 898 2127 attinet
942 2097 1036 2135 pubis
1060 2118 1069 2132 ‚

62 2143 95 2174 &
118 2139 232 2177 ilium,
258 2149 323 2170 non
346 2146 450 2179 puto,
474 2148 512 2169 ex
535 2137 601 2169 illis
625 2147 656 2170 te
679 2136 739 2170 esse
754 2159 762 2174 ‚
786 2139 844 2180 qui
869 2137 1069 2171 rariffimein

60 2193 155 2223 partu
181 2180 344 2217 accidere,
368 2178 594 2218 contendunt,
622 2190 657 2213 ut
682 2189 795 2213 eorum
820 2179 981 2222 juncturae
1026 2182 1070 2215 ita

60 2227 142 2260 laxae
164 2226 213 2258 uti
239 2237 254 2257 a
278 2225 370 2257 nobis
394 2223 572 2265 conspectae
606 2223 678 2256 sunt
704 2246 713 2260 ,
757 2222 1035 2265 deprehendantur
1060 2248 1068 2262 ,

61 2272 92 2302 δι
117 2280 191 2302 cum
216 2267 249 2301 id
273 2266 414 2304 accidit,
438 2265 590 2299 racliitidi
617 2267 747 2309 potius,
772 2267 990 2304 luivenereae,
1015 2279 1069 2302 aut

60 2312 242 2350 cachexiae,
267 2313 297 2344 δέ
322 2310 397 2344 huic
420 2310 553 2352 quidem
578 2311 611 2343 in
649 2309 764 2351 majori
799 2310 899 2353 gradu
919 2334 930 2350 ‚
963 2313 1068 2352 impu-

60 2357 215 2388 tandum.
240 2354 298 2387 Sed
323 2364 475 2395 puerpera
497 2362 583 2386 certe
606 2353 735 2392 nostra,
758 2355 904 2395 quamvis
929 2365 992 2387 non
1010 2355 1071 2388 bo-

59 2410 104 2431 no
129 2398 204 2432 esset
229 2397 324 2431 faciei
347 2399 478 2434 colore,
505 2408 603 2439 neque
637 2396 790 2430 cachexia
815 2420 825 2436 ,
871 2398 905 2429 in
952 2398 1068 2440 majori

57 2442 236 2483 praesertim
261 2442 361 2483 gradu
377 2462 386 2477 ,
412 2451 513 2482 neque
538 2439 605 2473 ullo
627 2451 664 2473 ex
689 2439 759 2473 aliis
784 2441 848 2473 illis
873 2441 996 2474 morbis
1020 2441 1065 2474 af-

57 2485 250 2518 ficiebatur:
274 2495 332 2517 nec
356 2483 437 2517 mihi
460 2483 560 2516 affinis
584 2484 739 2516 Matrona
765 2484 832 2516 ullo
854 2485 992 2517 omnino
1026 2496 1065 2518 ex

55 2531 98 2562 iis
120 2528 323 2562 laboraverat
338 2551 346 2566 ,
369 2538 440 2569 qua?
463 2538 537 2559 cum
561 2527 593 2558 in
619 2528 798 2568 puerperiis
822 2526 859 2560 de
883 2527 994 2560 dolore
1025 2527 1064 2561 ad

56 2570 240 2614 junc‘turam
265 2570 366 2613 ipsam
390 2569 501 2603 ollium
526 2570 621 2612 pubis
634 2579 820 2612 quereretur
835 2594 844 2608 ,
866 2573 978 2604 &eum
990 2582 1061 2612 pro-

55 2624 162 2657 pterea
189 2626 205 2646 a
229 2626 279 2648 me
302 2614 411 2648 locum
436 2615 549 2655 tangi,
576 2613 718 2646 Maritus
741 2613 913 2653 voluisset;
944 2613 1062 2647 distans

55 2658 225 2692 manifesto
249 2658 387 2691 alterum
413 2656 452 2689 ab
485 2657 586 2690 altero
631 2664 708 2689 tunc
755 2657 926 2694 habebat,
970 2667 1061 2690 extra

54 2702 219 2743 puerperia
245 2712 309 2734 non
335 2700 494 2735 habebat.
521 2701 565 2732 Et
589 2710 665 2732 cum
690 2712 789 2742 prope
812 2702 987 2734 innumerae
1001 2700 1061 2733 hu-

53 2744 103 2787 jus
125 2745 246 2785 generis
270 2751 377 2777 exserit
402 2742 655 2776 Observationes
670 2766 678 2780 ,
698 2755 775 2786 quas
798 2743 854 2777 etsi
882 2744 1055 2777 multicol-

54 2790 225 2829 legerunt‚
250 2786 401 2828 quasdam
416 2809 424 2825 ,
447 2787 469 2818 si
495 2788 578 2819 reete
603 2788 756 2826 memini,
779 2787 960 2820 omiserunt
1006 2796 1055 2819 ta-

54 2841 147 2867 men,
171 2833 202 2863 &
227 2831 421 2864 nominatim
444 2830 608 2871 Veslingii
634 2831 687 2873 (u
703 2831 723 2872 )
745 2830 857 2869 illam,
880 2829 1053 2872 quandoin

39 2875 249 2916 ‚parturiente
269 2872 384 2911 pelvim
406 2873 469 2907 lem·
492 2872 624 2914 impulsu
647 2873 748 2906 cedere
771 2886 805 2906 ac
827 2872 975 2906 vacillare
984 2882 1056 2914 per-

53 2915 208 2959 cipiebat,
232 2913 339 2957 ollibus
362 2925 427 2950 tam
443 2915 503 2957 sub
522 2914 624 2956 pube,
647 2926 739 2957 quam
762 2917 801 2948 cici
843 2916 944 2949 latera
987 2915 1053 2957 offis

44 2960 131 3003 sieri
143 2981 151 2996 ‚
172 2959 299 3000 pollicis
321 2960 484 2993 minimum
499 2959 603 3002 spatio
625 2958 772 2992 dissidiis:
797 2971 895 3001 quem
907 2959 1050 3001 digitum

52 3005 223 3036 Santorino
246 3006 260 3042 <
281 3011 302 3034 x
325 3005 335 3039 )
359 3013 487 3045 quoqne
509 3001 602 3036 facile
626 3002 689 3034 fuit
713 3003 747 3034 in
770 3003 952 3037 recentibus
975 3003 1048 3045 qui-

51 3045 188 3080 busdam
214 3047 376 3088 puerperis
399 3047 481 3078 inter
506 3046 601 3088 pubis
623 3043 686 3078 ossa
709 3045 841 3079 indere:
865 3058 940 3079 cum
984 3047 1049 3088 igi-

50 3099 105 3123 tur
129 3100 178 3122 tot
203 3098 310 3122 extent
335 3088 586 3122 Observationes
600 3103 617 3126 ς,
632 3088 797 3130 praestatne
823 3091 947 3122 credere
971 3113 982 3129 ,
1015 3091 1049 3123 in

49 3133 175 3166 cunffis
198 3132 328 3166 morbos
351 3132 424 3164 illos
446 3130 535 3165 fuisse
552 3132 760 3168 accusandos,
787 3133 1048 3174 praesertimcum

48 3177 106 3219 qui
130 3176 201 3210 illas
227 3173 438 3217 scripserunt,
460 3187 574 3208 eornm
598 3176 719 3209 nullam
743 3179 940 3209 mentionem
974 3175 1053 3217 inji-

49 3221 166 3253 ciunt?
191 3231 229 3253 an
251 3230 325 3252 cum
348 3218 493 3251 diductio
517 3220 567 3252 seu
593 3219 717 3261 major,
741 3218 791 3251 seu
836 3221 942 3252 minor
986 3231 1052 3252 non

48 3261 149 3296 modo
194 3273 257 3295 non
303 3261 456 3309 rariffisma
494 3261 552 3299 fit,
577 3262 627 3296 sed
652 3261 825 3304 frequens,
849 3274 1050 3305 nequaquam

49 3314 168 3348 prreter
191 3314 337 3339 naturam
362 3303 447 3337 csse?
470 3305 537 3337 imo
561 3308 593 3338 in
617 3307 734 3348 quibus
758 3305 793 3338 fit
809 3328 818 3343 ,
843 3307 882 3340 ab
907 3306 964 3339 hac
996 3306 1051 3339 fie-

50 3352 103 3388 ri5
127 3349 162 3382 fit
189 3351 274 3382 enim
298 3347 430 3385 senfim,
455 3350 485 3380 &
510 3347 618 3382 sensim
645 3345 853 3388 tolliturj&
885 3359 1014 3392 partum
1039 3372 1047 3386 ‚

46 3405 116 3436 quo
140 3393 177 3425 ad
201 3391 269 3434 ejus
292 3392 361 3425 fieri
387 3387 511 3432 potest,
536 3390 738 3433 juvat.Noli
756 3395 843 3426 enim
856 3393 1050 3433 existimare,

139 3436 303 3478 Morgagni
313 3435 347 3467 de
359 3435 424 3467 Sed.
437 3433 576 3476 &Caufi
590 3435 691 3468 Morb.
707 3437 805 3469 Tum.
818 3438 863 3468 ΙΙ,

1956 211 2050 264 243

1121 277 1158 311 ad
1182 276 1266 310 hunc
1291 278 1347 311 esse
1370 279 1484 311 inutile
1508 276 1541 310 id
1565 279 1653 319 quod
1679 278 1780 319 pelvis
1803 278 1961 322 angustias
1984 279 2126 322 amplifi·

1121 331 1171 354 cat
1203 332 1216 358 ;
1260 331 1333 353 narn
1376 332 1447 362 quae
1493 318 1700 363 proferuntur
1745 320 1845 363 pelvis
1879 322 2091 355 dimenfiones
2116 341 2127 358 ,

1122 363 1209 406 quasi
1233 364 1272 396 ad
1296 363 1395 398 foetus
1418 364 1587 396 transitum
1613 364 1676 399 fine
1701 364 1763 397 ulla
1786 365 1900 398 offium
1934 364 2124 399 diductione

1122 406 1300 440 sufficerent
1316 433 1325 446 ‚
1350 407 1485 448 sumptae
1510 407 1663 441 videntur
1688 408 1721 439 in
1744 407 1885 448 sceleto,
1910 419 1984 443 cum
2000 410 2125 441 mentio

1121 450 1176 483 fiat
1201 450 1287 483 nulla
1312 460 1361 483 tot
1386 452 1526 493 partium
1549 462 1623 492 quae
1647 452 1731 484 inter
1754 453 1836 485 nuda
1860 453 1918 486 illa
1951 450 2015 485 ossa
2037 475 2046 489 ,
2095 452 2126 483 δε

1115 491 1329 526 transeuntem
1353 494 1512 526 infantem
1537 493 1609 528 sunt
1633 494 1831 535 interieetae‚
1855 498 1884 528 δε
1910 508 1947 529 ne
1959 496 2041 528 uteri
2055 496 2128 535 qui-

1114 535 1210 575 dem,
1233 535 1324 577 cujus
1347 547 1426 571 tunc
1450 537 1595 569 osculum
1621 537 1659 571 ad
1682 538 1805 579 vaginae
1828 538 1990 573 orificium
2002 538 2128 571 descen-

1118 580 1190 612 dit:
1215 591 1286 621 quae
1311 590 1415 622 partes
1438 588 1473 612 ut
1498 580 1531 612 in
1555 581 1668 613 multis
1692 581 1762 613 illas
1782 581 1994 616 dimensiones
2041 579 2126 614 haud

1120 624 1195 656 satis
1219 623 1436 660 imminuant;
1461 631 1491 655 at
1516 624 1548 654 in
1575 624 1686 656 multis
1709 633 1822 657 contra
1846 627 2037 659 imminuere
2061 622 2127 656 val-

1119 668 1157 699 de
1182 665 1335 707 possunt'.
1360 668 1477 699 Sensim
1503 675 1609 700 autem
1635 666 1671 700 ad
1696 667 1863 701 laxitatem
1897 667 2061 709 juncturas
2093 667 2127 698 in

1119 708 1169 742 his
1191 707 1340 750 disponi,
1364 718 1400 742 ut
1424 720 1496 743 cum
1522 710 1631 744 Pinaeo
1656 711 1689 742 in
1713 709 1912 745 Adversariis
1936 717 1987 752 (y
2008 710 2022 750 )
2046 708 2130 742 indi-

1121 753 1290 791 cavimus,
1315 765 1388 786 cum
1413 755 1446 785 in
1470 753 1615 794 gravidis
1639 752 1803 786 nonnullis
1828 753 1962 788 admoto
1986 754 2024 786 ad
2058 754 2131 794 jun-

1121 796 1244 828 &uram
1267 796 1379 829 offium
1404 795 1497 838 pubis
1519 796 1628 839 digito
1652 797 1849 838 percipiendi
1864 797 2060 831 occasionem
2076 795 2131 828 ha-

1122 839 1275 875 buimus,
1299 848 1390 876 tum,
1417 839 1484 872 haec
1508 838 1727 877 recensentes,
1752 840 1984 875 confirmatum
1997 851 2053 881 per
2065 837 2131 872 dis-

1123 882 1297 915 sectio-nem
1323 882 1463 916 vidimus
1487 894 1502 915 a
1530 884 1581 915 (ΣΙ.
1613 884 1718 924 Exup.
1737 882 1883 925 Josepho
1899 885 2045 918 Bertinio
2060 880 2131 926 (z)

1123 926 1260 959 duarum
1286 927 1458 959 mulierum
1481 927 1655 968 exemplo,
1678 926 1810 958 alterius
1841 925 2130 969 quadrimestrem,

1126 968 1258 1002 alterius
1282 968 1516 1010 septimestrem
1541 969 1662 1003 foetum
1707 971 1887 1011 gerentium
1913 983 1923 1008 ,-
1969 969 2130 1010 cartilago

1127 1012 1211 1044 enim
1237 1015 1319 1044 inter
1342 1011 1407 1045 ossa
1431 1013 1524 1052 pubis
1547 1016 1577 1044 &
1595 1013 1691 1054 solito
1713 1011 1833 1054 craffior
1846 1012 2039 1056 deprehensa
2063 1011 2108 1044 est
2123 1032 2132 1047 2

1129 1058 1159 1087 &
1183 1054 1325 1095 unffiuoso
1348 1054 1472 1088 humore
1495 1055 1614 1088 imbuta
1638 1057 1670 1087 in
1696 1065 1802 1087 earum
1827 1066 1985 1098 utraque,
2010 1055 2061 1089 sed
2100 1055 2135 1086 in

1128 1098 1261 1131 secunda
1286 1097 1482 1138 praesertim,
1508 1099 1540 1130 in
1564 1109 1626 1140 qua
1651 1099 1749 1131 etiam
1765 1098 1831 1140 sine
1846 1097 1955 1141 ferro,
1981 1098 2035 1132 sed
2070 1097 2134 1130 levi

1127 1152 1239 1174 manus
1264 1142 1387 1174 auxilio
1411 1140 1546 1174 alterum
1569 1152 1605 1173 os
1630 1142 1679 1173 ilii
1705 1141 1745 1173 ab
1769 1140 1833 1174 osse
1859 1142 1947 1177 sacro
1972 1142 2064 1183 plane
2088 1140 2136 1172 di-

1119 1182 1245 1225 vulsum
1269 1183 1328 1222 est.
1353 1184 1462 1224 Qam
1487 1186 1520 1215 in
1544 1185 1687 1225 gravidis
1711 1184 1922 1225 inchoatam,
1958 1186 1991 1217 in
2028 1193 2138 1225 partu-

1126 1228 1283 1261 rientibus
1308 1228 1458 1266 auctam,
1482 1226 1588 1269 sicque
1612 1228 1644 1260 in
1671 1230 1834 1268 puerperis
1864 1229 1944 1271 saepe
1992 1226 2139 1261 animad-

1129 1269 1249 1304 versam
1272 1269 1497 1311 juncturarum
1521 1271 1624 1313 pelvis
1647 1270 1912 1304 constitutionem
1958 1270 1980 1304 si
2027 1280 2137 1313 graves

1129 1315 1290 1349 Auctores
1314 1314 1542 1351 attendissent5
1567 1325 1631 1347 non
1655 1312 1747 1347 facile
1767 1335 1776 1350 ,
1800 1324 1834 1347 ut
1857 1316 1995 1356 opinor,
2022 1314 2137 1347 harum

1131 1358 1359 1391 didufflonem
1384 1358 1579 1398 ponentibus
1601 1356 1794 1399 objecissent
1810 1380 1821 1394 ,
1844 1370 1862 1390 a
1886 1357 2062 1391 lanionibus
2082 1357 2141 1390 vix

1126 1398 1206 1444 posse
1232 1401 1304 1434 illas
1336 1399 1495 1445 diffringi,
1521 1411 1574 1434 aut
1598 1400 1678 1435 duos
1702 1400 1850 1434 robustos
1871 1401 2018 1435 homines
2039 1400 2115 1434 hinc
2130 1426 2140 1441 ‚

1129 1448 1160 1477 δι
1184 1444 1259 1477 hinc
1284 1443 1446 1478 trahentes
1464 1468 1473 1482 ,
1497 1456 1535 1478 ne
1559 1443 1680 1478 summa
1704 1444 1836 1488 quidem
1863 1447 1895 1478 vi
1929 1445 1996 1477 ossa
2045 1444 2141 1487 pubis

1127 1488 1267 1520 di'dircere
1289 1487 1417 1530 valuiffe
1432 1512 1439 1518 .
1466 1488 1538 1522 Nec
1562 1499 1639 1522 vero
1663 1488 1696 1522 id
1720 1490 1839 1522 mirum
1861 1501 1871 1525 3
1907 1499 2008 1530 neque
2054 1488 2140 1521 enim

1126 1533 1173 1564 ita
1197 1541 1286 1563 erant
1309 1540 1344 1562 ut
1368 1541 1401 1563 in
1427 1533 1610 1574 puerperis,
1633 1531 1810 1574 disposita.
1835 1533 1913 1565 Sane
1949 1533 1980 1563 δι’
2028 1541 2142 1564 eorum

1125 1575 1295 1615 ingenium
1320 1574 1418 1607 laudo
1440 1575 1496 1615 qui
1523 1575 1635 1608 multis
1660 1575 1789 1609 subnixi
1815 1575 2014 1617 argumentis
2040 1597 2051 1612 ,
2094 1574 2146 1606 di-

1125 1617 1294 1651 duffiones
1316 1617 1387 1651 istas
1412 1626 1447 1650 ut
1471 1616 1665 1659 impoffibiles
1686 1630 1939 1661 oppugnarunt.
1968 1618 2027 1652 Sed
2052 1616 2143 1660 quod.

1132 1662 1229 1694 toties
1252 1659 1462 1701 conspectum
1486 1661 1528 1694 est
1554 1683 1563 1698 ,
1610 1662 1643 1694 id
1667 1661 1735 1695 sieri
1761 1674 1824 1695 non
1858 1662 1946 1702 posse
1972 1688 1979 1700 ‚
2024 1661 2144 1694 inutile

1131 1705 1174 1737 est
1198 1705 1331 1746 probare
1357 1704 1436 1736 velle
1460 1704 1666 1742 rationibus,
1688 1716 1767 1747 quas
1799 1704 1914 1740 frustra
1950 1717 2045 1739 nemo
2078 1703 2142 1738 dis-

1133 1748 1302 1781 solvendas
1325 1747 1498 1788 suscipiet,
1520 1759 1596 1781 cum
1622 1747 1697 1781 satis
1741 1749 1900 1791 superque
1947 1747 1984 1783 sit
2030 1760 2142 1783 eorum

1131 1794 1280 1824 omnium
1326 1792 1383 1832 qui
1430 1797 1495 1823 rem
1544 1792 1695 1824 viderunt
1722 1814 1731 1828 ,
1777 1795 1807 1825 ὃς
1841 1794 1883 1825 iis
1906 1793 1963 1835 qui
1988 1792 2141 1833 aderant,

1129 1835 1333 1868 ostenderunt
1355 1856 1368 1873 ‚
1402 1832 1594 1868 testimoniis
1632 1834 1815 1870 certissimis
1862 1835 1970 1871 statim
2015 1834 2141 1872 refelle·²

1127 1890 1161 1911 re
1187 1902 1194 1909 .

1171 1924 1225 1964 46.
1251 1921 1311 1955 Sed
1336 1933 1506 1964 puerperas
1531 1923 1638 1958 morbi
1661 1936 1726 1959 non
1752 1924 1850 1960 modo
1874 1924 2014 1967 celeres,
2052 1926 2139 1959 velut

1121 1967 1149 2000 is
1172 1966 1210 1998 de
1234 1977 1301 2008 quo
1326 1966 1491 1999 novillin'ie
1514 1968 1638 2002 diffisum
1662 1970 1727 2009 est,
1754 1979 1808 2003 aut
1832 1981 1927 2012 quern
1954 1972 2035 2013 apud
2080 1970 2134 2003 Cl.

1119 2009 1304 2045 Henricum
1326 2009 1518 2043 Sandenium
1543 2012 1594 2054 (a
1617 2016 1630 2050 )
1652 2024 1692 2046 ex
1709 2011 1954 2055 sesquipalmarz'
1975 2015 2138 2056 parietum

1122 2054 1205 2086 uteri
1228 2052 1451 2093 crassitudine,
1480 2054 1528 2087 vel
1554 2059 1662 2097 potius
1686 2068 1723 2089 ex
1748 2068 1783 2088 ea
1809 2068 1880 2099 quae
1908 2067 1973 2089 non
1997 2059 2043 2091 ita
2086 2070 2137 2091 ra-

1120 2107 1152 2128 ra
1170 2119 1179 2133 ,
1204 2098 1272 2128 imo
1296 2107 1360 2128 non
1388 2094 1574 2140 infrequens
1598 2099 1689 2132 causa
1713 2100 1778 2139 est,
1802 2111 1916 2142 nempe
1941 2103 2024 2135 uteri
2040 2101 2136 2144 spba-

1121 2140 1190 2171 cclo
1213 2141 1244 2188 in
1271 2150 1331 2171 una
1355 2149 1451 2182 atque
1474 2141 1571 2175 altera
1595 2141 1790 2185 descriptum
1815 2143 1940 2177 videbis
1963 2157 1978 2177 a
2004 2146 2056 2178 Cl.
2078 2144 2135 2189 Jo..

1121 2182 1269 2215 Henrico
1292 2182 1432 2232 liucli'sio
1455 2183 1546 2223 (b),
1571 2197 1635 2219 non
1662 2188 1783 2225 modo,
1809 2189 1962 2229 inquam,
1998 2198 2135 2230 puerpe-

1121 2236 1170 2258 ras
1194 2225 1300 2259 morbi
1324 2225 1440 2259 celeres
1457 2249 1467 2264 ‚
1492 2239 1605 2261 verum
1629 2231 1727 2263 etiam
1775 2230 1853 2263 lenti
1899 2233 2098 2273 extinguunt
2123 2245 2132 2268 ς

1120 2280 1352 2309 nonnunquam
1398 2269 1499 2312 longo
1542 2273 1610 2312 poll:
1656 2283 1784 2314 partum
1831 2276 1977 2316 tempore
2003 2299 2013 2314 ,
2060 2276 2130 2309 imo

1120 2312 1223 2345 donec
1249 2313 1412 2349 vixerint,
1438 2314 1518 2346 male
1544 2315 1685 2348 liabent.
1713 2317 1765 2349 Ut
1790 2317 1876 2349 lenta
1901 2315 1999 2350 febris
2022 2329 2060 2352 ex
2084 2330 2134 2353 te.

1120 2355 1196 2392 stis,
1222 2355 1368 2398 tubaeque
1394 2357 1537 2391 abscessu
1562 2370 1750 2402 puerperam
1776 2360 1962 2401 abstulerit,
1997 2361 2067 2395 aliis
2114 2375 2131 2397 a

1120 2411 1170 2432 me
1196 2401 1331 2432 Litteris
1355 2405 1364 2437 <
1389 2412 1405 2431 c
1428 2404 1441 2439 )
1467 2401 1622 2442 scriptum
1648 2401 1715 2440 est,
1739 2403 1962 2447 ostensumque
1997 2403 2088 2440 simul
2113 2429 2125 2447 ‚

1118 2441 1175 2486 qui
1202 2442 1258 2475 fiat
1283 2442 1467 2490 interdum,
1492 2454 1527 2477 ut
1552 2446 1592 2477 ab
1614 2445 1774 2479 laboriosa
1801 2450 1882 2480 uteri
1918 2446 2094 2489 gestatione
2118 2475 2129 2489 ‚

1117 2496 1274 2527 partuque
1296 2485 1420 2519 difficili
1444 2498 1493 2533 ea>⁴
1513 2489 1681 2528 particulae
1706 2501 1859 2532 magnum
1893 2491 2126 2528 detrimentum

1115 2530 1262 2571 capiant.
1289 2530 1339 2560 Ut
1364 2541 1441 2562 vero
1464 2530 1604 2571 ejusdem
1628 2532 1811 2574 gestationis
1838 2543 1984 2577 tempore
1999 2537 2037 2569 ab
2053 2548 2126 2571 ute-

1114 2583 1172 2622 ro,
1199 2572 1436 2616 visceribusque
1459 2572 1531 2607 aliis
1553 2576 1787 2616 compressum,
1812 2588 1915 2619 eoque
1950 2582 2124 2622 aliquando

1112 2616 1350 2662 mflammatum
1373 2627 1540 2651 omentum
1567 2621 1598 2650 in
1623 2620 1825 2662 oblongum,
1851 2625 1881 2654 ὃε
1916 2622 2013 2657 ferme
2046 2624 2122 2658 scir-

1116 2659 1246 2693 tholum
1271 2669 1430 2693 tumorem
1455 2661 1677 2696 conformetur
1694 2686 1702 2700 ,
1727 2665 1784 2705 qui
1809 2676 1955 2708 apartu,
1980 2678 2014 2700 ut
2040 2670 2122 2704 inihi

1115 2714 1245 2744 quoque
1267 2706 1413 2736 occurrit
1430 2730 1439 2744 ‚
1464 2706 1496 2737 in
1523 2707 1687 2739 nonnullis
1713 2709 1825 2745 restat,
1862 2709 1974 2751 easque
2008 2711 2121 2746 dolore

1115 2756 1374 2795 nonnunquam,
1396 2748 1609 2782 incommodo
1632 2760 1738 2783 autem
1764 2751 1873 2792 aliquo
1897 2751 2019 2795 semper
2051 2755 2121 2789 affi-

1106 2798 1177 2829 cit,
1200 2789 1387 2831 Ruyschius
1412 2791 1466 2831 (d
1486 2794 1502 2830 >
1522 2792 1655 2830 docuit,
1680 2795 1710 2825 δι
1735 2803 1806 2826 ante
1830 2794 1933 2835 ipsum
1958 2797 2117 2833 indicavit

1106 2832 1271 2866 Bauliinus
1294 2836 1307 2871 ζ
1330 2844 1343 2866 ι’
1366 2837 1379 2872 >
1403 2846 1477 2867 cum
1504 2834 1647 2876 scripsit,
1680 2837 1834 2870 nonnullis
1875 2838 1939 2879 posi
1981 2849 2112 2881 partum

1105 2876 1187 2908 circa
1210 2877 1330 2908 ventris
1354 2878 1489 2910 mediam
1512 2878 1673 2911 collobium
1704 2889 1876 2913 omentum
1922 2894 2075 2918 remanere
2110 2909 2119 2923 ,

1105 2919 1153 2951 ira
1178 2927 1213 2952 us
1235 2929 1292 2950 non
1315 2918 1396 2952 leves
1415 2920 1535 2967 doleres
1558 2921 1669 2963 (quod
1693 2932 1802 2956 tamen
1817 2949 1824 2962 ‚
1851 2933 1885 2957 ut
1908 2926 2003 2966 dixi,
2049 2941 2113 2963 nori

1106 2962 1148 2996 est
1175 2965 1387 3004 perpetuum)
1408 2963 1585 3005 perferam.
1612 2965 1655 2997 Et
1680 2964 1713 2997 hi
1737 2967 1868 3009 quidem
1899 2970 2113 3014 acerbissimi,

1104 3008 1136 3037 &
1160 3005 1400 3048 pertinacissimi
1427 3007 1495 3047 post
1518 3017 1646 3048 partum
1671 3009 1769 3042 inilla
1784 3009 1931 3050 fuerant,
1956 3016 2113 3055 quaelon-

1101 3061 1145 3092 go
1169 3059 1314 3089 tempore
1337 3050 1376 3081 iis
1400 3049 1607 3086 conflictata,
1632 3054 1661 3083 ὃς
1687 3054 1813 3086 tandem
1837 3054 1982 3089 confeeta
2008 3056 2113 3100 (f),

1101 3101 1269 3128 omentum
1295 3091 1409 3126 habuit
1433 3095 1638 3127 contrac‘sum
1665 3095 1698 3127 in
1721 3095 1807 3129 funis
1842 3099 1974 3132 modum
1994 3126 2001 3132 .
2050 3103 2109 3137 Sed

1107 3136 1238 3175 vesicae,
1260 3138 1290 3167 δέ
1314 3138 1397 3182 uteri
1422 3136 1523 3169 suado
1549 3136 1589 3170 fic
1612 3149 1811 3176 accreverat,
1836 3151 1871 3173 ut
1906 3153 1978 3174 cum
2014 3141 2108 3178 dolo...

1105 3181 1192 3212 ribus
1216 3191 1249 3211 ea
1273 3189 1548 3221 conjungerentur
1574 3180 1811 3223 symptomata,
1837 3185 1881 3216 ob
1903 3196 1973 3227 quae
1998 3185 2106 3228 hyste.

1101 3226 1168 3255 rica
1193 3223 1263 3254 aliis
1284 3244 1296 3258 ,
1320 3223 1390 3256 aliis
1413 3223 1569 3257 calculosa
1594 3224 1661 3257 visa
1686 3224 1808 3260 fuerat.
1835 3227 1910 3261 Huc
1934 3227 2011 3261 adde
2035 3242 2101 3265 non

1101 3265 1285 3312 dolorisrca,
1299 3264 1348 3298 sed
1363 3266 1569 3308 permolesta,
1585 3269 1644 3301 alia
1659 3270 1742 3301 mala
1755 3282 1790 3309 ,a
1808 3271 1912 3303 minus
1922 3270 2010 3305 felici
2034 3284 2104 3315 par-

1101 3318 1137 3342 tu
1162 3309 1288 3347 relicia,
1310 3310 1600 3347 claudicationem,
1626 3313 1710 3344 uteri
1737 3313 1919 3354 prolapsum
1943 3337 1955 3353 ,
2003 3317 2102 3350 urinae

1102 3353 1371 3384 incontinentiam
1396 3379 1404 3393 ‚
1449 3352 1488 3385 de
1532 3355 1651 3395 quibus
1682 3351 1800 3388 'sermo
1846 3358 1879 3388 in
1928 3358 1997 3391 aliis
2022 3361 2103 3402 Epi-

1103 3396 1188 3428 stolis
1215 3409 1224 3431 3
1267 3398 1296 3427 δι
1341 3396 1373 3427 in
1420 3395 1478 3429 hac
1501 3398 1565 3438 ipsa
1598 3401 1652 3473 (ᾗ
1668 3398 1749 3474 {aex
1772 3409 1861 3442 parte
1884 3397 2013 3434 habitus
2037 3405 2101 3438 est.
2138 3421 2151 3436 e

1744 3452 1762 3474 2
1990 3447 2057 3479 De-

95 3554 97 3556 ,
225 3548 232 3553 ,

111 3746 117 3770 s
136 3744 148 3767 b
167 3755 174 3773 j
194 3747 244 3770 AR.
266 3749 296 3769 N·
315 3748 344 3770 C.
363 3747 438 3771 Toni.
456 3753 477 3769 2.
494 3746 551 3770 Obs.
574 3751 625 3773 146-

98 3776 137 3804 [f
156 3779 163 3805 [ἃ
182 3778 241 3805 Eph.
260 3779 291 3800 N.
311 3778 340 3800 C.
358 3778 414 3800 Dec.
435 3784 454 3804 3.
474 3779 507 3800 Α.
523 3786 544 3805 4.
564 3778 621 3802 ΟΜ.
640 3786 661 3807 7.
723 3779 737 3807 (
752 3787 771 3809 g
788 3782 798 3810 )
815 3788 840 3804 ri.
860 3788 896 3809 33.

102 3653 146 3683 (p
159 3656 173 3685 )
193 3655 252 3684 Eph.
271 3658 303 3680 N.
322 3656 350 3678 C.
369 3656 426 3679 Dec.
445 3662 468 3684 3.
485 3656 514 3679 A.
533 3662 552 3684 9.
570 3658 591 3680 ἃ
610 3664 646 3681 10.
663 3656 721 3681 Obs.
739 3665 790 3683 τοι.
852 3658 865 3686 C
881 3666 896 3686 q
913 3658 925 3686 )
940 3658 1021 3684 Trast
1042 3661 1070 3685 de
1087 3662 1177 3685 Varios.
1194 3669 1213 3685 c.
1225 3670 1255 3688 -7.

102 3685 109 3709 s
125 3684 168 3713 s)
187 3687 299 3719 Teutam.
316 3686 383 3709 Med.
403 3687 431 3708 P.
451 3692 471 3709 1.
487 3685 559 3710 Thes.
575 3690 598 3709 6.
662 3688 700 3716 (t
716 3688 730 3715 )
747 3690 835 3718 Con-ip.
853 3691 925 3712 Anat.
942 3698 964 3713 n.
984 3694 1034 3718 235.
1097 3691 1110 3719 (
1126 3700 1141 3714 u
1156 3692 1170 3719 )
1188 3692 1260 3720 Epist.
1278 3699 1315 3720 ²3·

101 3714 140 3743 sy
156 3716 170 3742 )
189 3718 236 3741 111.
254 3715 367 3739 Animad.
388 3723 424 3744 15.
486 3717 499 3744 ζ
516 3724 533 3743 z
549 3721 558 3742 )
576 3717 662 3747 Quaest.
681 3717 709 3742 de
727 3717 771 3743 hoc
787 3727 878 3746 amum.
897 3720 1013 3749 proposita
1031 3721 1129 3746 Praeside
1146 3725 1259 3746 Bnuvam⁴
1277 3730 1299 3745 n.
1319 3730 1340 3750 ς.

687 3750 694 3776 (
714 3756 725 3772 e
743 3750 751 3778 )
768 3750 841 3778 Epist.
857 3752 896 3776 46,
915 3759 938 3773 n.
955 3758 992 3778 27.
1011 3753 1032 3775 a:
1051 3755 1086 3775 28.

1318 3662 1331 3691 ζ
1348 3670 1359 3685 ν
1373 3661 1387 3689 )
1403 3661 1499 3685 Advets’.
1518 3665 1591 3688 Anat.
1612 3666 1653 3688 IV.
1672 3664 1789 3689 Animad.
1807 3672 1845 3695 43.
1862 3665 1886 3690 in
1904 3666 1966 3691 sine.

1377 3691 1419 3721 (x
1436 3693 1444 3722 )
1461 3692 1518 3716 Obsi
1537 3695 1609 3718 Anat.
1628 3702 1646 3718 c.
1669 3695 1783 3724 11.§.4.

1404 3724 1414 3746 (
1431 3731 1444 3745 a
1464 3725 1470 3750 l
1489 3723 1587 3748 Observ.
1604 3725 1633 3748 de
1651 3725 1752 3753 Prolaps.
1770 3727 1840 3749 Uter.

1543 3754 1546 3757 ¹
1862 3726 1884 3756 §.
1904 3734 1941 3754 ¹4.
1957 3727 1982 3751 in
2000 3726 2045 3751 sin,

1150 3752 1195 3782 (d
1214 3759 1226 3781 2
1242 3755 1313 3777 cent.
1331 3750 1389 3776 Obs.
1408 3755 1481 3777 Anat.
1502 3755 1613 3784 Chir.63.

1679 3756 1691 3784 ζ
1707 3764 1717 3778 e
1736 3756 1862 3786 )Tlieatr.
1881 3760 1950 3781 Anat.
1968 3758 2007 3782 Ι,ι.
2023 3765 2084 3782 cua.
