<?xml version="1.0" encoding="UTF-8"?>
<!DOCTYPE html PUBLIC "-//W3C//DTD XHTML 1.0 Transitional//EN"
    "http://www.w3.org/TR/xhtml1/DTD/xhtml1-transitional.dtd">
<html xmlns="http://www.w3.org/1999/xhtml" xml:lang="en" lang="en">
 <head>
  <title>
</title>
<meta http-equiv="Content-Type" content="text/html;charset=utf-8" />
  <meta name='ocr-system' content='tesseract 3.04.00' />
  <meta name='ocr-capabilities' content='ocr_page ocr_carea ocr_par ocr_line ocrx_word'/>
</head>
<body>
  <div class='ocr_page' id='page_1' title='image "./desedibusetcausi00morg_0303.png"; bbox 0 0 2498 4075; ppageno 0'>
   <div class='ocr_carea' id='block_1_1' title="bbox 394 255 1742 329">
    <p class='ocr_par' dir='ltr' id='par_1_1' title="bbox 394 255 1742 329">
     <span class='ocr_line' id='line_1_1' title="bbox 394 255 1742 329; baseline -0.001 -18"><span class='ocrx_word' id='word_1_1' title='bbox 394 258 550 325; x_wconf 68' lang='lat' dir='ltr'>Epist-¹</span> <span class='ocrx_word' id='word_1_2' title='bbox 587 258 747 310; x_wconf 83' lang='lat' dir='ltr'>Anat.</span> <span class='ocrx_word' id='word_1_3' title='bbox 782 259 997 312; x_wconf 85' lang='lat' dir='ltr'>Medica</span> <span class='ocrx_word' id='word_1_4' title='bbox 1033 255 1742 329; x_wconf 36' lang='lat' dir='ltr'>XX1.¹Art.6.7.8.9.&amp;1o.</span> 
     </span>
    </p>
   </div>
   <div class='ocr_carea' id='block_1_2' title="bbox 24 335 1087 2033">
    <p class='ocr_par' dir='ltr' id='par_1_2' title="bbox 24 335 1087 2033">
     <span class='ocr_line' id='line_1_2' title="bbox 73 335 1083 380; baseline 0.001 -12"><span class='ocrx_word' id='word_1_5' title='bbox 73 335 160 370; x_wconf 86' lang='lat' dir='ltr'>enim</span> <span class='ocrx_word' id='word_1_6' title='bbox 190 345 232 370; x_wconf 72' lang='lat' dir='ltr'>ex</span> <span class='ocrx_word' id='word_1_7' title='bbox 262 336 423 380; x_wconf 82' lang='lat' dir='ltr'>superiore</span> <span class='ocrx_word' id='word_1_8' title='bbox 466 335 634 380; x_wconf 72' lang='lat' dir='ltr'>Epistola„</span> <span class='ocrx_word' id='word_1_9' title='bbox 678 345 772 380; x_wconf 89' lang='lat' dir='ltr'>atque</span> <span class='ocrx_word' id='word_1_10' title='bbox 806 336 885 372; x_wconf 84' lang='lat' dir='ltr'>adeo</span> <span class='ocrx_word' id='word_1_11' title='bbox 917 348 956 371; x_wconf 85' lang='lat' dir='ltr'>ex</span> <span class='ocrx_word' id='word_1_12' title='bbox 989 335 1083 369; x_wconf 89' lang='lat' dir='ltr'>disse-</span> 
     </span>
     <span class='ocr_line' id='line_1_3' title="bbox 75 379 1082 424; baseline 0 -12"><span class='ocrx_word' id='word_1_13' title='bbox 75 380 269 421; x_wconf 65' lang='lat' dir='ltr'>«itionibus,</span> <span class='ocrx_word' id='word_1_14' title='bbox 305 381 365 413; x_wconf 86' lang='lat' dir='ltr'>hac</span> <span class='ocrx_word' id='word_1_15' title='bbox 387 392 515 424; x_wconf 88' lang='lat' dir='ltr'>quoque</span> <span class='ocrx_word' id='word_1_16' title='bbox 550 379 741 422; x_wconf 73' lang='lat' dir='ltr'>produffls,</span> <span class='ocrx_word' id='word_1_17' title='bbox 775 392 869 422; x_wconf 88' lang='lat' dir='ltr'>quam</span> <span class='ocrx_word' id='word_1_18' title='bbox 900 380 1017 414; x_wconf 89' lang='lat' dir='ltr'>crebro</span> <span class='ocrx_word' id='word_1_19' title='bbox 1048 381 1082 412; x_wconf 90' lang='lat' dir='ltr'>in</span> 
     </span>
     <span class='ocr_line' id='line_1_4' title="bbox 69 422 1083 466; baseline -0.002 -9"><span class='ocrx_word' id='word_1_20' title='bbox 69 424 343 464; x_wconf 77' lang='lat' dir='ltr'>peripneumonia</span> <span class='ocrx_word' id='word_1_21' title='bbox 367 424 469 457; x_wconf 85' lang='lat' dir='ltr'>serum</span> <span class='ocrx_word' id='word_1_22' title='bbox 492 426 526 456; x_wconf 90' lang='lat' dir='ltr'>in</span> <span class='ocrx_word' id='word_1_23' title='bbox 551 422 730 466; x_wconf 89' lang='lat' dir='ltr'>pericardio</span> <span class='ocrx_word' id='word_1_24' title='bbox 751 425 954 464; x_wconf 82' lang='lat' dir='ltr'>cumuletur,</span> <span class='ocrx_word' id='word_1_25' title='bbox 987 422 1083 466; x_wconf 89' lang='lat' dir='ltr'>idque</span> 
     </span>
     <span class='ocr_line' id='line_1_5' title="bbox 75 465 1083 510; baseline -0.001 -11"><span class='ocrx_word' id='word_1_26' title='bbox 75 465 219 507; x_wconf 82' lang='lat' dir='ltr'>craffius,</span> <span class='ocrx_word' id='word_1_27' title='bbox 243 470 276 500; x_wconf 87' lang='lat'>&amp;</span> <span class='ocrx_word' id='word_1_28' title='bbox 299 468 411 500; x_wconf 87' lang='lat' dir='ltr'>alienis</span> <span class='ocrx_word' id='word_1_29' title='bbox 434 468 552 501; x_wconf 88' lang='lat' dir='ltr'>foetum</span> <span class='ocrx_word' id='word_1_30' title='bbox 576 466 742 509; x_wconf 81' lang='lat' dir='ltr'>particulis</span> <span class='ocrx_word' id='word_1_31' title='bbox 764 491 779 506; x_wconf 29' lang='lat' dir='ltr'>A,</span> <span class='ocrx_word' id='word_1_32' title='bbox 810 479 880 510; x_wconf 80' lang='lat' dir='ltr'>quae</span> <span class='ocrx_word' id='word_1_33' title='bbox 916 476 971 502; x_wconf 89' lang='lat' dir='ltr'>aut</span> <span class='ocrx_word' id='word_1_34' title='bbox 1002 466 1083 500; x_wconf 89' lang='lat' dir='ltr'>sece-</span> 
     </span>
     <span class='ocr_line' id='line_1_6' title="bbox 75 509 1082 552; baseline -0.001 -9"><span class='ocrx_word' id='word_1_35' title='bbox 75 509 300 544; x_wconf 34' lang='lat' dir='ltr'>dentesfficoedi</span> <span class='ocrx_word' id='word_1_36' title='bbox 323 509 503 547; x_wconf 81' lang='lat' dir='ltr'>adhaerere‚</span> <span class='ocrx_word' id='word_1_37' title='bbox 527 518 582 543; x_wconf 87' lang='lat' dir='ltr'>aut</span> <span class='ocrx_word' id='word_1_38' title='bbox 604 511 756 552; x_wconf 88' lang='lat' dir='ltr'>quapiam</span> <span class='ocrx_word' id='word_1_39' title='bbox 780 511 842 544; x_wconf 89' lang='lat' dir='ltr'>alia</span> <span class='ocrx_word' id='word_1_40' title='bbox 865 512 990 544; x_wconf 87' lang='lat' dir='ltr'>ratione</span> <span class='ocrx_word' id='word_1_41' title='bbox 1023 521 1082 543; x_wconf 90' lang='lat' dir='ltr'>no-</span> 
     </span>
     <span class='ocr_line' id='line_1_7' title="bbox 75 553 1082 596; baseline 0 -11"><span class='ocrx_word' id='word_1_42' title='bbox 75 563 145 591; x_wconf 81' lang='lat' dir='ltr'>cere</span> <span class='ocrx_word' id='word_1_43' title='bbox 169 553 284 595; x_wconf 82' lang='lat' dir='ltr'>possint</span> <span class='ocrx_word' id='word_1_44' title='bbox 307 555 355 587; x_wconf 89' lang='lat' dir='ltr'>vel</span> <span class='ocrx_word' id='word_1_45' title='bbox 378 553 543 596; x_wconf 70' lang='lat' dir='ltr'>postquam</span> <span class='ocrx_word' id='word_1_46' title='bbox 567 553 786 587; x_wconf 85' lang='lat' dir='ltr'>inflammatio</span> <span class='ocrx_word' id='word_1_47' title='bbox 807 553 971 588; x_wconf 81' lang='lat' dir='ltr'>finitaest.</span> <span class='ocrx_word' id='word_1_48' title='bbox 989 553 1082 589; x_wconf 87' lang='lat' dir='ltr'>Quin</span> 
     </span>
     <span class='ocr_line' id='line_1_8' title="bbox 74 594 1083 640; baseline 0.001 -12"><span class='ocrx_word' id='word_1_49' title='bbox 74 596 173 629; x_wconf 87' lang='lat' dir='ltr'>etiam</span> <span class='ocrx_word' id='word_1_50' title='bbox 195 596 318 630; x_wconf 91' lang='lat' dir='ltr'>videbis</span> <span class='ocrx_word' id='word_1_51' title='bbox 338 608 409 640; x_wconf 77' lang='lat' dir='ltr'>quae</span> <span class='ocrx_word' id='word_1_52' title='bbox 430 596 468 630; x_wconf 91' lang='lat' dir='ltr'>de</span> <span class='ocrx_word' id='word_1_53' title='bbox 492 595 588 629; x_wconf 88' lang='lat' dir='ltr'>corde</span> <span class='ocrx_word' id='word_1_54' title='bbox 611 608 649 630; x_wconf 89' lang='lat' dir='ltr'>ex</span> <span class='ocrx_word' id='word_1_55' title='bbox 672 597 864 635; x_wconf 90' lang='lat' dir='ltr'>pulmonum</span> <span class='ocrx_word' id='word_1_56' title='bbox 898 594 1083 631; x_wconf 86' lang='lat' dir='ltr'>inflamma-</span> 
     </span>
     <span class='ocr_line' id='line_1_9' title="bbox 24 639 1081 682; baseline 0.001 -10"><span class='ocrx_word' id='word_1_57' title='bbox 24 640 167 681; x_wconf 31' lang='lat' dir='ltr'>ffitione</span> <span class='ocrx_word' id='word_1_58' title='bbox 189 641 224 673; x_wconf 88' lang='lat' dir='ltr'>in</span> <span class='ocrx_word' id='word_1_59' title='bbox 247 652 311 674; x_wconf 91' lang='lat' dir='ltr'>non</span> <span class='ocrx_word' id='word_1_60' title='bbox 335 640 443 682; x_wconf 80' lang='lat' dir='ltr'>paucis</span> <span class='ocrx_word' id='word_1_61' title='bbox 466 639 604 674; x_wconf 84' lang='lat' dir='ltr'>dilatato</span> <span class='ocrx_word' id='word_1_62' title='bbox 627 639 711 673; x_wconf 88' lang='lat' dir='ltr'>infra</span> <span class='ocrx_word' id='word_1_63' title='bbox 734 644 745 679; x_wconf 74' lang='grc' dir='ltr'>ξ</span> <span class='ocrx_word' id='word_1_64' title='bbox 767 651 781 673; x_wconf 87' lang='lat' dir='ltr'>e</span> <span class='ocrx_word' id='word_1_65' title='bbox 803 644 817 680; x_wconf 97' lang='lat'>)</span> <span class='ocrx_word' id='word_1_66' title='bbox 849 641 1046 682; x_wconf 72' lang='lat' dir='ltr'>attingemus</span> <span class='ocrx_word' id='word_1_67' title='bbox 1072 653 1081 672; x_wconf 90' lang='lat'><em>:</em></span> 
     </span>
     <span class='ocr_line' id='line_1_10' title="bbox 57 681 1082 726; baseline -0.001 -10"><span class='ocrx_word' id='word_1_68' title='bbox 57 683 109 716; x_wconf 71' lang='grc' dir='ltr'>’δε</span> <span class='ocrx_word' id='word_1_69' title='bbox 131 681 289 726; x_wconf 79' lang='lat' dir='ltr'>conjicere</span> <span class='ocrx_word' id='word_1_70' title='bbox 313 683 387 716; x_wconf 88' lang='lat' dir='ltr'>inde</span> <span class='ocrx_word' id='word_1_71' title='bbox 411 684 554 725; x_wconf 87' lang='lat' dir='ltr'>poteris,</span> <span class='ocrx_word' id='word_1_72' title='bbox 577 693 613 717; x_wconf 92' lang='lat' dir='ltr'>ut</span> <span class='ocrx_word' id='word_1_73' title='bbox 637 683 691 716; x_wconf 91' lang='lat' dir='ltr'>hic</span> <span class='ocrx_word' id='word_1_74' title='bbox 714 683 865 717; x_wconf 85' lang='lat' dir='ltr'>auriculae</span> <span class='ocrx_word' id='word_1_75' title='bbox 877 682 1003 717; x_wconf 70' lang='lat' dir='ltr'>sinistrae</span> <span class='ocrx_word' id='word_1_76' title='bbox 1014 684 1082 715; x_wconf 91' lang='lat' dir='ltr'>evi-</span> 
     </span>
     <span class='ocr_line' id='line_1_11' title="bbox 75 725 1082 770; baseline 0 -11"><span class='ocrx_word' id='word_1_77' title='bbox 75 725 188 759; x_wconf 84' lang='lat' dir='ltr'>denter</span> <span class='ocrx_word' id='word_1_78' title='bbox 208 750 220 767; x_wconf 85' lang='lat'>,</span> <span class='ocrx_word' id='word_1_79' title='bbox 253 728 300 761; x_wconf 86' lang='lat' dir='ltr'>ita</span> <span class='ocrx_word' id='word_1_80' title='bbox 333 726 467 770; x_wconf 73' lang='lat' dir='ltr'>subjeffi</span> <span class='ocrx_word' id='word_1_81' title='bbox 502 738 631 770; x_wconf 87' lang='lat' dir='ltr'>quoque</span> <span class='ocrx_word' id='word_1_82' title='bbox 664 727 835 759; x_wconf 87' lang='lat' dir='ltr'>ventriculi</span> <span class='ocrx_word' id='word_1_83' title='bbox 869 725 1046 760; x_wconf 81' lang='lat' dir='ltr'>substantiae</span> <span class='ocrx_word' id='word_1_84' title='bbox 1069 749 1082 765; x_wconf 89' lang='lat'>,</span> 
     </span>
     <span class='ocr_line' id='line_1_12' title="bbox 73 769 1082 812; baseline -0.003 -8"><span class='ocrx_word' id='word_1_85' title='bbox 73 771 221 812; x_wconf 85' lang='lat' dir='ltr'>quamvis</span> <span class='ocrx_word' id='word_1_86' title='bbox 244 781 307 804; x_wconf 89' lang='lat' dir='ltr'>non</span> <span class='ocrx_word' id='word_1_87' title='bbox 331 770 379 803; x_wconf 88' lang='lat' dir='ltr'>ita</span> <span class='ocrx_word' id='word_1_88' title='bbox 403 769 592 809; x_wconf 81' lang='lat' dir='ltr'>manifesto,</span> <span class='ocrx_word' id='word_1_89' title='bbox 613 770 681 803; x_wconf 90' lang='lat' dir='ltr'>vim</span> <span class='ocrx_word' id='word_1_90' title='bbox 712 769 782 803; x_wconf 86' lang='lat' dir='ltr'>fieri</span> <span class='ocrx_word' id='word_1_91' title='bbox 816 769 951 812; x_wconf 89' lang='lat' dir='ltr'>potuisse</span> <span class='ocrx_word' id='word_1_92' title='bbox 977 794 985 801; x_wconf 92' lang='lat'><em>.</em></span> <span class='ocrx_word' id='word_1_93' title='bbox 1024 769 1082 802; x_wconf 89' lang='lat' dir='ltr'>Sed</span> 
     </span>
     <span class='ocr_line' id='line_1_13' title="bbox 73 811 1082 857; baseline -0.001 -11"><span class='ocrx_word' id='word_1_94' title='bbox 73 814 132 846; x_wconf 86' lang='lat' dir='ltr'>illa</span> <span class='ocrx_word' id='word_1_95' title='bbox 154 811 248 846; x_wconf 89' lang='lat' dir='ltr'>facile</span> <span class='ocrx_word' id='word_1_96' title='bbox 270 813 421 847; x_wconf 85' lang='lat' dir='ltr'>videntur</span> <span class='ocrx_word' id='word_1_97' title='bbox 436 839 443 851; x_wconf 97' lang='lat'>,</span> <span class='ocrx_word' id='word_1_98' title='bbox 466 814 579 856; x_wconf 86' lang='lat' dir='ltr'>saepius</span> <span class='ocrx_word' id='word_1_99' title='bbox 602 812 775 856; x_wconf 79' lang='lat' dir='ltr'>praegressae</span> <span class='ocrx_word' id='word_1_100' title='bbox 809 814 1082 857; x_wconf 80' lang='lat' dir='ltr'>peripneumoniae</span> 
     </span>
     <span class='ocr_line' id='line_1_14' title="bbox 77 855 1082 900; baseline 0 -11"><span class='ocrx_word' id='word_1_101' title='bbox 77 855 136 890; x_wconf 84' lang='lat' dir='ltr'>esse</span> <span class='ocrx_word' id='word_1_102' title='bbox 159 856 387 898; x_wconf 84' lang='lat' dir='ltr'>adscribenda,</span> <span class='ocrx_word' id='word_1_103' title='bbox 409 857 497 900; x_wconf 90' lang='lat' dir='ltr'>quod</span> <span class='ocrx_word' id='word_1_104' title='bbox 522 856 725 890; x_wconf 86' lang='lat' dir='ltr'>Bronchialis</span> <span class='ocrx_word' id='word_1_105' title='bbox 753 859 865 890; x_wconf 89' lang='lat' dir='ltr'>arteria</span> <span class='ocrx_word' id='word_1_106' title='bbox 897 858 1004 890; x_wconf 90' lang='lat' dir='ltr'>multo</span> <span class='ocrx_word' id='word_1_107' title='bbox 1035 856 1082 889; x_wconf 86' lang='lat' dir='ltr'>es-</span> 
     </span>
     <span class='ocr_line' id='line_1_15' title="bbox 74 899 1084 943; baseline -0.002 -9"><span class='ocrx_word' id='word_1_108' title='bbox 74 899 120 934; x_wconf 88' lang='lat' dir='ltr'>set</span> <span class='ocrx_word' id='word_1_109' title='bbox 143 900 284 939; x_wconf 77' lang='lat' dir='ltr'>crassior,</span> <span class='ocrx_word' id='word_1_110' title='bbox 309 900 394 943; x_wconf 83' lang='lat' dir='ltr'>quod</span> <span class='ocrx_word' id='word_1_111' title='bbox 418 900 565 934; x_wconf 88' lang='lat' dir='ltr'>vasorum</span> <span class='ocrx_word' id='word_1_112' title='bbox 580 923 589 938; x_wconf 95' lang='lat'>,</span> <span class='ocrx_word' id='word_1_113' title='bbox 611 899 767 933; x_wconf 88' lang='lat' dir='ltr'>bronchia</span> <span class='ocrx_word' id='word_1_114' title='bbox 791 899 1002 942; x_wconf 76' lang='lat' dir='ltr'>stipantium,</span> <span class='ocrx_word' id='word_1_115' title='bbox 1025 901 1084 932; x_wconf 88' lang='lat' dir='ltr'>ali-</span> 
     </span>
     <span class='ocr_line' id='line_1_16' title="bbox 60 942 1082 987; baseline -0.002 -9"><span class='ocrx_word' id='word_1_116' title='bbox 60 942 163 987; x_wconf 64' lang='lat' dir='ltr'>&gt;quod</span> <span class='ocrx_word' id='word_1_117' title='bbox 186 944 259 977; x_wconf 88' lang='lat' dir='ltr'>esset</span> <span class='ocrx_word' id='word_1_118' title='bbox 286 944 487 981; x_wconf 80' lang='lat' dir='ltr'>varicosurn,</span> <span class='ocrx_word' id='word_1_119' title='bbox 511 944 598 986; x_wconf 89' lang='lat' dir='ltr'>quod</span> <span class='ocrx_word' id='word_1_120' title='bbox 631 955 666 977; x_wconf 89' lang='lat' dir='ltr'>ea</span> <span class='ocrx_word' id='word_1_121' title='bbox 702 943 772 976; x_wconf 85' lang='lat' dir='ltr'>vasa</span> <span class='ocrx_word' id='word_1_122' title='bbox 804 955 878 978; x_wconf 89' lang='lat' dir='ltr'>curn</span> <span class='ocrx_word' id='word_1_123' title='bbox 912 942 1082 976; x_wconf 88' lang='lat' dir='ltr'>bronchiis</span> 
     </span>
     <span class='ocr_line' id='line_1_17' title="bbox 73 985 1083 1030; baseline -0.003 -9"><span class='ocrx_word' id='word_1_124' title='bbox 73 987 182 1021; x_wconf 88' lang='lat' dir='ltr'>multo</span> <span class='ocrx_word' id='word_1_125' title='bbox 205 988 321 1020; x_wconf 72' lang='lat' dir='ltr'>arrftius</span> <span class='ocrx_word' id='word_1_126' title='bbox 346 998 445 1030; x_wconf 89' lang='lat' dir='ltr'>quam</span> <span class='ocrx_word' id='word_1_127' title='bbox 470 987 615 1028; x_wconf 79' lang='lat' dir='ltr'>soleant,</span> <span class='ocrx_word' id='word_1_128' title='bbox 638 985 859 1028; x_wconf 84' lang='lat' dir='ltr'>cohaererent,</span> <span class='ocrx_word' id='word_1_129' title='bbox 882 986 1011 1020; x_wconf 84' lang='lat' dir='ltr'>fortasse</span> <span class='ocrx_word' id='word_1_130' title='bbox 1034 995 1083 1019; x_wconf 87' lang='lat' dir='ltr'>et-</span> 
     </span>
     <span class='ocr_line' id='line_1_18' title="bbox 73 1028 1079 1074; baseline -0.001 -11"><span class='ocrx_word' id='word_1_131' title='bbox 73 1031 140 1063; x_wconf 89' lang='lat' dir='ltr'>iam</span> <span class='ocrx_word' id='word_1_132' title='bbox 162 1029 248 1073; x_wconf 90' lang='lat' dir='ltr'>quod</span> <span class='ocrx_word' id='word_1_133' title='bbox 274 1031 442 1072; x_wconf 77' lang='lat' dir='ltr'>pulmones</span> <span class='ocrx_word' id='word_1_134' title='bbox 465 1030 606 1074; x_wconf 86' lang='lat' dir='ltr'>undique</span> <span class='ocrx_word' id='word_1_135' title='bbox 629 1042 704 1064; x_wconf 90' lang='lat' dir='ltr'>cum</span> <span class='ocrx_word' id='word_1_136' title='bbox 730 1032 837 1073; x_wconf 87' lang='lat' dir='ltr'>pleura</span> <span class='ocrx_word' id='word_1_137' title='bbox 861 1028 1046 1064; x_wconf 80' lang='lat' dir='ltr'>coaluissent</span> <span class='ocrx_word' id='word_1_138' title='bbox 1071 1054 1079 1062; x_wconf 92' lang='lat'><strong>.</strong></span> 
     </span>
     <span class='ocr_line' id='line_1_19' title="bbox 72 1072 1082 1117; baseline -0.002 -10"><span class='ocrx_word' id='word_1_139' title='bbox 72 1072 179 1108; x_wconf 91' lang='lat' dir='ltr'>Cursu</span> <span class='ocrx_word' id='word_1_140' title='bbox 201 1074 287 1106; x_wconf 88' lang='lat' dir='ltr'>enirn</span> <span class='ocrx_word' id='word_1_141' title='bbox 312 1074 473 1117; x_wconf 76' lang='lat' dir='ltr'>sanguinis</span> <span class='ocrx_word' id='word_1_142' title='bbox 497 1086 552 1117; x_wconf 90' lang='lat' dir='ltr'>per</span> <span class='ocrx_word' id='word_1_143' title='bbox 575 1074 633 1108; x_wconf 92' lang='lat' dir='ltr'>hos</span> <span class='ocrx_word' id='word_1_144' title='bbox 658 1086 674 1107; x_wconf 91' lang='lat' dir='ltr'>a</span> <span class='ocrx_word' id='word_1_145' title='bbox 696 1074 815 1108; x_wconf 76' lang='lat' dir='ltr'>crebris</span> <span class='ocrx_word' id='word_1_146' title='bbox 845 1072 1082 1107; x_wconf 76' lang='lat' dir='ltr'>inflammatio-</span> 
     </span>
     <span class='ocr_line' id='line_1_20' title="bbox 71 1117 1080 1161; baseline -0.001 -11"><span class='ocrx_word' id='word_1_147' title='bbox 71 1117 167 1151; x_wconf 86' lang='lat' dir='ltr'>nibus</span> <span class='ocrx_word' id='word_1_148' title='bbox 188 1117 353 1151; x_wconf 82' lang='lat' dir='ltr'>retardato</span> <span class='ocrx_word' id='word_1_149' title='bbox 370 1144 378 1157; x_wconf 77' lang='lat'>‚</span> <span class='ocrx_word' id='word_1_150' title='bbox 402 1121 434 1152; x_wconf 65' lang='grc' dir='ltr'>δε</span> <span class='ocrx_word' id='word_1_151' title='bbox 457 1130 495 1151; x_wconf 86' lang='lat' dir='ltr'>ex</span> <span class='ocrx_word' id='word_1_152' title='bbox 518 1129 605 1161; x_wconf 86' lang='lat' dir='ltr'>parte</span> <span class='ocrx_word' id='word_1_153' title='bbox 628 1118 810 1160; x_wconf 87' lang='lat' dir='ltr'>impedito,</span> <span class='ocrx_word' id='word_1_154' title='bbox 835 1117 904 1151; x_wconf 85' lang='lat' dir='ltr'>vasa</span> <span class='ocrx_word' id='word_1_155' title='bbox 919 1142 928 1158; x_wconf 93' lang='lat'>,</span> <span class='ocrx_word' id='word_1_156' title='bbox 952 1120 983 1152; x_wconf 70' lang='grc' dir='ltr'>δε</span> <span class='ocrx_word' id='word_1_157' title='bbox 1008 1117 1080 1160; x_wconf 88' lang='lat' dir='ltr'>pul-</span> 
     </span>
     <span class='ocr_line' id='line_1_21' title="bbox 72 1159 1078 1204; baseline -0.001 -11"><span class='ocrx_word' id='word_1_158' title='bbox 72 1171 183 1194; x_wconf 83' lang='lat' dir='ltr'>mones</span> <span class='ocrx_word' id='word_1_159' title='bbox 207 1159 267 1203; x_wconf 83' lang='lat' dir='ltr'>ipfi</span> <span class='ocrx_word' id='word_1_160' title='bbox 291 1161 531 1201; x_wconf 83' lang='lat' dir='ltr'>distendantur,</span> <span class='ocrx_word' id='word_1_161' title='bbox 554 1160 669 1196; x_wconf 89' lang='lat' dir='ltr'>necesse</span> <span class='ocrx_word' id='word_1_162' title='bbox 691 1160 734 1194; x_wconf 88' lang='lat' dir='ltr'>est</span> <span class='ocrx_word' id='word_1_163' title='bbox 760 1186 769 1200; x_wconf 87' lang='lat'>,</span> <span class='ocrx_word' id='word_1_164' title='bbox 802 1172 902 1204; x_wconf 88' lang='lat' dir='ltr'>eoque</span> <span class='ocrx_word' id='word_1_165' title='bbox 939 1161 995 1193; x_wconf 88' lang='lat' dir='ltr'>illa</span> <span class='ocrx_word' id='word_1_166' title='bbox 1029 1171 1078 1193; x_wconf 84' lang='lat' dir='ltr'>ar-</span> 
     </span>
     <span class='ocr_line' id='line_1_22' title="bbox 71 1202 1077 1248; baseline -0.002 -10"><span class='ocrx_word' id='word_1_167' title='bbox 71 1204 158 1238; x_wconf 69' lang='lat' dir='ltr'>‹Pcius</span> <span class='ocrx_word' id='word_1_168' title='bbox 181 1202 374 1246; x_wconf 85' lang='lat' dir='ltr'>bronchiis,</span> <span class='ocrx_word' id='word_1_169' title='bbox 398 1204 433 1238; x_wconf 89' lang='lat' dir='ltr'>hi</span> <span class='ocrx_word' id='word_1_170' title='bbox 458 1206 574 1247; x_wconf 84' lang='lat' dir='ltr'>pleurae</span> <span class='ocrx_word' id='word_1_171' title='bbox 599 1205 627 1238; x_wconf 91' lang='lat' dir='ltr'>se</span> <span class='ocrx_word' id='word_1_172' title='bbox 651 1205 837 1247; x_wconf 77' lang='lat' dir='ltr'>applicent5</span> <span class='ocrx_word' id='word_1_173' title='bbox 867 1216 937 1248; x_wconf 87' lang='lat' dir='ltr'>quae</span> <span class='ocrx_word' id='word_1_174' title='bbox 970 1213 1077 1238; x_wconf 88' lang='lat' dir='ltr'>autem</span> 
     </span>
     <span class='ocr_line' id='line_1_23' title="bbox 71 1246 1078 1291; baseline 0 -11"><span class='ocrx_word' id='word_1_175' title='bbox 71 1259 88 1280; x_wconf 86' lang='lat' dir='ltr'>a</span> <span class='ocrx_word' id='word_1_176' title='bbox 112 1246 262 1287; x_wconf 84' lang='lat' dir='ltr'>sanguine</span> <span class='ocrx_word' id='word_1_177' title='bbox 284 1256 363 1282; x_wconf 88' lang='lat' dir='ltr'>tunc</span> <span class='ocrx_word' id='word_1_178' title='bbox 386 1248 499 1291; x_wconf 84' lang='lat' dir='ltr'>saepius</span> <span class='ocrx_word' id='word_1_179' title='bbox 524 1261 578 1291; x_wconf 90' lang='lat' dir='ltr'>per</span> <span class='ocrx_word' id='word_1_180' title='bbox 602 1249 629 1282; x_wconf 90' lang='lat' dir='ltr'>se</span> <span class='ocrx_word' id='word_1_181' title='bbox 652 1248 777 1282; x_wconf 84' lang='lat' dir='ltr'>viscido</span> <span class='ocrx_word' id='word_1_182' title='bbox 803 1272 811 1285; x_wconf 88' lang='lat'>,</span> <span class='ocrx_word' id='word_1_183' title='bbox 845 1260 936 1282; x_wconf 87' lang='lat' dir='ltr'>mora</span> <span class='ocrx_word' id='word_1_184' title='bbox 972 1256 1078 1281; x_wconf 87' lang='lat' dir='ltr'>autem</span> 
     </span>
     <span class='ocr_line' id='line_1_24' title="bbox 64 1289 1079 1336; baseline 0.001 -13"><span class='ocrx_word' id='word_1_185' title='bbox 64 1289 245 1332; x_wconf 20' lang='lat' dir='ltr'>,vise-idiote</span> <span class='ocrx_word' id='word_1_186' title='bbox 268 1290 358 1325; x_wconf 68' lang='lat' dir='ltr'>faeto</span> <span class='ocrx_word' id='word_1_187' title='bbox 381 1294 608 1335; x_wconf 85' lang='lat' dir='ltr'>exprimuntur</span> <span class='ocrx_word' id='word_1_188' title='bbox 632 1293 799 1336; x_wconf 84' lang='lat' dir='ltr'>particulae</span> <span class='ocrx_word' id='word_1_189' title='bbox 820 1316 831 1332; x_wconf 93' lang='lat'>,</span> <span class='ocrx_word' id='word_1_190' title='bbox 863 1292 999 1336; x_wconf 81' lang='lat' dir='ltr'>glutinis</span> <span class='ocrx_word' id='word_1_191' title='bbox 1029 1292 1079 1324; x_wconf 87' lang='lat' dir='ltr'>in-</span> 
     </span>
     <span class='ocr_line' id='line_1_25' title="bbox 69 1333 1081 1380; baseline 0.001 -14"><span class='ocrx_word' id='word_1_192' title='bbox 69 1333 132 1367; x_wconf 84' lang='lat' dir='ltr'>star</span> <span class='ocrx_word' id='word_1_193' title='bbox 157 1343 260 1377; x_wconf 85' lang='lat' dir='ltr'>partes</span> <span class='ocrx_word' id='word_1_194' title='bbox 282 1347 356 1369; x_wconf 89' lang='lat' dir='ltr'>cum</span> <span class='ocrx_word' id='word_1_195' title='bbox 380 1336 526 1380; x_wconf 88' lang='lat' dir='ltr'>partibus</span> <span class='ocrx_word' id='word_1_196' title='bbox 549 1337 762 1369; x_wconf 69' lang='lat' dir='ltr'>conneetant.</span> <span class='ocrx_word' id='word_1_197' title='bbox 789 1338 858 1370; x_wconf 89' lang='lat' dir='ltr'>Cur</span> <span class='ocrx_word' id='word_1_198' title='bbox 881 1345 986 1369; x_wconf 89' lang='lat' dir='ltr'>autem</span> <span class='ocrx_word' id='word_1_199' title='bbox 1010 1335 1081 1378; x_wconf 92' lang='lat' dir='ltr'>plus</span> 
     </span>
     <span class='ocr_line' id='line_1_26' title="bbox 73 1376 1082 1423; baseline 0.001 -12"><span class='ocrx_word' id='word_1_200' title='bbox 73 1376 244 1419; x_wconf 87' lang='lat' dir='ltr'>humoris,</span> <span class='ocrx_word' id='word_1_201' title='bbox 268 1379 434 1423; x_wconf 76' lang='lat' dir='ltr'>magisque</span> <span class='ocrx_word' id='word_1_202' title='bbox 456 1379 544 1413; x_wconf 75' lang='lat' dir='ltr'>crassi</span> <span class='ocrx_word' id='word_1_203' title='bbox 572 1406 581 1417; x_wconf 78' lang='lat'>,</span> <span class='ocrx_word' id='word_1_204' title='bbox 614 1389 690 1414; x_wconf 89' lang='lat' dir='ltr'>tunc</span> <span class='ocrx_word' id='word_1_205' title='bbox 723 1381 952 1422; x_wconf 78' lang='lat' dir='ltr'>exprimatur,</span> <span class='ocrx_word' id='word_1_206' title='bbox 984 1387 1082 1421; x_wconf 86' lang='lat' dir='ltr'>utque</span> 
     </span>
     <span class='ocr_line' id='line_1_27' title="bbox 68 1422 1084 1466; baseline 0.002 -13"><span class='ocrx_word' id='word_1_207' title='bbox 68 1430 186 1464; x_wconf 76' lang='lat' dir='ltr'>praeter</span> <span class='ocrx_word' id='word_1_208' title='bbox 209 1422 377 1463; x_wconf 82' lang='lat' dir='ltr'>pulmones</span> <span class='ocrx_word' id='word_1_209' title='bbox 400 1423 472 1458; x_wconf 85' lang='lat' dir='ltr'>aliae</span> <span class='ocrx_word' id='word_1_210' title='bbox 494 1422 584 1457; x_wconf 81' lang='lat' dir='ltr'>fimul</span> <span class='ocrx_word' id='word_1_211' title='bbox 610 1433 737 1466; x_wconf 87' lang='lat' dir='ltr'>partes,</span> <span class='ocrx_word' id='word_1_212' title='bbox 761 1425 794 1455; x_wconf 91' lang='lat' dir='ltr'>in</span> <span class='ocrx_word' id='word_1_213' title='bbox 817 1432 925 1456; x_wconf 88' lang='lat' dir='ltr'>ventre</span> <span class='ocrx_word' id='word_1_214' title='bbox 958 1423 1084 1462; x_wconf 85' lang='lat' dir='ltr'>etiam,</span> 
     </span>
     <span class='ocr_line' id='line_1_28' title="bbox 70 1463 1083 1509; baseline 0 -11"><span class='ocrx_word' id='word_1_215' title='bbox 70 1463 150 1507; x_wconf 86' lang='lat' dir='ltr'>saepe</span> <span class='ocrx_word' id='word_1_216' title='bbox 173 1464 439 1503; x_wconf 74' lang='lat' dir='ltr'>inflammatione</span> <span class='ocrx_word' id='word_1_217' title='bbox 461 1467 704 1508; x_wconf 80' lang='lat' dir='ltr'>corripiantur,</span> <span class='ocrx_word' id='word_1_218' title='bbox 727 1467 851 1509; x_wconf 83' lang='lat' dir='ltr'>aliaque</span> <span class='ocrx_word' id='word_1_219' title='bbox 886 1464 1083 1508; x_wconf 86' lang='lat' dir='ltr'>ejuscemodi</span> 
     </span>
     <span class='ocr_line' id='line_1_29' title="bbox 33 1507 1084 1554; baseline 0 -13"><span class='ocrx_word' id='word_1_220' title='bbox 33 1522 35 1524; x_wconf 54' lang='lat'><strong><em>¹</em></strong></span> <span class='ocrx_word' id='word_1_221' title='bbox 70 1507 391 1553; x_wconf 57' lang='lat' dir='ltr'>cumsacisgsuerint</span> <span class='ocrx_word' id='word_1_222' title='bbox 416 1511 575 1554; x_wconf 83' lang='lat' dir='ltr'>proximis</span> <span class='ocrx_word' id='word_1_223' title='bbox 600 1511 737 1543; x_wconf 78' lang='lat' dir='ltr'>Litteris</span> <span class='ocrx_word' id='word_1_224' title='bbox 773 1509 857 1553; x_wconf 82' lang='lat' dir='ltr'>(f)</span> <span class='ocrx_word' id='word_1_225' title='bbox 889 1510 1048 1551; x_wconf 79' lang='lat' dir='ltr'>explicata</span> <span class='ocrx_word' id='word_1_226' title='bbox 1070 1519 1084 1548; x_wconf 89' lang='lat'>‚·</span> 
     </span>
     <span class='ocr_line' id='line_1_30' title="bbox 37 1552 1084 1598; baseline -0.001 -13"><span class='ocrx_word' id='word_1_227' title='bbox 37 1569 41 1573; x_wconf 91' lang='lat'>·</span> <span class='ocrx_word' id='word_1_228' title='bbox 67 1552 415 1598; x_wconf 13' lang='lat' dir='ltr'>nolyi2.e{rssp4es25t}are,wut</span> <span class='ocrx_word' id='word_1_229' title='bbox 437 1552 489 1587; x_wconf 88' lang='lat' dir='ltr'>his</span> <span class='ocrx_word' id='word_1_230' title='bbox 520 1555 633 1586; x_wconf 86' lang='lat' dir='ltr'>iterem</span> <span class='ocrx_word' id='word_1_231' title='bbox 659 1566 667 1586; x_wconf 92' lang='lat'>.·</span> <span class='ocrx_word' id='word_1_232' title='bbox 703 1565 775 1596; x_wconf 83' lang='lat' dir='ltr'>quae</span> <span class='ocrx_word' id='word_1_233' title='bbox 805 1554 896 1587; x_wconf 84' lang='lat' dir='ltr'>causa</span> <span class='ocrx_word' id='word_1_234' title='bbox 929 1554 1084 1586; x_wconf 86' lang='lat' dir='ltr'>nimirum</span> 
     </span>
     <span class='ocr_line' id='line_1_31' title="bbox 62 1594 1084 1643; baseline -0.004 -12"><span class='ocrx_word' id='word_1_235' title='bbox 62 1594 553 1643; x_wconf 50' lang='lat' dir='ltr'>&#39;fuit2,&gt;,3u-‘c&#39;·3:luahr1shistoriis,</span> <span class='ocrx_word' id='word_1_236' title='bbox 581 1607 656 1630; x_wconf 84' lang='lat' dir='ltr'>ante</span> <span class='ocrx_word' id='word_1_237' title='bbox 680 1597 761 1630; x_wconf 82' lang='lat' dir='ltr'>hanc</span> <span class='ocrx_word' id='word_1_238' title='bbox 786 1596 990 1639; x_wconf 76' lang='lat' dir='ltr'>propositis„</span> <span class='ocrx_word' id='word_1_239' title='bbox 1013 1595 1084 1629; x_wconf 75' lang='lat' dir='ltr'>nul=</span> 
     </span>
     <span class='ocr_line' id='line_1_32' title="bbox 68 1638 1084 1683; baseline 0.002 -12"><span class='ocrx_word' id='word_1_240' title='bbox 68 1639 135 1680; x_wconf 82' lang='lat' dir='ltr'>la&#39;m&#39;</span> <span class='ocrx_word' id='word_1_241' title='bbox 153 1639 642 1683; x_wconf 42' lang='lat' dir='ltr'>&#39;adnotat-ionem,subjicerem.,</span> <span class='ocrx_word' id='word_1_242' title='bbox 665 1638 766 1682; x_wconf 75' lang='lat' dir='ltr'>Qod</span> <span class='ocrx_word' id='word_1_243' title='bbox 803 1651 876 1673; x_wconf 87' lang='lat' dir='ltr'>vero</span> <span class='ocrx_word' id='word_1_244' title='bbox 910 1641 944 1672; x_wconf 86' lang='lat' dir='ltr'>in</span> <span class='ocrx_word' id='word_1_245' title='bbox 977 1639 1084 1673; x_wconf 82' lang='lat' dir='ltr'>tribus</span> 
     </span>
     <span class='ocr_line' id='line_1_33' title="bbox 68 1681 1087 1727; baseline -0.001 -11"><span class='ocrx_word' id='word_1_246' title='bbox 68 1681 156 1717; x_wconf 88' lang='lat' dir='ltr'>hisce</span> <span class='ocrx_word' id='word_1_247' title='bbox 180 1682 475 1718; x_wconf 76' lang='lat' dir='ltr'>observationibus</span> <span class='ocrx_word' id='word_1_248' title='bbox 502 1683 586 1727; x_wconf 77' lang='lat' dir='ltr'>signa</span> <span class='ocrx_word' id='word_1_249' title='bbox 619 1694 683 1717; x_wconf 78' lang='lat' dir='ltr'>non</span> <span class='ocrx_word' id='word_1_250' title='bbox 710 1683 881 1727; x_wconf 85' lang='lat' dir='ltr'>retulerim</span> <span class='ocrx_word' id='word_1_251' title='bbox 914 1681 1087 1727; x_wconf 72' lang='lat' dir='ltr'>sigillatim</span> 
     </span>
     <span class='ocr_line' id='line_1_34' title="bbox 66 1726 1084 1769; baseline 0 -9"><span class='ocrx_word' id='word_1_252' title='bbox 66 1737 138 1769; x_wconf 83' lang='lat' dir='ltr'>quae</span> <span class='ocrx_word' id='word_1_253' title='bbox 161 1728 460 1768; x_wconf 89' lang='lat' dir='ltr'>peripneumoniam</span> <span class='ocrx_word' id='word_1_254' title='bbox 487 1729 643 1766; x_wconf 78' lang='lat' dir='ltr'>comitata</span> <span class='ocrx_word' id='word_1_255' title='bbox 667 1726 793 1761; x_wconf 80' lang='lat' dir='ltr'>fuerant</span> <span class='ocrx_word' id='word_1_256' title='bbox 808 1751 819 1768; x_wconf 90' lang='lat'><em>‚</em></span> <span class='ocrx_word' id='word_1_257' title='bbox 843 1739 907 1760; x_wconf 84' lang='lat' dir='ltr'>non</span> <span class='ocrx_word' id='word_1_258' title='bbox 945 1739 1012 1760; x_wconf 90' lang='lat' dir='ltr'>mea</span> <span class='ocrx_word' id='word_1_259' title='bbox 1049 1727 1084 1760; x_wconf 90' lang='lat' dir='ltr'>in</span> 
     </span>
     <span class='ocr_line' id='line_1_35' title="bbox 65 1769 1085 1812; baseline 0.002 -10"><span class='ocrx_word' id='word_1_260' title='bbox 65 1769 305 1812; x_wconf 66' lang='lat' dir='ltr'>perquirendo,</span> <span class='ocrx_word' id='word_1_261' title='bbox 330 1780 385 1805; x_wconf 92' lang='lat' dir='ltr'>aut</span> <span class='ocrx_word' id='word_1_262' title='bbox 408 1770 617 1804; x_wconf 83' lang='lat' dir='ltr'>describendo</span> <span class='ocrx_word' id='word_1_263' title='bbox 639 1772 765 1804; x_wconf 88' lang='lat' dir='ltr'>incuria</span> <span class='ocrx_word' id='word_1_264' title='bbox 788 1771 909 1805; x_wconf 65' lang='lat' dir='ltr'>faetum</span> <span class='ocrx_word' id='word_1_265' title='bbox 934 1770 998 1811; x_wconf 83' lang='lat' dir='ltr'>cst,</span> <span class='ocrx_word' id='word_1_266' title='bbox 1034 1770 1085 1804; x_wconf 88' lang='lat' dir='ltr'>sed</span> 
     </span>
     <span class='ocr_line' id='line_1_36' title="bbox 69 1813 1086 1858; baseline 0.001 -13"><span class='ocrx_word' id='word_1_267' title='bbox 69 1823 205 1854; x_wconf 83' lang='lat' dir='ltr'>eorum,</span> <span class='ocrx_word' id='word_1_268' title='bbox 228 1822 265 1847; x_wconf 90' lang='lat' dir='ltr'>ut</span> <span class='ocrx_word' id='word_1_269' title='bbox 288 1813 383 1853; x_wconf 91' lang='lat' dir='ltr'>dixi,</span> <span class='ocrx_word' id='word_1_270' title='bbox 407 1816 462 1858; x_wconf 86' lang='lat' dir='ltr'>qui</span> <span class='ocrx_word' id='word_1_271' title='bbox 486 1825 589 1858; x_wconf 74' lang='lat' dir='ltr'>aegros</span> <span class='ocrx_word' id='word_1_272' title='bbox 612 1814 779 1848; x_wconf 83' lang='lat' dir='ltr'>viderant:</span> <span class='ocrx_word' id='word_1_273' title='bbox 806 1826 991 1857; x_wconf 81' lang='lat' dir='ltr'>quanquam</span> <span class='ocrx_word' id='word_1_274' title='bbox 1014 1814 1086 1847; x_wconf 89' lang='lat' dir='ltr'>sunt</span> 
     </span>
     <span class='ocr_line' id='line_1_37' title="bbox 64 1853 1084 1902; baseline 0.001 -14"><span class='ocrx_word' id='word_1_275' title='bbox 64 1853 229 1891; x_wconf 87' lang='lat' dir='ltr'>interdum</span> <span class='ocrx_word' id='word_1_276' title='bbox 252 1858 350 1892; x_wconf 86' lang='lat' dir='ltr'>causae</span> <span class='ocrx_word' id='word_1_277' title='bbox 374 1867 508 1902; x_wconf 89' lang='lat' dir='ltr'>propter</span> <span class='ocrx_word' id='word_1_278' title='bbox 530 1868 609 1902; x_wconf 85' lang='lat' dir='ltr'>quas</span> <span class='ocrx_word' id='word_1_279' title='bbox 632 1868 671 1891; x_wconf 91' lang='lat' dir='ltr'>ne</span> <span class='ocrx_word' id='word_1_280' title='bbox 695 1858 764 1892; x_wconf 89' lang='lat' dir='ltr'>illis</span> <span class='ocrx_word' id='word_1_281' title='bbox 788 1858 920 1901; x_wconf 84' lang='lat' dir='ltr'>quidem</span> <span class='ocrx_word' id='word_1_282' title='bbox 936 1857 1012 1900; x_wconf 84' lang='lat' dir='ltr'>ipsis</span> <span class='ocrx_word' id='word_1_283' title='bbox 1028 1858 1084 1899; x_wconf 86' lang='lat' dir='ltr'>qui</span> 
     </span>
     <span class='ocr_line' id='line_1_38' title="bbox 64 1899 1086 1945; baseline 0 -12"><span class='ocrx_word' id='word_1_284' title='bbox 64 1911 166 1942; x_wconf 75' lang='lat' dir='ltr'>aegros</span> <span class='ocrx_word' id='word_1_285' title='bbox 190 1899 322 1942; x_wconf 90' lang='lat' dir='ltr'>vident,</span> <span class='ocrx_word' id='word_1_286' title='bbox 346 1903 495 1945; x_wconf 82' lang='lat' dir='ltr'>pleraque</span> <span class='ocrx_word' id='word_1_287' title='bbox 513 1926 525 1942; x_wconf 87' lang='lat'>,</span> <span class='ocrx_word' id='word_1_288' title='bbox 549 1910 604 1936; x_wconf 88' lang='lat' dir='ltr'>aut</span> <span class='ocrx_word' id='word_1_289' title='bbox 628 1911 712 1936; x_wconf 90' lang='lat' dir='ltr'>certe</span> <span class='ocrx_word' id='word_1_290' title='bbox 735 1901 880 1945; x_wconf 82' lang='lat' dir='ltr'>quaedam</span> <span class='ocrx_word' id='word_1_291' title='bbox 904 1901 990 1944; x_wconf 82' lang='lat' dir='ltr'>figna</span> <span class='ocrx_word' id='word_1_292' title='bbox 1016 1912 1086 1943; x_wconf 77' lang='lat' dir='ltr'>per-</span> 
     </span>
     <span class='ocr_line' id='line_1_39' title="bbox 66 1942 1087 1991; baseline 0.002 -15"><span class='ocrx_word' id='word_1_293' title='bbox 66 1942 187 1986; x_wconf 87' lang='lat' dir='ltr'>spicere</span> <span class='ocrx_word' id='word_1_294' title='bbox 225 1944 301 1978; x_wconf 84' lang='lat' dir='ltr'>satis</span> <span class='ocrx_word' id='word_1_295' title='bbox 335 1945 429 1979; x_wconf 89' lang='lat' dir='ltr'>liceat</span> <span class='ocrx_word' id='word_1_296' title='bbox 451 1970 458 1977; x_wconf 93' lang='lat'>.</span> <span class='ocrx_word' id='word_1_297' title='bbox 488 1946 590 1991; x_wconf 86' lang='lat' dir='ltr'>Juvat</span> <span class='ocrx_word' id='word_1_298' title='bbox 623 1945 679 1979; x_wconf 86' lang='lat' dir='ltr'>hic</span> <span class='ocrx_word' id='word_1_299' title='bbox 711 1945 882 1980; x_wconf 84' lang='lat' dir='ltr'>secundum</span> <span class='ocrx_word' id='word_1_300' title='bbox 914 1945 1051 1982; x_wconf 71' lang='lat' dir='ltr'>singulas</span> <span class='ocrx_word' id='word_1_301' title='bbox 1074 1968 1087 1985; x_wconf 91' lang='lat'><em>‚</em></span> 
     </span>
     <span class='ocr_line' id='line_1_40' title="bbox 68 1987 1086 2033; baseline 0.001 -13"><span class='ocrx_word' id='word_1_302' title='bbox 68 1998 148 2029; x_wconf 86' lang='lat' dir='ltr'>quas</span> <span class='ocrx_word' id='word_1_303' title='bbox 170 1987 358 2030; x_wconf 88' lang='lat' dir='ltr'>proferam,</span> <span class='ocrx_word' id='word_1_304' title='bbox 392 1988 553 2033; x_wconf 81' lang='lat' dir='ltr'>ejusmodi</span> <span class='ocrx_word' id='word_1_305' title='bbox 591 1990 698 2023; x_wconf 86' lang='lat' dir='ltr'>causas</span> <span class='ocrx_word' id='word_1_306' title='bbox 720 2013 732 2030; x_wconf 91' lang='lat'>,</span> <span class='ocrx_word' id='word_1_307' title='bbox 767 1989 903 2023; x_wconf 71' lang='lat' dir='ltr'>singulas</span> <span class='ocrx_word' id='word_1_308' title='bbox 936 1987 1086 2023; x_wconf 84' lang='lat' dir='ltr'>historias</span> 
     </span>
    </p>
   </div>
   <div class='ocr_carea' id='block_1_3' title="bbox 37 2027 1091 2075">
    <p class='ocr_par' dir='ltr' id='par_1_3' title="bbox 37 2027 1091 2075">
     <span class='ocr_line' id='line_1_41' title="bbox 37 2027 1091 2075; baseline 0.001 -12"><span class='ocrx_word' id='word_1_309' title='bbox 37 2050 41 2053; x_wconf 79' lang='lat'>,</span> <span class='ocrx_word' id='word_1_310' title='bbox 66 2029 242 2074; x_wconf 85' lang='lat' dir='ltr'>producere</span> <span class='ocrx_word' id='word_1_311' title='bbox 257 2056 268 2073; x_wconf 95' lang='lat'><em>‚</em></span> <span class='ocrx_word' id='word_1_312' title='bbox 290 2033 393 2066; x_wconf 90' lang='lat' dir='ltr'>initio</span> <span class='ocrx_word' id='word_1_313' title='bbox 415 2041 514 2075; x_wconf 86' lang='lat' dir='ltr'>capto</span> <span class='ocrx_word' id='word_1_314' title='bbox 537 2031 576 2065; x_wconf 90' lang='lat' dir='ltr'>ab</span> <span class='ocrx_word' id='word_1_315' title='bbox 602 2032 789 2067; x_wconf 72' lang='lat' dir='ltr'>diffeffione</span> <span class='ocrx_word' id='word_1_316' title='bbox 812 2027 908 2075; x_wconf 69' lang='lat' dir='ltr'>quam</span> <span class='ocrx_word' id='word_1_317' title='bbox 934 2043 988 2075; x_wconf 88' lang='lat' dir='ltr'>per</span> <span class='ocrx_word' id='word_1_318' title='bbox 1012 2032 1091 2065; x_wconf 89' lang='lat' dir='ltr'>illos.</span> 
     </span>
    </p>
   </div>
   <div class='ocr_carea' id='block_1_4' title="bbox 63 2119 1090 2422">
    <p class='ocr_par' dir='ltr' id='par_1_4' title="bbox 64 2119 547 2160">
     <span class='ocr_line' id='line_1_42' title="bbox 64 2119 547 2160; baseline 0.004 -10"><span class='ocrx_word' id='word_1_319' title='bbox 64 2119 197 2160; x_wconf 77' lang='lat' dir='ltr'>parione</span> <span class='ocrx_word' id='word_1_320' title='bbox 217 2120 376 2153; x_wconf 80' lang='lat' dir='ltr'>Bononiae</span> <span class='ocrx_word' id='word_1_321' title='bbox 398 2119 547 2154; x_wconf 89' lang='lat' dir='ltr'>institui.</span> 
     </span>
    </p>

    <p class='ocr_par' dir='ltr' id='par_1_5' title="bbox 63 2162 1090 2422">
     <span class='ocr_line' id='line_1_43' title="bbox 108 2162 1090 2206; baseline 0 -13"><span class='ocrx_word' id='word_1_322' title='bbox 108 2164 139 2194; x_wconf 88' lang='lat'>6.</span> <span class='ocrx_word' id='word_1_323' title='bbox 167 2162 504 2198; x_wconf 84' lang='lat' dir='ltr'><strong>STRUCTOR</strong></span> <span class='ocrx_word' id='word_1_324' title='bbox 532 2186 545 2203; x_wconf 83' lang='grc'>,</span> <span class='ocrx_word' id='word_1_325' title='bbox 591 2163 686 2200; x_wconf 86' lang='lat' dir='ltr'>five,</span> <span class='ocrx_word' id='word_1_326' title='bbox 730 2171 766 2197; x_wconf 92' lang='lat' dir='ltr'>ut</span> <span class='ocrx_word' id='word_1_327' title='bbox 810 2163 911 2206; x_wconf 84' lang='lat' dir='ltr'>vulgo</span> <span class='ocrx_word' id='word_1_328' title='bbox 955 2162 1090 2204; x_wconf 86' lang='lat' dir='ltr'>appelli-</span> 
     </span>
     <span class='ocr_line' id='line_1_44' title="bbox 67 2206 1089 2248; baseline 0 -11"><span class='ocrx_word' id='word_1_329' title='bbox 67 2213 138 2238; x_wconf 83' lang='lat' dir='ltr'>tant</span> <span class='ocrx_word' id='word_1_330' title='bbox 157 2229 172 2246; x_wconf 90' lang='lat'>,</span> <span class='ocrx_word' id='word_1_331' title='bbox 203 2206 304 2241; x_wconf 84' lang='lat' dir='ltr'>Faber</span> <span class='ocrx_word' id='word_1_332' title='bbox 336 2207 499 2240; x_wconf 72' lang='lat' dir='ltr'>Mutarius</span> <span class='ocrx_word' id='word_1_333' title='bbox 534 2217 693 2240; x_wconf 78' lang='lat' dir='ltr'>ann-orum</span> <span class='ocrx_word' id='word_1_334' title='bbox 717 2206 857 2239; x_wconf 85' lang='lat' dir='ltr'>circiter</span> <span class='ocrx_word' id='word_1_335' title='bbox 889 2206 1026 2248; x_wconf 85' lang='lat' dir='ltr'>triginta</span> <span class='ocrx_word' id='word_1_336' title='bbox 1049 2216 1089 2238; x_wconf 87' lang='lat' dir='ltr'>ex</span> 
     </span>
     <span class='ocr_line' id='line_1_45' title="bbox 66 2247 1089 2291; baseline -0.002 -9"><span class='ocrx_word' id='word_1_337' title='bbox 66 2249 177 2283; x_wconf 86' lang='lat' dir='ltr'>labore</span> <span class='ocrx_word' id='word_1_338' title='bbox 208 2251 244 2283; x_wconf 90' lang='lat' dir='ltr'>in</span> <span class='ocrx_word' id='word_1_339' title='bbox 283 2249 404 2283; x_wconf 89' lang='lat' dir='ltr'>febrem</span> <span class='ocrx_word' id='word_1_340' title='bbox 434 2248 554 2282; x_wconf 89' lang='lat' dir='ltr'>incidit</span> <span class='ocrx_word' id='word_1_341' title='bbox 576 2274 583 2283; x_wconf 92' lang='lat'><strong>.</strong></span> <span class='ocrx_word' id='word_1_342' title='bbox 619 2251 710 2282; x_wconf 89' lang='lat' dir='ltr'>Huic</span> <span class='ocrx_word' id='word_1_343' title='bbox 747 2248 777 2281; x_wconf 87' lang='lat' dir='ltr'>se</span> <span class='ocrx_word' id='word_1_344' title='bbox 809 2247 1002 2283; x_wconf 85' lang='lat' dir='ltr'>addiderunt</span> <span class='ocrx_word' id='word_1_345' title='bbox 1036 2259 1089 2291; x_wconf 90' lang='lat' dir='ltr'>pe-</span> 
     </span>
     <span class='ocr_line' id='line_1_46' title="bbox 63 2291 1089 2336; baseline -0.001 -11"><span class='ocrx_word' id='word_1_346' title='bbox 63 2291 186 2326; x_wconf 83' lang='lat' dir='ltr'>riodici</span> <span class='ocrx_word' id='word_1_347' title='bbox 221 2292 408 2336; x_wconf 88' lang='lat' dir='ltr'>quotidiani</span> <span class='ocrx_word' id='word_1_348' title='bbox 452 2293 575 2336; x_wconf 83' lang='lat' dir='ltr'>rigores</span> <span class='ocrx_word' id='word_1_349' title='bbox 598 2315 612 2332; x_wconf 87' lang='lat'>‚</span> <span class='ocrx_word' id='word_1_350' title='bbox 647 2303 786 2335; x_wconf 88' lang='lat' dir='ltr'>quorum</span> <span class='ocrx_word' id='word_1_351' title='bbox 829 2292 960 2326; x_wconf 83' lang='lat' dir='ltr'>demum</span> <span class='ocrx_word' id='word_1_352' title='bbox 1005 2301 1089 2324; x_wconf 85' lang='lat' dir='ltr'>tem-</span> 
     </span>
     <span class='ocr_line' id='line_1_47' title="bbox 65 2334 1085 2379; baseline -0.001 -11"><span class='ocrx_word' id='word_1_353' title='bbox 65 2346 146 2379; x_wconf 85' lang='lat' dir='ltr'>pore</span> <span class='ocrx_word' id='word_1_354' title='bbox 178 2337 284 2379; x_wconf 88' lang='lat' dir='ltr'>coepit</span> <span class='ocrx_word' id='word_1_355' title='bbox 330 2335 464 2369; x_wconf 87' lang='lat' dir='ltr'>delirare</span> <span class='ocrx_word' id='word_1_356' title='bbox 485 2362 493 2367; x_wconf 92' lang='lat'><strong>.</strong></span> <span class='ocrx_word' id='word_1_357' title='bbox 541 2334 601 2369; x_wconf 89' lang='lat' dir='ltr'>Sed</span> <span class='ocrx_word' id='word_1_358' title='bbox 642 2346 717 2369; x_wconf 91' lang='lat' dir='ltr'>cum</span> <span class='ocrx_word' id='word_1_359' title='bbox 761 2334 914 2369; x_wconf 89' lang='lat' dir='ltr'>delirium</span> <span class='ocrx_word' id='word_1_360' title='bbox 938 2358 950 2375; x_wconf 91' lang='lat'><em>‚</em></span> <span class='ocrx_word' id='word_1_361' title='bbox 996 2335 1085 2378; x_wconf 89' lang='lat' dir='ltr'>quod</span> 
     </span>
     <span class='ocr_line' id='line_1_48' title="bbox 65 2377 1085 2422; baseline -0.002 -10"><span class='ocrx_word' id='word_1_362' title='bbox 65 2390 145 2412; x_wconf 85' lang='lat' dir='ltr'>mox</span> <span class='ocrx_word' id='word_1_363' title='bbox 169 2377 258 2412; x_wconf 85' lang='lat' dir='ltr'>finiri</span> <span class='ocrx_word' id='word_1_364' title='bbox 281 2378 432 2422; x_wconf 87' lang='lat' dir='ltr'>quotidie</span> <span class='ocrx_word' id='word_1_365' title='bbox 442 2379 672 2417; x_wconf 88' lang='lat' dir='ltr'>consueverat,</span> <span class='ocrx_word' id='word_1_366' title='bbox 698 2377 851 2412; x_wconf 85' lang='lat' dir='ltr'>affiduum</span> <span class='ocrx_word' id='word_1_367' title='bbox 876 2378 1014 2421; x_wconf 91' lang='lat' dir='ltr'>denique</span> <span class='ocrx_word' id='word_1_368' title='bbox 1036 2377 1085 2411; x_wconf 89' lang='lat' dir='ltr'>fa-</span> 
     </span>
    </p>
   </div>
   <div class='ocr_carea' id='block_1_5' title="bbox 67 2073 1089 2120">
    <p class='ocr_par' dir='ltr' id='par_1_6' title="bbox 67 2073 1089 2120">
     <span class='ocr_line' id='line_1_49' title="bbox 67 2073 1089 2120; baseline 0.004 -14"><span class='ocrx_word' id='word_1_369' title='bbox 67 2073 196 2108; x_wconf 87' lang='lat' dir='ltr'>eosdem</span> <span class='ocrx_word' id='word_1_370' title='bbox 218 2075 288 2110; x_wconf 89' lang='lat' dir='ltr'>dies</span> <span class='ocrx_word' id='word_1_371' title='bbox 311 2076 429 2119; x_wconf 91' lang='lat' dir='ltr'>quibus</span> <span class='ocrx_word' id='word_1_372' title='bbox 454 2077 593 2118; x_wconf 85' lang='lat' dir='ltr'>primam</span> <span class='ocrx_word' id='word_1_373' title='bbox 618 2081 675 2120; x_wconf 63' lang='lat' dir='ltr'>(g,</span> <span class='ocrx_word' id='word_1_374' title='bbox 693 2081 729 2118; x_wconf 79' lang='lat'>),</span> <span class='ocrx_word' id='word_1_375' title='bbox 754 2077 789 2109; x_wconf 92' lang='lat' dir='ltr'>in</span> <span class='ocrx_word' id='word_1_376' title='bbox 813 2076 983 2119; x_wconf 84' lang='lat' dir='ltr'>eademque</span> <span class='ocrx_word' id='word_1_377' title='bbox 993 2086 1089 2110; x_wconf 86' lang='lat' dir='ltr'>occu-</span> 
     </span>
    </p>
   </div>
   <div class='ocr_carea' id='block_1_6' title="bbox 65 2421 1121 2508">
    <p class='ocr_par' dir='ltr' id='par_1_7' title="bbox 65 2421 1121 2508">
     <span class='ocr_line' id='line_1_50' title="bbox 65 2421 1098 2465; baseline -0.001 -9"><span class='ocrx_word' id='word_1_378' title='bbox 65 2422 156 2456; x_wconf 70' lang='lat' dir='ltr'>etum</span> <span class='ocrx_word' id='word_1_379' title='bbox 177 2421 275 2462; x_wconf 88' lang='lat' dir='ltr'>esset,</span> <span class='ocrx_word' id='word_1_380' title='bbox 302 2423 417 2456; x_wconf 83' lang='lat' dir='ltr'>exinde</span> <span class='ocrx_word' id='word_1_381' title='bbox 439 2433 522 2465; x_wconf 83' lang='lat' dir='ltr'>aeger</span> <span class='ocrx_word' id='word_1_382' title='bbox 543 2423 577 2455; x_wconf 92' lang='lat' dir='ltr'>in</span> <span class='ocrx_word' id='word_1_383' title='bbox 598 2421 691 2465; x_wconf 83' lang='lat' dir='ltr'>pejus</span> <span class='ocrx_word' id='word_1_384' title='bbox 713 2422 781 2454; x_wconf 89' lang='lat' dir='ltr'>ire.</span> <span class='ocrx_word' id='word_1_385' title='bbox 815 2423 897 2455; x_wconf 88' lang='lat' dir='ltr'>Erat</span> <span class='ocrx_word' id='word_1_386' title='bbox 930 2421 1098 2455; x_wconf 81' lang='lat' dir='ltr'>delirium.</span> 
     </span>
     <span class='ocr_line' id='line_1_51' title="bbox 65 2464 1121 2508; baseline -0.001 -10"><span class='ocrx_word' id='word_1_387' title='bbox 65 2464 183 2505; x_wconf 87' lang='lat' dir='ltr'>triste,</span> <span class='ocrx_word' id='word_1_388' title='bbox 207 2468 240 2500; x_wconf 70' lang='grc' dir='ltr'>δε</span> <span class='ocrx_word' id='word_1_389' title='bbox 262 2466 431 2508; x_wconf 83' lang='lat' dir='ltr'>querulum</span> <span class='ocrx_word' id='word_1_390' title='bbox 452 2477 462 2498; x_wconf 84' lang='grc'>,·</span> <span class='ocrx_word' id='word_1_391' title='bbox 486 2465 594 2506; x_wconf 81' lang='lat' dir='ltr'>pulsus</span> <span class='ocrx_word' id='word_1_392' title='bbox 621 2465 777 2507; x_wconf 83' lang='lat' dir='ltr'>aequales:</span> <span class='ocrx_word' id='word_1_393' title='bbox 804 2464 931 2507; x_wconf 85' lang='lat' dir='ltr'>sanguis</span> <span class='ocrx_word' id='word_1_394' title='bbox 955 2477 970 2497; x_wconf 94' lang='lat' dir='ltr'>e</span> <span class='ocrx_word' id='word_1_395' title='bbox 997 2466 1089 2498; x_wconf 58' lang='lat' dir='ltr'>nari-‘</span> <span class='ocrx_word' id='word_1_396' title='bbox 1118 2475 1121 2478; x_wconf 56' lang='lat'><em>⁴</em></span> 
     </span>
    </p>
   </div>
   <div class='ocr_carea' id='block_1_7' title="bbox 1 2506 1083 3737">
    <p class='ocr_par' dir='ltr' id='par_1_8' title="bbox 62 2506 1083 3163">
     <span class='ocr_line' id='line_1_52' title="bbox 65 2506 1083 2551; baseline 0 -9"><span class='ocrx_word' id='word_1_397' title='bbox 65 2508 126 2542; x_wconf 86' lang='lat' dir='ltr'>bus</span> <span class='ocrx_word' id='word_1_398' title='bbox 151 2520 381 2551; x_wconf 82' lang='lat' dir='ltr'>nonnunquam</span> <span class='ocrx_word' id='word_1_399' title='bbox 405 2507 549 2551; x_wconf 90' lang='lat' dir='ltr'>prodiit.</span> <span class='ocrx_word' id='word_1_400' title='bbox 574 2506 645 2541; x_wconf 84' lang='lat' dir='ltr'>Etsi</span> <span class='ocrx_word' id='word_1_401' title='bbox 668 2518 784 2541; x_wconf 81' lang='lat' dir='ltr'>venam</span> <span class='ocrx_word' id='word_1_402' title='bbox 797 2508 914 2550; x_wconf 82' lang='lat' dir='ltr'>semel,</span> <span class='ocrx_word' id='word_1_403' title='bbox 937 2509 1083 2548; x_wconf 90' lang='lat' dir='ltr'>iterum,</span> 
     </span>
     <span class='ocr_line' id='line_1_53' title="bbox 64 2551 1083 2595; baseline -0.001 -9"><span class='ocrx_word' id='word_1_404' title='bbox 64 2553 204 2586; x_wconf 87' lang='lat' dir='ltr'>tertium</span> <span class='ocrx_word' id='word_1_405' title='bbox 228 2552 410 2591; x_wconf 88' lang='lat' dir='ltr'>secuerant,</span> <span class='ocrx_word' id='word_1_406' title='bbox 432 2561 528 2594; x_wconf 84' lang='lat' dir='ltr'>atque</span> <span class='ocrx_word' id='word_1_407' title='bbox 551 2552 614 2585; x_wconf 89' lang='lat' dir='ltr'>alia</span> <span class='ocrx_word' id='word_1_408' title='bbox 635 2562 705 2594; x_wconf 83' lang='lat' dir='ltr'>quae</span> <span class='ocrx_word' id='word_1_409' title='bbox 728 2563 743 2584; x_wconf 92' lang='lat' dir='ltr'>e</span> <span class='ocrx_word' id='word_1_410' title='bbox 767 2563 799 2584; x_wconf 83' lang='lat' dir='ltr'>re</span> <span class='ocrx_word' id='word_1_411' title='bbox 822 2554 900 2595; x_wconf 81' lang='lat' dir='ltr'>aegri</span> <span class='ocrx_word' id='word_1_412' title='bbox 923 2551 992 2585; x_wconf 88' lang='lat' dir='ltr'>fore</span> <span class='ocrx_word' id='word_1_413' title='bbox 1013 2563 1083 2586; x_wconf 87' lang='lat' dir='ltr'>cre-</span> 
     </span>
     <span class='ocr_line' id='line_1_54' title="bbox 64 2594 1078 2640; baseline -0.001 -11"><span class='ocrx_word' id='word_1_414' title='bbox 64 2595 221 2629; x_wconf 85' lang='lat' dir='ltr'>debantur</span> <span class='ocrx_word' id='word_1_415' title='bbox 232 2618 245 2636; x_wconf 89' lang='lat'>,</span> <span class='ocrx_word' id='word_1_416' title='bbox 268 2606 334 2634; x_wconf 83' lang='lat' dir='ltr'>non</span> <span class='ocrx_word' id='word_1_417' title='bbox 357 2594 551 2633; x_wconf 86' lang='lat' dir='ltr'>omiserant;</span> <span class='ocrx_word' id='word_1_418' title='bbox 576 2596 607 2628; x_wconf 84' lang='lat' dir='ltr'>is</span> <span class='ocrx_word' id='word_1_419' title='bbox 628 2604 734 2628; x_wconf 89' lang='lat' dir='ltr'>tamen</span> <span class='ocrx_word' id='word_1_420' title='bbox 769 2594 880 2630; x_wconf 89' lang='lat' dir='ltr'>senfim</span> <span class='ocrx_word' id='word_1_421' title='bbox 914 2595 1047 2640; x_wconf 86' lang='lat' dir='ltr'>quidem</span> <span class='ocrx_word' id='word_1_422' title='bbox 1065 2619 1078 2637; x_wconf 90' lang='lat'><em>‚</em></span> 
     </span>
     <span class='ocr_line' id='line_1_55' title="bbox 64 2637 1078 2682; baseline 0 -9"><span class='ocrx_word' id='word_1_423' title='bbox 64 2638 115 2673; x_wconf 87' lang='lat' dir='ltr'>sed</span> <span class='ocrx_word' id='word_1_424' title='bbox 139 2638 259 2680; x_wconf 86' lang='lat' dir='ltr'>semper</span> <span class='ocrx_word' id='word_1_425' title='bbox 281 2640 315 2671; x_wconf 91' lang='lat' dir='ltr'>in</span> <span class='ocrx_word' id='word_1_426' title='bbox 341 2637 431 2682; x_wconf 77' lang='lat' dir='ltr'>pejus</span> <span class='ocrx_word' id='word_1_427' title='bbox 454 2639 582 2679; x_wconf 85' lang='lat' dir='ltr'>labens,</span> <span class='ocrx_word' id='word_1_428' title='bbox 608 2648 754 2673; x_wconf 89' lang='lat' dir='ltr'>mortuus</span> <span class='ocrx_word' id='word_1_429' title='bbox 778 2639 821 2673; x_wconf 91' lang='lat' dir='ltr'>est</span> <span class='ocrx_word' id='word_1_430' title='bbox 844 2664 852 2672; x_wconf 92' lang='lat'>.</span> <span class='ocrx_word' id='word_1_431' title='bbox 995 2641 1078 2674; x_wconf 86' lang='lat' dir='ltr'>CA-</span> 
     </span>
     <span class='ocr_line' id='line_1_56' title="bbox 62 2680 1077 2724; baseline -0.002 -6"><span class='ocrx_word' id='word_1_432' title='bbox 62 2683 297 2722; x_wconf 88' lang='lat' dir='ltr'>DAVERIS,</span> <span class='ocrx_word' id='word_1_433' title='bbox 322 2693 403 2716; x_wconf 83' lang='lat' dir='ltr'>nona</span> <span class='ocrx_word' id='word_1_434' title='bbox 424 2693 443 2715; x_wconf 87' lang='lat' dir='ltr'>a</span> <span class='ocrx_word' id='word_1_435' title='bbox 467 2692 571 2716; x_wconf 84' lang='lat' dir='ltr'>morte</span> <span class='ocrx_word' id='word_1_436' title='bbox 594 2682 673 2716; x_wconf 87' lang='lat' dir='ltr'>hora</span> <span class='ocrx_word' id='word_1_437' title='bbox 695 2680 819 2717; x_wconf 74' lang='lat' dir='ltr'>disseffi</span> <span class='ocrx_word' id='word_1_438' title='bbox 831 2707 844 2724; x_wconf 89' lang='lat'><em>‚</em></span> <span class='ocrx_word' id='word_1_439' title='bbox 875 2683 995 2717; x_wconf 90' lang='lat' dir='ltr'>viscera</span> <span class='ocrx_word' id='word_1_440' title='bbox 1028 2693 1077 2716; x_wconf 89' lang='lat' dir='ltr'>et-</span> 
     </span>
     <span class='ocr_line' id='line_1_57' title="bbox 63 2725 1082 2770; baseline 0.001 -11"><span class='ocrx_word' id='word_1_441' title='bbox 63 2727 202 2760; x_wconf 85' lang='lat' dir='ltr'>iamtum</span> <span class='ocrx_word' id='word_1_442' title='bbox 224 2725 384 2760; x_wconf 73' lang='lat' dir='ltr'>fumantia</span> <span class='ocrx_word' id='word_1_443' title='bbox 405 2726 572 2770; x_wconf 65' lang='lat' dir='ltr'>calebant:</span> <span class='ocrx_word' id='word_1_444' title='bbox 597 2729 630 2761; x_wconf 76' lang='grc' dir='ltr'>ἅτ,</span> <span class='ocrx_word' id='word_1_445' title='bbox 653 2725 782 2769; x_wconf 76' lang='lat' dir='ltr'>sanguis</span> <span class='ocrx_word' id='word_1_446' title='bbox 805 2738 844 2761; x_wconf 82' lang='lat' dir='ltr'>ex</span> <span class='ocrx_word' id='word_1_447' title='bbox 866 2738 978 2761; x_wconf 90' lang='lat' dir='ltr'>eorum</span> <span class='ocrx_word' id='word_1_448' title='bbox 1000 2727 1082 2760; x_wconf 88' lang='lat' dir='ltr'>inci-</span> 
     </span>
     <span class='ocr_line' id='line_1_58' title="bbox 64 2768 1080 2814; baseline 0.003 -13"><span class='ocrx_word' id='word_1_449' title='bbox 64 2769 104 2804; x_wconf 74' lang='lat' dir='ltr'>sis</span> <span class='ocrx_word' id='word_1_450' title='bbox 127 2769 214 2802; x_wconf 88' lang='lat' dir='ltr'>venis</span> <span class='ocrx_word' id='word_1_451' title='bbox 237 2768 381 2807; x_wconf 88' lang='lat' dir='ltr'>fluidus,</span> <span class='ocrx_word' id='word_1_452' title='bbox 404 2770 464 2812; x_wconf 13' lang='lat' dir='ltr'>cal,</span> <span class='ocrx_word' id='word_1_453' title='bbox 497 2770 568 2813; x_wconf 64' lang='lat' dir='ltr'>sque</span> <span class='ocrx_word' id='word_1_454' title='bbox 591 2769 728 2814; x_wconf 63' lang='lat' dir='ltr'>exibatf²</span> <span class='ocrx_word' id='word_1_455' title='bbox 753 2770 880 2804; x_wconf 86' lang='lat' dir='ltr'>tametsi</span> <span class='ocrx_word' id='word_1_456' title='bbox 913 2771 1080 2814; x_wconf 83' lang='lat' dir='ltr'>polyposae</span> 
     </span>
     <span class='ocr_line' id='line_1_59' title="bbox 65 2781 1081 2856; baseline 0 -10"><span class='ocrx_word' id='word_1_457' title='bbox 65 2814 288 2846; x_wconf 87' lang='lat' dir='ltr'>concretiones</span> <span class='ocrx_word' id='word_1_458' title='bbox 311 2814 432 2847; x_wconf 68' lang='lat' dir='ltr'>eduecae</span> <span class='ocrx_word' id='word_1_459' title='bbox 455 2781 647 2856; x_wconf 40' lang='lat' dir='ltr'>Rea-,postea</span> <span class='ocrx_word' id='word_1_460' title='bbox 671 2819 740 2851; x_wconf 72' lang='lat' dir='ltr'>nem</span> <span class='ocrx_word' id='word_1_461' title='bbox 759 2812 861 2847; x_wconf 88' lang='lat' dir='ltr'>modo</span> <span class='ocrx_word' id='word_1_462' title='bbox 883 2827 900 2848; x_wconf 87' lang='lat' dir='ltr'>e</span> <span class='ocrx_word' id='word_1_463' title='bbox 934 2814 1081 2848; x_wconf 84' lang='lat' dir='ltr'>Crurali-</span> 
     </span>
     <span class='ocr_line' id='line_1_60' title="bbox 64 2855 1081 2896; baseline 0 -6"><span class='ocrx_word' id='word_1_464' title='bbox 64 2856 125 2890; x_wconf 90' lang='lat' dir='ltr'>bus</span> <span class='ocrx_word' id='word_1_465' title='bbox 148 2857 258 2896; x_wconf 88' lang='lat' dir='ltr'>venis,</span> <span class='ocrx_word' id='word_1_466' title='bbox 282 2855 333 2890; x_wconf 88' lang='lat' dir='ltr'>sed</span> <span class='ocrx_word' id='word_1_467' title='bbox 355 2858 451 2893; x_wconf 89' lang='lat' dir='ltr'>etiam</span> <span class='ocrx_word' id='word_1_468' title='bbox 475 2856 633 2895; x_wconf 49' lang='lat' dir='ltr'>discorde,</span> <span class='ocrx_word' id='word_1_469' title='bbox 669 2857 752 2891; x_wconf 83' lang='lat' dir='ltr'>unde</span> <span class='ocrx_word' id='word_1_470' title='bbox 796 2859 831 2891; x_wconf 90' lang='lat' dir='ltr'>in</span> <span class='ocrx_word' id='word_1_471' title='bbox 877 2859 1081 2892; x_wconf 86' lang='lat' dir='ltr'>Pulmonaria</span> 
     </span>
     <span class='ocr_line' id='line_1_61' title="bbox 66 2900 1080 2944; baseline 0.002 -11"><span class='ocrx_word' id='word_1_472' title='bbox 66 2900 140 2933; x_wconf 88' lang='lat' dir='ltr'>vasa</span> <span class='ocrx_word' id='word_1_473' title='bbox 163 2900 293 2933; x_wconf 91' lang='lat' dir='ltr'>alterius</span> <span class='ocrx_word' id='word_1_474' title='bbox 317 2900 426 2934; x_wconf 86' lang='lat' dir='ltr'>saltem·</span> <span class='ocrx_word' id='word_1_475' title='bbox 447 2901 554 2934; x_wconf 90' lang='lat' dir='ltr'>lateris</span> <span class='ocrx_word' id='word_1_476' title='bbox 576 2900 858 2944; x_wconf 88' lang='lat' dir='ltr'>producebantur.</span> <span class='ocrx_word' id='word_1_477' title='bbox 886 2902 1080 2942; x_wconf 84' lang='lat' dir='ltr'>Pulmones,</span> 
     </span>
     <span class='ocr_line' id='line_1_62' title="bbox 69 2942 1081 2988; baseline 0.002 -11"><span class='ocrx_word' id='word_1_478' title='bbox 69 2942 95 2977; x_wconf 92' lang='lat' dir='ltr'>s1</span> <span class='ocrx_word' id='word_1_479' title='bbox 118 2945 309 2976; x_wconf 78' lang='lat' dir='ltr'>anteriorem</span> <span class='ocrx_word' id='word_1_480' title='bbox 333 2953 453 2986; x_wconf 83' lang='lat' dir='ltr'>partem</span> <span class='ocrx_word' id='word_1_481' title='bbox 477 2946 645 2987; x_wconf 78' lang='lat' dir='ltr'>excipias,</span> <span class='ocrx_word' id='word_1_482' title='bbox 668 2956 739 2988; x_wconf 78' lang='lat' dir='ltr'>quae</span> <span class='ocrx_word' id='word_1_483' title='bbox 764 2945 870 2979; x_wconf 85' lang='lat' dir='ltr'>albida</span> <span class='ocrx_word' id='word_1_484' title='bbox 893 2969 907 2987; x_wconf 90' lang='lat'>,</span> <span class='ocrx_word' id='word_1_485' title='bbox 940 2948 974 2979; x_wconf 86' lang='lat'>&amp;</span> <span class='ocrx_word' id='word_1_486' title='bbox 1010 2946 1081 2979; x_wconf 89' lang='lat' dir='ltr'>sana</span> 
     </span>
     <span class='ocr_line' id='line_1_63' title="bbox 67 2986 1083 3030; baseline 0.003 -10"><span class='ocrx_word' id='word_1_487' title='bbox 67 2996 135 3021; x_wconf 89' lang='lat' dir='ltr'>erat</span> <span class='ocrx_word' id='word_1_488' title='bbox 149 3012 159 3028; x_wconf 88' lang='lat'>‚</span> <span class='ocrx_word' id='word_1_489' title='bbox 183 2986 248 3020; x_wconf 81' lang='lat' dir='ltr'>fere</span> <span class='ocrx_word' id='word_1_490' title='bbox 271 2987 388 3030; x_wconf 88' lang='lat' dir='ltr'>ubique</span> <span class='ocrx_word' id='word_1_491' title='bbox 412 2989 608 3023; x_wconf 86' lang='lat' dir='ltr'>naturalibus</span> <span class='ocrx_word' id='word_1_492' title='bbox 630 2988 776 3022; x_wconf 88' lang='lat' dir='ltr'>duriores</span> <span class='ocrx_word' id='word_1_493' title='bbox 799 2988 953 3027; x_wconf 77' lang='lat' dir='ltr'>fuerunt3</span> <span class='ocrx_word' id='word_1_494' title='bbox 979 2990 1083 3023; x_wconf 88' lang='lat' dir='ltr'>adex-</span> 
     </span>
     <span class='ocr_line' id='line_1_64' title="bbox 68 3029 1079 3075; baseline 0.001 -11"><span class='ocrx_word' id='word_1_495' title='bbox 68 3032 129 3064; x_wconf 84' lang='lat' dir='ltr'>tris</span> <span class='ocrx_word' id='word_1_496' title='bbox 154 3039 286 3070; x_wconf 87' lang='lat' dir='ltr'>autem,</span> <span class='ocrx_word' id='word_1_497' title='bbox 309 3033 340 3063; x_wconf 89' lang='lat'>&amp;</span> <span class='ocrx_word' id='word_1_498' title='bbox 365 3029 726 3075; x_wconf 75' lang='lat' dir='ltr'>superiorepraesertim</span> <span class='ocrx_word' id='word_1_499' title='bbox 749 3033 826 3066; x_wconf 88' lang='lat' dir='ltr'>lobo</span> <span class='ocrx_word' id='word_1_500' title='bbox 847 3057 861 3075; x_wconf 85' lang='lat'>,</span> <span class='ocrx_word' id='word_1_501' title='bbox 893 3033 1049 3067; x_wconf 83' lang='lat' dir='ltr'>duriffimi</span> <span class='ocrx_word' id='word_1_502' title='bbox 1071 3058 1079 3073; x_wconf 91' lang='lat'><em>‚</em></span> 
     </span>
     <span class='ocr_line' id='line_1_65' title="bbox 67 3074 1083 3120; baseline 0.004 -13"><span class='ocrx_word' id='word_1_503' title='bbox 67 3074 324 3117; x_wconf 70' lang='lat' dir='ltr'>gravissimique,</span> <span class='ocrx_word' id='word_1_504' title='bbox 350 3074 501 3117; x_wconf 82' lang='lat' dir='ltr'>distenti,</span> <span class='ocrx_word' id='word_1_505' title='bbox 524 3076 631 3115; x_wconf 87' lang='lat' dir='ltr'>rubri,</span> <span class='ocrx_word' id='word_1_506' title='bbox 658 3087 696 3109; x_wconf 86' lang='lat' dir='ltr'>ex</span> <span class='ocrx_word' id='word_1_507' title='bbox 719 3075 875 3120; x_wconf 86' lang='lat' dir='ltr'>densaque</span> <span class='ocrx_word' id='word_1_508' title='bbox 908 3075 1083 3111; x_wconf 76' lang='lat' dir='ltr'>substantia</span> 
     </span>
     <span class='ocr_line' id='line_1_66' title="bbox 70 3118 856 3163; baseline 0 -11"><span class='ocrx_word' id='word_1_509' title='bbox 70 3118 254 3161; x_wconf 69' lang='lat' dir='ltr'>compacffi.</span> <span class='ocrx_word' id='word_1_510' title='bbox 385 3120 423 3151; x_wconf 94' lang='lat' dir='ltr'>In</span> <span class='ocrx_word' id='word_1_511' title='bbox 446 3121 567 3154; x_wconf 86' lang='lat' dir='ltr'>Ventre</span> <span class='ocrx_word' id='word_1_512' title='bbox 592 3119 683 3162; x_wconf 84' lang='lat' dir='ltr'>splen</span> <span class='ocrx_word' id='word_1_513' title='bbox 704 3130 856 3163; x_wconf 82' lang='lat' dir='ltr'>magnus.</span> 
     </span>
    </p>

    <p class='ocr_par' dir='ltr' id='par_1_9' title="bbox 1 3160 1082 3428">
     <span class='ocr_line' id='line_1_67' title="bbox 113 3160 1081 3208; baseline 0.005 -16"><span class='ocrx_word' id='word_1_514' title='bbox 113 3173 144 3205; x_wconf 90' lang='lat'>7.</span> <span class='ocrx_word' id='word_1_515' title='bbox 170 3161 303 3197; x_wconf 86' lang='lat' dir='ltr'>Delirio</span> <span class='ocrx_word' id='word_1_516' title='bbox 328 3160 577 3204; x_wconf 84' lang='lat' dir='ltr'>supervenientis</span> <span class='ocrx_word' id='word_1_517' title='bbox 601 3165 875 3206; x_wconf 78' lang='lat' dir='ltr'>peripneumoniae</span> <span class='ocrx_word' id='word_1_518' title='bbox 889 3176 959 3208; x_wconf 82' lang='lat' dir='ltr'>quae</span> <span class='ocrx_word' id='word_1_519' title='bbox 971 3163 1081 3208; x_wconf 84' lang='lat' dir='ltr'>signa,</span> 
     </span>
     <span class='ocr_line' id='line_1_68' title="bbox 70 3204 1082 3252; baseline 0.002 -12"><span class='ocrx_word' id='word_1_520' title='bbox 70 3204 111 3240; x_wconf 82' lang='lat' dir='ltr'>ad</span> <span class='ocrx_word' id='word_1_521' title='bbox 133 3204 256 3241; x_wconf 82' lang='lat' dir='ltr'>doloris</span> <span class='ocrx_word' id='word_1_522' title='bbox 281 3205 460 3247; x_wconf 82' lang='lat' dir='ltr'>praesertim-</span> <span class='ocrx_word' id='word_1_523' title='bbox 481 3216 649 3247; x_wconf 89' lang='lat' dir='ltr'>naturam,</span> <span class='ocrx_word' id='word_1_524' title='bbox 673 3207 838 3252; x_wconf 91' lang='lat' dir='ltr'>sedemque</span> <span class='ocrx_word' id='word_1_525' title='bbox 876 3210 1050 3243; x_wconf 85' lang='lat' dir='ltr'>attinentia</span> <span class='ocrx_word' id='word_1_526' title='bbox 1069 3232 1082 3249; x_wconf 93' lang='lat'>,</span> 
     </span>
     <span class='ocr_line' id='line_1_69' title="bbox 69 3248 1082 3296; baseline 0.004 -14"><span class='ocrx_word' id='word_1_527' title='bbox 69 3249 146 3282; x_wconf 86' lang='lat' dir='ltr'>satis</span> <span class='ocrx_word' id='word_1_528' title='bbox 170 3259 265 3291; x_wconf 87' lang='lat' dir='ltr'>queas</span> <span class='ocrx_word' id='word_1_529' title='bbox 287 3248 330 3282; x_wconf 89' lang='lat' dir='ltr'>ab</span> <span class='ocrx_word' id='word_1_530' title='bbox 351 3260 438 3292; x_wconf 83' lang='lat' dir='ltr'>aegro</span> <span class='ocrx_word' id='word_1_531' title='bbox 462 3250 623 3294; x_wconf 88' lang='lat' dir='ltr'>accipere?</span> <span class='ocrx_word' id='word_1_532' title='bbox 647 3253 752 3285; x_wconf 85' lang='lat' dir='ltr'>Facile</span> <span class='ocrx_word' id='word_1_533' title='bbox 776 3263 883 3286; x_wconf 89' lang='lat' dir='ltr'>autem</span> <span class='ocrx_word' id='word_1_534' title='bbox 907 3252 1082 3296; x_wconf 72' lang='lat' dir='ltr'>potest,id</span> 
     </span>
     <span class='ocr_line' id='line_1_70' title="bbox 70 3291 1082 3340; baseline 0.003 -14"><span class='ocrx_word' id='word_1_535' title='bbox 70 3291 160 3335; x_wconf 90' lang='lat' dir='ltr'>quod</span> <span class='ocrx_word' id='word_1_536' title='bbox 184 3292 351 3332; x_wconf 89' lang='lat' dir='ltr'>indicata,</span> <span class='ocrx_word' id='word_1_537' title='bbox 374 3295 407 3325; x_wconf 89' lang='lat'>&amp;</span> <span class='ocrx_word' id='word_1_538' title='bbox 431 3293 586 3336; x_wconf 65' lang='lat' dir='ltr'>produfm</span> <span class='ocrx_word' id='word_1_539' title='bbox 610 3296 645 3328; x_wconf 90' lang='lat' dir='ltr'>in</span> <span class='ocrx_word' id='word_1_540' title='bbox 670 3297 752 3329; x_wconf 88' lang='lat' dir='ltr'>VII.</span> <span class='ocrx_word' id='word_1_541' title='bbox 790 3299 821 3329; x_wconf 62' lang='grc' dir='ltr'>ἃς</span> <span class='ocrx_word' id='word_1_542' title='bbox 853 3298 888 3331; x_wconf 88' lang='lat' dir='ltr'>in</span> <span class='ocrx_word' id='word_1_543' title='bbox 919 3296 1082 3340; x_wconf 83' lang='lat' dir='ltr'>superiore</span> 
     </span>
     <span class='ocr_line' id='line_1_71' title="bbox 70 3335 1081 3383; baseline 0.006 -15"><span class='ocrx_word' id='word_1_544' title='bbox 70 3335 219 3378; x_wconf 84' lang='lat' dir='ltr'>Epistola</span> <span class='ocrx_word' id='word_1_545' title='bbox 234 3345 293 3382; x_wconf 29' lang='lat' dir='ltr'>‚tot</span> <span class='ocrx_word' id='word_1_546' title='bbox 318 3335 494 3370; x_wconf 88' lang='lat' dir='ltr'>monstrant</span> <span class='ocrx_word' id='word_1_547' title='bbox 519 3339 687 3381; x_wconf 82' lang='lat' dir='ltr'>exempla,</span> <span class='ocrx_word' id='word_1_548' title='bbox 710 3349 882 3383; x_wconf 88' lang='lat' dir='ltr'>utrumque</span> <span class='ocrx_word' id='word_1_549' title='bbox 919 3341 981 3374; x_wconf 89' lang='lat' dir='ltr'>hoc</span> <span class='ocrx_word' id='word_1_550' title='bbox 1012 3352 1081 3374; x_wconf 89' lang='lat' dir='ltr'>ma-</span> 
     </span>
     <span class='ocr_line' id='line_1_72' title="bbox 1 3378 1079 3428; baseline 0.002 -13"><span class='ocrx_word' id='word_1_551' title='bbox 1 3413 3 3415; x_wconf 83' lang='lat'><em>.</em></span> <span class='ocrx_word' id='word_1_552' title='bbox 72 3378 142 3413; x_wconf 87' lang='lat' dir='ltr'>lum</span> <span class='ocrx_word' id='word_1_553' title='bbox 164 3381 320 3423; x_wconf 74' lang='lat' dir='ltr'>conjungi</span> <span class='ocrx_word' id='word_1_554' title='bbox 342 3388 413 3414; x_wconf 86' lang='lat' dir='ltr'>tum</span> <span class='ocrx_word' id='word_1_555' title='bbox 435 3380 481 3414; x_wconf 91' lang='lat' dir='ltr'>ob·</span> <span class='ocrx_word' id='word_1_556' title='bbox 509 3381 680 3424; x_wconf 82' lang='lat' dir='ltr'>polyposas</span> <span class='ocrx_word' id='word_1_557' title='bbox 711 3385 884 3426; x_wconf 89' lang='lat' dir='ltr'>particulas</span> <span class='ocrx_word' id='word_1_558' title='bbox 916 3385 1079 3428; x_wconf 78' lang='lat' dir='ltr'>sanguinis</span> 
     </span>
    </p>

    <p class='ocr_par' dir='ltr' id='par_1_10' title="bbox 48 3422 1083 3737">
     <span class='ocr_line' id='line_1_73' title="bbox 48 3422 1076 3472; baseline 0.006 -17"><span class='ocrx_word' id='word_1_559' title='bbox 48 3441 50 3444; x_wconf 96' lang='lat'>·</span> <span class='ocrx_word' id='word_1_560' title='bbox 72 3432 187 3465; x_wconf 87' lang='lat' dir='ltr'>pronas</span> <span class='ocrx_word' id='word_1_561' title='bbox 210 3422 249 3458; x_wconf 87' lang='lat' dir='ltr'>ad</span> <span class='ocrx_word' id='word_1_562' title='bbox 270 3423 478 3458; x_wconf 87' lang='lat' dir='ltr'>restitandum</span> <span class='ocrx_word' id='word_1_563' title='bbox 489 3448 503 3466; x_wconf 91' lang='lat'>,</span> <span class='ocrx_word' id='word_1_564' title='bbox 525 3433 595 3459; x_wconf 88' lang='lat' dir='ltr'>tum</span> <span class='ocrx_word' id='word_1_565' title='bbox 617 3428 712 3460; x_wconf 80' lang='lat' dir='ltr'>etiam</span> <span class='ocrx_word' id='word_1_566' title='bbox 737 3429 812 3471; x_wconf 89' lang='lat' dir='ltr'>quia</span> <span class='ocrx_word' id='word_1_567' title='bbox 835 3428 953 3464; x_wconf 89' lang='lat' dir='ltr'>delirus</span> <span class='ocrx_word' id='word_1_568' title='bbox 976 3428 1076 3472; x_wconf 84' lang='lat' dir='ltr'>saepe,</span> 
     </span>
     <span class='ocr_line' id='line_1_74' title="bbox 70 3464 1077 3516; baseline 0.006 -17"><span class='ocrx_word' id='word_1_569' title='bbox 70 3464 257 3514; x_wconf 75' lang='lat' dir='ltr'>diutiusque</span> <span class='ocrx_word' id='word_1_570' title='bbox 280 3467 485 3502; x_wconf 86' lang='lat' dir='ltr'>obliviscitur</span> <span class='ocrx_word' id='word_1_571' title='bbox 507 3467 661 3512; x_wconf 79' lang='lat' dir='ltr'>spiritum</span> <span class='ocrx_word' id='word_1_572' title='bbox 679 3470 812 3512; x_wconf 89' lang='lat' dir='ltr'>ducere,</span> <span class='ocrx_word' id='word_1_573' title='bbox 835 3484 937 3516; x_wconf 83' lang='lat' dir='ltr'>eoque</span> <span class='ocrx_word' id='word_1_574' title='bbox 952 3472 1077 3514; x_wconf 86' lang='lat' dir='ltr'>sangui·</span> 
     </span>
     <span class='ocr_line' id='line_1_75' title="bbox 73 3512 1078 3558; baseline 0.008 -16"><span class='ocrx_word' id='word_1_575' title='bbox 73 3519 148 3543; x_wconf 88' lang='lat' dir='ltr'>nem</span> <span class='ocrx_word' id='word_1_576' title='bbox 171 3522 227 3554; x_wconf 90' lang='lat' dir='ltr'>per</span> <span class='ocrx_word' id='word_1_577' title='bbox 249 3512 416 3553; x_wconf 85' lang='lat' dir='ltr'>pulmones</span> <span class='ocrx_word' id='word_1_578' title='bbox 439 3523 650 3555; x_wconf 88' lang='lat' dir='ltr'>promovere:</span> <span class='ocrx_word' id='word_1_579' title='bbox 682 3517 986 3558; x_wconf 89' lang='lat' dir='ltr'>peripneumonicus</span> <span class='ocrx_word' id='word_1_580' title='bbox 1022 3528 1078 3550; x_wconf 89' lang='lat' dir='ltr'>au-</span> 
     </span>
     <span class='ocr_line' id='line_1_76' title="bbox 74 3556 1081 3603; baseline 0.006 -17"><span class='ocrx_word' id='word_1_581' title='bbox 74 3561 166 3595; x_wconf 89' lang='lat' dir='ltr'>tem,</span> <span class='ocrx_word' id='word_1_582' title='bbox 188 3563 225 3588; x_wconf 94' lang='lat' dir='ltr'>ut</span> <span class='ocrx_word' id='word_1_583' title='bbox 248 3556 355 3590; x_wconf 90' lang='lat' dir='ltr'>minus</span> <span class='ocrx_word' id='word_1_584' title='bbox 377 3556 518 3591; x_wconf 87' lang='lat' dir='ltr'>liberum</span> <span class='ocrx_word' id='word_1_585' title='bbox 540 3556 638 3590; x_wconf 88' lang='lat' dir='ltr'>habet</span> <span class='ocrx_word' id='word_1_586' title='bbox 673 3558 833 3602; x_wconf 87' lang='lat' dir='ltr'>sanguinis</span> <span class='ocrx_word' id='word_1_587' title='bbox 866 3561 992 3595; x_wconf 89' lang='lat' dir='ltr'>cursum</span> <span class='ocrx_word' id='word_1_588' title='bbox 1026 3571 1081 3603; x_wconf 87' lang='lat' dir='ltr'>per</span> 
     </span>
     <span class='ocr_line' id='line_1_77' title="bbox 73 3597 1080 3647; baseline 0.007 -17"><span class='ocrx_word' id='word_1_589' title='bbox 73 3597 264 3639; x_wconf 83' lang='lat' dir='ltr'>pulmones,</span> <span class='ocrx_word' id='word_1_590' title='bbox 290 3599 332 3632; x_wconf 88' lang='lat' dir='ltr'>sic</span> <span class='ocrx_word' id='word_1_591' title='bbox 357 3598 451 3642; x_wconf 73' lang='lat' dir='ltr'>hujus</span> <span class='ocrx_word' id='word_1_592' title='bbox 474 3599 626 3644; x_wconf 87' lang='lat' dir='ltr'>expedito</span> <span class='ocrx_word' id='word_1_593' title='bbox 649 3612 666 3634; x_wconf 84' lang='lat' dir='ltr'>a</span> <span class='ocrx_word' id='word_1_594' title='bbox 679 3604 824 3645; x_wconf 89' lang='lat' dir='ltr'>partibus</span> <span class='ocrx_word' id='word_1_595' title='bbox 836 3603 986 3647; x_wconf 86' lang='lat' dir='ltr'>regressui</span> <span class='ocrx_word' id='word_1_596' title='bbox 1007 3605 1080 3638; x_wconf 91' lang='lat' dir='ltr'>obi-</span> 
     </span>
     <span class='ocr_line' id='line_1_78' title="bbox 73 3641 1081 3692; baseline 0.007 -20"><span class='ocrx_word' id='word_1_597' title='bbox 73 3650 143 3674; x_wconf 89' lang='lat' dir='ltr'>cem</span> <span class='ocrx_word' id='word_1_598' title='bbox 163 3641 260 3676; x_wconf 86' lang='lat' dir='ltr'>habet</span> <span class='ocrx_word' id='word_1_599' title='bbox 283 3642 349 3684; x_wconf 83' lang='lat' dir='ltr'>J&#39;am</span> <span class='ocrx_word' id='word_1_600' title='bbox 371 3654 539 3686; x_wconf 67' lang='lat' dir='ltr'>paratum,</span> <span class='ocrx_word' id='word_1_601' title='bbox 564 3642 672 3685; x_wconf 89' lang='lat' dir='ltr'>addo,</span> <span class='ocrx_word' id='word_1_602' title='bbox 694 3657 711 3678; x_wconf 89' lang='lat' dir='ltr'>a</span> <span class='ocrx_word' id='word_1_603' title='bbox 733 3646 943 3690; x_wconf 79' lang='lat' dir='ltr'>superioribus</span> <span class='ocrx_word' id='word_1_604' title='bbox 967 3649 1081 3692; x_wconf 74' lang='lat' dir='ltr'>praeci.</span> 
     </span>
     <span class='ocr_line' id='line_1_79' title="bbox 74 3687 1083 3737; baseline 0.008 -20"><span class='ocrx_word' id='word_1_605' title='bbox 74 3693 134 3725; x_wconf 88' lang='lat' dir='ltr'>pue</span> <span class='ocrx_word' id='word_1_606' title='bbox 155 3696 230 3720; x_wconf 91' lang='lat' dir='ltr'>cum</span> <span class='ocrx_word' id='word_1_607' title='bbox 253 3687 409 3730; x_wconf 87' lang='lat' dir='ltr'>Superior</span> <span class='ocrx_word' id='word_1_608' title='bbox 432 3699 512 3723; x_wconf 88' lang='lat' dir='ltr'>vena</span> <span class='ocrx_word' id='word_1_609' title='bbox 533 3690 622 3722; x_wconf 89' lang='lat' dir='ltr'>Cava</span> <span class='ocrx_word' id='word_1_610' title='bbox 647 3700 664 3722; x_wconf 84' lang='lat' dir='ltr'>a</span> <span class='ocrx_word' id='word_1_611' title='bbox 686 3688 825 3724; x_wconf 87' lang='lat' dir='ltr'>distento</span> <span class='ocrx_word' id='word_1_612' title='bbox 846 3689 997 3735; x_wconf 68' lang='lat' dir='ltr'>p&#39;ulmone</span> <span class='ocrx_word' id='word_1_613' title='bbox 1008 3703 1083 3737; x_wconf 90' lang='lat' dir='ltr'>pre-</span> 
     </span>
    </p>
   </div>
   <div class='ocr_carea' id='block_1_8' title="bbox 1972 272 2068 320">
    <p class='ocr_par' dir='ltr' id='par_1_11' title="bbox 1972 272 2068 320">
     <span class='ocr_line' id='line_1_80' title="bbox 1972 272 2068 320; baseline 0 -9"><span class='ocrx_word' id='word_1_614' title='bbox 1972 272 2068 320; x_wconf 79' lang='lat'>205</span> 
     </span>
    </p>
   </div>
   <div class='ocr_carea' id='block_1_9' title="bbox 1130 335 2162 3777">
    <p class='ocr_par' dir='ltr' id='par_1_12' title="bbox 1131 335 2142 987">
     <span class='ocr_line' id='line_1_81' title="bbox 1135 335 2134 381; baseline 0.003 -11"><span class='ocrx_word' id='word_1_615' title='bbox 1135 336 1256 376; x_wconf 84' lang='lat' dir='ltr'>mitur,</span> <span class='ocrx_word' id='word_1_616' title='bbox 1279 337 1365 370; x_wconf 87' lang='lat' dir='ltr'>velut</span> <span class='ocrx_word' id='word_1_617' title='bbox 1391 337 1425 370; x_wconf 89' lang='lat' dir='ltr'>in</span> <span class='ocrx_word' id='word_1_618' title='bbox 1449 335 1617 380; x_wconf 88' lang='lat' dir='ltr'>proposito</span> <span class='ocrx_word' id='word_1_619' title='bbox 1641 337 1806 371; x_wconf 57' lang='lat' dir='ltr'>Struc&#39;tore</span> <span class='ocrx_word' id='word_1_620' title='bbox 1829 361 1837 369; x_wconf 84' lang='lat'><strong>.</strong></span> <span class='ocrx_word' id='word_1_621' title='bbox 1871 338 1986 380; x_wconf 88' lang='lat' dir='ltr'>Itaque</span> <span class='ocrx_word' id='word_1_622' title='bbox 2021 338 2134 381; x_wconf 86' lang='lat' dir='ltr'>saepius</span> 
     </span>
     <span class='ocr_line' id='line_1_82' title="bbox 1133 378 2136 426; baseline 0.001 -13"><span class='ocrx_word' id='word_1_623' title='bbox 1133 380 1262 420; x_wconf 87' lang='lat' dir='ltr'>rubere,</span> <span class='ocrx_word' id='word_1_624' title='bbox 1286 390 1319 412; x_wconf 89' lang='lat' dir='ltr'>ac</span> <span class='ocrx_word' id='word_1_625' title='bbox 1343 388 1466 422; x_wconf 89' lang='lat' dir='ltr'>turgere</span> <span class='ocrx_word' id='word_1_626' title='bbox 1488 390 1591 423; x_wconf 83' lang='lat' dir='ltr'>partes</span> <span class='ocrx_word' id='word_1_627' title='bbox 1616 378 1789 426; x_wconf 78' lang='lat' dir='ltr'>superiores</span> <span class='ocrx_word' id='word_1_628' title='bbox 1813 382 1845 413; x_wconf 90' lang='lat' dir='ltr'>in</span> <span class='ocrx_word' id='word_1_629' title='bbox 1870 378 1933 414; x_wconf 90' lang='lat' dir='ltr'>hoc</span> <span class='ocrx_word' id='word_1_630' title='bbox 1956 380 2069 414; x_wconf 91' lang='lat' dir='ltr'>morbo</span> <span class='ocrx_word' id='word_1_631' title='bbox 2081 393 2136 415; x_wconf 88' lang='lat' dir='ltr'>ex-</span> 
     </span>
     <span class='ocr_line' id='line_1_83' title="bbox 1135 422 2135 467; baseline 0.002 -12"><span class='ocrx_word' id='word_1_632' title='bbox 1135 424 1256 463; x_wconf 90' lang='lat' dir='ltr'>terius,</span> <span class='ocrx_word' id='word_1_633' title='bbox 1288 422 1429 457; x_wconf 86' lang='lat' dir='ltr'>videmus</span> <span class='ocrx_word' id='word_1_634' title='bbox 1451 448 1463 463; x_wconf 84' lang='lat'>,</span> <span class='ocrx_word' id='word_1_635' title='bbox 1500 434 1534 457; x_wconf 89' lang='lat' dir='ltr'>ut</span> <span class='ocrx_word' id='word_1_636' title='bbox 1570 423 1711 465; x_wconf 87' lang='lat' dir='ltr'>proclive</span> <span class='ocrx_word' id='word_1_637' title='bbox 1744 425 1783 455; x_wconf 80' lang='lat' dir='ltr'>ht</span> <span class='ocrx_word' id='word_1_638' title='bbox 1815 423 1894 467; x_wconf 87' lang='lat' dir='ltr'>quid</span> <span class='ocrx_word' id='word_1_639' title='bbox 1926 424 2135 460; x_wconf 87' lang='lat' dir='ltr'>interioribus</span> 
     </span>
     <span class='ocr_line' id='line_1_84' title="bbox 1133 466 2136 510; baseline 0 -10"><span class='ocrx_word' id='word_1_640' title='bbox 1133 478 1262 510; x_wconf 88' lang='lat' dir='ltr'>quoque</span> <span class='ocrx_word' id='word_1_641' title='bbox 1285 466 1407 499; x_wconf 84' lang='lat' dir='ltr'>accidat</span> <span class='ocrx_word' id='word_1_642' title='bbox 1421 489 1430 504; x_wconf 84' lang='lat'>,</span> <span class='ocrx_word' id='word_1_643' title='bbox 1455 477 1508 501; x_wconf 87' lang='lat' dir='ltr'>aut</span> <span class='ocrx_word' id='word_1_644' title='bbox 1533 476 1615 500; x_wconf 87' lang='lat' dir='ltr'>certe</span> <span class='ocrx_word' id='word_1_645' title='bbox 1627 467 1794 500; x_wconf 86' lang='lat' dir='ltr'>immineat</span> <span class='ocrx_word' id='word_1_646' title='bbox 1808 493 1817 507; x_wconf 89' lang='lat'><em>‚</em></span> <span class='ocrx_word' id='word_1_647' title='bbox 1842 467 2022 510; x_wconf 85' lang='lat' dir='ltr'>intelligere</span> <span class='ocrx_word' id='word_1_648' title='bbox 2036 492 2043 499; x_wconf 90' lang='lat'><strong>.</strong></span> <span class='ocrx_word' id='word_1_649' title='bbox 2057 468 2136 506; x_wconf 91' lang='lat' dir='ltr'>Quo</span> 
     </span>
     <span class='ocr_line' id='line_1_85' title="bbox 1133 508 2131 554; baseline -0.002 -10"><span class='ocrx_word' id='word_1_650' title='bbox 1133 512 1239 544; x_wconf 87' lang='lat' dir='ltr'>minus</span> <span class='ocrx_word' id='word_1_651' title='bbox 1264 510 1396 543; x_wconf 87' lang='lat' dir='ltr'>miratus</span> <span class='ocrx_word' id='word_1_652' title='bbox 1420 508 1488 544; x_wconf 80' lang='lat' dir='ltr'>sum</span> <span class='ocrx_word' id='word_1_653' title='bbox 1510 521 1583 543; x_wconf 89' lang='lat' dir='ltr'>cum</span> <span class='ocrx_word' id='word_1_654' title='bbox 1609 509 1708 549; x_wconf 87' lang='lat' dir='ltr'>alias,</span> <span class='ocrx_word' id='word_1_655' title='bbox 1732 519 1803 543; x_wconf 89' lang='lat' dir='ltr'>tum</span> <span class='ocrx_word' id='word_1_656' title='bbox 1827 511 1965 544; x_wconf 83' lang='lat' dir='ltr'>maxime</span> <span class='ocrx_word' id='word_1_657' title='bbox 1976 513 2020 545; x_wconf 90' lang='lat' dir='ltr'>A.</span> <span class='ocrx_word' id='word_1_658' title='bbox 2039 521 2131 554; x_wconf 85' lang='lat'><em>1730.</em></span> 
     </span>
     <span class='ocr_line' id='line_1_86' title="bbox 1133 552 2135 596; baseline -0.002 -8"><span class='ocrx_word' id='word_1_659' title='bbox 1133 565 1205 588; x_wconf 90' lang='lat' dir='ltr'>cum</span> <span class='ocrx_word' id='word_1_660' title='bbox 1228 555 1261 586; x_wconf 92' lang='lat' dir='ltr'>in</span> <span class='ocrx_word' id='word_1_661' title='bbox 1286 552 1418 595; x_wconf 88' lang='lat' dir='ltr'>publico</span> <span class='ocrx_word' id='word_1_662' title='bbox 1440 553 1559 586; x_wconf 85' lang='lat' dir='ltr'>cerebri</span> <span class='ocrx_word' id='word_1_663' title='bbox 1584 562 1753 586; x_wconf 88' lang='lat' dir='ltr'>anatomen</span> <span class='ocrx_word' id='word_1_664' title='bbox 1778 553 1945 594; x_wconf 80' lang='lat' dir='ltr'>docerem,</span> <span class='ocrx_word' id='word_1_665' title='bbox 1969 555 2007 587; x_wconf 90' lang='lat' dir='ltr'>de</span> <span class='ocrx_word' id='word_1_666' title='bbox 2030 554 2135 596; x_wconf 87' lang='lat' dir='ltr'>pluri-</span> 
     </span>
     <span class='ocr_line' id='line_1_87' title="bbox 1131 590 2136 641; baseline -0.001 -10"><span class='ocrx_word' id='word_1_667' title='bbox 1131 598 1191 631; x_wconf 88' lang='lat' dir='ltr'>bus</span> <span class='ocrx_word' id='word_1_668' title='bbox 1213 608 1282 641; x_wconf 84' lang='lat' dir='ltr'>quae</span> <span class='ocrx_word' id='word_1_669' title='bbox 1307 606 1414 639; x_wconf 78' lang='lat' dir='ltr'>aperta</span> <span class='ocrx_word' id='word_1_670' title='bbox 1439 590 1616 637; x_wconf 78' lang='lat' dir='ltr'>habeba&#39;m‚</span> <span class='ocrx_word' id='word_1_671' title='bbox 1638 595 1799 638; x_wconf 85' lang='lat' dir='ltr'>capitibus</span> <span class='ocrx_word' id='word_1_672' title='bbox 1823 608 1861 629; x_wconf 90' lang='lat' dir='ltr'>ne</span> <span class='ocrx_word' id='word_1_673' title='bbox 1883 608 1983 631; x_wconf 87' lang='lat' dir='ltr'>unum</span> <span class='ocrx_word' id='word_1_674' title='bbox 2004 596 2136 641; x_wconf 83' lang='lat' dir='ltr'>quidem</span> 
     </span>
     <span class='ocr_line' id='line_1_88' title="bbox 1132 638 2137 682; baseline -0.001 -8"><span class='ocrx_word' id='word_1_675' title='bbox 1132 638 1249 681; x_wconf 82' lang='lat' dir='ltr'>fuisse,</span> <span class='ocrx_word' id='word_1_676' title='bbox 1272 641 1306 672; x_wconf 91' lang='lat' dir='ltr'>in</span> <span class='ocrx_word' id='word_1_677' title='bbox 1330 651 1396 682; x_wconf 89' lang='lat' dir='ltr'>quo</span> <span class='ocrx_word' id='word_1_678' title='bbox 1417 639 1535 672; x_wconf 89' lang='lat' dir='ltr'>cerebri</span> <span class='ocrx_word' id='word_1_679' title='bbox 1560 640 1628 672; x_wconf 89' lang='lat' dir='ltr'>vasa</span> <span class='ocrx_word' id='word_1_680' title='bbox 1652 639 1786 674; x_wconf 86' lang='lat' dir='ltr'>distenta</span> <span class='ocrx_word' id='word_1_681' title='bbox 1812 640 1961 682; x_wconf 84' lang='lat' dir='ltr'>sanguine</span> <span class='ocrx_word' id='word_1_682' title='bbox 1995 652 2059 673; x_wconf 92' lang='lat' dir='ltr'>non</span> <span class='ocrx_word' id='word_1_683' title='bbox 2091 639 2137 673; x_wconf 87' lang='lat' dir='ltr'>es-</span> 
     </span>
     <span class='ocr_line' id='line_1_89' title="bbox 1133 682 2138 726; baseline -0.003 -8"><span class='ocrx_word' id='word_1_684' title='bbox 1133 685 1222 722; x_wconf 71' lang='lat' dir='ltr'>sent,</span> <span class='ocrx_word' id='word_1_685' title='bbox 1245 684 1364 726; x_wconf 86' lang='lat' dir='ltr'>quippe</span> <span class='ocrx_word' id='word_1_686' title='bbox 1387 683 1459 717; x_wconf 87' lang='lat' dir='ltr'>casu</span> <span class='ocrx_word' id='word_1_687' title='bbox 1484 682 1605 717; x_wconf 53' lang='lat' dir='ltr'>fretum</span> <span class='ocrx_word' id='word_1_688' title='bbox 1631 692 1720 723; x_wconf 87' lang='lat' dir='ltr'>erat,</span> <span class='ocrx_word' id='word_1_689' title='bbox 1742 692 1779 717; x_wconf 87' lang='lat' dir='ltr'>ut</span> <span class='ocrx_word' id='word_1_690' title='bbox 1799 685 1908 717; x_wconf 89' lang='lat' dir='ltr'>omnia</span> <span class='ocrx_word' id='word_1_691' title='bbox 1933 683 2059 726; x_wconf 84' lang='lat' dir='ltr'>sumpta</span> <span class='ocrx_word' id='word_1_692' title='bbox 2091 683 2138 716; x_wconf 81' lang='lat' dir='ltr'>es-</span> 
     </span>
     <span class='ocr_line' id='line_1_90' title="bbox 1133 726 2140 769; baseline -0.001 -9"><span class='ocrx_word' id='word_1_693' title='bbox 1133 728 1198 761; x_wconf 88' lang='lat' dir='ltr'>sent</span> <span class='ocrx_word' id='word_1_694' title='bbox 1222 739 1260 760; x_wconf 90' lang='lat' dir='ltr'>ex</span> <span class='ocrx_word' id='word_1_695' title='bbox 1283 726 1470 760; x_wconf 86' lang='lat' dir='ltr'>hominibus</span> <span class='ocrx_word' id='word_1_696' title='bbox 1493 738 1574 768; x_wconf 88' lang='lat' dir='ltr'>quos</span> <span class='ocrx_word' id='word_1_697' title='bbox 1598 736 1675 759; x_wconf 91' lang='lat' dir='ltr'>tunc</span> <span class='ocrx_word' id='word_1_698' title='bbox 1706 738 1821 766; x_wconf 70' lang='lat' dir='ltr'>vagans</span> <span class='ocrx_word' id='word_1_699' title='bbox 1854 728 2054 762; x_wconf 87' lang='lat' dir='ltr'>interemerat</span> <span class='ocrx_word' id='word_1_700' title='bbox 2086 737 2140 769; x_wconf 90' lang='lat' dir='ltr'>pe-</span> 
     </span>
     <span class='ocr_line' id='line_1_91' title="bbox 1133 768 2138 813; baseline -0.001 -10"><span class='ocrx_word' id='word_1_701' title='bbox 1133 771 1382 813; x_wconf 83' lang='lat' dir='ltr'>ripneumonia:</span> <span class='ocrx_word' id='word_1_702' title='bbox 1408 781 1462 803; x_wconf 91' lang='lat' dir='ltr'>nec</span> <span class='ocrx_word' id='word_1_703' title='bbox 1485 768 1590 803; x_wconf 90' lang='lat' dir='ltr'>defuit</span> <span class='ocrx_word' id='word_1_704' title='bbox 1612 770 1660 802; x_wconf 91' lang='lat' dir='ltr'>ibi</span> <span class='ocrx_word' id='word_1_705' title='bbox 1685 771 1717 802; x_wconf 92' lang='lat' dir='ltr'>in</span> <span class='ocrx_word' id='word_1_706' title='bbox 1741 769 1871 812; x_wconf 83' lang='lat' dir='ltr'>singulis</span> <span class='ocrx_word' id='word_1_707' title='bbox 1894 769 1989 804; x_wconf 83' lang='lat' dir='ltr'>effusa</span> <span class='ocrx_word' id='word_1_708' title='bbox 2021 781 2101 813; x_wconf 87' lang='lat' dir='ltr'>aqua</span> <span class='ocrx_word' id='word_1_709' title='bbox 2124 793 2138 810; x_wconf 87' lang='lat'>,</span> 
     </span>
     <span class='ocr_line' id='line_1_92' title="bbox 1133 813 2139 857; baseline 0 -10"><span class='ocrx_word' id='word_1_710' title='bbox 1133 814 1224 849; x_wconf 83' lang='lat' dir='ltr'>sicuti</span> <span class='ocrx_word' id='word_1_711' title='bbox 1248 815 1280 846; x_wconf 87' lang='lat' dir='ltr'>in</span> <span class='ocrx_word' id='word_1_712' title='bbox 1305 813 1437 847; x_wconf 84' lang='lat' dir='ltr'>thorace</span> <span class='ocrx_word' id='word_1_713' title='bbox 1452 824 1587 856; x_wconf 84' lang='lat' dir='ltr'>quoque</span> <span class='ocrx_word' id='word_1_714' title='bbox 1611 813 1974 856; x_wconf 85' lang='lat' dir='ltr'>peripneumonicorum</span> <span class='ocrx_word' id='word_1_715' title='bbox 1999 813 2139 857; x_wconf 68' lang='lat' dir='ltr'>saepenu-</span> 
     </span>
     <span class='ocr_line' id='line_1_93' title="bbox 1135 855 2142 900; baseline -0.002 -10"><span class='ocrx_word' id='word_1_716' title='bbox 1135 869 1225 891; x_wconf 88' lang='lat' dir='ltr'>mero</span> <span class='ocrx_word' id='word_1_717' title='bbox 1250 855 1378 891; x_wconf 78' lang='lat' dir='ltr'>effusam</span> <span class='ocrx_word' id='word_1_718' title='bbox 1400 856 1541 890; x_wconf 80' lang='lat' dir='ltr'>videmus</span> <span class='ocrx_word' id='word_1_719' title='bbox 1567 881 1574 888; x_wconf 92' lang='lat'><strong><em>.</em></strong></span> <span class='ocrx_word' id='word_1_720' title='bbox 1612 855 1670 890; x_wconf 88' lang='lat' dir='ltr'>Sed</span> <span class='ocrx_word' id='word_1_721' title='bbox 1695 857 1732 890; x_wconf 90' lang='lat' dir='ltr'>de</span> <span class='ocrx_word' id='word_1_722' title='bbox 1766 856 1836 891; x_wconf 78' lang='lat' dir='ltr'>his·</span> <span class='ocrx_word' id='word_1_723' title='bbox 1852 857 2033 900; x_wconf 82' lang='lat' dir='ltr'>Epistolam</span> <span class='ocrx_word' id='word_1_724' title='bbox 2064 856 2142 889; x_wconf 87' lang='lat' dir='ltr'>rele-</span> 
     </span>
     <span class='ocr_line' id='line_1_94' title="bbox 1134 900 2139 943; baseline -0.002 -9"><span class='ocrx_word' id='word_1_725' title='bbox 1134 913 1187 943; x_wconf 81' lang='lat' dir='ltr'>ges</span> <span class='ocrx_word' id='word_1_726' title='bbox 1212 902 1296 940; x_wconf 87' lang='lat' dir='ltr'>V11,·</span> <span class='ocrx_word' id='word_1_727' title='bbox 1318 901 1396 933; x_wconf 92' lang='lat' dir='ltr'>nolo</span> <span class='ocrx_word' id='word_1_728' title='bbox 1420 902 1506 933; x_wconf 90' lang='lat' dir='ltr'>enim</span> <span class='ocrx_word' id='word_1_729' title='bbox 1517 901 1571 934; x_wconf 89' lang='lat' dir='ltr'>hic</span> <span class='ocrx_word' id='word_1_730' title='bbox 1583 910 1720 942; x_wconf 81' lang='lat' dir='ltr'>repetere</span> <span class='ocrx_word' id='word_1_731' title='bbox 1746 912 1815 943; x_wconf 84' lang='lat' dir='ltr'>quae</span> <span class='ocrx_word' id='word_1_732' title='bbox 1839 902 1872 933; x_wconf 87' lang='lat' dir='ltr'>in</span> <span class='ocrx_word' id='word_1_733' title='bbox 1897 901 1952 933; x_wconf 88' lang='lat' dir='ltr'>illa</span> <span class='ocrx_word' id='word_1_734' title='bbox 1976 900 2032 934; x_wconf 90' lang='lat' dir='ltr'>sub</span> <span class='ocrx_word' id='word_1_735' title='bbox 2051 910 2139 934; x_wconf 88' lang='lat' dir='ltr'>num.</span> 
     </span>
     <span class='ocr_line' id='line_1_95' title="bbox 1134 943 2105 987; baseline -0.002 -10"><span class='ocrx_word' id='word_1_736' title='bbox 1134 943 1312 987; x_wconf 76' lang='lat' dir='ltr'>praesertim</span> <span class='ocrx_word' id='word_1_737' title='bbox 1342 954 1388 977; x_wconf 90' lang='lat'>11.</span> <span class='ocrx_word' id='word_1_738' title='bbox 1415 947 1447 976; x_wconf 89' lang='lat'>&amp;</span> <span class='ocrx_word' id='word_1_739' title='bbox 1473 954 1520 975; x_wconf 85' lang='lat'>12.</span> <span class='ocrx_word' id='word_1_740' title='bbox 1547 944 1609 977; x_wconf 88' lang='lat' dir='ltr'>huc</span> <span class='ocrx_word' id='word_1_741' title='bbox 1632 946 1800 976; x_wconf 87' lang='lat' dir='ltr'>attinentia</span> <span class='ocrx_word' id='word_1_742' title='bbox 1825 944 1986 987; x_wconf 89' lang='lat' dir='ltr'>proposita</span> <span class='ocrx_word' id='word_1_743' title='bbox 2011 944 2105 978; x_wconf 86' lang='lat' dir='ltr'>sunt.</span> 
     </span>
    </p>

    <p class='ocr_par' dir='ltr' id='par_1_13' title="bbox 1131 987 2154 1682">
     <span class='ocr_line' id='line_1_96' title="bbox 1178 987 2143 1030; baseline 0.001 -11"><span class='ocrx_word' id='word_1_744' title='bbox 1178 988 1208 1020; x_wconf 87' lang='lat'>8.</span> <span class='ocrx_word' id='word_1_745' title='bbox 1231 987 1336 1020; x_wconf 85' lang='lat' dir='ltr'>Causa</span> <span class='ocrx_word' id='word_1_746' title='bbox 1359 988 1455 1020; x_wconf 87' lang='lat' dir='ltr'>etiam</span> <span class='ocrx_word' id='word_1_747' title='bbox 1479 987 1521 1021; x_wconf 86' lang='lat' dir='ltr'>est</span> <span class='ocrx_word' id='word_1_748' title='bbox 1544 988 1662 1027; x_wconf 88' lang='lat' dir='ltr'>altera,</span> <span class='ocrx_word' id='word_1_749' title='bbox 1686 999 1741 1020; x_wconf 91' lang='lat' dir='ltr'>cur</span> <span class='ocrx_word' id='word_1_750' title='bbox 1765 990 1842 1030; x_wconf 77' lang='lat' dir='ltr'>aegri</span> <span class='ocrx_word' id='word_1_751' title='bbox 1867 987 1906 1021; x_wconf 91' lang='lat' dir='ltr'>ab</span> <span class='ocrx_word' id='word_1_752' title='bbox 1940 988 2143 1023; x_wconf 78' lang='lat' dir='ltr'>inflammato</span> 
     </span>
     <span class='ocr_line' id='line_1_97' title="bbox 1133 1030 2144 1074; baseline -0.002 -10"><span class='ocrx_word' id='word_1_753' title='bbox 1133 1031 1284 1074; x_wconf 85' lang='lat' dir='ltr'>pulmone</span> <span class='ocrx_word' id='word_1_754' title='bbox 1308 1030 1430 1064; x_wconf 88' lang='lat' dir='ltr'>nullam</span> <span class='ocrx_word' id='word_1_755' title='bbox 1454 1030 1625 1073; x_wconf 78' lang='lat' dir='ltr'>aliquando</span> <span class='ocrx_word' id='word_1_756' title='bbox 1649 1031 1823 1064; x_wconf 83' lang='lat' dir='ltr'>molestiam</span> <span class='ocrx_word' id='word_1_757' title='bbox 1848 1032 2053 1074; x_wconf 86' lang='lat' dir='ltr'>percipiant,</span> <span class='ocrx_word' id='word_1_758' title='bbox 2075 1030 2144 1064; x_wconf 88' lang='lat' dir='ltr'>sen-</span> 
     </span>
     <span class='ocr_line' id='line_1_98' title="bbox 1133 1072 2143 1114; baseline -0.003 -6"><span class='ocrx_word' id='word_1_759' title='bbox 1133 1075 1182 1108; x_wconf 86' lang='lat' dir='ltr'>sus</span> <span class='ocrx_word' id='word_1_760' title='bbox 1208 1073 1369 1107; x_wconf 89' lang='lat' dir='ltr'>hebetudo</span> <span class='ocrx_word' id='word_1_761' title='bbox 1391 1072 1452 1106; x_wconf 86' lang='lat' dir='ltr'>five</span> <span class='ocrx_word' id='word_1_762' title='bbox 1475 1074 1518 1107; x_wconf 93' lang='lat' dir='ltr'>ob</span> <span class='ocrx_word' id='word_1_763' title='bbox 1541 1074 1684 1114; x_wconf 88' lang='lat' dir='ltr'>cerebri,</span> <span class='ocrx_word' id='word_1_764' title='bbox 1707 1073 1768 1106; x_wconf 84' lang='lat' dir='ltr'>sive</span> <span class='ocrx_word' id='word_1_765' title='bbox 1791 1073 1833 1107; x_wconf 92' lang='lat' dir='ltr'>ob</span> <span class='ocrx_word' id='word_1_766' title='bbox 1855 1085 2047 1113; x_wconf 84' lang='lat' dir='ltr'>nervorum,</span> <span class='ocrx_word' id='word_1_767' title='bbox 2080 1072 2143 1107; x_wconf 86' lang='lat' dir='ltr'>sive</span> 
     </span>
     <span class='ocr_line' id='line_1_99' title="bbox 1133 1115 2146 1159; baseline -0.002 -9"><span class='ocrx_word' id='word_1_768' title='bbox 1133 1119 1176 1151; x_wconf 93' lang='lat' dir='ltr'>ob</span> <span class='ocrx_word' id='word_1_769' title='bbox 1201 1117 1392 1159; x_wconf 88' lang='lat' dir='ltr'>pulmonis,</span> <span class='ocrx_word' id='word_1_770' title='bbox 1416 1125 1469 1150; x_wconf 86' lang='lat' dir='ltr'>aut</span> <span class='ocrx_word' id='word_1_771' title='bbox 1493 1117 1609 1159; x_wconf 80' lang='lat' dir='ltr'>pleurae</span> <span class='ocrx_word' id='word_1_772' title='bbox 1635 1127 1762 1150; x_wconf 81' lang='lat' dir='ltr'>annexae</span> <span class='ocrx_word' id='word_1_773' title='bbox 1786 1118 1953 1151; x_wconf 82' lang='lat' dir='ltr'>laxitatem</span> <span class='ocrx_word' id='word_1_774' title='bbox 1978 1142 1986 1149; x_wconf 91' lang='lat'>.</span> <span class='ocrx_word' id='word_1_775' title='bbox 2021 1119 2068 1151; x_wconf 79' lang='lat' dir='ltr'>Et</span> <span class='ocrx_word' id='word_1_776' title='bbox 2101 1115 2146 1150; x_wconf 86' lang='lat' dir='ltr'>ob</span> 
     </span>
     <span class='ocr_line' id='line_1_100' title="bbox 1131 1159 2147 1203; baseline -0.002 -9"><span class='ocrx_word' id='word_1_777' title='bbox 1131 1161 1293 1194; x_wconf 85' lang='lat' dir='ltr'>cerebrum</span> <span class='ocrx_word' id='word_1_778' title='bbox 1338 1159 1469 1202; x_wconf 85' lang='lat' dir='ltr'>quidem</span> <span class='ocrx_word' id='word_1_779' title='bbox 1493 1185 1502 1199; x_wconf 98' lang='lat'>‚</span> <span class='ocrx_word' id='word_1_780' title='bbox 1547 1160 1721 1203; x_wconf 79' lang='lat' dir='ltr'>nervosque</span> <span class='ocrx_word' id='word_1_781' title='bbox 1755 1161 1938 1201; x_wconf 87' lang='lat' dir='ltr'>exemplum</span> <span class='ocrx_word' id='word_1_782' title='bbox 1973 1160 2067 1196; x_wconf 87' lang='lat' dir='ltr'>habes</span> <span class='ocrx_word' id='word_1_783' title='bbox 2111 1162 2147 1192; x_wconf 87' lang='lat' dir='ltr'>in</span> 
     </span>
     <span class='ocr_line' id='line_1_101' title="bbox 1133 1203 2145 1251; baseline -0.003 -13"><span class='ocrx_word' id='word_1_784' title='bbox 1133 1205 1258 1238; x_wconf 88' lang='lat' dir='ltr'>duobus</span> <span class='ocrx_word' id='word_1_785' title='bbox 1283 1204 1442 1242; x_wconf 87' lang='lat' dir='ltr'>Senibus,</span> <span class='ocrx_word' id='word_1_786' title='bbox 1467 1214 1604 1246; x_wconf 89' lang='lat' dir='ltr'>quorum</span> <span class='ocrx_word' id='word_1_787' title='bbox 1631 1203 1764 1237; x_wconf 86' lang='lat' dir='ltr'>alterurn</span> <span class='ocrx_word' id='word_1_788' title='bbox 1789 1205 1822 1237; x_wconf 92' lang='lat' dir='ltr'>in</span> <span class='ocrx_word' id='word_1_789' title='bbox 1847 1205 1909 1237; x_wconf 90' lang='lat' dir='ltr'>VI.</span> <span class='ocrx_word' id='word_1_790' title='bbox 1934 1207 1948 1243; x_wconf 85' lang='lat'>(</span> <span class='ocrx_word' id='word_1_791' title='bbox 1972 1203 1991 1237; x_wconf 83' lang='lat' dir='ltr'><em>h</em></span> <span class='ocrx_word' id='word_1_792' title='bbox 2015 1208 2026 1243; x_wconf 89' lang='lat'>)</span> <span class='ocrx_word' id='word_1_793' title='bbox 2064 1203 2145 1251; x_wconf 73' lang='lat' dir='ltr'>alte-</span> 
     </span>
     <span class='ocr_line' id='line_1_102' title="bbox 1135 1245 2148 1291; baseline -0.003 -9"><span class='ocrx_word' id='word_1_794' title='bbox 1135 1259 1240 1282; x_wconf 89' lang='lat' dir='ltr'>terum</span> <span class='ocrx_word' id='word_1_795' title='bbox 1263 1248 1297 1280; x_wconf 91' lang='lat' dir='ltr'>in</span> <span class='ocrx_word' id='word_1_796' title='bbox 1323 1248 1381 1280; x_wconf 80' lang='lat' dir='ltr'>XI.</span> <span class='ocrx_word' id='word_1_797' title='bbox 1408 1251 1419 1287; x_wconf 92' lang='lat'>(</span> <span class='ocrx_word' id='word_1_798' title='bbox 1443 1247 1456 1280; x_wconf 79' lang='lat' dir='ltr'>i</span> <span class='ocrx_word' id='word_1_799' title='bbox 1477 1250 1491 1287; x_wconf 82' lang='lat'><strong>)</strong></span> <span class='ocrx_word' id='word_1_800' title='bbox 1515 1246 1658 1290; x_wconf 85' lang='lat' dir='ltr'>Epistola</span> <span class='ocrx_word' id='word_1_801' title='bbox 1689 1245 1837 1289; x_wconf 75' lang='lat' dir='ltr'>descripsi</span> <span class='ocrx_word' id='word_1_802' title='bbox 1859 1271 1866 1278; x_wconf 92' lang='lat'>.</span> <span class='ocrx_word' id='word_1_803' title='bbox 1906 1249 2049 1291; x_wconf 87' lang='lat' dir='ltr'>Utrique</span> <span class='ocrx_word' id='word_1_804' title='bbox 2081 1255 2148 1279; x_wconf 80' lang='lat' dir='ltr'>erat</span> 
     </span>
     <span class='ocr_line' id='line_1_103' title="bbox 1135 1290 2146 1335; baseline 0 -12"><span class='ocrx_word' id='word_1_805' title='bbox 1135 1293 1299 1335; x_wconf 86' lang='lat' dir='ltr'>pulmonis</span> <span class='ocrx_word' id='word_1_806' title='bbox 1323 1291 1557 1326; x_wconf 80' lang='lat' dir='ltr'>inflammatio.</span> <span class='ocrx_word' id='word_1_807' title='bbox 1584 1290 1643 1323; x_wconf 89' lang='lat' dir='ltr'>Sed</span> <span class='ocrx_word' id='word_1_808' title='bbox 1667 1292 1748 1323; x_wconf 87' lang='lat' dir='ltr'>alter</span> <span class='ocrx_word' id='word_1_809' title='bbox 1772 1290 1978 1334; x_wconf 86' lang='lat' dir='ltr'>semisopitus</span> <span class='ocrx_word' id='word_1_810' title='bbox 2012 1303 2045 1324; x_wconf 85' lang='lat' dir='ltr'>ac</span> <span class='ocrx_word' id='word_1_811' title='bbox 2080 1300 2146 1324; x_wconf 84' lang='lat' dir='ltr'>tar-</span> 
     </span>
     <span class='ocr_line' id='line_1_104' title="bbox 1133 1334 2147 1377; baseline 0 -9"><span class='ocrx_word' id='word_1_812' title='bbox 1133 1336 1192 1369; x_wconf 89' lang='lat' dir='ltr'>dus</span> <span class='ocrx_word' id='word_1_813' title='bbox 1217 1334 1255 1368; x_wconf 91' lang='lat' dir='ltr'>ad</span> <span class='ocrx_word' id='word_1_814' title='bbox 1278 1334 1550 1377; x_wconf 85' lang='lat' dir='ltr'>intelligendum,</span> <span class='ocrx_word' id='word_1_815' title='bbox 1574 1334 1623 1367; x_wconf 87' lang='lat' dir='ltr'>vel</span> <span class='ocrx_word' id='word_1_816' title='bbox 1649 1343 1720 1368; x_wconf 87' lang='lat' dir='ltr'>tum</span> <span class='ocrx_word' id='word_1_817' title='bbox 1743 1346 1780 1367; x_wconf 90' lang='lat' dir='ltr'>ne</span> <span class='ocrx_word' id='word_1_818' title='bbox 1805 1335 1900 1375; x_wconf 85' lang='lat' dir='ltr'>abat,</span> <span class='ocrx_word' id='word_1_819' title='bbox 1923 1335 1952 1369; x_wconf 89' lang='lat' dir='ltr'>se</span> <span class='ocrx_word' id='word_1_820' title='bbox 1979 1334 2147 1369; x_wconf 88' lang='lat' dir='ltr'>molestum</span> 
     </span>
     <span class='ocr_line' id='line_1_105' title="bbox 1133 1346 2150 1429; baseline -0.005 -16"><span class='ocrx_word' id='word_1_821' title='bbox 1133 1377 1305 1422; x_wconf 85' lang='lat' dir='ltr'>quidpiam</span> <span class='ocrx_word' id='word_1_822' title='bbox 1328 1378 1362 1412; x_wconf 89' lang='lat' dir='ltr'>in</span> <span class='ocrx_word' id='word_1_823' title='bbox 1386 1377 1518 1411; x_wconf 83' lang='lat' dir='ltr'>thorace</span> <span class='ocrx_word' id='word_1_824' title='bbox 1543 1377 1660 1411; x_wconf 88' lang='lat' dir='ltr'>sentire</span> <span class='ocrx_word' id='word_1_825' title='bbox 1683 1401 1693 1415; x_wconf 91' lang='lat'>‚</span> <span class='ocrx_word' id='word_1_826' title='bbox 1728 1346 1924 1429; x_wconf 38' lang='grc' dir='ltr'>ευτέᾝξῃ)</span> <span class='ocrx_word' id='word_1_827' title='bbox 1948 1388 2018 1414; x_wconf 88' lang='lat' dir='ltr'>tum</span> <span class='ocrx_word' id='word_1_828' title='bbox 2042 1379 2150 1421; x_wconf 82' lang='lat' dir='ltr'>perci-</span> 
     </span>
     <span class='ocr_line' id='line_1_106' title="bbox 1134 1420 2149 1466; baseline 0.001 -12"><span class='ocrx_word' id='word_1_829' title='bbox 1134 1434 1206 1466; x_wconf 83' lang='lat' dir='ltr'>pere</span> <span class='ocrx_word' id='word_1_830' title='bbox 1228 1423 1367 1456; x_wconf 87' lang='lat' dir='ltr'>maxima</span> <span class='ocrx_word' id='word_1_831' title='bbox 1392 1433 1430 1455; x_wconf 84' lang='lat' dir='ltr'>ex</span> <span class='ocrx_word' id='word_1_832' title='bbox 1454 1431 1544 1465; x_wconf 88' lang='lat' dir='ltr'>parte</span> <span class='ocrx_word' id='word_1_833' title='bbox 1577 1420 1753 1456; x_wconf 75' lang='lat' dir='ltr'>debuisset.</span> <span class='ocrx_word' id='word_1_834' title='bbox 1789 1420 1883 1456; x_wconf 75' lang='lat' dir='ltr'>Alter</span> <span class='ocrx_word' id='word_1_835' title='bbox 1906 1430 1980 1456; x_wconf 79' lang='lat' dir='ltr'>vero</span> <span class='ocrx_word' id='word_1_836' title='bbox 2004 1435 2042 1456; x_wconf 84' lang='lat' dir='ltr'>ex</span> <span class='ocrx_word' id='word_1_837' title='bbox 2067 1433 2149 1465; x_wconf 90' lang='lat' dir='ltr'>apo-</span> 
     </span>
     <span class='ocr_line' id='line_1_107' title="bbox 1135 1465 2152 1509; baseline 0.001 -11"><span class='ocrx_word' id='word_1_838' title='bbox 1135 1467 1238 1508; x_wconf 90' lang='lat' dir='ltr'>plexia</span> <span class='ocrx_word' id='word_1_839' title='bbox 1261 1465 1505 1509; x_wconf 68' lang='lat' dir='ltr'>hemiplec‘ticus</span> <span class='ocrx_word' id='word_1_840' title='bbox 1534 1466 1590 1507; x_wconf 88' lang='lat' dir='ltr'>qui</span> <span class='ocrx_word' id='word_1_841' title='bbox 1618 1474 1696 1504; x_wconf 58' lang='lat' dir='ltr'>,tota</span> <span class='ocrx_word' id='word_1_842' title='bbox 1729 1467 1873 1507; x_wconf 87' lang='lat' dir='ltr'>corporis</span> <span class='ocrx_word' id='word_1_843' title='bbox 1905 1478 1995 1509; x_wconf 87' lang='lat' dir='ltr'>parte</span> <span class='ocrx_word' id='word_1_844' title='bbox 2018 1467 2152 1500; x_wconf 85' lang='lat' dir='ltr'>dextera</span> 
     </span>
     <span class='ocr_line' id='line_1_108' title="bbox 1135 1508 2154 1551; baseline 0.001 -9"><span class='ocrx_word' id='word_1_845' title='bbox 1135 1508 1218 1542; x_wconf 80' lang='lat' dir='ltr'>nihil</span> <span class='ocrx_word' id='word_1_846' title='bbox 1245 1509 1397 1547; x_wconf 87' lang='lat' dir='ltr'>sentiret,</span> <span class='ocrx_word' id='word_1_847' title='bbox 1420 1520 1485 1541; x_wconf 91' lang='lat' dir='ltr'>non</span> <span class='ocrx_word' id='word_1_848' title='bbox 1511 1511 1651 1548; x_wconf 86' lang='lat' dir='ltr'>mirum,</span> <span class='ocrx_word' id='word_1_849' title='bbox 1678 1508 1699 1541; x_wconf 87' lang='lat' dir='ltr'>si</span> <span class='ocrx_word' id='word_1_850' title='bbox 1725 1509 1887 1551; x_wconf 84' lang='lat' dir='ltr'>pulmonis</span> <span class='ocrx_word' id='word_1_851' title='bbox 1910 1532 1919 1547; x_wconf 84' lang='lat'>,</span> <span class='ocrx_word' id='word_1_852' title='bbox 1957 1511 1995 1543; x_wconf 88' lang='lat' dir='ltr'>ab</span> <span class='ocrx_word' id='word_1_853' title='bbox 2018 1511 2073 1542; x_wconf 87' lang='lat' dir='ltr'>illa</span> <span class='ocrx_word' id='word_1_854' title='bbox 2098 1521 2154 1544; x_wconf 77' lang='lat' dir='ltr'>ea-</span> 
     </span>
     <span class='ocr_line' id='line_1_109' title="bbox 1135 1551 2152 1596; baseline 0.002 -11"><span class='ocrx_word' id='word_1_855' title='bbox 1135 1551 1207 1586; x_wconf 87' lang='lat' dir='ltr'>dem</span> <span class='ocrx_word' id='word_1_856' title='bbox 1232 1561 1321 1596; x_wconf 89' lang='lat' dir='ltr'>parte</span> <span class='ocrx_word' id='word_1_857' title='bbox 1343 1553 1538 1586; x_wconf 79' lang='lat' dir='ltr'>inflammati</span> <span class='ocrx_word' id='word_1_858' title='bbox 1561 1573 1569 1588; x_wconf 90' lang='lat'>‚</span> <span class='ocrx_word' id='word_1_859' title='bbox 1605 1553 1733 1585; x_wconf 83' lang='lat' dir='ltr'>nullum</span> <span class='ocrx_word' id='word_1_860' title='bbox 1767 1552 1897 1594; x_wconf 79' lang='lat' dir='ltr'>prorsus</span> <span class='ocrx_word' id='word_1_861' title='bbox 1926 1551 2056 1587; x_wconf 88' lang='lat' dir='ltr'>haberet</span> <span class='ocrx_word' id='word_1_862' title='bbox 2080 1553 2152 1587; x_wconf 78' lang='lat' dir='ltr'>serr-</span> 
     </span>
     <span class='ocr_line' id='line_1_110' title="bbox 1136 1593 2148 1641; baseline 0.003 -12"><span class='ocrx_word' id='word_1_863' title='bbox 1136 1596 1224 1631; x_wconf 83' lang='lat' dir='ltr'>ium.</span> <span class='ocrx_word' id='word_1_864' title='bbox 1359 1597 1537 1637; x_wconf 85' lang='lat' dir='ltr'>Reliquum</span> <span class='ocrx_word' id='word_1_865' title='bbox 1561 1593 1622 1632; x_wconf 86' lang='lat' dir='ltr'>est,</span> <span class='ocrx_word' id='word_1_866' title='bbox 1646 1595 1780 1641; x_wconf 80' lang='lat' dir='ltr'>utidem</span> <span class='ocrx_word' id='word_1_867' title='bbox 1804 1607 1819 1627; x_wconf 85' lang='lat' dir='ltr'>a</span> <span class='ocrx_word' id='word_1_868' title='bbox 1844 1596 2033 1638; x_wconf 86' lang='lat' dir='ltr'>pulmonis,</span> <span class='ocrx_word' id='word_1_869' title='bbox 2058 1597 2148 1638; x_wconf 88' lang='lat' dir='ltr'>pleu-</span> 
     </span>
     <span class='ocr_line' id='line_1_111' title="bbox 1135 1636 2107 1682; baseline 0 -9"><span class='ocrx_word' id='word_1_870' title='bbox 1135 1651 1214 1674; x_wconf 83' lang='lat' dir='ltr'>raeve</span> <span class='ocrx_word' id='word_1_871' title='bbox 1238 1651 1367 1673; x_wconf 85' lang='lat' dir='ltr'>annexae</span> <span class='ocrx_word' id='word_1_872' title='bbox 1393 1639 1527 1672; x_wconf 83' lang='lat' dir='ltr'>laxitate</span> <span class='ocrx_word' id='word_1_873' title='bbox 1551 1636 1637 1680; x_wconf 83' lang='lat' dir='ltr'>posse</span> <span class='ocrx_word' id='word_1_874' title='bbox 1662 1639 1751 1676; x_wconf 77' lang='lat' dir='ltr'>heri,</span> <span class='ocrx_word' id='word_1_875' title='bbox 1775 1640 1925 1682; x_wconf 81' lang='lat' dir='ltr'>exemplo</span> <span class='ocrx_word' id='word_1_876' title='bbox 1948 1642 2107 1675; x_wconf 87' lang='lat' dir='ltr'>indicem.</span> 
     </span>
    </p>

    <p class='ocr_par' dir='ltr' id='par_1_14' title="bbox 1179 1682 2154 1729">
     <span class='ocr_line' id='line_1_112' title="bbox 1179 1682 2154 1729; baseline 0.004 -14"><span class='ocrx_word' id='word_1_877' title='bbox 1179 1697 1209 1724; x_wconf 91' lang='lat'>9.</span> <span class='ocrx_word' id='word_1_878' title='bbox 1234 1684 1489 1717; x_wconf 86' lang='lat' dir='ltr'>AGRICOLA</span> <span class='ocrx_word' id='word_1_879' title='bbox 1512 1692 1613 1715; x_wconf 82' lang='lat' dir='ltr'>annos</span> <span class='ocrx_word' id='word_1_880' title='bbox 1637 1692 1730 1716; x_wconf 85' lang='lat' dir='ltr'>natus</span> <span class='ocrx_word' id='word_1_881' title='bbox 1766 1682 1806 1716; x_wconf 88' lang='lat' dir='ltr'>ad</span> <span class='ocrx_word' id='word_1_882' title='bbox 1837 1685 1975 1727; x_wconf 83' lang='lat' dir='ltr'>triginta</span> <span class='ocrx_word' id='word_1_883' title='bbox 2009 1689 2154 1729; x_wconf 82' lang='lat' dir='ltr'>quinque</span> 
     </span>
    </p>

    <p class='ocr_par' dir='ltr' id='par_1_15' title="bbox 1130 1724 2162 3602">
     <span class='ocr_line' id='line_1_113' title="bbox 1135 1724 2151 1770; baseline 0.003 -10"><span class='ocrx_word' id='word_1_884' title='bbox 1135 1739 1210 1761; x_wconf 89' lang='lat' dir='ltr'>cum</span> <span class='ocrx_word' id='word_1_885' title='bbox 1233 1739 1271 1760; x_wconf 88' lang='lat' dir='ltr'>ex</span> <span class='ocrx_word' id='word_1_886' title='bbox 1297 1727 1364 1759; x_wconf 90' lang='lat' dir='ltr'>alto</span> <span class='ocrx_word' id='word_1_887' title='bbox 1387 1725 1520 1763; x_wconf 84' lang='lat' dir='ltr'>cadens,</span> <span class='ocrx_word' id='word_1_888' title='bbox 1543 1724 1709 1759; x_wconf 84' lang='lat' dir='ltr'>dexterum</span> <span class='ocrx_word' id='word_1_889' title='bbox 1735 1727 1816 1759; x_wconf 69' lang='lat' dir='ltr'>latus</span> <span class='ocrx_word' id='word_1_890' title='bbox 1853 1728 2048 1763; x_wconf 80' lang='lat' dir='ltr'>contudisset</span> <span class='ocrx_word' id='word_1_891' title='bbox 2069 1752 2085 1770; x_wconf 74' lang='lat'>,</span> <span class='ocrx_word' id='word_1_892' title='bbox 2115 1731 2151 1763; x_wconf 84' lang='lat' dir='ltr'>in</span> 
     </span>
     <span class='ocr_line' id='line_1_114' title="bbox 1136 1769 2150 1814; baseline 0.003 -10"><span class='ocrx_word' id='word_1_893' title='bbox 1136 1771 1337 1804; x_wconf 80' lang='lat' dir='ltr'>Bononiense</span> <span class='ocrx_word' id='word_1_894' title='bbox 1362 1771 1390 1802; x_wconf 90' lang='lat' dir='ltr'>S.</span> <span class='ocrx_word' id='word_1_895' title='bbox 1406 1770 1519 1802; x_wconf 69' lang='lat' dir='ltr'>Mariae</span> <span class='ocrx_word' id='word_1_896' title='bbox 1544 1769 1582 1802; x_wconf 90' lang='lat' dir='ltr'>de</span> <span class='ocrx_word' id='word_1_897' title='bbox 1607 1771 1716 1803; x_wconf 82' lang='lat' dir='ltr'>Morte</span> <span class='ocrx_word' id='word_1_898' title='bbox 1732 1770 1970 1805; x_wconf 72' lang='lat' dir='ltr'>Noiocomium</span> <span class='ocrx_word' id='word_1_899' title='bbox 1995 1782 2150 1814; x_wconf 80' lang='lat' dir='ltr'>exceptus</span> 
     </span>
     <span class='ocr_line' id='line_1_115' title="bbox 1135 1812 2154 1860; baseline 0.002 -12"><span class='ocrx_word' id='word_1_900' title='bbox 1135 1814 1258 1848; x_wconf 85' lang='lat' dir='ltr'>fuerat.</span> <span class='ocrx_word' id='word_1_901' title='bbox 1286 1812 1457 1860; x_wconf 59' lang='lat' dir='ltr'>Postquam</span> <span class='ocrx_word' id='word_1_902' title='bbox 1479 1814 1645 1847; x_wconf 69' lang='lat' dir='ltr'>curatione</span> <span class='ocrx_word' id='word_1_903' title='bbox 1669 1826 1739 1856; x_wconf 82' lang='lat' dir='ltr'>quae</span> <span class='ocrx_word' id='word_1_904' title='bbox 1761 1815 1994 1857; x_wconf 86' lang='lat' dir='ltr'>conveniebat,</span> <span class='ocrx_word' id='word_1_905' title='bbox 2020 1814 2154 1850; x_wconf 65' lang='lat' dir='ltr'>adhibi-</span> 
     </span>
     <span class='ocr_line' id='line_1_116' title="bbox 1136 1858 2158 1903; baseline 0.003 -12"><span class='ocrx_word' id='word_1_906' title='bbox 1136 1868 1189 1896; x_wconf 87' lang='lat' dir='ltr'>ta,</span> <span class='ocrx_word' id='word_1_907' title='bbox 1215 1861 1247 1891; x_wconf 86' lang='lat'>&amp;</span> <span class='ocrx_word' id='word_1_908' title='bbox 1277 1858 1442 1898; x_wconf 82' lang='lat' dir='ltr'>respiratio</span> <span class='ocrx_word' id='word_1_909' title='bbox 1466 1860 1498 1889; x_wconf 64' lang='lat' dir='ltr'>C&lt;</span> <span class='ocrx_word' id='word_1_910' title='bbox 1524 1865 1636 1890; x_wconf 76' lang='lat' dir='ltr'>caetera</span> <span class='ocrx_word' id='word_1_911' title='bbox 1669 1860 1745 1891; x_wconf 79' lang='lat' dir='ltr'>satis</span> <span class='ocrx_word' id='word_1_912' title='bbox 1778 1858 1863 1891; x_wconf 69' lang='grc' dir='ltr'>Γεέὶε</span> <span class='ocrx_word' id='word_1_913' title='bbox 1895 1859 1924 1892; x_wconf 89' lang='lat' dir='ltr'>se</span> <span class='ocrx_word' id='word_1_914' title='bbox 1957 1858 2118 1894; x_wconf 87' lang='lat' dir='ltr'>habebant</span> <span class='ocrx_word' id='word_1_915' title='bbox 2139 1884 2158 1903; x_wconf 49' lang='lat' dir='ltr'>,f</span> 
     </span>
     <span class='ocr_line' id='line_1_117' title="bbox 1140 1899 2157 1947; baseline 0.004 -13"><span class='ocrx_word' id='word_1_916' title='bbox 1140 1901 1267 1944; x_wconf 84' lang='lat' dir='ltr'>jamque</span> <span class='ocrx_word' id='word_1_917' title='bbox 1291 1901 1392 1934; x_wconf 79' lang='lat' dir='ltr'>homo</span> <span class='ocrx_word' id='word_1_918' title='bbox 1413 1899 1629 1934; x_wconf 78' lang='lat' dir='ltr'>dimittendus</span> <span class='ocrx_word' id='word_1_919' title='bbox 1656 1901 1850 1942; x_wconf 86' lang='lat' dir='ltr'>videbatur,</span> <span class='ocrx_word' id='word_1_920' title='bbox 1875 1905 1978 1945; x_wconf 87' lang='lat' dir='ltr'>coepit</span> <span class='ocrx_word' id='word_1_921' title='bbox 2000 1905 2027 1938; x_wconf 89' lang='lat' dir='ltr'>is</span> <span class='ocrx_word' id='word_1_922' title='bbox 2051 1915 2157 1947; x_wconf 70' lang='lat' dir='ltr'>pane,</span> 
     </span>
     <span class='ocr_line' id='line_1_118' title="bbox 1139 1944 2157 1989; baseline 0.003 -10"><span class='ocrx_word' id='word_1_923' title='bbox 1139 1945 1272 1988; x_wconf 88' lang='lat' dir='ltr'>aliisque</span> <span class='ocrx_word' id='word_1_924' title='bbox 1294 1944 1396 1977; x_wconf 77' lang='lat' dir='ltr'>craffis</span> <span class='ocrx_word' id='word_1_925' title='bbox 1421 1945 1581 1977; x_wconf 87' lang='lat' dir='ltr'>alimentis</span> <span class='ocrx_word' id='word_1_926' title='bbox 1604 1945 1687 1978; x_wconf 87' lang='lat' dir='ltr'>clam</span> <span class='ocrx_word' id='word_1_927' title='bbox 1711 1945 1740 1978; x_wconf 87' lang='lat' dir='ltr'>se</span> <span class='ocrx_word' id='word_1_928' title='bbox 1763 1945 1843 1978; x_wconf 84' lang='lat' dir='ltr'>adeo</span> <span class='ocrx_word' id='word_1_929' title='bbox 1868 1947 2103 1989; x_wconf 69' lang='lat' dir='ltr'>ingurgitare,1</span> <span class='ocrx_word' id='word_1_930' title='bbox 2115 1957 2157 1981; x_wconf 80' lang='lat' dir='ltr'>ut:</span> 
     </span>
     <span class='ocr_line' id='line_1_119' title="bbox 1138 1986 2156 2035; baseline 0.003 -13"><span class='ocrx_word' id='word_1_931' title='bbox 1138 1991 1172 2022; x_wconf 90' lang='lat' dir='ltr'>in</span> <span class='ocrx_word' id='word_1_932' title='bbox 1199 1988 1360 2021; x_wconf 79' lang='lat' dir='ltr'>ardentem</span> <span class='ocrx_word' id='word_1_933' title='bbox 1384 1986 1505 2021; x_wconf 87' lang='lat' dir='ltr'>febrem</span> <span class='ocrx_word' id='word_1_934' title='bbox 1530 1987 1704 2029; x_wconf 63' lang='lat' dir='ltr'>inciderit,</span> <span class='ocrx_word' id='word_1_935' title='bbox 1729 2000 1805 2022; x_wconf 87' lang='lat' dir='ltr'>mox</span> <span class='ocrx_word' id='word_1_936' title='bbox 1829 1991 1927 2023; x_wconf 88' lang='lat' dir='ltr'>etiam</span> <span class='ocrx_word' id='word_1_937' title='bbox 1951 1987 1985 2024; x_wconf 71' lang='lat' dir='ltr'>in</span> <span class='ocrx_word' id='word_1_938' title='bbox 2008 1988 2156 2035; x_wconf 77' lang='lat' dir='ltr'>spirandi:-</span> 
     </span>
     <span class='ocr_line' id='line_1_120' title="bbox 1140 2032 2159 2073; baseline 0.003 -7"><span class='ocrx_word' id='word_1_939' title='bbox 1140 2032 1388 2071; x_wconf 82' lang='lat' dir='ltr'>difficultatem,</span> <span class='ocrx_word' id='word_1_940' title='bbox 1413 2043 1509 2073; x_wconf 85' lang='lat' dir='ltr'>quam</span> <span class='ocrx_word' id='word_1_941' title='bbox 1533 2032 1639 2066; x_wconf 90' lang='lat' dir='ltr'>nullus</span> <span class='ocrx_word' id='word_1_942' title='bbox 1665 2043 1775 2066; x_wconf 87' lang='lat' dir='ltr'>tamen</span> <span class='ocrx_word' id='word_1_943' title='bbox 1797 2035 2013 2069; x_wconf 83' lang='lat' dir='ltr'>comitabatur</span> <span class='ocrx_word' id='word_1_944' title='bbox 2035 2035 2159 2069; x_wconf 70' lang='lat' dir='ltr'>thora-</span> 
     </span>
     <span class='ocr_line' id='line_1_121' title="bbox 1141 2074 2161 2123; baseline 0.005 -14"><span class='ocrx_word' id='word_1_945' title='bbox 1141 2078 1187 2110; x_wconf 87' lang='lat' dir='ltr'>cis</span> <span class='ocrx_word' id='word_1_946' title='bbox 1212 2076 1325 2109; x_wconf 90' lang='lat' dir='ltr'>dolor.</span> <span class='ocrx_word' id='word_1_947' title='bbox 1351 2074 1586 2109; x_wconf 88' lang='lat' dir='ltr'>Administrata</span> <span class='ocrx_word' id='word_1_948' title='bbox 1621 2078 1693 2110; x_wconf 84' lang='lat' dir='ltr'>sunt</span> <span class='ocrx_word' id='word_1_949' title='bbox 1728 2089 1800 2120; x_wconf 85' lang='lat' dir='ltr'>quae</span> <span class='ocrx_word' id='word_1_950' title='bbox 1833 2078 1970 2112; x_wconf 64' lang='lat' dir='ltr'>morbus&gt;</span> <span class='ocrx_word' id='word_1_951' title='bbox 1994 2081 2161 2123; x_wconf 65' lang='lat' dir='ltr'>requirere</span> 
     </span>
     <span class='ocr_line' id='line_1_122' title="bbox 1143 2119 2162 2166; baseline 0.004 -14"><span class='ocrx_word' id='word_1_952' title='bbox 1143 2119 1312 2152; x_wconf 84' lang='lat' dir='ltr'>videbatur</span> <span class='ocrx_word' id='word_1_953' title='bbox 1328 2141 1339 2158; x_wconf 88' lang='lat'>,</span> <span class='ocrx_word' id='word_1_954' title='bbox 1363 2119 1448 2151; x_wconf 89' lang='lat' dir='ltr'>inter</span> <span class='ocrx_word' id='word_1_955' title='bbox 1470 2130 1540 2162; x_wconf 86' lang='lat' dir='ltr'>quae</span> <span class='ocrx_word' id='word_1_956' title='bbox 1564 2131 1621 2153; x_wconf 84' lang='lat' dir='ltr'>una</span> <span class='ocrx_word' id='word_1_957' title='bbox 1638 2144 1649 2160; x_wconf 84' lang='lat'>,</span> <span class='ocrx_word' id='word_1_958' title='bbox 1675 2129 1768 2164; x_wconf 88' lang='lat' dir='ltr'>atque</span> <span class='ocrx_word' id='word_1_959' title='bbox 1791 2120 1888 2155; x_wconf 84' lang='lat' dir='ltr'>altera</span> <span class='ocrx_word' id='word_1_960' title='bbox 1903 2121 2162 2166; x_wconf 44' lang='lat' dir='ltr'>sang-ainismisa</span> 
     </span>
     <span class='ocr_line' id='line_1_123' title="bbox 1141 2161 2162 2210; baseline 0.008 -14"><span class='ocrx_word' id='word_1_961' title='bbox 1141 2163 1207 2196; x_wconf 85' lang='lat' dir='ltr'>sio.</span> <span class='ocrx_word' id='word_1_962' title='bbox 1234 2161 1293 2196; x_wconf 88' lang='lat' dir='ltr'>Sed</span> <span class='ocrx_word' id='word_1_963' title='bbox 1318 2161 1430 2196; x_wconf 85' lang='lat' dir='ltr'>frustra</span> <span class='ocrx_word' id='word_1_964' title='bbox 1453 2165 1583 2197; x_wconf 89' lang='lat' dir='ltr'>omnia.</span> <span class='ocrx_word' id='word_1_965' title='bbox 1610 2165 1698 2197; x_wconf 79' lang='lat' dir='ltr'>Nam</span> <span class='ocrx_word' id='word_1_966' title='bbox 1722 2164 1848 2207; x_wconf 81' lang='lat' dir='ltr'>jacens,</span> <span class='ocrx_word' id='word_1_967' title='bbox 1874 2176 1909 2200; x_wconf 91' lang='lat' dir='ltr'>ut</span> <span class='ocrx_word' id='word_1_968' title='bbox 1934 2166 2082 2210; x_wconf 76' lang='lat' dir='ltr'>solebat,</span> <span class='ocrx_word' id='word_1_969' title='bbox 2115 2171 2162 2204; x_wconf 74' lang='lat' dir='ltr'>im</span> 
     </span>
     <span class='ocr_line' id='line_1_124' title="bbox 1141 2205 2157 2255; baseline 0.005 -17"><span class='ocrx_word' id='word_1_970' title='bbox 1141 2205 1291 2244; x_wconf 88' lang='lat' dir='ltr'>dorsum,</span> <span class='ocrx_word' id='word_1_971' title='bbox 1316 2208 1349 2239; x_wconf 88' lang='lat'>&amp;</span> <span class='ocrx_word' id='word_1_972' title='bbox 1372 2205 1526 2246; x_wconf 87' lang='lat' dir='ltr'>stertens,</span> <span class='ocrx_word' id='word_1_973' title='bbox 1549 2210 1581 2240; x_wconf 69' lang='lat' dir='ltr'>&lt;Sc</span> <span class='ocrx_word' id='word_1_974' title='bbox 1615 2208 1757 2250; x_wconf 87' lang='lat' dir='ltr'>pulsibus</span> <span class='ocrx_word' id='word_1_975' title='bbox 1780 2231 1789 2246; x_wconf 87' lang='lat'>,</span> <span class='ocrx_word' id='word_1_976' title='bbox 1824 2211 1881 2252; x_wconf 92' lang='lat' dir='ltr'>qui</span> <span class='ocrx_word' id='word_1_977' title='bbox 1914 2213 2024 2255; x_wconf 84' lang='lat' dir='ltr'>magni</span> <span class='ocrx_word' id='word_1_978' title='bbox 2062 2220 2157 2249; x_wconf 59' lang='lat' dir='ltr'>antea</span> 
     </span>
     <span class='ocr_line' id='line_1_125' title="bbox 1140 2248 2155 2299; baseline 0.007 -17"><span class='ocrx_word' id='word_1_979' title='bbox 1140 2248 1265 2284; x_wconf 87' lang='lat' dir='ltr'>fuerant</span> <span class='ocrx_word' id='word_1_980' title='bbox 1281 2275 1291 2289; x_wconf 89' lang='lat'><strong>‚</strong></span> <span class='ocrx_word' id='word_1_981' title='bbox 1312 2249 1470 2289; x_wconf 85' lang='lat' dir='ltr'>vibratis,</span> <span class='ocrx_word' id='word_1_982' title='bbox 1494 2252 1525 2282; x_wconf 71' lang='grc' dir='ltr'>δε</span> <span class='ocrx_word' id='word_1_983' title='bbox 1550 2250 1812 2293; x_wconf 78' lang='lat' dir='ltr'>frequentiffimis</span> <span class='ocrx_word' id='word_1_984' title='bbox 1834 2264 1908 2288; x_wconf 88' lang='lat' dir='ltr'>cum</span> <span class='ocrx_word' id='word_1_985' title='bbox 1931 2266 1987 2299; x_wconf 89' lang='lat' dir='ltr'>per</span> <span class='ocrx_word' id='word_1_986' title='bbox 2009 2256 2079 2292; x_wconf 84' lang='lat' dir='ltr'>haec</span> <span class='ocrx_word' id='word_1_987' title='bbox 2103 2259 2155 2293; x_wconf 87' lang='lat' dir='ltr'>ul.</span> 
     </span>
     <span class='ocr_line' id='line_1_126' title="bbox 1140 2291 2153 2344; baseline 0.007 -18"><span class='ocrx_word' id='word_1_988' title='bbox 1140 2295 1241 2326; x_wconf 85' lang='lat' dir='ltr'>timos</span> <span class='ocrx_word' id='word_1_989' title='bbox 1263 2291 1405 2325; x_wconf 76' lang='lat' dir='ltr'>traxisset</span> <span class='ocrx_word' id='word_1_990' title='bbox 1428 2294 1514 2331; x_wconf 82' lang='lat' dir='ltr'>dies,</span> <span class='ocrx_word' id='word_1_991' title='bbox 1538 2295 1622 2327; x_wconf 88' lang='lat' dir='ltr'>intra</span> <span class='ocrx_word' id='word_1_992' title='bbox 1646 2295 1816 2330; x_wconf 71' lang='lat' dir='ltr'>octiduum</span> <span class='ocrx_word' id='word_1_993' title='bbox 1860 2309 1899 2332; x_wconf 89' lang='lat' dir='ltr'>ex</span> <span class='ocrx_word' id='word_1_994' title='bbox 1929 2312 1998 2344; x_wconf 87' lang='lat' dir='ltr'>quo</span> <span class='ocrx_word' id='word_1_995' title='bbox 2043 2301 2153 2337; x_wconf 76' lang='lat' dir='ltr'>ardens</span> 
     </span>
     <span class='ocr_line' id='line_1_127' title="bbox 1136 2335 2153 2388; baseline 0.009 -18"><span class='ocrx_word' id='word_1_996' title='bbox 1136 2336 1240 2370; x_wconf 69' lang='lat' dir='ltr'>febris,</span> <span class='ocrx_word' id='word_1_997' title='bbox 1260 2335 1435 2377; x_wconf 79' lang='lat' dir='ltr'>invaserat,</span> <span class='ocrx_word' id='word_1_998' title='bbox 1459 2347 1604 2371; x_wconf 86' lang='lat' dir='ltr'>mortuus</span> <span class='ocrx_word' id='word_1_999' title='bbox 1627 2339 1669 2372; x_wconf 83' lang='lat' dir='ltr'>est</span> <span class='ocrx_word' id='word_1_1000' title='bbox 1691 2341 1773 2373; x_wconf 86' lang='lat' dir='ltr'>circa</span> <span class='ocrx_word' id='word_1_1001' title='bbox 1817 2342 1959 2377; x_wconf 90' lang='lat' dir='ltr'>medium</span> <span class='ocrx_word' id='word_1_1002' title='bbox 2003 2345 2153 2388; x_wconf 88' lang='lat' dir='ltr'>Aprilem</span> 
     </span>
     <span class='ocr_line' id='line_1_128' title="bbox 1136 2381 2152 2431; baseline 0.015 -21"><span class='ocrx_word' id='word_1_1003' title='bbox 1136 2381 1180 2414; x_wconf 85' lang='lat' dir='ltr'>A.</span> <span class='ocrx_word' id='word_1_1004' title='bbox 1210 2382 1302 2423; x_wconf 88' lang='lat'>1706.</span> <span class='ocrx_word' id='word_1_1005' title='bbox 1438 2382 1672 2417; x_wconf 81' lang='lat' dir='ltr'>CADAVEK</span> <span class='ocrx_word' id='word_1_1006' title='bbox 1705 2383 1857 2426; x_wconf 83' lang='lat' dir='ltr'>postridie</span> <span class='ocrx_word' id='word_1_1007' title='bbox 1891 2386 2049 2423; x_wconf 89' lang='lat' dir='ltr'>secuimus</span> <span class='ocrx_word' id='word_1_1008' title='bbox 2073 2415 2083 2431; x_wconf 91' lang='lat'>,</span> <span class='ocrx_word' id='word_1_1009' title='bbox 2116 2392 2152 2424; x_wconf 86' lang='lat' dir='ltr'>in</span> 
     </span>
     <span class='ocr_line' id='line_1_129' title="bbox 1136 2422 2152 2473; baseline 0.011 -16"><span class='ocrx_word' id='word_1_1010' title='bbox 1136 2435 1205 2466; x_wconf 86' lang='lat' dir='ltr'>quo</span> <span class='ocrx_word' id='word_1_1011' title='bbox 1230 2425 1318 2467; x_wconf 89' lang='lat' dir='ltr'>prius</span> <span class='ocrx_word' id='word_1_1012' title='bbox 1342 2422 1535 2458; x_wconf 86' lang='lat' dir='ltr'>laudabilem</span> <span class='ocrx_word' id='word_1_1013' title='bbox 1560 2424 1733 2467; x_wconf 88' lang='lat' dir='ltr'>habiturn,</span> <span class='ocrx_word' id='word_1_1014' title='bbox 1756 2427 1809 2463; x_wconf 92' lang='lat' dir='ltr'>sed</span> <span class='ocrx_word' id='word_1_1015' title='bbox 1833 2428 1952 2465; x_wconf 86' lang='lat' dir='ltr'>faciem</span> <span class='ocrx_word' id='word_1_1016' title='bbox 1970 2455 1983 2473; x_wconf 89' lang='lat'>,</span> <span class='ocrx_word' id='word_1_1017' title='bbox 2017 2435 2049 2466; x_wconf 88' lang='lat'>&amp;</span> <span class='ocrx_word' id='word_1_1018' title='bbox 2079 2435 2152 2468; x_wconf 86' lang='lat' dir='ltr'>col-</span> 
     </span>
     <span class='ocr_line' id='line_1_130' title="bbox 1136 2466 2151 2519; baseline 0.008 -19"><span class='ocrx_word' id='word_1_1019' title='bbox 1136 2468 1224 2504; x_wconf 89' lang='lat' dir='ltr'>lum,</span> <span class='ocrx_word' id='word_1_1020' title='bbox 1251 2477 1289 2501; x_wconf 88' lang='lat' dir='ltr'>ut</span> <span class='ocrx_word' id='word_1_1021' title='bbox 1313 2468 1346 2498; x_wconf 85' lang='lat' dir='ltr'>in</span> <span class='ocrx_word' id='word_1_1022' title='bbox 1370 2466 1576 2509; x_wconf 85' lang='lat' dir='ltr'>strangulatis</span> <span class='ocrx_word' id='word_1_1023' title='bbox 1591 2494 1599 2508; x_wconf 89' lang='lat'>,</span> <span class='ocrx_word' id='word_1_1024' title='bbox 1623 2469 1750 2512; x_wconf 87' lang='lat' dir='ltr'>livida,</span> <span class='ocrx_word' id='word_1_1025' title='bbox 1772 2475 1805 2505; x_wconf 87' lang='lat'><strong>&amp;</strong></span> <span class='ocrx_word' id='word_1_1026' title='bbox 1829 2472 1931 2509; x_wconf 87' lang='lat' dir='ltr'>livens</span> <span class='ocrx_word' id='word_1_1027' title='bbox 1953 2487 2083 2519; x_wconf 85' lang='lat' dir='ltr'>quoque</span> <span class='ocrx_word' id='word_1_1028' title='bbox 2094 2477 2151 2511; x_wconf 85' lang='lat' dir='ltr'>ab.</span> 
     </span>
     <span class='ocr_line' id='line_1_131' title="bbox 1136 2510 2153 2558; baseline 0.013 -16"><span class='ocrx_word' id='word_1_1029' title='bbox 1136 2510 1254 2543; x_wconf 88' lang='lat' dir='ltr'>domen</span> <span class='ocrx_word' id='word_1_1030' title='bbox 1279 2520 1347 2543; x_wconf 83' lang='lat' dir='ltr'>non</span> <span class='ocrx_word' id='word_1_1031' title='bbox 1358 2510 1464 2544; x_wconf 90' lang='lat' dir='ltr'>adilia</span> <span class='ocrx_word' id='word_1_1032' title='bbox 1477 2512 1599 2552; x_wconf 89' lang='lat' dir='ltr'>modo,</span> <span class='ocrx_word' id='word_1_1033' title='bbox 1623 2512 1672 2546; x_wconf 84' lang='lat' dir='ltr'>sed</span> <span class='ocrx_word' id='word_1_1034' title='bbox 1695 2514 1756 2547; x_wconf 83' lang='lat' dir='ltr'>late</span> <span class='ocrx_word' id='word_1_1035' title='bbox 1779 2517 1877 2551; x_wconf 87' lang='lat' dir='ltr'>etiam</span> <span class='ocrx_word' id='word_1_1036' title='bbox 1899 2520 1983 2552; x_wconf 87' lang='lat' dir='ltr'>circa</span> <span class='ocrx_word' id='word_1_1037' title='bbox 2007 2521 2153 2558; x_wconf 77' lang='lat' dir='ltr'>medium</span> 
     </span>
     <span class='ocr_line' id='line_1_132' title="bbox 1134 2553 2151 2605; baseline 0.011 -18"><span class='ocrx_word' id='word_1_1038' title='bbox 1134 2553 1361 2597; x_wconf 67' lang='lat' dir='ltr'>speetavimus.</span> <span class='ocrx_word' id='word_1_1039' title='bbox 1498 2555 1669 2590; x_wconf 82' lang='lat' dir='ltr'>Pulmones</span> <span class='ocrx_word' id='word_1_1040' title='bbox 1681 2557 1822 2602; x_wconf 87' lang='lat' dir='ltr'>undique</span> <span class='ocrx_word' id='word_1_1041' title='bbox 1836 2561 1873 2595; x_wconf 90' lang='lat' dir='ltr'>ad</span> <span class='ocrx_word' id='word_1_1042' title='bbox 1885 2562 2029 2605; x_wconf 75' lang='lat' dir='ltr'>pleuram</span> <span class='ocrx_word' id='word_1_1043' title='bbox 2042 2565 2151 2601; x_wconf 70' lang='lat' dir='ltr'>ad‘hae-</span> 
     </span>
     <span class='ocr_line' id='line_1_133' title="bbox 1134 2598 2153 2651; baseline 0.008 -21"><span class='ocrx_word' id='word_1_1044' title='bbox 1134 2598 1247 2631; x_wconf 84' lang='lat' dir='ltr'>rebant</span> <span class='ocrx_word' id='word_1_1045' title='bbox 1272 2607 1341 2631; x_wconf 90' lang='lat' dir='ltr'>tum</span> <span class='ocrx_word' id='word_1_1046' title='bbox 1366 2608 1422 2640; x_wconf 90' lang='lat' dir='ltr'>per</span> <span class='ocrx_word' id='word_1_1047' title='bbox 1447 2600 1671 2641; x_wconf 86' lang='lat' dir='ltr'>membranas,</span> <span class='ocrx_word' id='word_1_1048' title='bbox 1694 2610 1765 2636; x_wconf 90' lang='lat' dir='ltr'>tum</span> <span class='ocrx_word' id='word_1_1049' title='bbox 1791 2615 1846 2646; x_wconf 88' lang='lat' dir='ltr'>per</span> <span class='ocrx_word' id='word_1_1050' title='bbox 1869 2606 1921 2644; x_wconf 85' lang='lat' dir='ltr'>se,</span> <span class='ocrx_word' id='word_1_1051' title='bbox 1947 2616 1985 2641; x_wconf 86' lang='lat' dir='ltr'>ut</span> <span class='ocrx_word' id='word_1_1052' title='bbox 2008 2612 2153 2651; x_wconf 63' lang='lat' dir='ltr'>aprime&gt;</span> 
     </span>
     <span class='ocr_line' id='line_1_134' title="bbox 1133 2641 2149 2698; baseline 0.013 -24"><span class='ocrx_word' id='word_1_1053' title='bbox 1133 2641 1459 2676; x_wconf 87' lang='lat' dir='ltr'>videbatur.Verum</span> <span class='ocrx_word' id='word_1_1054' title='bbox 1483 2642 1511 2676; x_wconf 74' lang='lat' dir='ltr'>st</span> <span class='ocrx_word' id='word_1_1055' title='bbox 1530 2643 1721 2687; x_wconf 88' lang='lat' dir='ltr'>diligentius</span> <span class='ocrx_word' id='word_1_1056' title='bbox 1745 2648 1940 2688; x_wconf 86' lang='lat' dir='ltr'>attenderes,</span> <span class='ocrx_word' id='word_1_1057' title='bbox 1965 2652 2050 2685; x_wconf 90' lang='lat' dir='ltr'>inter</span> <span class='ocrx_word' id='word_1_1058' title='bbox 2072 2654 2149 2698; x_wconf 76' lang='lat' dir='ltr'>pul&#39;-</span> 
     </span>
     <span class='ocr_line' id='line_1_135' title="bbox 1132 2685 2146 2737; baseline 0.01 -19"><span class='ocrx_word' id='word_1_1059' title='bbox 1132 2696 1267 2719; x_wconf 87' lang='lat' dir='ltr'>monum</span> <span class='ocrx_word' id='word_1_1060' title='bbox 1292 2685 1533 2728; x_wconf 88' lang='lat' dir='ltr'>membranam,</span> <span class='ocrx_word' id='word_1_1061' title='bbox 1555 2699 1624 2731; x_wconf 85' lang='lat' dir='ltr'>quae</span> <span class='ocrx_word' id='word_1_1062' title='bbox 1649 2687 1720 2722; x_wconf 86' lang='lat' dir='ltr'>sana</span> <span class='ocrx_word' id='word_1_1063' title='bbox 1743 2701 1831 2731; x_wconf 81' lang='lat' dir='ltr'>erat,</span> <span class='ocrx_word' id='word_1_1064' title='bbox 1856 2696 1889 2727; x_wconf 87' lang='lat'>&amp;</span> <span class='ocrx_word' id='word_1_1065' title='bbox 1913 2694 2060 2737; x_wconf 88' lang='lat' dir='ltr'>pleuram</span> <span class='ocrx_word' id='word_1_1066' title='bbox 2089 2698 2146 2732; x_wconf 76' lang='lat' dir='ltr'>fla..</span> 
     </span>
     <span class='ocr_line' id='line_1_136' title="bbox 1134 2729 2147 2781; baseline 0.01 -19"><span class='ocrx_word' id='word_1_1067' title='bbox 1134 2740 1172 2763; x_wconf 91' lang='lat' dir='ltr'>va</span> <span class='ocrx_word' id='word_1_1068' title='bbox 1196 2729 1364 2773; x_wconf 84' lang='lat' dir='ltr'>tenuisque</span> <span class='ocrx_word' id='word_1_1069' title='bbox 1390 2731 1608 2766; x_wconf 85' lang='lat' dir='ltr'>intercedebat</span> <span class='ocrx_word' id='word_1_1070' title='bbox 1631 2735 1799 2767; x_wconf 83' lang='lat' dir='ltr'>concretio</span> <span class='ocrx_word' id='word_1_1071' title='bbox 1822 2737 1869 2770; x_wconf 86' lang='lat' dir='ltr'>ita</span> <span class='ocrx_word' id='word_1_1072' title='bbox 1894 2737 2076 2781; x_wconf 84' lang='lat' dir='ltr'>disposita,</span> <span class='ocrx_word' id='word_1_1073' title='bbox 2108 2750 2147 2776; x_wconf 79' lang='lat' dir='ltr'>ut</span> 
     </span>
     <span class='ocr_line' id='line_1_137' title="bbox 1133 2773 2146 2827; baseline 0.009 -21"><span class='ocrx_word' id='word_1_1074' title='bbox 1133 2773 1264 2807; x_wconf 88' lang='lat' dir='ltr'>alteram</span> <span class='ocrx_word' id='word_1_1075' title='bbox 1288 2775 1479 2808; x_wconf 80' lang='lat' dir='ltr'>mentiretur</span> <span class='ocrx_word' id='word_1_1076' title='bbox 1501 2775 1740 2811; x_wconf 79' lang='lat' dir='ltr'>membranam.</span> <span class='ocrx_word' id='word_1_1077' title='bbox 1761 2779 1848 2813; x_wconf 90' lang='lat' dir='ltr'>Cum</span> <span class='ocrx_word' id='word_1_1078' title='bbox 1875 2780 1958 2822; x_wconf 78' lang='lat' dir='ltr'>hac,</span> <span class='ocrx_word' id='word_1_1079' title='bbox 1979 2782 2036 2816; x_wconf 86' lang='lat' dir='ltr'>ubi</span> <span class='ocrx_word' id='word_1_1080' title='bbox 2072 2785 2146 2827; x_wconf 87' lang='lat' dir='ltr'>pul..</span> 
     </span>
     <span class='ocr_line' id='line_1_138' title="bbox 1132 2818 2146 2867; baseline 0.007 -18"><span class='ocrx_word' id='word_1_1081' title='bbox 1132 2828 1263 2851; x_wconf 82' lang='lat' dir='ltr'>monem</span> <span class='ocrx_word' id='word_1_1082' title='bbox 1288 2818 1434 2851; x_wconf 85' lang='lat' dir='ltr'>avelleres</span> <span class='ocrx_word' id='word_1_1083' title='bbox 1459 2840 1469 2857; x_wconf 92' lang='lat'>‚</span> <span class='ocrx_word' id='word_1_1084' title='bbox 1502 2819 1611 2862; x_wconf 89' lang='lat' dir='ltr'>pleura</span> <span class='ocrx_word' id='word_1_1085' title='bbox 1635 2819 1703 2863; x_wconf 89' lang='lat' dir='ltr'>ipsa</span> <span class='ocrx_word' id='word_1_1086' title='bbox 1726 2821 1815 2856; x_wconf 89' lang='lat' dir='ltr'>ultro</span> <span class='ocrx_word' id='word_1_1087' title='bbox 1838 2825 2028 2867; x_wconf 88' lang='lat' dir='ltr'>sequebatur</span> <span class='ocrx_word' id='word_1_1088' title='bbox 2051 2852 2059 2859; x_wconf 92' lang='lat'><strong>.</strong></span> <span class='ocrx_word' id='word_1_1089' title='bbox 2094 2828 2146 2862; x_wconf 75' lang='lat' dir='ltr'>Si..</span> 
     </span>
     <span class='ocr_line' id='line_1_139' title="bbox 1132 2860 2150 2911; baseline 0.01 -18"><span class='ocrx_word' id='word_1_1090' title='bbox 1132 2861 1222 2895; x_wconf 81' lang='lat' dir='ltr'>nistri</span> <span class='ocrx_word' id='word_1_1091' title='bbox 1243 2862 1407 2905; x_wconf 89' lang='lat' dir='ltr'>pulmonis</span> <span class='ocrx_word' id='word_1_1092' title='bbox 1431 2863 1521 2897; x_wconf 86' lang='lat' dir='ltr'>Iobus</span> <span class='ocrx_word' id='word_1_1093' title='bbox 1545 2860 1681 2896; x_wconf 89' lang='lat' dir='ltr'>inferior</span> <span class='ocrx_word' id='word_1_1094' title='bbox 1704 2867 1926 2907; x_wconf 81' lang='lat' dir='ltr'>praegrandis,</span> <span class='ocrx_word' id='word_1_1095' title='bbox 1950 2871 1983 2902; x_wconf 87' lang='lat'>&amp;</span> <span class='ocrx_word' id='word_1_1096' title='bbox 2004 2872 2110 2909; x_wconf 78' lang='lat' dir='ltr'>gravis</span> <span class='ocrx_word' id='word_1_1097' title='bbox 2133 2893 2150 2911; x_wconf 79' lang='lat'>,</span> 
     </span>
     <span class='ocr_line' id='line_1_140' title="bbox 1134 2905 2150 2951; baseline 0.012 -15"><span class='ocrx_word' id='word_1_1098' title='bbox 1134 2905 1286 2948; x_wconf 88' lang='lat' dir='ltr'>totusque</span> <span class='ocrx_word' id='word_1_1099' title='bbox 1309 2905 1446 2946; x_wconf 88' lang='lat' dir='ltr'>durior,</span> <span class='ocrx_word' id='word_1_1100' title='bbox 1470 2909 1503 2939; x_wconf 71' lang='grc' dir='ltr'>δε</span> <span class='ocrx_word' id='word_1_1101' title='bbox 1526 2905 1708 2948; x_wconf 87' lang='lat' dir='ltr'>hepaticam</span> <span class='ocrx_word' id='word_1_1102' title='bbox 1733 2907 1946 2946; x_wconf 84' lang='lat' dir='ltr'>substantiam.</span> <span class='ocrx_word' id='word_1_1103' title='bbox 1972 2908 2111 2949; x_wconf 65' lang='lat' dir='ltr'>reserens</span> <span class='ocrx_word' id='word_1_1104' title='bbox 2135 2941 2150 2951; x_wconf 52' lang='lat' dir='ltr'>a</span> 
     </span>
     <span class='ocr_line' id='line_1_141' title="bbox 1134 2948 2145 3001; baseline 0.005 -18"><span class='ocrx_word' id='word_1_1105' title='bbox 1134 2948 1282 2992; x_wconf 81' lang='lat' dir='ltr'>Reliquae</span> <span class='ocrx_word' id='word_1_1106' title='bbox 1307 2950 1498 2992; x_wconf 83' lang='lat' dir='ltr'>pulmonum</span> <span class='ocrx_word' id='word_1_1107' title='bbox 1524 2959 1626 2993; x_wconf 81' lang='lat' dir='ltr'>partes</span> <span class='ocrx_word' id='word_1_1108' title='bbox 1650 2961 1713 2984; x_wconf 87' lang='lat' dir='ltr'>non</span> <span class='ocrx_word' id='word_1_1109' title='bbox 1736 2952 1959 2990; x_wconf 84' lang='lat' dir='ltr'>illaudabiles.</span> <span class='ocrx_word' id='word_1_1110' title='bbox 1988 2959 2026 2990; x_wconf 79' lang='lat' dir='ltr'>In</span> <span class='ocrx_word' id='word_1_1111' title='bbox 2060 2960 2145 3001; x_wconf 63' lang='lat' dir='ltr'>peri&gt;-</span> 
     </span>
     <span class='ocr_line' id='line_1_142' title="bbox 1133 2992 2147 3045; baseline 0.01 -20"><span class='ocrx_word' id='word_1_1112' title='bbox 1133 2992 1243 3025; x_wconf 85' lang='lat' dir='ltr'>car-dio</span> <span class='ocrx_word' id='word_1_1113' title='bbox 1267 2994 1374 3026; x_wconf 60' lang='lat' dir='ltr'>multa«</span> <span class='ocrx_word' id='word_1_1114' title='bbox 1394 3004 1471 3035; x_wconf 84' lang='lat' dir='ltr'>aqua</span> <span class='ocrx_word' id='word_1_1115' title='bbox 1496 2992 1655 3032; x_wconf 86' lang='lat' dir='ltr'>subflava,</span> <span class='ocrx_word' id='word_1_1116' title='bbox 1682 2998 1713 3028; x_wconf 69' lang='grc' dir='ltr'>ὅ(</span> <span class='ocrx_word' id='word_1_1117' title='bbox 1736 2997 1868 3033; x_wconf 90' lang='lat' dir='ltr'>turbida</span> <span class='ocrx_word' id='word_1_1118' title='bbox 1889 3025 1896 3032; x_wconf 90' lang='lat'><em>.</em></span> <span class='ocrx_word' id='word_1_1119' title='bbox 1932 3003 1971 3034; x_wconf 91' lang='lat' dir='ltr'>In</span> <span class='ocrx_word' id='word_1_1120' title='bbox 2009 3001 2147 3045; x_wconf 71' lang='lat' dir='ltr'>singulis</span> 
     </span>
     <span class='ocr_line' id='line_1_143' title="bbox 1131 3036 2142 3083; baseline 0.005 -14"><span class='ocrx_word' id='word_1_1121' title='bbox 1131 3037 1238 3069; x_wconf 85' lang='lat' dir='ltr'>cor-dis</span> <span class='ocrx_word' id='word_1_1122' title='bbox 1262 3036 1421 3076; x_wconf 83' lang='lat' dir='ltr'>orificiis,</span> <span class='ocrx_word' id='word_1_1123' title='bbox 1445 3039 1477 3070; x_wconf 87' lang='lat'>&amp;</span> <span class='ocrx_word' id='word_1_1124' title='bbox 1501 3038 1660 3072; x_wconf 75' lang='lat' dir='ltr'>auriculis</span> <span class='ocrx_word' id='word_1_1125' title='bbox 1678 3039 1844 3083; x_wconf 83' lang='lat' dir='ltr'>polyposae</span> <span class='ocrx_word' id='word_1_1126' title='bbox 1876 3046 2106 3080; x_wconf 76' lang='lat' dir='ltr'>concretiones</span> <span class='ocrx_word' id='word_1_1127' title='bbox 2131 3060 2142 3081; x_wconf 66' lang='lat' dir='ltr'><em>g</em></span> 
     </span>
     <span class='ocr_line' id='line_1_144' title="bbox 1131 3081 2146 3130; baseline 0.011 -17"><span class='ocrx_word' id='word_1_1128' title='bbox 1131 3091 1209 3123; x_wconf 89' lang='lat' dir='ltr'>quas</span> <span class='ocrx_word' id='word_1_1129' title='bbox 1232 3081 1316 3113; x_wconf 86' lang='lat' dir='ltr'>inter</span> <span class='ocrx_word' id='word_1_1130' title='bbox 1338 3082 1480 3113; x_wconf 84' lang='lat' dir='ltr'>maxima</span> <span class='ocrx_word' id='word_1_1131' title='bbox 1502 3092 1573 3124; x_wconf 86' lang='lat' dir='ltr'>quae</span> <span class='ocrx_word' id='word_1_1132' title='bbox 1596 3082 1630 3115; x_wconf 94' lang='lat' dir='ltr'>in</span> <span class='ocrx_word' id='word_1_1133' title='bbox 1656 3083 1797 3118; x_wconf 86' lang='lat' dir='ltr'>auricula</span> <span class='ocrx_word' id='word_1_1134' title='bbox 1819 3086 1973 3130; x_wconf 50' lang='lat' dir='ltr'>dextera»,</span> <span class='ocrx_word' id='word_1_1135' title='bbox 1996 3088 2071 3124; x_wconf 91' lang='lat' dir='ltr'>inde</span> <span class='ocrx_word' id='word_1_1136' title='bbox 2094 3101 2146 3124; x_wconf 90' lang='lat' dir='ltr'>ra-</span> 
     </span>
     <span class='ocr_line' id='line_1_145' title="bbox 1133 3124 2024 3172; baseline 0.01 -16"><span class='ocrx_word' id='word_1_1137' title='bbox 1133 3135 1201 3157; x_wconf 88' lang='lat' dir='ltr'>mos</span> <span class='ocrx_word' id='word_1_1138' title='bbox 1226 3124 1418 3170; x_wconf 79' lang='lat' dir='ltr'>promittens</span> <span class='ocrx_word' id='word_1_1139' title='bbox 1442 3124 1475 3157; x_wconf 92' lang='lat' dir='ltr'>in</span> <span class='ocrx_word' id='word_1_1140' title='bbox 1499 3125 1580 3167; x_wconf 86' lang='lat' dir='ltr'>ipsas</span> <span class='ocrx_word' id='word_1_1141' title='bbox 1603 3125 1698 3169; x_wconf 81' lang='lat' dir='ltr'>usque</span> <span class='ocrx_word' id='word_1_1142' title='bbox 1717 3128 1885 3172; x_wconf 78' lang='lat' dir='ltr'>Jugulares</span> <span class='ocrx_word' id='word_1_1143' title='bbox 1909 3143 2024 3165; x_wconf 85' lang='lat' dir='ltr'>venas.</span> 
     </span>
     <span class='ocr_line' id='line_1_146' title="bbox 1133 3168 2144 3216; baseline 0.011 -17"><span class='ocrx_word' id='word_1_1144' title='bbox 1133 3169 1176 3200; x_wconf 89' lang='lat' dir='ltr'>In</span> <span class='ocrx_word' id='word_1_1145' title='bbox 1196 3169 1316 3201; x_wconf 87' lang='lat' dir='ltr'>Ventre</span> <span class='ocrx_word' id='word_1_1146' title='bbox 1342 3169 1370 3201; x_wconf 83' lang='lat' dir='ltr'>se</span> <span class='ocrx_word' id='word_1_1147' title='bbox 1393 3178 1457 3210; x_wconf 81' lang='lat' dir='ltr'>prae</span> <span class='ocrx_word' id='word_1_1148' title='bbox 1480 3170 1603 3202; x_wconf 80' lang='lat' dir='ltr'>caeteris</span> <span class='ocrx_word' id='word_1_1149' title='bbox 1624 3168 1800 3207; x_wconf 84' lang='lat' dir='ltr'>offerebant</span> <span class='ocrx_word' id='word_1_1150' title='bbox 1823 3174 1932 3209; x_wconf 88' lang='lat' dir='ltr'>Crassa</span> <span class='ocrx_word' id='word_1_1151' title='bbox 1954 3176 2105 3210; x_wconf 86' lang='lat' dir='ltr'>intestina</span> <span class='ocrx_word' id='word_1_1152' title='bbox 2131 3199 2144 3216; x_wconf 67' lang='lat'><em>5</em></span> 
     </span>
     <span class='ocr_line' id='line_1_147' title="bbox 1133 3210 2138 3256; baseline 0.01 -12"><span class='ocrx_word' id='word_1_1153' title='bbox 1133 3212 1254 3254; x_wconf 86' lang='lat' dir='ltr'>quippe</span> <span class='ocrx_word' id='word_1_1154' title='bbox 1279 3222 1347 3245; x_wconf 87' lang='lat' dir='ltr'>aere</span> <span class='ocrx_word' id='word_1_1155' title='bbox 1370 3210 1500 3254; x_wconf 85' lang='lat' dir='ltr'>turgida</span> <span class='ocrx_word' id='word_1_1156' title='bbox 1516 3237 1523 3243; x_wconf 95' lang='lat'>.</span> <span class='ocrx_word' id='word_1_1157' title='bbox 1548 3212 1607 3246; x_wconf 90' lang='lat' dir='ltr'>Sed</span> <span class='ocrx_word' id='word_1_1158' title='bbox 1629 3216 1733 3256; x_wconf 88' lang='lat' dir='ltr'>magis</span> <span class='ocrx_word' id='word_1_1159' title='bbox 1754 3218 1953 3252; x_wconf 67' lang='lat' dir='ltr'>attendendae</span> <span class='ocrx_word' id='word_1_1160' title='bbox 1975 3220 2050 3253; x_wconf 86' lang='lat' dir='ltr'>irnae</span> <span class='ocrx_word' id='word_1_1161' title='bbox 2075 3221 2138 3254; x_wconf 90' lang='lat' dir='ltr'>Ilei</span> 
     </span>
     <span class='ocr_line' id='line_1_148' title="bbox 1136 3254 2141 3304; baseline 0.012 -18"><span class='ocrx_word' id='word_1_1162' title='bbox 1136 3263 1262 3296; x_wconf 85' lang='lat' dir='ltr'>partes,</span> <span class='ocrx_word' id='word_1_1163' title='bbox 1286 3267 1356 3301; x_wconf 80' lang='lat' dir='ltr'>quae</span> <span class='ocrx_word' id='word_1_1164' title='bbox 1381 3254 1428 3302; x_wconf 23' lang='lat' dir='ltr'>ad*</span> <span class='ocrx_word' id='word_1_1165' title='bbox 1444 3266 1577 3298; x_wconf 83' lang='lat' dir='ltr'>magnos</span> <span class='ocrx_word' id='word_1_1166' title='bbox 1600 3259 1724 3291; x_wconf 62' lang='lat' dir='ltr'>trastus</span> <span class='ocrx_word' id='word_1_1167' title='bbox 1744 3261 1885 3304; x_wconf 87' lang='lat' dir='ltr'>undique</span> <span class='ocrx_word' id='word_1_1168' title='bbox 1907 3274 1945 3295; x_wconf 85' lang='lat' dir='ltr'>ex</span> <span class='ocrx_word' id='word_1_1169' title='bbox 1978 3272 2049 3296; x_wconf 88' lang='lat' dir='ltr'>atro</span> <span class='ocrx_word' id='word_1_1170' title='bbox 2084 3275 2141 3299; x_wconf 65' lang='lat' dir='ltr'>ru⁴-</span> 
     </span>
     <span class='ocr_line' id='line_1_149' title="bbox 1134 3298 2141 3349; baseline 0.011 -19"><span class='ocrx_word' id='word_1_1171' title='bbox 1134 3298 1274 3340; x_wconf 88' lang='lat' dir='ltr'>bebant,</span> <span class='ocrx_word' id='word_1_1172' title='bbox 1297 3299 1484 3343; x_wconf 78' lang='lat' dir='ltr'>sanguiseris</span> <span class='ocrx_word' id='word_1_1173' title='bbox 1507 3300 1583 3334; x_wconf 84' lang='lat' dir='ltr'>vasis</span> <span class='ocrx_word' id='word_1_1174' title='bbox 1606 3311 1668 3333; x_wconf 92' lang='lat' dir='ltr'>non</span> <span class='ocrx_word' id='word_1_1175' title='bbox 1693 3301 1777 3337; x_wconf 88' lang='lat' dir='ltr'>secus</span> <span class='ocrx_word' id='word_1_1176' title='bbox 1814 3316 1849 3338; x_wconf 89' lang='lat' dir='ltr'>ac</span> <span class='ocrx_word' id='word_1_1177' title='bbox 1884 3305 1954 3348; x_wconf 84' lang='lat' dir='ltr'>post</span> <span class='ocrx_word' id='word_1_1178' title='bbox 1986 3306 2141 3349; x_wconf 64' lang='lat' dir='ltr'>injeetam</span> 
     </span>
     <span class='ocr_line' id='line_1_150' title="bbox 1132 3343 2139 3391; baseline 0.011 -16"><span class='ocrx_word' id='word_1_1179' title='bbox 1132 3343 1310 3376; x_wconf 89' lang='lat' dir='ltr'>coloratam</span> <span class='ocrx_word' id='word_1_1180' title='bbox 1331 3354 1435 3377; x_wconf 88' lang='lat' dir='ltr'>ceram</span> <span class='ocrx_word' id='word_1_1181' title='bbox 1459 3366 1473 3384; x_wconf 84' lang='lat'>,</span> <span class='ocrx_word' id='word_1_1182' title='bbox 1507 3344 1786 3380; x_wconf 81' lang='lat' dir='ltr'>manifestiffimis:</span> <span class='ocrx_word' id='word_1_1183' title='bbox 1811 3351 1916 3391; x_wconf 88' lang='lat' dir='ltr'>gravis</span> <span class='ocrx_word' id='word_1_1184' title='bbox 1942 3358 2049 3384; x_wconf 90' lang='lat' dir='ltr'>autem</span> <span class='ocrx_word' id='word_1_1185' title='bbox 2072 3360 2139 3385; x_wconf 87' lang='lat' dir='ltr'>erat</span> 
     </span>
     <span class='ocr_line' id='line_1_151' title="bbox 1132 3386 2139 3438; baseline 0.011 -20"><span class='ocrx_word' id='word_1_1186' title='bbox 1132 3386 1213 3419; x_wconf 88' lang='lat' dir='ltr'>odor</span> <span class='ocrx_word' id='word_1_1187' title='bbox 1237 3410 1246 3426; x_wconf 93' lang='lat'>‚</span> <span class='ocrx_word' id='word_1_1188' title='bbox 1278 3387 1382 3430; x_wconf 84' lang='lat' dir='ltr'>qualis</span> <span class='ocrx_word' id='word_1_1189' title='bbox 1426 3386 1504 3421; x_wconf 87' lang='lat' dir='ltr'>solet</span> <span class='ocrx_word' id='word_1_1190' title='bbox 1548 3388 1713 3422; x_wconf 85' lang='lat' dir='ltr'>intestinis.</span> <span class='ocrx_word' id='word_1_1191' title='bbox 1751 3390 1960 3427; x_wconf 84' lang='lat' dir='ltr'>inflammatis</span> <span class='ocrx_word' id='word_1_1192' title='bbox 1983 3420 1990 3426; x_wconf 94' lang='lat'><em>.</em></span> <span class='ocrx_word' id='word_1_1193' title='bbox 2026 3395 2139 3438; x_wconf 83' lang='lat' dir='ltr'>Hepar</span> 
     </span>
     <span class='ocr_line' id='line_1_152' title="bbox 1130 3429 2136 3478; baseline 0.009 -15"><span class='ocrx_word' id='word_1_1194' title='bbox 1130 3430 1333 3472; x_wconf 82' lang='lat' dir='ltr'>subalbum,</span> <span class='ocrx_word' id='word_1_1195' title='bbox 1367 3429 1426 3464; x_wconf 87' lang='lat' dir='ltr'>nisi</span> <span class='ocrx_word' id='word_1_1196' title='bbox 1450 3430 1539 3474; x_wconf 84' lang='lat' dir='ltr'>quod</span> <span class='ocrx_word' id='word_1_1197' title='bbox 1562 3433 1601 3466; x_wconf 88' lang='lat' dir='ltr'>ad</span> <span class='ocrx_word' id='word_1_1198' title='bbox 1636 3433 1777 3467; x_wconf 87' lang='lat' dir='ltr'>limbum</span> <span class='ocrx_word' id='word_1_1199' title='bbox 1810 3436 1982 3471; x_wconf 77' lang='lat' dir='ltr'>l—ivescebat</span> <span class='ocrx_word' id='word_1_1200' title='bbox 2006 3463 2014 3478; x_wconf 93' lang='lat'>,</span> <span class='ocrx_word' id='word_1_1201' title='bbox 2047 3438 2136 3473; x_wconf 85' lang='lat' dir='ltr'>intus</span> 
     </span>
     <span class='ocr_line' id='line_1_153' title="bbox 1132 3475 2137 3524; baseline 0.01 -18"><span class='ocrx_word' id='word_1_1202' title='bbox 1132 3475 1333 3518; x_wconf 84' lang='lat' dir='ltr'>variegatum</span> <span class='ocrx_word' id='word_1_1203' title='bbox 1365 3476 1538 3508; x_wconf 84' lang='lat' dir='ltr'>marmoris</span> <span class='ocrx_word' id='word_1_1204' title='bbox 1566 3475 1663 3510; x_wconf 88' lang='lat' dir='ltr'>instar</span> <span class='ocrx_word' id='word_1_1205' title='bbox 1686 3502 1694 3510; x_wconf 86' lang='lat'><strong>.</strong></span> <span class='ocrx_word' id='word_1_1206' title='bbox 1728 3477 1810 3521; x_wconf 78' lang='lat' dir='ltr'>Ejus</span> <span class='ocrx_word' id='word_1_1207' title='bbox 1855 3480 1989 3515; x_wconf 88' lang='lat' dir='ltr'>vesicula</span> <span class='ocrx_word' id='word_1_1208' title='bbox 2034 3492 2137 3524; x_wconf 82' lang='lat' dir='ltr'>pauca</span> 
     </span>
     <span class='ocr_line' id='line_1_154' title="bbox 1131 3518 2139 3568; baseline 0.01 -18"><span class='ocrx_word' id='word_1_1209' title='bbox 1131 3528 1206 3551; x_wconf 88' lang='lat' dir='ltr'>cum</span> <span class='ocrx_word' id='word_1_1210' title='bbox 1228 3520 1292 3553; x_wconf 91' lang='lat' dir='ltr'>bile</span> <span class='ocrx_word' id='word_1_1211' title='bbox 1306 3546 1314 3558; x_wconf 92' lang='lat'>,</span> <span class='ocrx_word' id='word_1_1212' title='bbox 1338 3530 1394 3552; x_wconf 86' lang='lat' dir='ltr'>nec</span> <span class='ocrx_word' id='word_1_1213' title='bbox 1419 3518 1544 3560; x_wconf 82' lang='lat' dir='ltr'>prorsus</span> <span class='ocrx_word' id='word_1_1214' title='bbox 1567 3521 1728 3554; x_wconf 87' lang='lat' dir='ltr'>naturali.</span> <span class='ocrx_word' id='word_1_1215' title='bbox 1755 3523 1836 3557; x_wconf 89' lang='lat' dir='ltr'>Lien</span> <span class='ocrx_word' id='word_1_1216' title='bbox 1858 3536 1991 3568; x_wconf 86' lang='lat' dir='ltr'>magnus</span> <span class='ocrx_word' id='word_1_1217' title='bbox 2010 3547 2024 3566; x_wconf 88' lang='lat'>,</span> <span class='ocrx_word' id='word_1_1218' title='bbox 2056 3526 2139 3560; x_wconf 91' lang='lat' dir='ltr'>albi—</span> 
     </span>
     <span class='ocr_line' id='line_1_155' title="bbox 1130 3564 1375 3602; baseline 0.008 -8"><span class='ocrx_word' id='word_1_1219' title='bbox 1130 3573 1227 3602; x_wconf 87' lang='lat' dir='ltr'>cans,</span> <span class='ocrx_word' id='word_1_1220' title='bbox 1251 3564 1375 3597; x_wconf 88' lang='lat' dir='ltr'>laxior.</span> 
     </span>
    </p>

    <p class='ocr_par' dir='ltr' id='par_1_16' title="bbox 1133 3605 2148 3739">
     <span class='ocr_line' id='line_1_156' title="bbox 1177 3605 2142 3653; baseline 0.008 -14"><span class='ocrx_word' id='word_1_1221' title='bbox 1177 3617 1224 3641; x_wconf 89' lang='lat'>10.</span> <span class='ocrx_word' id='word_1_1222' title='bbox 1253 3608 1400 3641; x_wconf 84' lang='lat' dir='ltr'>Pleuram</span> <span class='ocrx_word' id='word_1_1223' title='bbox 1420 3618 1491 3650; x_wconf 82' lang='lat' dir='ltr'>quae</span> <span class='ocrx_word' id='word_1_1224' title='bbox 1511 3605 1704 3643; x_wconf 70' lang='lat' dir='ltr'>adhaerentes</span> <span class='ocrx_word' id='word_1_1225' title='bbox 1727 3610 1895 3653; x_wconf 89' lang='lat' dir='ltr'>pulmones</span> <span class='ocrx_word' id='word_1_1226' title='bbox 1918 3611 2074 3646; x_wconf 85' lang='lat' dir='ltr'>facillime</span> <span class='ocrx_word' id='word_1_1227' title='bbox 2095 3611 2142 3647; x_wconf 88' lang='lat' dir='ltr'>se-</span> 
     </span>
     <span class='ocr_line' id='line_1_157' title="bbox 1133 3650 2148 3698; baseline 0.004 -13"><span class='ocrx_word' id='word_1_1228' title='bbox 1133 3661 1307 3695; x_wconf 85' lang='lat' dir='ltr'>queretur,</span> <span class='ocrx_word' id='word_1_1229' title='bbox 1330 3651 1351 3685; x_wconf 90' lang='lat' dir='ltr'>s1</span> <span class='ocrx_word' id='word_1_1230' title='bbox 1377 3652 1480 3684; x_wconf 86' lang='lat' dir='ltr'>laxam</span> <span class='ocrx_word' id='word_1_1231' title='bbox 1503 3650 1620 3693; x_wconf 81' lang='lat' dir='ltr'>fuisse,</span> <span class='ocrx_word' id='word_1_1232' title='bbox 1643 3653 1819 3696; x_wconf 78' lang='lat' dir='ltr'>agnoscas3</span> <span class='ocrx_word' id='word_1_1233' title='bbox 1844 3655 1935 3698; x_wconf 75' lang='lat' dir='ltr'>pollis</span> <span class='ocrx_word' id='word_1_1234' title='bbox 1958 3655 2034 3690; x_wconf 83' lang='lat' dir='ltr'>inde</span> <span class='ocrx_word' id='word_1_1235' title='bbox 2056 3679 2069 3697; x_wconf 89' lang='lat'>,</span> <span class='ocrx_word' id='word_1_1236' title='bbox 2101 3664 2148 3691; x_wconf 28' lang='lat' dir='ltr'>ut!</span> 
     </span>
     <span class='ocr_line' id='line_1_158' title="bbox 1134 3693 2143 3739; baseline 0.005 -11"><span class='ocrx_word' id='word_1_1237' title='bbox 1134 3695 1277 3738; x_wconf 86' lang='lat' dir='ltr'>opinor,</span> <span class='ocrx_word' id='word_1_1238' title='bbox 1313 3693 1466 3738; x_wconf 84' lang='lat' dir='ltr'>assequi,</span> <span class='ocrx_word' id='word_1_1239' title='bbox 1499 3705 1557 3728; x_wconf 87' lang='lat' dir='ltr'>cur</span> <span class='ocrx_word' id='word_1_1240' title='bbox 1589 3697 1712 3739; x_wconf 88' lang='lat' dir='ltr'>pondus</span> <span class='ocrx_word' id='word_1_1241' title='bbox 1746 3698 1941 3734; x_wconf 83' lang='lat' dir='ltr'>inflammati</span> <span class='ocrx_word' id='word_1_1242' title='bbox 1976 3700 2045 3733; x_wconf 90' lang='lat' dir='ltr'>lobi</span> <span class='ocrx_word' id='word_1_1243' title='bbox 2075 3710 2143 3734; x_wconf 88' lang='lat' dir='ltr'>non</span> 
     </span>
    </p>

    <p class='ocr_par' dir='ltr' id='par_1_17' title="bbox 2001 3744 2141 3777">
     <span class='ocr_line' id='line_1_159' title="bbox 2001 3744 2141 3777; baseline -0.007 0"><span class='ocrx_word' id='word_1_1244' title='bbox 2001 3744 2100 3777; x_wconf 85' lang='lat' dir='ltr'>senti·</span> <span class='ocrx_word' id='word_1_1245' title='bbox 2138 3774 2141 3776; x_wconf 85' lang='lat'>.</span> 
     </span>
    </p>
   </div>
   <div class='ocr_carea' id='block_1_10' title="bbox 76 3819 2142 3845">
    <p class='ocr_par' dir='ltr' id='par_1_18' title="bbox 76 3819 2142 3845">
     <span class='ocr_line' id='line_1_160' title="bbox 76 3819 2142 3845; baseline -0.001 -1"><span class='ocrx_word' id='word_1_1246' title='bbox 76 3819 2142 3845; x_wconf 33' lang='grc' dir='ltr'>ΜΨ</span> 
     </span>
    </p>
   </div>
   <div class='ocr_carea' id='block_1_11' title="bbox 78 3882 1089 3922">
    <p class='ocr_par' dir='ltr' id='par_1_19' title="bbox 78 3882 1089 3922">
     <span class='ocr_line' id='line_1_161' title="bbox 78 3882 1089 3922; baseline 0.008 -14"><span class='ocrx_word' id='word_1_1247' title='bbox 78 3882 304 3916; x_wconf 53' lang='grc' dir='ltr'>ἐιίοὶιιςφ</span> <span class='ocrx_word' id='word_1_1248' title='bbox 367 3886 643 3919; x_wconf 69' lang='lat' dir='ltr'>(f)n.34.37.44.</span> <span class='ocrx_word' id='word_1_1249' title='bbox 705 3889 860 3920; x_wconf 75' lang='lat' dir='ltr'>(g)n.2.</span> <span class='ocrx_word' id='word_1_1250' title='bbox 922 3891 1089 3922; x_wconf 81' lang='lat' dir='ltr'>(h)n.12.</span> 
     </span>
    </p>
   </div>
   <div class='ocr_carea' id='block_1_12' title="bbox 1146 3892 1314 3927">
    <p class='ocr_par' dir='ltr' id='par_1_20' title="bbox 1146 3892 1314 3927">
     <span class='ocr_line' id='line_1_162' title="bbox 1146 3892 1314 3927; baseline -0.024 -6"><span class='ocrx_word' id='word_1_1251' title='bbox 1146 3892 1314 3927; x_wconf 71' lang='lat' dir='ltr'>(i)n.13.</span> 
     </span>
    </p>
   </div>
  </div>
 </body>
</html>
