2498 4075
470 223 623 289 Epist·
662 224 823 277 Anat.
861 220 1079 275 Medica
1113 214 1371 270 XXXVII.
1408 217 1528 270 Art.-
1563 231 1644 288 20.

1983 234 2007 276 {³
2015 230 2043 277 ‘122

56 304 175 344 modo,
198 305 250 340 sed
274 308 307 340 δι
327 304 506 339 distendens
530 311 675 345 repertus
696 304 738 338 est
761 327 771 344 ‚
802 313 838 337 ut
862 303 961 345 paulo
984 307 1057 336 anre
1101 297 1263 343 superficie
1282 296 1433 340 granosa,
1457 296 1520 330 five
1542 295 1623 329 mori
1636 292 1742 337 forma
1764 295 1895 336 undique
1917 293 2035 326 taberti
2052 293 2110 334 ³:232.

55 348 240 384 dicebamus
250 350 339 387 ‚imo
349 349 529 383 distendens
539 349 640 381 etiam
653 348 827 384 admodum,
840 356 876 380 ut
892 344 1057 379 videbisin

56 390 269 434 Sepulchreto
292 390 395 436 (f).
420 392 495 426 Fuit
518 403 591 424 cum
615 391 703 424 illam
720 402 847 432 aequans
863 415 870 428 ,
895 389 984 431 cujus
997 389 1058 422 ibi-

55 434 128 469 dem
151 436 204 478 (g
225 441 239 479 )
261 448 326 470 non
349 447 449 471 unum
472 435 603 469 habebis
626 435 826 476 exemplum.
851 431 1062 475 Aliasfhmio-

54 488 131 512 vum
138 479 358 521 gallinaceum,
369 479 446 512 licut
458 480 581 512 invenit
595 479 776 520 Falloppius
787 480 801 516 (
811 477 830 510 h
838 481 863 518 ),
875 477 950 511 alias
962 486 1061 512 ovum

56 523 284 557 columbinum
309 521 515 566 (interjefios
526 524 610 556 enirn
623 531 658 555 ut
671 523 789 563 primo,
803 524 833 553 &
848 519 1000 556 secundo,
1012 523 1059 553 ita

56 567 210 606 secundo,
221 568 253 600 δε
265 568 366 600 tertio
381 565 614 608 magnitudinis
627 564 739 598 modos
751 563 917 603 transilio)
940 563 1059 606 aequas-

56 609 107 649 se,
132 620 337 652 compertum
358 608 421 646 est,
447 608 704 651 quomodo-post
728 609 903 641 Coiterum
928 608 984 647 (i)
1010 608 1058 641 vi-

55 654 175 688 derunt
200 655 326 696 plures,
350 654 380 686 &
402 654 436 684 in
460 653 509 686 his
533 652 750 687 Vallisnerius
774 652 879 685 noster
901 654 914 690 (
936 651 954 691 l<
978 654 988 689 )
1022 653 1056 686 in

54 698 177 732 ultimo
200 708 238 730 ex
261 697 368 729 Gente
392 695 550 739 Gonzaga
576 696 834 730 Mantuanorum
860 696 950 728 Duce
974 717 984 732 ‚
1009 707 1057 728 ra-

55 750 109 775 tus
129 763 143 781 ,
176 739 260 774 hunc
285 741 383 773 etiam
407 740 559 774 morbum
581 739 820 773 haereditarium
841 737 903 771 effe
927 748 1057 779 propte-

54 795 110 820 rea
133 782 221 826 quod
252 782 434 817 Bartoletus
458 787 468 822 (
492 783 505 816 l
525 787 539 822 )
563 795 691 826 quoque
714 783 875 815 calculum
898 781 936 816 ad
960 782 1058 824 cystis

56 828 221 861 orificium
244 824 421 860 offenderat
444 827 477 859 in
487 827 688 861 Ferdinando
701 825 882 866 Gonzaga,
907 826 1062 859 Mantua-

55 882 174 904 norum
197 871 276 903 item
299 870 469 907 Domino,
494 880 685 913 argumento
708 879 772 902 non
796 868 1061 910 improbabili,fi

55 914 97 947 ab
121 912 183 947 hoc
195 912 398 948 Ferdinando
419 914 476 955 qui
501 914 606 948 nullos
629 913 763 954 reliquit
788 910 893 951 filios,
919 914 996 946 Dux
1009 912 1061 945 ille

56 958 191 991 ultimus
214 954 424 999 provenisset.
448 957 558 990 Multo
581 966 688 992 autern
712 953 795 989 infra
819 966 886 988 eam
899 956 1061 996 magnitu-

55 1001 166 1034 dinem
189 1000 623 1043 plerumqueinveniuntur:
646 1000 725 1043 quin
738 998 811 1032 sunt
825 1009 1060 1040 nonnunquam

56 1043 136 1077 adeo
160 1044 293 1086 exigui,
319 1052 354 1077 ut
379 1042 527 1077 Vesalius
548 1047 631 1086 (m)
653 1046 688 1076 in
713 1041 867 1075 Martello
890 1052 964 1075 cum
977 1041 1061 1075 milii

49 1084 222 1131 seminibus
245 1087 504 1128 comparaverit.
635 1084 741 1127 Cujus
764 1084 860 1127 cystis
886 1108 895 1123 ‚
917 1085 1058 1119 duorum

52 1140 239 1172 pugnorum
262 1130 520 1173 magnitudinem
536 1152 545 1167 ,
567 1140 602 1165 ut
626 1130 716 1171 supra
742 1132 752 1168 (
775 1139 794 1160 n
819 1131 829 1165 )
853 1131 951 1163 etiam
970 1128 1060 1166 dixi,

54 1172 151 1210 facile
175 1173 368 1216 adaequans,
388 1185 464 1207 cum
486 1172 561 1207 esset
584 1171 740 1216 ejusmodi
764 1172 882 1215 lapillis
911 1174 1058 1215 quodam-

50 1217 140 1251 modo
162 1215 279 1259 plena5
302 1217 378 1252 hinc
400 1226 538 1260 quantus
561 1216 601 1250 fit
624 1214 787 1250 interdum
812 1227 923 1249 eorum
947 1227 1059 1249 nume·

50 1270 130 1297 rus,
154 1268 245 1302 potes
268 1262 439 1295 aestimare.
462 1262 531 1301 Qi
556 1259 661 1302 reapse
684 1269 892 1294 numerarunt
905 1260 973 1301 post
989 1260 1059 1293 Fal-

50 1303 202 1346 loppium
223 1306 291 1346 (o)
312 1305 370 1346 qui
393 1312 516 1339 centum
540 1304 818 1347 vigintitrescum
837 1302 1060 1345 grandioreilt

51 1346 87 1380 lo
111 1347 259 1383 invenit,
284 1359 348 1381 non
374 1347 470 1382 modo
493 1354 666 1385 trecentos,
690 1356 726 1380 ut
751 1347 936 1380 Bartoletus
968 1347 1059 1389 (p),

54 1400 110 1424 aut
126 1389 184 1431 sex
207 1391 239 1422 &
264 1398 440 1431 trecentos,
464 1400 500 1425 ut
525 1390 644 1424 Plateri
669 1395 679 1431 (
703 1401 721 1432 q
746 1393 760 1430 )
785 1393 915 1428 Frater,
940 1390 1060 1432 quibus

51 1433 103 1468 vel
126 1432 193 1475 ipse
218 1434 324 1476 plures
347 1433 565 1477 deprehendi,
587 1434 637 1467 sed
661 1435 743 1469 ultra
761 1433 993 1478 septingentos,
1026 1443 1063 1467 ut

51 1477 258 1511 Mentzelius
281 1480 363 1518 (r),
387 1480 456 1512 imo
478 1476 563 1511 ultra
586 1477 692 1516 mille,
718 1487 753 1511 ut
788 1477 979 1510 Graseccius
1002 1475 1064 1518 (s)

52 1520 158 1560 olim,
181 1530 389 1563 repererunt;
414 1530 450 1555 ut
474 1521 594 1555 mirum
618 1520 680 1562 fit,
702 1519 858 1564 quosdam
881 1519 920 1554 de
930 1531 1064 1552 numero

49 1564 245 1606 cysticorum
257 1565 455 1599 calculorum
466 1566 499 1598 in
509 1564 691 1598 universum
707 1566 869 1605 loquentes
884 1586 893 1602 ,
905 1566 937 1596 in
946 1561 1062 1607 Joach.

48 1609 230 1642 Camerarii
251 1610 314 1648 (t)
339 1619 498 1648 numero,
521 1608 554 1641 id
577 1607 618 1642 est
634 1618 703 1651 143.
727 1604 897 1648 substitisse
912 1632 920 1639 .
945 1604 1063 1644 Quid?

48 1651 136 1693 quod
161 1652 346 1693 exemplum
369 1651 435 1695 jam
460 1651 581 1694 prostat
605 1662 643 1684 ex
666 1651 888 1685 Cl.Storchio
914 1649 981 1692 (u)
1005 1661 1063 1683 no-

48 1695 125 1727 bilis
149 1694 241 1728 Senis
265 1696 297 1727 in
321 1707 389 1737 quo
410 1705 521 1729 eorum
545 1694 631 1729 ultra
653 1695 713 1727 duo
736 1693 838 1728 millia
859 1691 1064 1728 numeraban-

49 1747 123 1777 tur,
147 1738 289 1780 itemque
313 1740 451 1772 alterum
474 1750 511 1772 ex
534 1738 669 1773 Faschio
692 1741 781 1777 (x),
805 1739 907 1780 quiin
919 1737 1062 1778 cystiin-

48 1781 140 1823 genti
161 1780 327 1828 cujusdam
350 1782 516 1818 Gladiarii
544 1784 638 1824 3646.
660 1781 795 1824 granula
819 1780 893 1815 bilis
916 1787 1062 1813 concretae

52 1824 205 1866 reperiit,
229 1835 294 1866 quae
305 1825 431 1867 curiosis
441 1826 537 1859 etiam
548 1825 694 1865 ostendere
697 1823 837 1867 solebat.
862 1824 1070 1867 Quanquam

50 1878 128 1901 vero
153 1867 330 1910 aliquando
341 1891 354 1909 ,
377 1878 413 1902 ut
438 1870 534 1912 paulo
549 1878 622 1902 ante
634 1867 813 1902 indicatum
826 1866 867 1900 est
882 1892 889 1906 ,
914 1877 978 1900 uno
991 1867 1063 1907 plu-

49 1922 100 1944 res
123 1921 188 1944 nnn
213 1910 286 1946 ‘lunt
311 1925 321 1949 ς
352 1912 457 1945 multo
483 1912 594 1955 saepius
619 1922 726 1945 tamen
750 1922 816 1945 uno
840 1911 946 1953 plures
970 1910 1063 1943 inve-

48 1956 208 1989 niuntur.
346 1955 449 1998 Quod
474 1956 512 1990 ad
536 1955 675 1997 figuram
701 1966 799 1998 porro
824 1955 963 1993 attinet;
987 1953 1060 1987 sunt

48 1997 185 2040 quiderm
211 1998 313 2040 aliqui
337 1998 376 2031 ad
401 1997 590 2042 sphaericam
606 2025 615 2040 ,
640 1998 678 2033 ad
701 1998 827 2032 ovalem
843 2023 852 2039 ‚
876 1997 913 2031 ad
928 1997 1065 2030 aliamve

50 2042 184 2075 minime
197 2040 380 2084 angulosam
393 2042 574 2076 accedentes
589 2064 598 2080 ‚
614 2052 650 2076 ut
662 2043 711 2076 vel
724 2041 954 2075 similitudines
970 2051 1066 2073 mon-

47 2085 147 2119 strant
172 2085 292 2128 quibus
318 2096 392 2121 tunc
407 2086 643 2120 Observatores
655 2086 692 2120 ad
704 2085 954 2120 describendum
966 2094 1064 2130 utun-

47 2137 124 2169 tur,
149 2130 239 2162 nucis
261 2129 416 2171 alicujus,
439 2139 493 2164 aut
517 2130 615 2171 oleae,
639 2138 692 2163 aut
715 2131 794 2169 ovi,
819 2137 874 2162 aut
899 2127 969 2161 aliis
981 2127 1065 2168 ejus-

52 2173 204 2206 cemodi:
229 2171 281 2206 sed
306 2173 497 2215 plerumque
520 2173 594 2207 sunt
617 2172 785 2215 angulofi.
813 2172 893 2204 Illos
913 2169 1059 2203 veficulae

51 2215 150 2258 ipfius
162 2215 266 2259 figura
279 2225 335 2249 aut
349 2216 437 2250 vitio
447 2217 612 2250 contracta
625 2241 636 2259 ‚
660 2215 824 2258 magisque
837 2214 968 2257 globata
980 2236 992 2253 ,
1004 2222 1059 2246 aut

48 2260 229 2296 naturalis,
252 2270 326 2293 cum
349 2272 421 2293 eam
444 2260 580 2300 implent
594 2281 604 2297 ,
629 2264 674 2293 ita
690 2257 875 2292 conformat
889 2279 899 2295 ‚
921 2256 982 2290 five
995 2268 1060 2289 uno

49 2304 158 2342 piures
182 2314 246 2336 non
276 2301 339 2335 lint
354 2324 364 2340 ‚
389 2303 440 2336 seu
466 2303 571 2345 plures
594 2302 727 2345 quidem
751 2301 812 2336 fint
827 2324 837 2340 ‚
863 2299 914 2334 sed
936 2301 981 2333 ita
1007 2299 1063 2333 ad-

49 2345 114 2380 huc
137 2347 252 2379 molles
276 2345 375 2389 (nam
397 2347 447 2380 vel
472 2346 640 2388 majusculi
653 2345 815 2380 interdum
838 2347 901 2386 (y)
925 2343 1003 2377 casei
1016 2354 1062 2376 re-

49 2390 153 2423 centis
166 2389 340 2424 mollitiem
354 2388 509 2428 servant)
535 2391 612 2423 utin
637 2389 797 2432 ejusmodi
822 2387 959 2421 formam
971 2398 1062 2420 com-

48 2434 146 2476 pingi
168 2432 286 2475 poffint
310 2434 469 2473 universi,
491 2432 765 2476 quemadmodum
790 2433 823 2464 in
848 2429 1062 2473 Sepulchreto

50 2477 120 2519 (z)
145 2476 232 2510 vides
255 2478 327 2510 loco
351 2477 427 2510 bilis
450 2476 654 2510 orbicularem
678 2486 772 2509 unum
796 2486 834 2509 ex
854 2484 964 2508 novem
987 2473 1061 2507 aliis

47 2517 158 2563 figura>
181 2518 405 2563 triangularis,
443 2519 489 2553 tbi
511 2520 645 2553 invicem
658 2516 906 2553 incumbentibus
919 2540 930 2557 ‚
946 2515 1060 2560 facili-

49 2573 109 2605 que
131 2573 223 2595 manu
248 2562 418 2604 reparabili
439 2573 476 2595 us
490 2587 498 2601 ‚
523 2562 639 2605 lapillis
652 2562 834 2602 conflantem
846 2560 995 2602 lapidem,
1006 2560 1060 2594 cui

49 2606 163 2640 fimilis
179 2631 189 2646 ‚
214 2605 270 2639 nifi
296 2605 385 2648 quod
398 2606 442 2639 ob
465 2606 615 2648 ponderis
630 2607 737 2640 exafie
761 2606 938 2647 aequalem,
960 2615 1061 2647 eoque

48 2650 547 2693 propemodumincredibilem,
572 2651 783 2692 partitionem
807 2648 912 2681 multo
922 2647 1062 2682 admira-

52 2694 154 2727 bilior
167 2718 176 2733 ,
200 2692 401 2728 Observatio
417 2704 504 2727 extat
528 2696 593 2734 (a)
615 2692 701 2736 globi
713 2690 855 2734 calculosi
867 2691 974 2724 uncias
985 2692 1062 2724 duas

51 2737 95 2770 (φ
113 2736 210 2779 semis
228 2737 455 2779 ponder-antis,
478 2740 536 2781 qui
560 2749 599 2770 ex
621 2735 724 2779 cysti,
750 2734 832 2768 nihil
845 2735 931 2769 aliud
957 2734 1063 2768 inclu-

51 2779 146 2814 dente
160 2804 168 2819 ,
190 2780 371 2819 detractus,
395 2781 426 2813 in
443 2780 611 2824 sexaginta
634 2781 769 2813 minores
778 2778 915 2811 calculos
939 2776 1063 2821 obscure

46 2821 177 2867 flavos,
196 2822 365 2865 friabiles‚
384 2823 527 2866 singulos¹
543 2823 726 2865 pentacdros
741 2845 753 2862 ,
777 2822 820 2854 Θ
834 2821 1015 2864 scrupulum
1026 2831 1064 2853 u-

54 2877 129 2900 num
149 2867 294 2908 ponderis
315 2875 492 2908 aequantes,
517 2865 643 2909 discessit
668 2890 676 2897 .
703 2866 761 2899 Sed
785 2868 815 2898 &
840 2866 900 2898 alia
916 2865 1062 2906 prostant

54 2911 255 2953 cysticorum
277 2910 476 2944 calculorum
500 2910 644 2952 exempla
659 2934 668 2948 ,
693 2911 751 2951 qui
774 2919 874 2941 ovum
896 2907 1061 2941 columbi-

54 2966 131 2988 num
158 2953 328 2987 referentes
352 2952 435 2996 (b),
458 2965 496 2988 ex
516 2954 689 2987 minoribus
711 2952 846 2986 concreti
855 2950 1063 2987 videbantur,

55 3008 111 3031 aut
136 2999 236 3031 etiam
260 3007 298 3030 ex
320 2998 414 3030 meris
434 2997 577 3039 granulis
599 2996 848 3038 compactio),
873 2993 933 3027 five
947 3005 1068 3036 compo-

49 3041 108 3083 fitt'
130 3042 194 3080 (d)
218 3048 331 3074 erant.
465 3041 559 3074 Num
583 3038 829 3081 veroejusmodi
854 3039 986 3079 granula
1001 3039 1069 3079 pri-

55 3097 105 3119 ma
122 3084 181 3118 effe
191 3084 334 3118 dicemus
346 3083 439 3117 initia
449 3084 651 3118 calculorum
663 3084 761 3126 cystis
772 3083 946 3115 omnium?
969 3081 1068 3114 Haud

55 3141 130 3163 raro
152 3138 237 3161 certe
262 3130 295 3161 in
320 3125 455 3161 vesicula
478 3138 603 3170 reperta
627 3129 720 3164 sunu
745 3138 819 3161 nam
843 3125 880 3158 ad
904 3136 953 3158 eas
976 3134 1067 3166 potes

55 3183 134 3214 quas
159 3171 213 3205 hic
237 3170 471 3213 produximus,
495 3173 569 3205 alias
592 3181 688 3213 atque
711 3170 787 3203 alias
810 3170 982 3203 eorundem
995 3169 1068 3201 Ob-

57 3216 251 3248 servationes
275 3213 446 3256 adjungere
463 3238 471 3252 ‚
497 3223 535 3247 ut
557 3215 590 3247 in
618 3215 760 3256 Virgine
783 3213 822 3247 de
853 3224 915 3254 qua
940 3212 1068 3245 Verne-

60 3271 118 3301 yus
141 3259 251 3300 junior
275 3261 358 3297 (e),
384 3266 420 3291 ut
445 3258 478 3290 in
493 3257 574 3290 Viro
598 3258 637 3291 de
659 3269 727 3300 quo
750 3255 1070 3300 C1.Jo.Sebast.Al-

61 3303 212 3337 brechtus
235 3299 317 3344 (f)
344 3323 357 3341 ,
379 3311 455 3334 curn
478 3304 514 3334 in
538 3301 594 3335 illa
618 3301 692 3334 bilis
718 3298 793 3333 esset
817 3302 850 3332 in
875 3308 926 3332 tot
951 3309 1067 3340 parvos

59 3346 229 3386 grumulos
251 3353 425 3383 concreta,
447 3345 481 3377 in
505 3343 569 3378 hoc
593 3341 1066 3385 auteminflarsaccharigranu-

60 3385 141 3428 inti,
159 3388 349 3432 scufeminis
362 3386 447 3421 milii
458 3387 643 3421 excorticati
658 3384 821 3429 formata,
846 3389 927 3419 &ne
937 3385 1067 3426 longior

62 3433 142 3473 lim,
166 3442 201 3467 ut
225 3434 258 3465 in
283 3441 335 3465 tot
359 3432 428 3465 aliis
453 3434 519 3473 (g)
542 3432 576 3463 in
599 3432 719 3473 quibus
742 3430 858 3464 calculi
882 3428 1067 3465 cumeffent

202 3552 218 3576 l.
236 3560 258 3581 3.
276 3552 299 3575 S.
316 3557 356 3576 ιο.
374 3550 400 3574 in
415 3548 502 3574 Addit.
517 3549 575 3573 Obs.
588 3557 609 3575 ι.
672 3550 687 3580 (
700 3557 718 3580 g
736 3554 745 3578 >
765 3549 828 3574 lbid.
847 3551 915 3580 S.13.
933 3548 991 3574 Obf.
1003 3557 1039 3573 ιι.
1057 3548 1070 3578 §

127 3832 136 3854 ’ζ
158 3834 179 3849 m
199 3825 211 3853 )
227 3828 351 3851 Commet.
373 3825 458 3850 Litter.
477 3828 506 3849 A.
517 3832 582 3854 174²-
600 3824 727 3854 Rebi-3².
744 3833 770 3850 n.
782 3832 804 3850 ι.
821 3832 878 3850 eum
893 3824 955 3850 Tab.
969 3832 992 3850 2.
1010 3824 1061 3853 Εἰς.
1072 3830 1109 3848 ιο.

1088 3557 1111 3578 7.
1127 3550 1149 3572 ἃ
1167 3549 1192 3573 S,
1203 3548 1238 3572 18.
1260 3547 1319 3571 obs.
1335 3549 1357 3571 8.
1373 3546 1398 3574 ,δ-
1407 3553 1445 3575 14.

1091 3581 1104 3608 (
1123 3580 1132 3603 l
1149 3578 1162 3607 )
1181 3578 1237 3602 Vid.
1257 3577 1335 3602 Rhod,
1356 3579 1427 3602 Cent.
1447 3585 1470 3607 3.
1487 3579 1547 3603 Obs.
1564 3581 1630 3605 Med.
1647 3588 1669 3604 ιι.

120 3552 162 3611 (ζ
209 3581 268 3606 Obs.
286 3585 360 3606 Anat.
424 3583 437 3610 (
451 3580 467 3604 k
485 3580 499 3609 J
513 3580 586 3609 Epist.
603 3580 671 3610 supra
687 3582 734 3604 cit.
749 3581 779 3604 ad
796 3588 819 3604 n.
839 3588 878 3610 ¹3·
897 3580 989 3605 Adnot.
1007 3588 1028 3603 2.

120 3614 134 3642 ζ
149 3622 165 3636 n
186 3614 191 3640 )
209 3621 231 3636 n.
252 3621 289 3643 13.
353 3612 367 3641 (
383 3619 396 3635 ο
412 3611 427 3639 )
443 3610 502 3635 Obs.
521 3618 540 3634 1.
557 3611 631 3636 modo
648 3611 692 3635 cit.
708 3611 772 3641 apud
789 3611 909 3637 Schenck.
971 3610 979 3638 (
997 3617 1015 3640 Ρ
1030 3610 1045 3639 )
1060 3610 1121 3634 Obs.
1138 3617 1161 3633 2.
1179 3608 1257 3633 Rhod.
1275 3609 1349 3632 modo
1364 3608 1405 3632 cit.

118 3648 129 3669 t
146 3651 157 3667 ν
177 3644 185 3673 )
200 3643 261 3672 Eph.
280 3644 313 3667 N.
330 3644 361 3667 C.
381 3644 435 3665 Dec.
455 3650 476 3666 1.
492 3643 520 3665 A.
542 3650 563 3669 9-
581 3641 642 3666 obs.
660 3643 710 3667 181.
773 3642 842 3672 (s)
858 3641 921 3671 apud
938 3642 1060 3666 sehenck.
1080 3641 1106 3664 in
1124 3640 1172 3664 fine
1186 3640 1246 3663 ΟΜ.
1264 3647 1285 3663 1.
1306 3638 1381 3662 modo
1395 3638 1437 3663 cit.

119 3674 324 3703 (meorumue.
333 3673 391 3697 Litt.
405 3675 509 3701 &¹735
528 3672 606 3697 Hebd.
617 3681 654 3703 59.
665 3680 690 3696 n.
698 3680 721 3702 4.
784 3672 814 3702 (x
824 3673 837 3701 )
847 3673 905 3698 Vid.
914 3672 939 3696 in
947 3671 1052 3696 0bf.⁶8.
1061 3672 1135 3694 Tom.
1148 3679 1167 3700 ς.
1179 3669 1231 3695 Ast.
1241 3672 1273 3694 N.
1286 3671 1313 3693 C.

120 3706 135 3733 (
151 3713 169 3733 ζ
187 3704 199 3731 )
216 3706 233 3727 1.
253 3713 275 3733 3.
294 3706 317 3727 S.
334 3711 372 3732 17.
388 3702 448 3726 ΟΜ,
468 3710 506 3731 14.
523 3703 544 3733 §.
563 3712 585 3733 5.
647 3703 662 3733 (
677 3711 692 3726 a
709 3703 723 3731 )
738 3703 790 3727 Aa.
808 3704 884 3727 modo
900 3703 940 3727 cit.
958 3704 990 3727 T.
1008 3710 1029 3731 ς.
1047 3700 1105 3724 Obs-
1127 3708 1177 3729 1²9·
1207 3731 1212 3734 .

121 3736 134 3763 ζ
150 3744 159 3757 ι
184 3745 191 3771 ζ
206 3736 266 3763 Eph.
284 3736 316 3758 N.
335 3736 363 3758 C.
380 3735 451 3758 Cent.
467 3734 490 3757 8.
507 3734 565 3757 ΟΜ.
583 3741 622 3757 ιο.
684 3733 744 3763 (d)
755 3733 945 3763 Haueriopusc.
957 3730 1118 3760 Parnoi-Obs.
1133 3739 1170 3760 33.
1181 3731 1240 3755 Hist.
1254 3739 1287 3760 ¹3-

124 3796 135 3822 (
153 3797 166 3818 b
186 3805 191 3823 ς
212 3798 348 3820 Commerc.
366 3794 426 3819 Litt.
445 3796 477 3818 A.
496 3802 562 3824 ¹733·
583 3795 661 3818 Hebd.
678 3801 718 3824 45.
735 3795 787 3824 post
802 3803 827 3819 n.
846 3799 870 3819 6.
930 3795 937 3822 (
959 3795 998 3824 i)
1015 3793 1039 3817 &
1056 3793 1086 3816 A.
1106 3799 1174 3822 1739.
1193 3791 1267 3816 Hebd.
1288 3799 1317 3820 3⁹
1342 3799 1366 3814 n.
1384 3800 1404 3816 ι.

1108 341 1259 376 videntur
1281 341 1413 382 granula
1438 342 1476 373 ad
1501 339 1701 382 superficiem
1726 337 1907 376 adhaesisse,
1929 336 2107 378 cuintaqut

1109 384 1321 421 concrevisse.
1348 384 1416 424 Q
1440 385 1541 426 igitur
1564 382 1680 416 calculi
1705 394 1743 415 ex
1766 391 1924 416 concretae
1948 380 2024 412 bilis
2042 390 2114 421 gra-

1110 429 1194 463 nulis
1215 427 1383 467 constant,
1404 427 1534 460 illorum
1558 426 1624 460 haec
1647 423 1704 459 ess'e
1730 427 1844 463 initia,
1868 435 1933 457 non
1956 422 1997 456 est
2020 422 2114 455 dubi-

1111 471 1265 507 tandum.
1292 471 1398 513 Atqui
1420 472 1452 502 in
1477 471 1556 511 cyilr
1571 469 1661 503 simul
1687 480 1760 501 cum
1773 468 1902 501 calculis
1917 467 2016 500 multa
2031 477 2114 507 quoa

1111 528 1173 559 que
1195 512 1317 556 arenosa
1337 513 1517 555 mucosaqtte
1538 514 1670 547 materia
1691 510 1784 552 (h),
1808 511 1936 553 &larga
1950 509 2111 552 quantitas

1102 559 1209 604 sabuli
1231 568 1295 591 non
1320 555 1413 589 semel
1438 565 1558 598 reperta
1582 555 1646 593 est,
1673 566 1707 589 ut
1719 562 1866 595 tanquam
1877 554 2041 586 matricem
2051 551 2116 584 cala

1108 602 1248 638 culorum
1264 600 1374 642 procul
1396 598 1489 632 dubio
1498 599 1742 642 confidet-andam
1755 595 1829 640 esse,
1853 596 2014 630 censuerit
2028 594 2113 628 idem

1107 647 1166 690 qui
1190 645 1328 686 reperit,
1350 644 1405 676 Cl.
1430 643 1601 684 Bergenius
1623 644 1706 682 (i).
1733 643 1848 682 Itaque
1871 640 1890 672 fi
1917 639 2017 672 sabuli
2043 649 2112 681 gra—

1108 702 1172 729 no,
1197 698 1350 730 tanquam
1363 686 1500 725 nucleo,
1527 685 1601 719 bilis
1613 685 1790 720 accrescat;
1815 684 1923 721 vides,
1947 681 2033 715 aliud
2052 683 2115 713 ini-

1107 736 1192 767 tium
1215 732 1333 765 horum
1356 729 1488 772 quidem
1509 729 1712 762 calculorum
1735 726 1794 761 esse
1816 724 2012 760 dicendum.
2038 726 2114 758 Huc

1114 776 1191 811 adde
1216 775 1299 814 alia,
1322 786 1339 807 a
1362 784 1413 806 me
1438 773 1513 805 alias
1536 771 1750 805 animadversa
1767 796 1774 808 ‚
1798 772 1826 801 ἃ
1851 768 2117 803 comrnodiusin⁸²

1113 820 1233 860 fraffl)
1245 815 1545 851 commemoranda:
1571 814 1860 855 facileintelliges,
1885 824 1948 846 non
1965 813 2114 857 omniurn

1113 863 1171 898 effe
1196 863 1329 896 initium
1353 858 1437 903 posse
1460 859 1632 902 granulum
1655 867 1813 893 concretae
1837 857 1913 890 bilis
1928 882 1936 889 .
2056 855 2113 887 Sed

1111 907 1267 950 quoniam
1288 904 1427 938 calculos
1450 904 1637 945 plerumque
1663 900 1831 944 angulosos
1854 900 1936 939 esse,
1960 897 2115 937 diximus,

1112 950 1195 984 unde
1220 948 1411 991 angulorum
1434 948 1595 988 originem
1609 943 1813 989 repetemus?
1835 945 1865 976 Si
1890 942 2002 977 molles
2015 941 2118 988 adbuc

1111 994 1268 1037 plurimi,
1296 993 1384 1034 iique
1408 989 1561 1027 rotundi,
1588 992 1621 1023 in
1645 1000 1744 1023 unum
1770 987 1833 1021 five
1858 988 1987 1021 ovalem
2010 1010 2019 1024 ,
2053 985 2116 1018 live

1112 1035 1329 1080 spineticum,
1353 1042 1389 1068 ut
1413 1034 1445 1066 in
1470 1032 1596 1066 duobus
1621 1033 1719 1075 paulo
1742 1040 1814 1064 ante
1828 1031 1995 1073 produflis
2008 1040 2117 1062 exem-

1113 1082 1196 1124 plis,
1218 1082 1265 1112 ita
1287 1077 1557 1119 compingantur,
1585 1085 1620 1109 ut
1643 1088 1681 1110 ex
1705 1074 1857 1117 cujusque
1879 1076 1915 1108 ad
1941 1074 2039 1105 aliurn
2064 1084 2118 1114 ap-

1112 1123 1265 1168 preffione
1288 1132 1386 1155 novas
1410 1119 1480 1152 illas
1504 1119 1672 1161 acquirant
1697 1119 1817 1152 formas
1841 1140 1850 1155 ,
1875 1116 1950 1150 dein
1976 1127 2054 1148 vero
2078 1127 2117 1147 er:

1112 1167 1201 1204 causa
1225 1168 1332 1207 aliqua
1357 1163 1525 1200 secedant3
1550 1162 1632 1196 unde
1656 1164 1723 1196 orn·
1749 1162 1810 1194 fint
1831 1161 1970 1206 anguli,
1996 1159 2116 1200 procli-

1112 1224 1151 1247 ve
1175 1211 1216 1244 est
1239 1209 1356 1251 affequi
1371 1232 1378 1239 .
1406 1207 1530 1240 Verum
1553 1207 1629 1248 quia
1654 1216 1784 1249 perraro
1808 1202 1969 1245 ejusmodi
2005 1213 2121 1235 occur-

1113 1265 1191 1290 runt
1215 1254 1380 1294 exemplu
1405 1250 1595 1293 plerumque
1621 1251 1755 1291 angulos
1779 1247 1818 1280 ab
1842 1246 2122 1281 rotundorumin-

1112 1310 1163 1333 ter
1186 1298 1215 1331 se
1240 1295 1368 1330 affric‘tu
1392 1302 1592 1335 repetemus.
1616 1292 1795 1326 Affritffmm
1808 1291 1893 1323 enim
1917 1292 1988 1332 quis
2012 1298 2122 1330 neget,

1112 1343 1170 1377 ubi
1194 1341 1350 1375 facierum
1374 1338 1524 1371 laevorem
1549 1334 1805 1371 animadvertat,
1831 1343 1884 1367 aut
1899 1333 2122 1375 magnosduos

1115 1387 1190 1420 illos
1213 1382 1353 1427 cysticos
1374 1380 1514 1415 calculos
1537 1381 1594 1422 qui
1619 1378 1702 1421 apud
1727 1377 1907 1412 Hildanum
1932 1377 1989 1417 (l)
2011 1385 2123 1409 extant

1116 1428 1292 1468 delineati,
1316 1426 1473 1468 aspiciat?
1496 1424 1620 1456 Eorum
1646 1424 1727 1457 alter
1751 1429 1875 1454 tantum
1889 1427 2060 1455 excavatus
2073 1419 2123 1458 cst,

1117 1482 1155 1506 ut
1177 1471 1305 1506 tertiam
1320 1467 1392 1513 fere
1414 1475 1537 1511 partem
1561 1466 1693 1500 alterius
1717 1466 1857 1506 excipere
1876 1463 1965 1505 possit
1988 1487 2000 1503 ,
2035 1464 2124 1505 quod

1117 1529 1135 1549 a
1159 1515 1304 1549 continua
1319 1511 1471 1558 fric‘lione
1488 1509 1586 1549 ,unius
1609 1517 1715 1542 contra
1739 1508 1873 1541 alterum
1897 1506 2018 1539 faecem
2041 1504 2100 1539 esse
2112 1528 2125 1545 ,

1118 1567 1238 1592 certum
1260 1557 1319 1597 eft,
1344 1556 1451 1598 inquit
1475 1553 1554 1592 ille,
1576 1553 1634 1595 qui
1659 1554 1692 1585 in
1719 1550 1828 1584 velicae
1852 1561 1984 1593 quoque
2017 1551 2126 1597 urina-

1117 1605 1173 1636 riae
1197 1601 1327 1635 calculis
1351 1600 1458 1632 videre
1482 1595 1646 1631 interdum
1670 1607 1685 1627 a
1711 1594 1806 1628 simili
1831 1592 1920 1627 causa
1945 1592 2029 1626 haud
2045 1591 2126 1625 abfi-

1118 1646 1209 1680 milia
1234 1652 1407 1686 potuerat.
1431 1641 1590 1683 Magnum
1614 1649 1746 1681 quoque
1771 1637 1864 1670 illum
1889 1636 1992 1677 aspice
2015 1659 2028 1676 ,
2065 1637 2124 1678 qui

1118 1701 1155 1724 ex
1180 1688 1284 1721 tribus
1306 1688 1452 1721 constans
1475 1683 1618 1727 partibus
1641 1682 1755 1725 cystim
1778 1679 1964 1714 extenderat
1987 1702 1998 1718 ‚
2032 1693 2047 1712 a
2072 1681 2126 1713 Cl.

1118 1732 1331 1768 Bechmanno
1355 1734 1365 1770 (
1390 1740 1420 1762 m
1442 1733 1457 1770 >
1486 1727 1708 1769 descriptum,
1733 1728 1764 1757 ἃ
1789 1724 2007 1757 delineatum.
2033 1723 2124 1760 Cum

1119 1777 1238 1811 videris
1261 1783 1423 1817 quantum
1448 1771 1552 1805 media
1576 1769 1750 1812 praesertim
1763 1779 1833 1811 pars
1846 1766 2036 1800 inferiorem
2054 1768 2127 1800 sub·-

1117 1824 1201 1857 iret,
1224 1818 1432 1859 exaaamque
1457 1813 1701 1858 superficierum
1720 1813 1806 1845 inter
1831 1811 1858 1845 se
1891 1812 2120 1852 contiguarum

1119 1865 1298 1907 polituram
1323 1860 1516 1897 attenderis;
1541 1856 1679 1892 affrictui
1705 1865 1789 1890 certe
1811 1855 1844 1890 id
1877 1854 2009 1897 deberi,
2042 1866 2121 1888 con-⁴

1120 1907 1289 1942 firmabis.

1164 1962 1215 1985 20.
1241 1951 1335 1987 Quot
1359 1957 1464 1983 autem
1489 1947 1614 1990 angulis
1624 1945 1735 1989 cystici
1760 1945 1898 1986 calculi,
1920 1944 2126 1987 &qualibus⁷

1121 1997 1152 2028 &
1174 1992 1448 2037 quemadmodum
1473 1992 1583 2034 politis
1605 2014 1617 2031 ,
1651 1990 1704 2024 seu
1727 2000 1791 2033 qua
1814 1989 1918 2032 figura
1951 1998 1987 2022 ut
2026 1990 2128 2031 pluri-

1121 2049 1210 2072 mum
1236 2036 1365 2079 praediti
1388 2034 1450 2069 sint
1465 2057 1474 2073 ,
1499 2033 1583 2069 haud
1607 2033 1702 2068 facile
1725 2033 1768 2067 est
1792 2041 1839 2067 ex'
1855 2033 1992 2067 aliorum
2006 2032 2127 2065 Obser-

1120 2080 1308 2115 vationibus
1330 2079 1525 2114 constituere
1539 2089 1605 2112 non
1630 2078 1734 2111 solum
1759 2077 1802 2110 ob
1816 2088 1964 2120 magnam
1991 2076 2070 2117 saepe
2094 2078 2127 2109 in

1118 2124 1159 2157 iis
1182 2127 1279 2158 etiam
1303 2125 1362 2166 qui
1385 2134 1447 2157 una
1471 2121 1648 2164 eademque
1683 2121 1822 2154 vesicula
1855 2120 2095 2155 concluduntur
2118 2147 2127 2159 ‚

1119 2170 1313 2201 varietatem
1332 2191 1341 2206 ,
1363 2177 1475 2200 verum
1497 2165 1626 2209 insuper
1651 2165 1695 2198 ob
1719 2165 1901 2209 negleeiam
1926 2163 2038 2206 saepius
2078 2165 2126 2197 vel

1117 2211 1157 2244 ab
1180 2212 1219 2244 iis
1241 2210 1300 2252 qui
1322 2211 1429 2244 minus
1451 2209 1636 2250 debebant,
1658 2209 1692 2241 in
1703 2207 1905 2250 designandis
1928 2207 2129 2250 figurispro-

1117 2256 1223 2296 priam
1249 2264 1368 2287 vocum
1390 2251 1683 2295 fignificationem‚
1709 2261 1763 2285 aut
1787 2262 1857 2284 earn
1880 2262 1952 2293 quae
1964 2252 2002 2283 ad
2028 2252 2129 2284 intel-

1117 2297 1288 2341 ligendum
1312 2296 1386 2331 satis
1398 2296 1498 2335 esset,
1524 2297 1652 2330 illarum
1665 2294 1935 2337 descriptionem.
1961 2292 2127 2329 Vesalium

1120 2345 1186 2381 (n)
1207 2340 1340 2383 quidem
1365 2351 1438 2374 cum
1461 2341 1536 2381 lego
1560 2342 1593 2373 in
1620 2338 1744 2372 Senenfi
1765 2338 1798 2381 J.
1822 2339 1863 2370 C.
1897 2338 2126 2379 duodeviginti

1119 2384 1261 2419 calculos
1283 2385 1516 2418 describentem
1541 2381 1694 2424 trianguli
1718 2382 1852 2424 imagine
1874 2382 1968 2423 aequis
1991 2382 2126 2424 undique

1116 2428 1204 2468 costis
1226 2439 1262 2459 ac
1278 2426 1502 2470 superficiebus
1519 2424 1698 2469 fbrmatos3
1722 2425 1918 2459 tetraedrum
1936 2426 2066 2469 proprie
2078 2427 2127 2459 di-

1114 2475 1204 2505 c'tum
1228 2472 1310 2503 mihi
1334 2470 1449 2505 videor
1471 2470 1671 2510 intelligere.
1696 2468 1755 2502 Sed
1779 2480 1854 2503 curn
1879 2468 1984 2512 plures
1996 2471 2051 2506 alii
2065 2470 2128 2510 tri-

1116 2523 1243 2557 quetros
1258 2538 1266 2554 ‚
1291 2522 1346 2547 aut
1370 2513 1566 2556 triangulos,
1590 2521 1645 2546 aut
1667 2511 1875 2554 triangulares
1897 2513 2013 2548 dicunt
2038 2539 2047 2556 ,
2072 2522 2128 2550 tie-⁴

1115 2569 1179 2600 que
1204 2558 1293 2597 scie,
1316 2555 1482 2601 prismatis
1505 2579 1514 2595 ,
1542 2567 1581 2590 an
1605 2555 1784 2599 pyramidis
1810 2554 1913 2591 forma
1939 2556 2085 2595 viderint
2111 2584 2121 2599 ‚

1115 2612 1239 2644 neque3
1264 2600 1419 2634 utralibet
1443 2600 1605 2637 viderints
1631 2598 1835 2641 aequalibus,
1859 2602 2125 2645 aninaequalibus

1116 2645 1222 2688 planis
1244 2644 1513 2687 comprehensos.
1535 2645 1662 2678 Contra
1685 2643 2005 2688 ubiGreiselius(o)
2019 2658 2126 2690 reper-

1117 2699 1172 2722 tos
1197 2689 1309 2722 scribit
1333 2688 1464 2729 lapillos
1485 2697 1626 2731 quatuor
1647 2686 1784 2729 majores
1806 2686 1954 2729 aulicos,
1977 2701 2125 2725 unacum

1116 2732 1408 2765 innumerabilibus
1433 2743 1512 2774 pene
1534 2732 1606 2766 aliis
1629 2732 1794 2767 minimis,
1818 2732 1914 2765 etiam
1932 2758 1940 2772 ‚
1965 2744 2123 2776 quantum

1117 2776 1226 2809 videre
1249 2776 1344 2810 licuit
1357 2796 1367 2812 ‚
1390 2775 1504 2809 cubum
1521 2772 1746 2818 referentibus;
1771 2784 1837 2808 non
1847 2775 1967 2811 dubito
1988 2778 2068 2819 quid
2082 2779 2124 2812 fi-

1116 2820 1152 2852 bi
1175 2819 1274 2853 velit:
1298 2819 1417 2853 dubito
1430 2828 1536 2852 autem
1550 2842 1561 2859 ‚
1582 2828 1656 2851 cum
1669 2817 1748 2855 alii,
1772 2828 1829 2851 nec
1852 2820 1967 2861 pauci,
1988 2821 2123 2862 quadra—

1118 2871 1168 2896 tos
1192 2863 1303 2905 ajunt,
1328 2871 1383 2896 aut
1407 2860 1652 2904 quadrangulos,
1678 2868 1732 2893 aut
1755 2861 2020 2904 quadrangulares
2041 2874 2053 2902 ς
2076 2865 2124 2898 vi-

1114 2908 1167 2939 des
1191 2908 1295 2947 enim,
1319 2917 1417 2949 quam
1442 2907 1526 2939 varia
1551 2902 1822 2946 parallelopipeda
1847 2902 1897 2938 his
1919 2905 2037 2948 poffint
2064 2918 2124 2942 vo..

1115 2951 1207 2984 cibus
1230 2949 1426 2992 significari.
1450 2949 1610 2982 Attamen
1631 2959 1706 2981 cum
1720 2958 1771 2980 eos
1793 2960 1902 2982 omnes
1912 2948 2051 2985 calculos
2065 2951 2123 2993 qui

1119 2993 1203 3037 apud
1228 3005 1276 3026 me
1300 2991 1397 3029 sunt3
1420 2990 1493 3025 sunt
1517 3000 1623 3025 autem
1648 2991 1881 3034 quamplurimi
1904 3004 1914 3031 ς
1945 2993 2121 3037 diligenter

1119 3037 1281 3079 inspici05
1306 3038 1448 3078 primum
1473 3033 1657 3077 perdifficile
1680 3033 1741 3068 effe
1756 3055 1768 3074 ‚
1791 3036 1963 3078 intelligo,
1985 3048 2123 3081 uti-ega-

1119 3081 1198 3114 laris
1220 3081 1357 3113 omnino
1381 3079 1482 3120 figura
1507 3079 1540 3110 in
1553 3078 1715 3119 angulofis
1737 3079 1868 3113 calculis
1879 3081 2076 3123 reperiatur,
2090 3085 2123 3115 δε

1120 3122 1287 3157 Vesalium
1310 3121 1439 3164 ipsum,
1460 3133 1497 3155 ac
1508 3122 1703 3156 Greifelium
1727 3123 1842 3160 credo,
1870 3121 2008 3157 formam
2028 3126 2122 3159 illum

1120 3179 1191 3209 quae
1215 3169 1253 3200 ad
1277 3166 1493 3205 tetraedrum‚
1519 3165 1604 3199 hunc
1627 3177 1700 3208 quae
1726 3166 1763 3199 ad
1788 3166 1902 3200 tubum
1927 3167 2088 3201 accederet
2109 3190 2122 3208 ‚

1119 3211 1281 3252 designare
1309 3209 1460 3242 voluiffe:
1483 3208 1597 3243 deinde
1619 3209 1767 3243 existimo
1783 3230 1792 3247 ³
1818 3212 2119 3252 quitriangulares,

1120 3253 1454 3296 autquadrangulares
1476 3253 1650 3290 dixerunt,
1677 3252 1814 3295 figuram
1837 3252 1986 3286 indicasse
2011 3255 2050 3287 ad
2073 3263 2121 3288 te.

1119 3299 1281 3332 traedrum
1294 3320 1302 3334 ‚
1317 3305 1371 3329 aut
1384 3296 1422 3330 ad
1433 3296 1552 3330 cubum
1563 3295 1810 3340 quomodolibet
1822 3296 2041 3331 accedentem:
2067 3297 2124 3332 de..

1119 3341 1402 3384 niquearbstror,
1423 3351 1496 3373 cum
1529 3349 1666 3382 utraque
1689 3339 1757 3373 haec
1780 3335 1886 3373 forma
1900 3361 1912 3378 ,‹
1933 3340 2075 3384 quippe,
2099 3342 2123 3376 fi

1119 3386 1164 3418 ita
1189 3386 1373 3425 intelligam,
1395 3381 1583 3424 imperfefta
1599 3408 1608 3424 ,
1632 3382 1731 3416 facies
1753 3381 1904 3424 quasdam
1934 3383 2122 3427 plerumque

1118 3427 1233 3462 offerat
1243 3449 1254 3466 ,
1275 3438 1346 3471 quae
1360 3439 1375 3460 a
1388 3430 1495 3471 primo
1505 3424 1602 3469 hujus
1613 3450 1622 3466 ‚
1646 3434 1700 3460 aut
1712 3426 1797 3459 illius
1811 3425 1978 3460 similiores
1991 3426 2123 3462 videan-

2001 3480 2076 3512 tur,

1509 3547 1518 3577 (
1537 3549 1551 3573 b
1568 3549 1649 3579 )apud
1660 3548 1781 3574 schenein
1789 3548 1848 3574 obs.
1861 3557 1882 3584 ¹:
1893 3551 1934 3575 cit.
1946 3551 2013 3580 supra
2025 3552 2053 3576 ad
2063 3558 2127 3579 naq.

1645 3611 1650 3614 ι
1730 3580 1745 3609 (
1762 3588 1786 3604 m
1802 3581 1816 3609 )
1833 3580 1905 3609 Epist.
1930 3581 1960 3606 de
1978 3582 2038 3608 Rad.
2055 3582 2129 3608 Chin.

1468 3609 1478 3639 (
1499 3618 1513 3638 q
1530 3610 1543 3639 )
1559 3612 1575 3635 l.
1593 3619 1613 3640 3.
1630 3617 1673 3635 cut.
1690 3611 1756 3640 supra
1773 3610 1801 3634 ad
1818 3618 1841 3636 n.
1864 3619 1899 3638 17.

1501 3642 1513 3665 (
1530 3648 1541 3664 t
1556 3642 1570 3670 )
1587 3642 1612 3666 in
1628 3642 1681 3665 end.
1702 3649 1722 3666 ι.
1739 3640 1798 3665 Obs.

1376 3670 1438 3700 (J)
1451 3671 1554 3704 Eorund.
1564 3674 1594 3696 T.
1606 3681 1625 3702 3,
1638 3671 1746 3700 append.
1756 3679 1780 3696 n.
1791 3673 1866 3696 Vl11.
1877 3674 1938 3702 App.
1951 3673 2007 3698 md
2018 3673 2078 3699 obs.
2091 3683 2127 3698 io.

1241 3702 1256 3730 (
1271 3700 1284 3723 b
1301 3704 1309 3729 J
1326 3701 1466 3726 Commerc.
1486 3703 1546 3726 Litt.
1563 3705 1592 3728 A.
1605 3711 1670 3732 ¹745·
1689 3702 1749 3725 Heb.
1768 3710 1806 3730 ²4·
1825 3711 1847 3727 n.
1866 3711 1885 3727 1.

1350 3731 1383 3760 (e
1395 3732 1458 3760 )cit.
1468 3732 1534 3760 supra
1545 3734 1575 3757 ad
1585 3742 1606 3757 n.
1619 3740 1653 3761 13.
1719 3733 1762 3761 (l)
1771 3733 1816 3757 AR
1834 3735 1867 3757 N.
1876 3736 1905 3758 C.
1918 3736 2018 3763 Torua.
2027 3735 2127 3763 Oblata..

236 3766 321 3789 orund.
341 3764 393 3788 Ast.
412 3765 442 3787 T.
462 3771 481 3787 ι.
503 3763 564 3788 Obs.
582 3771 620 3787 ιο.
636 3771 693 3788 cum
707 3764 772 3788 Tab.
788 3772 811 3794 3.
831 3765 884 3794 fig.
902 3772 925 3794 3.
941 3763 964 3787 fit
980 3772 1002 3792 4.
1022 3762 1045 3786 ἃ
1062 3761 1122 3790 Eph.
1140 3765 1210 3786 cent:⁴
1229 3771 1249 3791 5.
1267 3761 1331 3786 Tab.
1355 3768 1373 3784 r.
1391 3763 1444 3792 Fig.
1462 3771 1484 3792 3.
1502 3772 1524 3790 4·
1543 3771 1563 3792 ς,
1583 3764 1604 3787 8<
1621 3768 1643 3787 ό.
1661 3765 1682 3786 8:
1700 3763 1792 3786 Halleri
1814 3763 1874 3788 Obs.
1892 3764 1933 3789 cit.
1953 3766 2009 3789 Hist.
2030 3774 2052 3795 ς.

1466 3793 1578 3822 (k)n.
1596 3803 1633 3817 22.

1308 3822 1310 3824 .
1502 3825 1505 3827 -
1697 3795 1711 3822 ζ
1728 3795 1737 3816 l
1757 3794 1765 3822 )
1783 3795 1854 3818 Cent.
1872 3803 1896 3822 4.
1915 3796 1969 3820 Obs
1992 3805 2029 3823 aaa.

1174 3823 1248 3851 (n)
1270 3820 1378 3851 Ep1st.de
1389 3824 1450 3848 Rad.
1462 3823 1525 3849 clun

1600 3825 1637 3853 (a
1655 3825 1668 3854 )
1684 3823 1824 3853 Epch.
1838 3827 1891 3849 Der..
1906 3834 1924 3849 ι.
1943 3830 2002 3855 A.3.
2023 3827 2126 3854 051145,
