2498 4075
436 199 531 253 310

371 260 550 305 subjeetum
575 270 611 293 os
635 267 817 300 temporum
842 266 1026 301 pergentem
1050 257 1089 292 ad
1114 260 1294 302 process‘um
1327 261 1379 294 us-

370 316 434 348 que
459 303 627 345 Petrosum
645 326 655 342 ,
676 302 749 334 inde
773 311 882 334 autem
907 301 1039 335 eandem
1062 323 1072 340 ‚
1105 312 1161 336 aut
1192 303 1215 336 fi
1250 305 1343 337 aliam
1367 327 1378 343 ,

368 360 444 384 cum
468 362 502 382 ea
527 346 760 388 conjunctam,
783 356 839 386 per
860 344 1060 387 interjectam
1085 345 1141 378 offi
1176 355 1380 390 temporum,

368 396 400 426 ἃ
425 392 569 429 frontis,
591 387 787 429 Sphenoidis
811 398 959 430 partem,
985 388 1043 422 hac
1068 389 1228 431 percussa,
1253 392 1286 423 in
1310 402 1379 425 eam

368 435 505 477 produci
530 430 721 474 postremam
745 430 817 463 offis
839 430 958 464 frontis
982 433 1148 474 regionem
1171 444 1243 475 quae
1264 435 1378 468 orbitae

367 479 454 512 oculi
478 485 658 510 extremum
681 474 841 507 fornicem
866 472 944 507 facit
960 497 967 504 .
995 477 1076 508 Erat
1101 486 1209 509 autem
1232 475 1301 511 haec
1313 488 1379 511 tam

369 523 467 561 longa
491 519 598 552 fiffura
623 528 677 559 per
701 516 941 551 craffitudinem
963 518 1077 552 offium
1102 519 1282 553 universam
1314 531 1379 555 tra-

365 564 483 601 ducia3
507 571 544 595 ut
569 560 591 593 fi
618 561 714 593 altera
738 571 832 594 manu
858 562 1051 595 anteriorem
1073 586 1085 602 ‚
1131 563 1227 596 altera
1274 574 1381 598 antem

366 606 579 648 posteriorem
602 615 715 638 eorum
741 615 811 646 quae
833 604 976 638 diximus
992 630 1001 645 ,
1025 605 1138 639 offium
1163 616 1287 648 partem
1311 620 1382 651 pre-

364 650 540 689 henderes,
564 651 595 682 &
621 649 655 680 in
678 646 805 681 diversa
829 647 979 684 duceres-3
1005 648 1174 683 manifesto
1196 650 1327 691 cedere,
1351 655 1382 684 &

367 694 557 731 dimoveri,
591 692 770 732 perciperes
793 715 800 723 .
931 691 1100 726 Thoracis
1132 704 1263 736 quoque
1306 694 1381 728 oslei

368 739 505 780 parietes
529 734 682 768 fracturis
705 745 771 767 non
795 734 949 767 carebant
974 759 981 766 .
1030 736 1119 769 Nam
1166 748 1380 781 praeterquam

389 781 452 815 uod
477 778 578 812 fraRa
605 787 671 810 erat
697 778 856 811 clavicula
881 775 1029 817 finistra,
1053 790 1129 812 cum
1175 782 1380 815 animadver-

380 835 414 857 us
439 822 512 856 esset
537 822 571 852 in
595 820 692 853 dorso
715 821 802 852 livor
826 823 882 862 qui
909 831 1010 863 prope
1037 824 1196 865 spinam,
1221 824 1379 859 afinistris

361 868 483 910 pariter
498 889 506 904 ‚
529 864 666 908 traemm
693 864 771 896 alibi
795 862 1010 905 angustiorem
1025 890 1034 905 ‚
1060 866 1138 900 alibi
1164 868 1314 902 latiorem
1325 879 1380 901 oc-

361 910 520 952 cupabm
545 908 669 940 recluso
694 907 842 952 pe6tore,
865 906 1085 952 exhaustoque
1109 911 1260 953 sanguine
1272 913 1328 954 qui
1342 912 1381 945 ad

359 953 439 987 duas
464 950 568 985 tresve
593 951 701 983 uncias
725 950 841 983 effusus
865 952 898 983 in
923 962 1035 985 cavum
1059 953 1149 987 illius
1171 954 1311 995 ejusdem
1333 956 1381 988 la-

363 998 441 1030 teris
464 997 616 1028 inventus
639 993 704 1032 est,
727 995 869 1035 amplam
892 995 1109 1036 ecchymofim
1134 996 1191 1031 sub
1211 999 1319 1040 pleura
1331 1002 1380 1032 vi-

355 1040 488 1079 dimus,
510 1040 544 1071 in
569 1047 669 1078 eaque
694 1048 788 1070 unam
814 1037 926 1071 saltem
950 1048 989 1071 ex
1012 1041 1107 1073 costis
1129 1052 1200 1083 quae
1211 1043 1376 1076 circame-

359 1084 452 1117 dium
476 1080 695 1123 longitudinis
717 1080 862 1114 thoracis
885 1079 983 1120 sunt,
1008 1094 1071 1125 qua
1095 1095 1111 1116 a
1144 1087 1374 1127 posterioribus

353 1126 543 1160 :introrsum
566 1125 722 1161 curvari,
746 1125 931 1167 incipiunt,
955 1126 1000 1158 ita
1024 1125 1160 1161 fiatfiam
1200 1128 1260 1162 fine
1306 1131 1371 1163 ulla

353 1170 563 1204 dubitatione
588 1170 812 1209 percepimus,
838 1179 874 1201 ut
899 1167 1095 1202 adhaerentia
1143 1172 1367 1206 Intercostalia

355 1213 428 1246 vasa
454 1223 528 1246 curn
550 1212 659 1255 pleura
684 1213 840 1248 lacerari,
864 1214 895 1244 &
919 1211 1106 1253 sanguinem
1142 1212 1278 1248 fundere
1315 1217 1367 1248 in-

355 1255 523 1296 trorsum,
549 1253 795 1297 extrorsumque
820 1255 1009 1300 debuerint.
1038 1257 1204 1290 Caeterum
1239 1259 1370 1299 pulmo-

348 1305 431 1339 nes,
456 1298 544 1342 quod
568 1299 601 1331 in
626 1300 773 1331 Lanariis
797 1309 861 1330 non
885 1299 998 1339 iaepius
1022 1300 1164 1333 vidimus
1190 1312 1202 1339 3
1234 1304 1370 1337 omnino

352 1353 443 1377 erant
469 1356 485 1376 a
509 1342 617 1384 pleura
642 1341 763 1381 soluti,
786 1342 843 1374 nisi
868 1341 956 1382 quod
981 1353 1055 1375 cum
1080 1355 1115 1376 ea
1139 1354 1194 1386 per
1205 1345 1366 1379 membra-

348 1388 459 1420 nulam
483 1386 604 1419 summa
628 1384 799 1418 dumtaxat
822 1386 966 1418 anterior
990 1397 1061 1428 pars
1083 1386 1205 1420 dexteri
1230 1388 1367 1431 colliga-

350 1430 467 1463 batur.
493 1430 533 1463 In
559 1429 739 1472 pericardio
763 1439 827 1461 non
854 1429 994 1463 multum
1017 1428 1105 1468 seri3
1129 1432 1162 1464 in
1187 1431 1281 1465 corde
1294 1433 1366 1466 nul-

347 1473 388 1508 ]ae
412 1473 576 1516 polyposae
599 1473 821 1506 concretiones
867 1474 1006 1505 inventae
1029 1498 1037 1507 .
1177 1475 1366 1509 Abdomine

348 1516 484 1550 diduc'to
500 1540 510 1556 ,
534 1516 617 1550 nihil
640 1517 786 1548 occurrit
810 1514 966 1548 vitiosum
990 1526 1105 1557 praeter
1120 1527 1276 1558 ureteres,
1300 1530 1365 1552 non

347 1561 448 1594 modo
464 1560 578 1599 alibi,
604 1559 654 1592 sed
681 1560 729 1592 vel
753 1561 786 1591 in
810 1557 882 1600 ipso
906 1559 938 1591 in
966 1559 1252 1603 vesicamingressu
1267 1574 1360 1605 aequo

346 1605 503 1641 latiores,
527 1613 561 1636 ut
587 1604 694 1635 minus
719 1602 899 1635 mirandum
923 1602 999 1635 esset
1022 1604 1112 1645 quod
1138 1605 1235 1638 vesica
1260 1617 1358 1648 quam

345 1659 419 1684 aere
441 1646 681 1680 distendendam
704 1656 950 1684 curaveramus,
975 1657 1083 1688 parem
1108 1647 1208 1682 ferme
1231 1648 1360 1682 insum-

346 1704 402 1727 mo
426 1700 523 1732 atque
546 1690 580 1722 in
604 1691 674 1723 imo
698 1690 907 1722 latitudinem
929 1689 1136 1724 ostendisset.

389 1738 442 1779 36.
469 1735 559 1776 Saepe
581 1744 689 1773 enim,
718 1741 753 1764 ut
778 1732 857 1765 alibi
881 1732 935 1773 (n
954 1732 972 1773 )
994 1733 1153 1767 ostensum
1177 1734 1220 1768 est
1239 1758 1248 1773 ,
1286 1747 1359 1769 ure.

342 1786 452 1813 ‘terum
475 1776 617 1810 latitudo
641 1775 801 1815 multum,
822 1774 1007 1817 diutiusque
1031 1777 1217 1811 cohibitum
1240 1780 1273 1811 in
1307 1791 1361 1812 ve-

342 1824 407 1857 fica
432 1822 553 1855 lotium
576 1820 807 1863 consequitur,
829 1830 867 1852 ex
890 1830 957 1866 quo
980 1819 1062 1853 hanc
1088 1821 1193 1853 laxari
1208 1822 1361 1858 ,laxatae-

343 1879 408 1908 que
431 1864 569 1907 figuram
593 1864 731 1902 vitiari,
754 1873 819 1896 non
855 1861 986 1895 difficile
1031 1865 1195 1906 contingit
1221 1889 1228 1896 .

339 1911 491 1945 Verum,
515 1917 551 1941 ut
576 1908 613 1941 ad
635 1905 734 1940 fracta
756 1909 789 1939 in
813 1905 875 1940 hoc
894 1905 1020 1949 Juvene
1064 1906 1128 1940 oss'a
1165 1907 1325 1942 redeamus
1349 1920 1358 1946 3

343 1965 419 1988 cum
443 1950 593 1985 fracturae
615 1962 726 1983 omnes
751 1962 768 1983 a
791 1949 926 1983 finistris
949 1949 1127 1993 conspe&ae
1150 1949 1212 1984 fint
1230 1963 1242 1991 3,
1266 1952 1360 1986 facile

341 1999 380 2031 :in
406 1997 488 2034 hoc,
511 1994 600 2037 quod
624 1994 786 2028 difficilius
811 1996 845 2027 in
871 1994 957 2026 Viro
984 1994 1036 2035 (o
1053 1993 1096 2035 ),
1128 1995 1325 2036 intelligitur
1348 2018 1358 2035 ‚

342 2039 514 2083 quomodo
538 2039 629 2072 simul
655 2038 792 2080 capitis,
817 2039 847 2069 &
872 2036 1014 2069 thoracis
1037 2037 1102 2070 ossa
1127 2037 1188 2071 {int
1225 2038 1325 2073 fracta
1349 2065 1360 2080 ‚

339 2084 480 2129 Juvenis
505 2082 656 2115 videlicet
680 2092 817 2123 corpore
841 2080 874 2112 in
897 2080 1057 2114 sinistrum
1082 2081 1163 2114 latus
1187 2082 1322 2115 cadente
1346 2094 1358 2121 3

344 2139 419 2161 cum
445 2129 566 2160 Virum
591 2125 752 2168 conjicere
775 2131 928 2166 oporteat
951 2125 984 2156 in
1008 2123 1127 2157 durum
1152 2125 1285 2167 aliquod
1307 2127 1357 2158 in-

341 2182 394 2204 ter
417 2169 594 2204 cadendum
617 2166 805 2207 incurrisse,
831 2167 915 2200 unde
938 2166 1044 2200 fraRO
1068 2169 1208 2201 anterius
1230 2171 1357 2212 capite,

344 2217 376 2247 &
401 2222 523 2248 mutata
548 2214 697 2256 corporis
720 2211 924 2251 direffione‚
948 2221 1076 2252 tergum
1099 2210 1239 2255 denique
1286 2213 1357 2245 alli-

344 2259 422 2292 dere
446 2257 484 2291 ad
508 2256 612 2290 solum
638 2256 801 2298 potuerit.
936 2255 1105 2288 Caeterum
1150 2256 1236 2289 inter
1281 2256 1358 2289 alias

342 2301 466 2336 fissuras
489 2301 589 2334 cranii
615 2298 682 2333 haec
707 2298 884 2341 praesertim
909 2300 1089 2340 postrema,
1116 2310 1150 2331 ea
1174 2298 1357 2342 longitudi-

342 2358 401 2385 ne,
425 2346 529 2386 iisque
554 2346 585 2375 in
612 2342 738 2376 sedibus
761 2342 933 2378 occurrit,
957 2351 993 2374 ut
1017 2352 1092 2374 cum
1119 2343 1187 2375 illis
1210 2354 1280 2384 quae
1315 2343 1356 2377 ab

341 2390 515 2432 Ruyschio
538 2390 593 2428 (p
617 2390 649 2426 )‚
673 2398 689 2419 a
716 2386 895 2426 Poupartio
927 2388 940 2424 (
963 2396 982 2426 q
1004 2387 1014 2422 )
1038 2406 1050 2423 ,
1097 2397 1112 2417 a
1159 2386 1356 2421 Mancharto

343 2434 432 2476 (r),
459 2445 474 2465 a
499 2430 689 2463 Schreibero
712 2428 818 2470 (s),
843 2428 883 2460 ab
905 2428 1040 2470 aliisque
1063 2427 1235 2470 propositae
1261 2429 1357 2471 sunt,

344 2475 489 2509 conferri
514 2486 529 2507 a
555 2483 585 2506 te
610 2472 722 2513 possit,
747 2480 780 2506 ut
805 2472 907 2513 magis
930 2472 1010 2506 illud
1023 2470 1167 2513 semper,
1193 2471 1356 2515 magisque

344 2527 518 2561 appareat,
546 2516 690 2555 suturas,
714 2514 999 2556 commisturasque
1023 2515 1170 2547 calvariae
1205 2525 1269 2548 non
1312 2517 1356 2550 ob

344 2574 417 2598 eum
443 2560 640 2605 potiffimum
665 2558 763 2592 finem
787 2556 845 2590 esse
867 2558 1054 2594 institutas,
1078 2567 1113 2591 ut
1137 2556 1251 2591 fiffurae
1284 2560 1355 2593 offis

342 2607 440 2640 unius
464 2605 591 2638 cursum
616 2600 807 2638 inhibeant,
834 2611 936 2643 neque
960 2603 992 2633 in
1017 2600 1081 2633 ossa
1104 2603 1252 2642 proxima
1278 2614 1354 2644 pro-

343 2649 419 2683 duci
444 2647 565 2681 fiuant.
590 2645 689 2687 Qod
712 2646 868 2678 Bononiae
894 2645 1038 2686 primum
1061 2645 1358 2679 mihianimadver-

342 2693 416 2727 sum
441 2690 521 2731 effe,
545 2690 701 2729 memini,
724 2690 757 2722 in
781 2687 933 2721 cadavere
960 2689 1001 2719 A.
1030 2697 1122 2729 1702.
1148 2688 1277 2729 publice
1291 2689 1353 2723 dis.

345 2737 430 2771 sciffo
445 2758 454 2774 ,
477 2735 566 2776 cujus
590 2735 735 2767 cranium
762 2732 801 2765 ab
825 2732 953 2764 alterius
976 2730 1086 2764 lateris
1109 2731 1177 2764 istu
1211 2730 1351 2767 fissuram

342 2779 458 2814 habuit
483 2777 639 2811 Coronali
664 2776 780 2809 suturae
805 2774 1013 2817 parallelam,
1038 2774 1089 2808 sed
1115 2774 1221 2807 multo
1252 2787 1350 2816 quain

344 2835 378 2858 ea
403 2823 608 2865 longiorem,
632 2829 667 2854 ut
692 2830 762 2862 quae
787 2829 868 2860 pone
891 2819 992 2859 ipsam
1017 2829 1073 2860 per
1105 2826 1212 2853 totum
1247 2817 1348 2853 ferme

341 2868 487 2901 cranium
504 2888 514 2903 ,
537 2862 600 2898 bafi
626 2872 775 2904 excepta,
802 2862 986 2902 ferebatur,
1011 2870 1182 2903 utramque
1207 2863 1349 2898 tabulam

340 2909 538 2953 pervadens.
565 2909 676 2951 Qarn
701 2906 994 2942 observationem,
1019 2904 1040 2937 fi
1065 2915 1177 2938 caetera
1191 2915 1267 2938 tunc
1278 2918 1350 2949 per-

343 2951 559 2993 scripfissem,
583 2962 648 2984 non
673 2961 759 2983 eram
783 2959 872 2983 certe
895 2951 980 2983 inter
1005 2947 1185 2992 superiores
1218 2959 1350 2991 praeter-

341 2996 535 3031 missurus.·

386 3049 440 3082 37.
468 3040 653 3079 Antequam
677 3036 715 3070 de
736 3037 885 3071 calvariae
907 3037 1025 3070 iffibus
1049 3036 1144 3069 verba
1168 3034 1272 3070 facere
1294 3036 1349 3070 de-

341 3084 502 3122 sinamus,
525 3081 606 3114 illud
631 3091 695 3113 non
719 3081 762 3114 est
787 3081 1067 3121 praetereundum,
1100 3089 1238 3123 utraque
1282 3080 1348 3122 ejus

341 3127 453 3161 tabula
479 3123 606 3168 prorsus
628 3123 742 3161 illaesa,
767 3123 934 3165 illaeiisque
958 3123 1173 3164 subjectarum
1223 3126 1347 3157 menin-

341 3181 423 3214 gum
446 3168 546 3207 vasis,
569 3168 711 3200 accidere
735 3167 909 3210 aliquando
931 3167 972 3200 ab
993 3169 1062 3200 istu
1085 3166 1194 3200 valido
1224 3167 1345 3201 ‘obtusi

343 3215 512 3254 corporis,
534 3219 571 3244 ut
595 3210 721 3244 vascula
744 3222 815 3253 quae
840 3211 925 3243 inter
948 3222 996 3244 eas
1032 3209 1156 3243 tabulas
1201 3210 1347 3244 medullae

342 3256 570 3294 subserviunt,
594 3264 808 3296 rumpantur,
829 3256 860 3286 &
885 3252 1071 3296 sanguinem
1095 3251 1253 3293 fundant,
1287 3257 1346 3296 qui

343 3301 540 3344 procedente
563 3307 707 3339 tempore
729 3306 924 3339 corruptus,
948 3308 1050 3339 eoque
1075 3299 1178 3330 acrior
1211 3297 1312 3330 faetus
1333 3320 1346 3337 ,

344 3343 433 3387 quod
452 3341 565 3384 succus
588 3340 796 3378 medullosus,
821 3349 856 3374 ut
882 3342 1111 3374 animadvertit
1135 3341 1245 3374 Praecl.
1279 3341 1346 3373 Ni-

344 3389 456 3421 colans
480 3385 589 3418 Rose'n
614 3389 623 3423 (
649 3384 722 3426 t),
746 3384 962 3423 admiscetur,
986 3385 1041 3425 qui
1066 3394 1144 3417 tunc
1177 3393 1262 3416 mora
1307 3383 1350 3416 Θ

346 3430 443 3463 calore
468 3430 499 3462 in
518 3427 675 3470 peffimam
699 3429 858 3468 degenerat
893 3428 1084 3460 rancedz'nem
1107 3450 1118 3467 ‚
1162 3427 1349 3460 interiorem

343 3473 489 3506 tabulam
513 3474 595 3504 carie
619 3470 736 3504 afficiat
752 3493 760 3506 ,
785 3470 997 3512 hominique,
1022 3470 1089 3512 jam
1113 3471 1196 3504 ictus
1220 3470 1349 3510 oblito,

345 3519 378 3550 &
402 3515 484 3549 nihil
510 3513 669 3557 ejusmodi
693 3515 846 3554 timenti,
870 3515 959 3547 intro
982 3513 1143 3556 defluens,
1182 3515 1348 3556 meninges

666 179 822 233 Liber
840 180 932 234 IV.
954 178 1041 232 De
1058 180 1265 235 Morbis
1282 180 1605 248 Chirurgicis
1622 220 1637 242 ‚
1672 180 1727 233 ὃ(
1749 171 2135 234 Universalibus

1430 259 1550 297 vitiet,
1574 258 1900 301 necemquqafferat.
1926 257 2121 298 Cujusmodi
2144 256 2232 290 casus
2255 255 2437 298 exemplum

1431 313 1498 336 non
1522 314 1621 336 unum
1644 305 1676 336 δε
1699 301 1783 336 mihi
1807 302 1866 342 est,
1892 305 1922 334 δι
1949 303 2021 335 aliis
2042 311 2178 337 notum,
2204 299 2333 341 fuitque
2365 300 2437 331 lau-

1431 345 1515 379 datis
1539 357 1555 379 a
1578 343 1707 380 Bohnio
1731 349 1745 385 (
1768 357 1788 378 u
1813 349 1823 383 )
1849 346 2073 385 Auctoribus,
2097 354 2134 378 ut
2153 344 2208 387 Jo.
2233 344 2328 375 Petro
2361 340 2438 374 Pas<

1431 390 1540 429 serio,
1563 391 1659 431 eique
1682 387 1858 430 praesertim
1881 400 1921 422 ex
1943 388 2032 430 cujus
2058 393 2093 421 in
2118 387 2354 428 Hippocratem
2399 384 2438 417 de

1431 433 1561 474 Capitis
1581 432 1779 466 Vulneribus
1803 432 2059 465 Commentariis
2083 431 2204 464 nullam
2226 429 2373 463 calvariae
2387 428 2437 478 ses

1429 477 1569 509 &tionem
1592 474 1707 515 fuisse,
1730 477 1832 508 miror
1847 500 1855 515 ,
1879 479 1911 508 in
1934 476 2016 509 hanc
2063 484 2188 516 partem
2233 472 2437 515 Sepulchreti

1431 519 1585 557 relatam,
1612 521 1706 552 Petro
1732 519 1882 551 Paawio.
1907 519 1961 553 Fit
1985 519 2084 551 etiam
2107 527 2339 558 nonnunquam
2357 540 2367 556 ,
2397 524 2437 549 ut

1434 562 1534 595 ambae
1555 562 1631 596 inde
1656 562 1834 596 exedantur
1856 562 1973 596 tabulae
1998 584 2007 598 ,
2051 560 2326 604 quemadmodum
2371 570 2437 600 prae

1432 607 1556 640 caeteris
1579 607 1685 644 vidit,
1711 604 1841 647 fuseque
1864 606 1902 638 ad
1928 618 1975 638 me
2000 604 2122 646 scripsit
2146 605 2225 642 Vir,
2248 614 2322 636 cum
2346 605 2437 635 vive-

1433 658 1503 690 ret,
1526 660 1591 683 non
1616 650 1736 682 minori
1759 648 1982 688 humanitate,
2006 659 2103 691 quam
2126 647 2274 681 doctrina
2289 670 2298 686 ,
2322 646 2439 686 praedi-

1433 702 1484 725 tus
1509 691 1585 726 Pius
1610 693 1767 725 Nicolaus
1790 691 1953 725 Garellius
1978 693 2109 735 Eques,
2134 687 2350 724 &Archiater
2362 691 2437 721 Cae-

1431 736 1555 770 sareus.
1580 736 1645 770 Res
1668 736 1765 778 digna
1791 735 1834 768 est
1857 746 1955 777 quarn
1970 760 1979 775 ,
2001 736 2112 769 saltem
2135 736 2170 767 in
2194 744 2293 776 pauca
2306 742 2436 766 contra-

1431 780 1538 818 stam,
1565 778 1618 813 hic
1643 780 1705 813 tibi
1730 788 1796 811 non
1820 781 1995 812 omittam.

1473 824 1526 866 38.
1570 822 1761 856 MULIER
1806 833 1861 865 per
1904 833 2097 855 marmoreas
2143 820 2238 854 scalas
2261 818 2435 853 retrorsum

1431 877 1524 901 ruens
1542 890 1552 907 ,
1574 867 1707 909 occiput
1731 863 1937 898 vehementer
1961 866 2119 903 alliserat3
2144 864 2195 898 sed
2217 874 2329 906 praeter
2364 862 2437 895 bre-

1433 922 1528 947 vem,
1551 910 1718 952 levemque
1742 909 1821 941 adeo
1844 908 2028 951 stuporem,
2051 919 2087 943 ut
2109 919 2186 942 mox
2209 917 2265 950 per
2288 907 2317 940 se
2350 904 2436 939 redi-

1433 966 1466 987 re
1488 955 1623 987 domurn
1649 953 1814 994 potuerit,
1838 952 2085 995 modicamque,
2109 955 2141 985 δε
2164 962 2236 994 quae
2258 951 2327 984 cito
2360 961 2435 983 eva-

1432 999 1526 1035 nuit,
1552 997 1796 1039 sugillationem
1813 1021 1822 1036 ,
1847 994 1929 1029 nihil
1954 1006 2023 1029 tum
2056 997 2133 1030 mali
2168 994 2242 1027 inde
2285 995 2399 1026 retulit
2424 1017 2436 1024 .

1431 1042 1504 1075 Post
1529 1041 1656 1083 aliquot
1679 1039 1806 1073 tandem
1832 1043 1951 1072 menies
1975 1041 2006 1072 in
2032 1038 2170 1081 percussa
2203 1038 2318 1079 capitis
2363 1035 2434 1070 sede

1426 1093 1536 1119 tumor
1559 1084 1708 1125 apparuit
1732 1083 1872 1115 avellana
1897 1080 1980 1116 haud
2008 1082 2134 1126 major:
2159 1084 2217 1124 qui
2241 1092 2313 1114 cum
2337 1077 2435 1113 dolo-

1424 1138 1490 1161 rem
1516 1126 1642 1161 afferret
1665 1126 1788 1160 nullum
1804 1149 1815 1165 ‚
1841 1137 1857 1158 a
1881 1125 2013 1159 muliere
2036 1126 2219 1168 neglectus,
2243 1123 2353 1158 senfim
2376 1125 2430 1156 in.

1420 1173 1544 1207 crevit,
1570 1179 1606 1204 ut
1628 1172 1730 1203 tertio
1751 1170 1882 1203 circiter
1906 1169 1970 1209 jam
1994 1172 2106 1203 exasto
2129 1180 2237 1207 anno,
2260 1167 2334 1201 esset
2357 1178 2433 1199 ma-

1419 1225 1522 1256 gnus.-
1547 1225 1614 1257 quo
1637 1223 1784 1256 tempore
1808 1224 1824 1245 a
1849 1212 2022 1255 Chirurgis
2045 1212 2236 1255 quibusdam
2259 1222 2318 1254 pro
2330 1210 2433 1253 cysti-

1423 1269 1463 1291 co
1488 1257 1685 1292 subcutaneo
1708 1266 1837 1290 tumore
1861 1256 2012 1296 habitus,
2035 1265 2070 1290 ut
2093 1257 2151 1299 qui
2196 1266 2297 1296 neque
2343 1255 2430 1288 cutis

1420 1303 1564 1336 colorem
1590 1300 1764 1341 mutasset,
1787 1302 1818 1332 &
1841 1298 1903 1332 fine
1926 1300 2039 1333 dolore
2073 1300 2176 1342 premi
2210 1295 2311 1340 poffet
2332 1322 2342 1337 ,
2390 1298 2432 1331 ab

1419 1343 1519 1386 ipsis,
1544 1343 1602 1377 nisi
1628 1343 1742 1378 mulier
1765 1341 1937 1381 renuiffet,
1962 1342 2067 1377 fuisset
2100 1341 2273 1376 exfestus‘.
2321 1341 2426 1375 Paulo

1419 1387 1490 1429 post
1512 1387 1681 1422 doloribus
1706 1398 1790 1430 aegra
1814 1387 1960 1429 torqueri
1984 1388 2111 1430 coepit,
2134 1385 2191 1428 qui
2226 1396 2241 1417 a
2285 1386 2425 1418 tumoris

1419 1431 1488 1465 sede
1512 1432 1723 1473 incipientes,
1747 1442 1801 1473 per
1824 1431 1971 1464 cranium
2004 1430 2102 1463 ferme
2148 1428 2334 1462 universum
2379 1430 2428 1476 ita.

1418 1475 1693 1514 extendebantur,
1719 1484 1754 1507 ut
1778 1474 1838 1508 hoc
1863 1472 1993 1507 funibus
2017 1473 2104 1516 quasi
2141 1471 2334 1515 quibusdam
2365 1472 2427 1505 sibi

1418 1518 1599 1561 constringi
1625 1517 1807 1552 videretur.
1834 1516 1914 1550 Non
1937 1526 2025 1551 erant
2049 1518 2097 1552 illi
2123 1517 2254 1559 quidem
2289 1515 2423 1554 affidui,

1415 1573 1472 1595 nec
1498 1560 1619 1604 semper
1643 1573 1735 1603 aeque
1759 1572 1892 1603 graves,
1917 1570 2149 1604 nonnunquam
2174 1569 2281 1592 tamen
2315 1570 2427 1601 graves

1414 1605 1513 1645 adeo,
1538 1615 1575 1638 ut
1600 1606 1714 1638 mentis
1738 1605 2016 1646 perturbationem
2042 1605 2256 1637 inducerent.-
2278 1613 2345 1645 quo
2369 1613 2427 1637 au-

1413 1658 1480 1682 tem
1505 1650 1606 1691 magis
1631 1649 1824 1690 procedebat
1847 1657 1996 1688 tempus,
2020 1660 2059 1680 eo
2082 1647 2278 1686 crebriores,
2304 1649 2335 1678 δι
2371 1657 2427 1680 ve-

1413 1692 1630 1726 hementiores
1653 1692 1773 1725 fiebant
1790 1717 1798 1725 .
1824 1693 1882 1724 Per
1906 1691 1973 1726 haec
1998 1692 2036 1724 ad
2059 1701 2177 1724 annum
2202 1703 2217 1723 a
2250 1687 2325 1723 casu
2348 1701 2425 1724 veri-

1411 1745 1483 1768 tum
1509 1737 1553 1768 est
1576 1736 1811 1772 sextum.Q0
1833 1734 1958 1778 elapso,
1982 1747 2054 1769 ecce
2077 1735 2117 1769 de
2140 1733 2320 1778 improviso
2345 1746 2425 1777 apo-

1413 1779 1519 1821 plexia
1542 1779 1688 1820 ingruit,
1715 1775 1890 1820 paucasque
1912 1778 1997 1812 intra
2022 1778 2117 1812 horas
2143 1778 2311 1811 mulierem
2337 1779 2426 1819 peri-

1415 1823 1476 1855 mit
1502 1822 1711 1856 Vindobonae
1736 1823 1781 1854 A.
1810 1831 1907 1863 1735.
2041 1821 2264 1854 TUMORE
2281 1831 2393 1863 aperto
2411 1845 2421 1860 ‚

1413 1865 1481 1908 ejus
1504 1875 1619 1899 cavum
1644 1864 1799 1906 sanguine
1824 1865 1954 1907 plenum
1978 1866 2152 1898 inventum
2175 1864 2321 1907 esthpene
2332 1874 2424 1904 atro,

1412 1920 1470 1942 nec
1493 1917 1649 1942 concreto
1673 1906 1775 1942 solum
1790 1931 1798 1945 ‚
1822 1907 1874 1941 sed
1898 1918 1965 1941 tam
1989 1908 2084 1942 denso
2099 1934 2107 1946 ,
2132 1916 2169 1941 ut
2195 1916 2338 1950 arreptus
2374 1908 2426 1941 di-

1412 1953 1490 1995 gitis
1515 1952 1639 1985 secutus
1665 1951 1916 1990 sit‘universus,
1940 1961 2020 1985 tunc
2045 1953 2177 1985 demum
2203 1953 2355 1994 portione
2367 1952 2425 1986 ali-

1409 2007 1472 2038 qua
1496 1995 1590 2028 fluidi
1615 1995 1775 2036 sanguinis
1800 2003 1954 2028 exeunte.
1982 1996 2019 2029 Id
2043 1996 2183 2034 vitium,
2209 1994 2426 2029 detraffisin-

1410 2039 1633 2081 tegumentis,
1656 2040 1797 2080 incipere
1820 2048 2026 2080 compertum
2049 2039 2093 2073 est
2116 2051 2133 2072 a
2159 2038 2301 2081 percussa
2335 2040 2420 2073 olim

1410 2092 1500 2124 parte
1515 2107 1525 2123 ,
1548 2081 1628 2115 idest
1651 2081 1814 2125 superiore
1837 2080 1910 2115 offis
1932 2083 2096 2125 ,occipitis
2133 2083 2171 2115 ad
2218 2083 2300 2116 latus
2348 2084 2423 2117 fini-

1409 2125 1531 2164 strum,
1555 2136 1685 2168 pergere
1709 2133 1816 2158 autem
1841 2135 1896 2167 per
1918 2137 1954 2158 os
1977 2124 2135 2168 sincipitis
2158 2125 2297 2167 ejusdem
2343 2128 2425 2161 late-

1410 2170 1453 2202 ris
1479 2169 1578 2213 usque
1601 2182 1662 2207 eo,
1688 2177 1725 2202 ut
1748 2169 1854 2201 tribus
1872 2193 1881 2208 ,
1906 2166 1989 2202 haud
2019 2170 2158 2212 amplius
2179 2191 2191 2208 ‚
2235 2170 2421 2205 transversis

1410 2212 1525 2255 digitis
1549 2225 1564 2245 a
1588 2212 1747 2246 Coronali
1771 2211 1875 2245 sutura
1899 2211 2051 2246 distaret.
2078 2213 2271 2255 Occupabat
2296 2213 2424 2256 insuper

1409 2256 1537 2290 dexteri
1561 2255 1633 2290 offis
1656 2255 1819 2298 fincipitis
1843 2265 1965 2298 partem
1981 2279 1990 2293 ‚
2014 2266 2050 2289 ut
2073 2258 2180 2290 omnis
2224 2258 2326 2291 caries
2369 2257 2422 2292 sex

1408 2300 1532 2342 digitos
1555 2301 1587 2333 in
1612 2299 1733 2336 latum,
1759 2298 1899 2342 septem,
1922 2312 2026 2342 eoque
2052 2302 2189 2344 amplius
2213 2302 2247 2334 in
2287 2302 2424 2344 longum

1408 2352 1551 2385 pateret.
1575 2344 1650 2382 Qua
1674 2342 1737 2376 offa
1761 2353 1826 2375 non
1851 2352 1939 2376 erant
1963 2345 2101 2378 omnino
2125 2344 2248 2387 pertusa
2265 2368 2278 2385 ,
2300 2346 2423 2379 reticu-

1409 2387 1485 2420 laris
1508 2385 1590 2420 ossea
1614 2387 1784 2429 apparebat
1809 2387 1982 2420 substantia
1997 2409 2006 2424 ‚
2031 2400 2047 2421 e
2069 2387 2161 2430 cujus
2185 2389 2348 2422 exteriore
2371 2388 2422 2422 fa-

1407 2431 1456 2464 cie
1480 2430 1673 2463 attollebant
1698 2430 1726 2462 se
1749 2429 1860 2472 paffim
1885 2432 2022 2465 lamellae
2046 2432 2137 2465 offeae
2153 2456 2162 2472 ‚
2186 2432 2345 2474 pleraeque
2382 2443 2419 2465 ut

1408 2473 1608 2507 craffiuscula
1631 2474 1742 2507 charta
1766 2482 1898 2511 tenues,
1924 2474 1975 2508 sed
1998 2475 2170 2509 duriffimae
2202 2487 2312 2509 omnes
2335 2498 2347 2515 ‚
2389 2478 2422 2508 &

1409 2516 1616 2550 acutislimae:
1641 2528 1713 2560 quae
1737 2516 1889 2550 foliaceos
1913 2518 1999 2560 quasi
2012 2517 2150 2561 fungos,
2177 2519 2256 2553 alios
2279 2519 2339 2552 alia
2354 2529 2422 2551 arn-

1408 2560 1590 2603 plitudine,
1614 2572 1670 2602 per
1696 2564 1931 2602 vegetationem
1956 2562 2118 2603 quandam
2141 2561 2257 2595 osseam
2280 2570 2416 2601 enatos,

1407 2614 1472 2637 non
1498 2605 1672 2646 ineleganti
1698 2603 1878 2646 spenacuio
1901 2603 2076 2637 referrent.
2101 2606 2191 2637 Dura
2218 2607 2349 2639 meninx
2373 2604 2421 2639 fa-

1410 2647 1461 2680 ἐὶεὶ
1485 2657 1549 2680 erat
1574 2646 1752 2680 craffiffima
1776 2656 1849 2680 toto
1874 2659 1911 2680 eo
1935 2646 2037 2690 spatio
2060 2659 2127 2689 quo
2150 2648 2271 2680 vitiato
2309 2650 2422 2683 cranio

1407 2689 1666 2732 subjiciebatur,
1691 2689 1786 2731 hujus
1811 2700 1917 2727 autem
1944 2691 2027 2732 parti
2052 2702 2125 2732 quae
2151 2691 2213 2723 icta
2238 2691 2321 2725 olim
2345 2691 2416 2725 fue..

1405 2743 1477 2770 rat,
1502 2736 1607 2768 multo
1631 2734 1748 2767 arffius
1772 2732 1971 2767 adhaerebat.
1998 2735 2055 2766 Per
2078 2733 2210 2767 eandem
2235 2737 2419 2778 meningem

1403 2781 1549 2819 repentia
1574 2776 1645 2810 vasa
1670 2789 1743 2810 cum
1766 2789 1781 2809 a
1806 2778 1930 2811 dextris
1954 2777 2133 2809 naturalem
2162 2778 2321 2812 servarent
2347 2791 2417 2813 rno-

1400 2820 1501 2861 dum,
1525 2834 1542 2854 a
1565 2819 1694 2854 sinistris
1718 2820 1808 2854 valde
1833 2830 1922 2853 erant
1947 2819 2076 2862 turgida
2093 2845 2102 2859 ‚
2126 2822 2158 2853 δι
2180 2821 2338 2863 dilatata,
2360 2835 2420 2856 eo-

1402 2875 1538 2907 rumque
1560 2865 1593 2897 in
1617 2864 1686 2897 sana
1701 2889 1709 2904 ,
1732 2875 1804 2906 quae
1827 2865 1937 2897 eodem
1962 2865 1994 2896 in
2020 2864 2117 2896 latere
2143 2863 2300 2907 supererat
2316 2888 2326 2904 ‚
2350 2867 2419 2901 cal-

1403 2910 1498 2942 variae
1522 2918 1610 2951 parte
1632 2907 1762 2950 vestigia
1788 2908 2012 2949 speffitabantur
2036 2907 2143 2940 multo
2166 2920 2266 2950 quam
2290 2921 2306 2942 a
2333 2911 2412 2944 dex-

1402 2953 1486 2991 tris,
1508 2952 1689 2993 ampliora,
1712 2954 1743 2983 &
1768 2949 1982 2991 profundiora
1998 2973 2005 2981 .
2030 2951 2132 2993 Quod
2155 2953 2316 2994 reliquum
2340 2953 2404 2995 est,

1401 2995 1474 3028 vasa
1497 3006 1626 3038 quoque
1650 2993 1962 3041 plexusgChoroiclis
1990 2992 2140 3036 sanguine
2179 2996 2319 3030 multum
2355 2997 2426 3030 di-'

1400 3038 1526 3078 stenta,
1551 3042 1582 3072 &
1608 3037 1666 3071 seri
1690 3037 1777 3072 effusi
1801 3037 1909 3080 portio
1934 3038 2041 3080 aliqua
2066 3037 2123 3070 sub
2146 3038 2269 3072 cerebri
2282 3039 2344 3074 basi
2359 3051 2411 3077 re->

1402 3092 1493 3125 perta
1517 3081 1580 3115 est.

1444 3136 1496 3169 39.
1521 3126 1687 3158 Caeterum
1710 3125 1742 3157 in
1767 3136 1801 3157 ea
1826 3132 1892 3158 erat
1916 3125 2070 3164 opinione
2082 3125 2272 3168 Garellius,
2299 3126 2403 3161 viola-

1399 3177 1466 3206 tas,
1491 3168 1718 3211 compressasve
1730 3169 1860 3202 ictuum*
1874 3168 2040 3201 occasione
2063 3170 2229 3203 arteriolas
2252 3177 2402 3212 quae‘non

1399 3213 1498 3247 modo
1521 3214 1604 3245 inter
1625 3212 1728 3246 cranii
1751 3212 1891 3249 tabulas,
1915 3211 1968 3245 sed
1991 3213 2022 3244 δι
2044 3212 2131 3246 intra
2155 3214 2219 3247 alia
2242 3214 2304 3246 sint
2348 3212 2401 3246 os-

1398 3255 1452 3296 sa,
1475 3255 1626 3293 dilatari,
1652 3259 1684 3289 δε
1705 3255 1738 3287 in
1764 3253 1951 3295 aneurysma
1971 3254 2128 3294 distendi,
2153 3259 2184 3289 &
2207 3257 2325 3290 cariem
2347 3257 2398 3290 vel

1398 3298 1585 3341 priusquam
1609 3306 1818 3340 rumpantur,
1843 3307 1879 3332 ut
1903 3296 1999 3331 adsita
2024 3298 2141 3333 offibus
2176 3300 2398 3341 aneurysmata

1401 3341 1503 3375 solent
1514 3365 1525 3381 ,
1549 3343 1597 3375 vel
1610 3351 1702 3383 rupta
1716 3352 1821 3382 parere
1834 3366 1840 3374 .
1854 3344 1891 3374 In
1904 3353 2035 3384 eamque
2047 3344 2235 3384 opinionem
2247 3343 2402 3378 adducitis

1402 3384 1507 3419 fuerat
1521 3397 1536 3418 a
1549 3386 1653 3418 tribus
1665 3396 1735 3425 quae
1747 3397 1819 3418 cum
1833 3384 1996 3426 descripto
2009 3388 2119 3419 cranio
2132 3388 2307 3421 asservabat
2322 3409 2333 3425 ‚
2357 3385 2410 3419 fe·-

1402 3431 1501 3462 rnoris
1515 3428 1650 3462 offibus.
1673 3429 1823 3466 Qorum
1849 3439 1948 3462 unum
1972 3438 2134 3463 tumorem
2157 3430 2345 3464 ostendebat
2367 3430 2401 3460 in

1400 3482 1496 3513 quern
1510 3472 1678 3505 dilatatum
1699 3470 1803 3504 fuerat
1826 3474 1867 3505 ad*
1888 3473 1988 3513 pugni
2014 3473 2298 3515 magnitudinem,
2320 3472 2404 3507 carie

1400 3515 1523 3548 exesum
1534 3514 1641 3557 paffim
1658 3523 1753 3557 atque
1763 3516 1927 3558 pertusum
1940 3537 1949 3552 ,
1961 3514 2085 3557 tresque
2096 3515 2193 3550 osseas
2207 3518 2409 3551 emittentem

1917 3569 1921 3572 ¹
2294 3570 2367 3601 pro-

409 3718 453 3746 (η
471 3716 478 3744 )
495 3716 571 3744 Epist,
588 3725 625 3745 4²·
646 3723 669 3740 n.
686 3722 725 3744 23.
788 3716 829 3744 (ο
845 3714 860 3745 )
875 3722 898 3738 n.
916 3722 953 3743 34.

408 3749 422 3776 (
437 3757 448 3771 ν
464 3746 474 3776 J
489 3747 549 3774 Eph.
566 3750 597 3772 N.
617 3749 644 3771 C.
663 3748 734 3771 Cent.
753 3755 773 3776 ς.
791 3746 848 3770 Obs.
864 3753 901 3773 3².
920 3745 942 3768 δε
959 3746 1030 3769 Cent.
1047 3752 1068 3772 9·
1087 3747 1186 3777 Obs.39,
1203 3750 1228 3773 jn
1248 3746 1347 3776 Sutote.

406 3779 423 3809 (
437 3785 448 3802 e
464 3779 473 3809 j
490 3777 583 3802 Differt.
599 3778 627 3802 de
643 3777 719 3801 Offib.
742 3779 838 3802 Calvar.
856 3778 885 3800 P.
905 3783 923 3800 i.
943 3775 966 3805 §.
982 3781 1004 3800 1.
1020 3781 1072 3800 not.
1085 3776 1108 3805 f.

1015 3715 1029 3743 (
1042 3721 1058 3744 Ρ
1073 3713 1088 3743 )
1104 3716 1163 3740 Obs.
1181 3720 1255 3743 Anat·
1273 3713 1342 3739 ebir.
1358 3724 1398 3745 47-Δ

1461 3717 1476 3746 (
1492 3724 1507 3745 q
1523 3716 1536 3744 )
1553 3715 1613 3740 Hist.
1633 3715 1661 3739 de
1678 3715 1776 3740 l'Acad.
1795 3718 1824 3739 R.
1841 3716 1883 3740 des
1901 3718 1936 3742 Sc.
1954 3719 1985 3741 Α.
2003 3724 2070 3744 1700.
2090 3717 2149 3741 Obs.
2165 3719 2229 3741 Anat
2256 3723 2290 3744 ¹9·

1410 3747 1423 3774 (
1436 3746 1474 3776 J)
1491 3748 1554 3770 Nov.
1575 3747 1673 3771 Comm.
1692 3747 1755 3775 Imp.
1772 3746 1848 3770 acad.
1865 3749 1904 3772 Sc.
1922 3750 2044 3777 Petropoi.
2061 3749 2158 3777 Tum-3.
2179 3749 2206 3772 in
2223 3748 2301 3777 Physi.
2320 3749 2408 3780 Obs3.

1172 3782 1183 3811 ς
1198 3788 1215 3804 u
1232 3781 1242 3809 )
1256 3775 1353 3801 Differt.
1368 3777 1398 3802 de
1415 3779 1546 3807 Trepanax.
1564 3775 1684 3800 Difficult.
1701 3784 1775 3806 prope
1791 3777 1879 3801 finem.
