2498 4075
468 218 623 285 Epist.
655 218 817 273 Anat.
852 216 1073 275 Medica
1106 216 1250 272 LIX.
1285 215 1406 271 Art.
1439 230 1515 281 45.
1546 217 1603 270 &
1634 213 1716 281 46:

86 305 150 337 qua
174 294 315 336 -capillos
348 301 542 338 componere
586 293 680 328 solita
723 295 798 329 esset
840 295 1014 338 Cleopatra
1034 318 1049 336 ,

87 340 175 370 inter
212 339 327 382 eosque
358 338 476 381 gestare
498 362 508 377 ‚
543 346 622 373 tunc
659 338 831 378 detracta,
862 341 894 372 δι
914 340 1050 381 praesen-

87 381 207 414 tiffimo
240 393 366 416 veneno
410 382 543 416 inunfta
578 381 747 417 brachium
789 381 849 415 fibi
892 381 1049 425 pupugis-

86 423 117 458 se
142 448 149 456 .
184 426 239 459 Tu
263 436 339 463 vero
362 423 434 463 fac,
458 425 598 459 Redium
623 429 634 465 (
657 426 710 468 n)
733 425 817 467 legas
835 449 847 467 ‚
878 425 935 459 ubi
959 436 1054 467 expe-

87 470 235 503 rimentis
257 467 390 502 edoctus
422 468 577 503 admonet
597 490 608 506 ‚
639 468 662 502 fi
697 469 815 503 vulnus
844 468 932 511 quod
965 468 1055 503 infli-

88 514 162 553 gis,
189 512 355 554 angustum
379 510 416 544 fit
439 535 451 552 ‚
487 510 616 546 difficile
647 511 706 546 esse
739 522 898 546 venenum
930 513 1056 546 immit-

88 564 156 589 tere
180 568 187 589 :
214 557 252 593 ,δε
275 556 506 598 qualecumque
530 555 644 588 vulnus
667 553 707 589 fit
730 580 740 596 ‚
772 566 838 589 non
870 556 917 588 ita
940 556 1054 589 celeri-

88 607 139 631 ter
162 599 245 632 mori
268 597 417 632 animalia
453 609 510 641 per
543 609 683 641 quorum
705 599 838 633 vulnera
870 599 1052 640 viperinum

88 641 219 683 injicias
241 651 419 680 venenum,
440 650 477 675 ut
499 651 570 683 quae
594 642 704 683 vipera
727 641 794 682 ipsa
817 642 1050 676 momorderit.

89 685 134 718 Et
160 683 227 726 post
249 683 315 717 haec
338 686 447 727 cogita
470 706 480 722 ,
514 694 591 717 num
615 685 770 718 credibile
793 683 853 721 fit,
878 685 999 719 incerta
1021 688 1053 719 δι

89 730 196 762 minus
224 728 319 760 celeri
351 727 511 761 moriendi
534 728 660 760 ratione
691 728 739 761 uti
763 727 853 760 illam
887 728 1019 762 voluisse
1043 752 1053 769 ‚

89 783 161 813 quae
195 780 314 805 certam
336 793 349 810 ‚
382 772 649 813 celerrimamque
681 780 818 805 mortem
853 772 1019 813 quaerebat
1042 796 1051 805 .

90 814 165 847 Nec
187 823 292 848 tamen
314 813 353 847 de
375 814 417 847 fic
440 814 581 847 immisso
613 824 737 848 veneno
760 836 771 851 ‚
809 813 860 847 sed
891 814 930 848 de
953 823 1053 857 epoto

89 857 198 891 nostra
221 866 287 890 erat
312 857 509 898 potiffimum
532 855 706 899 disputatio
727 881 735 889 .
761 858 811 890 De
831 868 898 899 quo
921 870 996 892 cum
1019 859 1053 891 in

91 909 143 933 tot
167 900 408 934 narrationibus
431 902 518 934 nulla
540 899 671 942 usquam
685 921 694 937 ‚
719 909 754 934 ut
776 900 871 941 supra
891 905 950 941 (ο)
971 900 1059 935 dixi-

91 953 162 976 mus
187 965 197 981 ,
228 953 377 976 occurrat
400 946 521 977 mentio
545 956 554 979 3
587 953 625 977 ne
650 942 733 976 forte
755 943 834 977 illuc
857 943 941 977 trahi
982 945 1056 986 pos-

91 987 121 1018 {e
146 1008 155 1023 ‚
180 994 273 1029 putes
298 1007 308 1025 ,
330 986 414 1020 hunc
439 985 604 1020 Plutarchi
629 986 683 1028 (p
704 991 718 1026 )
740 986 847 1021 locum
873 1001 880 1019 :
905 997 1056 1021 venenum

89 1027 283 1070 Cleopatram
306 1028 439 1074 habuiffl’
461 1036 651 1071 compertum
682 1029 721 1069 esi
743 1030 776 1063 in
807 1029 957 1064 laminula
979 1041 1056 1072 qua-

89 1074 161 1104 dam
185 1082 318 1106 concava
332 1095 341 1110 ‚
365 1083 459 1114 quam
474 1071 536 1114 sub
558 1073 642 1105 crine
663 1071 839 1106 occultabat
863 1098 874 1113 ‚
897 1071 1055 1116 fuisseque

91 1115 175 1149 illud
199 1115 363 1156 suspiceris
387 1126 440 1149 aut
463 1115 530 1157 ejus
553 1114 654 1148 fimile
676 1127 742 1157 quo
766 1116 859 1149 illitis
883 1115 941 1150 fibi
972 1127 1055 1151 con-

90 1159 206 1204 rivalis
226 1170 350 1193 coronae
372 1159 525 1195 floribus,
549 1157 662 1200 hisque
674 1160 794 1191 moxin
809 1158 963 1201 scyphum
977 1171 1056 1193 con-

92 1202 184 1243 Jeffls
198 1227 208 1242 ‚
231 1202 372 1235 eduorum
382 1202 514 1240 custodia
525 1200 626 1235 bibere
632 1198 764 1244 jusserat
777 1225 791 1242 ‚
814 1202 900 1236 illico
910 1203 1057 1245 expiran-

38 1252 40 1254 '
91 1253 179 1282 tem,
202 1254 238 1279 ut
252 1245 294 1278 est
309 1245 392 1287 apud
405 1245 640 1286 Plinium(q),
653 1253 708 1277 aut
721 1245 760 1278 ab
770 1256 808 1279 eo
819 1256 882 1278 non
894 1245 1056 1280 diversum

89 1288 176 1329 quod
201 1299 265 1321 non
288 1288 398 1322 multis
410 1288 449 1320 ab
462 1289 597 1330 Reginae
620 1288 715 1321 obitu
738 1287 844 1322 lustris
856 1288 1056 1323 Alexandria

91 1330 368 1374 Hierosolymam,
380 1331 581 1375 utJ0sephus
592 1333 605 1370 (
616 1334 652 1368 r)
667 1330 811 1371 tradidit,
824 1331 950 1366 missum
962 1334 1006 1366 est
1018 1332 1057 1366 ad

92 1375 260 1408 Herodem
273 1375 448 1408 necandum
457 1395 468 1411 ‚
489 1375 521 1407 id
532 1375 575 1408 est
587 1373 724 1415 aspidum
735 1376 826 1408 virus
834 1398 847 1416 ‚
869 1374 1057 1417 aliorumque

85 1413 265 1459 serpentum
277 1418 389 1460 succi,
407 1429 473 1460 quo
485 1420 584 1463 epoto
593 1428 715 1463 veneno
724 1417 856 1463 quidam
866 1419 981 1460 capitis
1002 1418 1058 1451 da-

90 1469 217 1494 mnatus
223 1461 331 1501 statim
342 1469 484 1494 mortuus
493 1460 537 1494 est
549 1473 561 1500 5
573 1471 610 1493 ne
622 1460 801 1503 igitur‘haec
814 1461 1058 1504 suspiceris,non

91 1504 173 1537 illud
195 1516 234 1537 ex
257 1505 368 1537 eodem
393 1505 498 1537 Plinio
520 1504 599 1547 (s)
632 1503 812 1545 proferam:
836 1516 993 1539 venenum
1016 1505 1060 1538 as-

94 1546 208 1589 pidum
227 1555 338 1588 potum
362 1546 557 1588 quantalibet
575 1547 686 1589 copia,
707 1558 764 1581 non
787 1556 892 1582 nocet.
914 1549 994 1588 Non
1017 1547 1057 1587 est

92 1591 174 1623 enim
197 1590 323 1634 tabifica
345 1591 397 1623 vis
420 1602 430 1621 :
461 1591 567 1631 itaque
601 1590 698 1633 occis‘a
730 1590 831 1633 morsu
859 1601 965 1625 earum
987 1592 1056 1624 ani-

91 1633 188 1667 malia
214 1656 224 1671 ‚
254 1632 331 1666 cibis
355 1633 480 1666 innoxia
496 1632 574 1675 sunt
595 1655 608 1673 ,
639 1645 712 1673 quae
742 1645 815 1668 cum
842 1633 942 1668 Redii
977 1635 1056 1667 alio-

91 1688 228 1719 rumque
250 1677 284 1708 in
308 1677 453 1718 viperino
476 1686 600 1709 veneno
624 1677 853 1717 experimentis
876 1681 888 1716 (
912 1684 926 1710 t
947 1680 961 1717 )
982 1688 1060 1711 con-

92 1719 233 1753 sentiunt
258 1730 268 1750 :
304 1729 407 1760 neque
431 1719 490 1752 alia
516 1719 551 1751 in
576 1720 760 1754 universum
783 1720 912 1761 dicam,
933 1731 1005 1763 quae
1028 1721 1062 1753 in

88 1774 160 1798 mea
184 1764 280 1796 altera
303 1762 341 1812 an
366 1762 549 1795 Lancifium
574 1762 721 1804 Epistola
743 1764 863 1806 attigi,
884 1763 968 1799 unde
988 1774 1063 1798 con-

91 1807 206 1849 jicias,
232 1804 265 1838 id
290 1816 446 1838 venenum
471 1805 510 1838 ad
534 1804 621 1838 idem
645 1808 753 1849 potius
775 1818 843 1850 quo
863 1809 934 1842 Dio
956 1808 1062 1841 crina-

93 1851 157 1883 lem
181 1860 272 1884 acum
295 1849 458 1881 inunctam
480 1847 625 1890 scripsit,
648 1850 836 1889 attinuisse,
860 1851 943 1885 nihi1
966 1851 1058 1885 vide-

92 1893 170 1928 licet
191 1916 204 1933 ‚
241 1894 320 1925 sicut
344 1901 449 1933 aperte
472 1893 584 1926 retulit
608 1916 617 1931 ‚
641 1892 699 1926 nisi
724 1904 778 1935 per
801 1894 917 1928 vulnus
938 1905 1058 1928 nocen-

91 1947 125 1971 te
144 1962 151 1970 .
186 1937 300 1970 Unum
324 1933 423 1969 modo
445 1946 486 1969 ex
510 1936 618 1970 Dione
648 1937 760 1970 eodem
784 1959 795 1975 ,
828 1940 858 1970 &
883 1937 1057 1972 Plutarcho

92 1981 244 2023 adjiciam
267 2002 278 2017 ‚
311 1978 394 2013 unde
416 1979 573 2012 continuo
596 1980 741 2021 praeclare
763 1980 925 2024 intelligas
948 2003 959 2018 ‚
993 1992 1058 2015 non

92 2036 131 2059 ex
154 2024 285 2066 sumpto
306 2021 396 2064 quod
418 2023 450 2054 in
474 2032 611 2056 concava
634 2023 761 2056 lamella
796 2024 853 2057 sub
884 2024 972 2057 crine
1004 2034 1059 2066 ge-

93 2068 188 2102 staret
210 2090 222 2108 ,
255 2075 377 2099 veneno
408 2065 619 2107 Cleopatram
650 2064 834 2100 interiisse..
870 2068 940 2101 Dio
972 2071 1058 2102 enirn

90 2111 111 2154 (
127 2122 147 2144 u
170 2114 183 2150 )
213 2121 275 2153 pro
298 2117 388 2142 certo
421 2117 529 2142 narrat
554 2133 564 2149 ‚
598 2109 785 2152 priusquam
818 2110 848 2143 se
869 2110 1057 2152 occideret,

90 2152 343 2196 Epaphrodito,
367 2152 421 2185 cui
445 2151 591 2185 mandata
626 2161 693 2186 erat
726 2152 795 2195 ejus
824 2154 966 2189 custodia
990 2179 1000 2195 ‚
1024 2166 1058 2188 e-

87 2198 240 2242 pistolam
263 2194 301 2228 ad
327 2193 507 2236 Augustum
531 2193 749 2237 perferendam
781 2196 896 2231 dedisse
919 2221 931 2238 ,
964 2207 1000 2232 ut
1029 2199 1057 2231 is

92 2241 239 2283 occasione
261 2237 386 2280 epistole
408 2239 560 2279 recidendae
581 2249 597 2272 e
628 2239 728 2273 medio
751 2248 979 2281 removeretur,
1002 2251 1052 2274 eo-

90 2295 148 2327 que
170 2282 295 2326 digresso
317 2304 326 2319 ,
352 2291 416 2314 rem
435 2281 623 2324 propositam
645 2281 700 2326 effe
722 2290 880 2317 executam
894 2308 902 2316 .
924 2284 1051 2318 Plutar-

87 2328 166 2360 chus
189 2331 200 2367 (
223 2337 245 2360 x
266 2330 280 2365 )
302 2325 420 2366 pariter
442 2325 504 2357 sine
527 2325 590 2359 ulla
605 2325 818 2360 dubitatione
841 2326 1016 2361 tradiderat
1038 2350 1050 2367 ‚

87 2371 117 2405 se
142 2369 403 2404 interfecturam,
427 2367 558 2402 tabellas
584 2371 621 2403 ad
634 2370 816 2412 Augustum
840 2368 983 2405 ferendas
995 2370 1055 2404 de-

80 2413 158 2448 disse
183 2438 195 2454 ,
229 2414 265 2447 <T
289 2411 407 2445 cceteris
431 2410 572 2445 omnibus
595 2424 613 2446 a
638 2411 673 2455 se
691 2421 806 2455 praeter
841 2414 917 2447 duas
940 2413 1053 2448 mulie-

82 2469 131 2491 res
154 2455 280 2498 dimzffis
304 2478 312 2492 ‚
343 2456 474 2498 januam
497 2453 630 2501 claufiffe
654 2480 661 2487 .
697 2455 789 2493 Quid
814 2478 824 2493 ‚
847 2457 962 2491 amabo
986 2467 1017 2491 te
1040 2480 1052 2497 ‚

83 2511 120 2535 ut
145 2512 182 2534 ex
206 2499 332 2533 lamella
356 2509 513 2532 venenum
538 2497 677 2533 sumeret
699 2522 712 2540 ,
743 2500 897 2534 attinebat
921 2523 932 2540 ,
965 2501 1052 2543 Epa-

85 2543 276 2587 phroditum
303 2567 310 2582 ‚
333 2541 523 2583 caeterosque
545 2553 561 2575 e
585 2542 693 2577 medio
724 2554 885 2578 removere
908 2566 918 2582 ,
949 2546 981 2577 &
1004 2543 1053 2586 ja-

85 2598 183 2621 nuam
206 2585 348 2620 claudere
371 2583 386 2616 ἐ
419 2584 512 2618 Num
533 2607 543 2623 ,
576 2597 649 2619 cum
672 2586 815 2621 dormire
837 2587 935 2621 noctu
956 2610 968 2628 ‚
990 2599 1057 2622 cre·

87 2631 199 2664 derent
228 2654 236 2669 ‚
269 2640 334 2662 non
358 2637 486 2670 poterat
511 2653 521 2668 ,
554 2631 681 2663 nemine
704 2630 890 2664 advertente
909 2653 921 2670 ,
944 2631 1056 2665 lamel-

89 2675 155 2708 lam
190 2672 250 2706 fibi
283 2685 298 2705 e
323 2672 449 2712 capillis
471 2671 636 2706 detrahere
659 2696 667 2711 ,
700 2685 740 2707 ex
772 2685 868 2716 eaque
898 2685 1053 2709 venenum

90 2717 212 2750 sumere
235 2720 245 2747 ?
268 2715 369 2749 Aliud
393 2718 497 2757 igitur
520 2737 530 2753 ,
554 2716 642 2757 quod
666 2727 730 2749 non
755 2718 811 2749 nifi
836 2718 969 2751 remotis
1003 2729 1053 2751 ar-

88 2759 187 2795 bitris
211 2783 219 2798 ,
241 2757 274 2791 id
297 2756 512 2799 prohibituris
535 2782 544 2797 ‚
567 2758 636 2792 fieri
661 2755 763 2802 posset'
784 2782 797 2799 ‚
820 2759 879 2794 fibi
901 2770 981 2795 tunc
1005 2760 1055 2794 fa-

88 2802 239 2836 ciendum
263 2800 469 2835 constituerat
492 2824 502 2840 ,
524 2800 645 2843 asperas
668 2803 816 2837 videlicet
837 2803 973 2837 tractare
987 2803 1054 2845 ser-

84 2852 195 2888 pentes
217 2866 230 2883 ,
263 2850 299 2876 ut
321 2850 426 2876 atrum
449 2854 513 2876 non
535 2855 591 2876 ore
616 2869 626 2884 ‚
656 2845 706 2879 sed
728 2855 849 2887 corpore
871 2869 881 2885 ,
906 2847 955 2879 uti
979 2847 1054 2880 Ι-Ιο-

91 2890 191 2921 ratius
213 2888 265 2929 (y
291 2890 300 2925 )
337 2886 483 2929 loquitur
506 2908 516 2924 ‚
548 2887 731 2921 combiberet
763 2899 913 2922 venenum
938 2912 947 2921 .
982 2891 1052 2923 Cu-

89 2932 142 2975 jus
176 2941 238 2971 ego
271 2927 490 2963 testimonium
516 2929 730 2971 graviffimum
762 2932 857 2965 credo
882 2944 953 2967 cum
980 2933 1050 2966 aliis

89 2975 128 3008 de
150 2972 249 3007 causis
271 2983 348 3015 quas
370 2973 453 3006 datis
477 2973 514 3006 ad
541 2974 720 3007 Lancisium
743 2975 897 3016 Epistolis
928 2975 1050 3009 indica-

88 3019 122 3051 vi
147 3039 157 3054 ‚
190 3026 261 3049 turn
285 3016 329 3048 ob
351 3027 419 3048 eam
443 3017 616 3057 praesertim
647 3016 736 3059 quod
767 3018 821 3051 ille
845 3040 855 3056 ‚
889 3027 924 3052 ut
946 3020 1050 3053 verbis

89 3071 163 3095 utar
187 3059 322 3092 minoris
346 3059 439 3092 Plinii
463 3060 520 3102 (z
540 3062 554 3098 )
576 3082 585 3097 ,
609 3070 672 3100 quae
688 3059 799 3098 statim
815 3084 828 3100 ,
858 3073 927 3095 cum
949 3062 1052 3097 maxi-

89 3115 138 3139 me
159 3113 233 3137 vera
257 3109 462 3135 memorantur
485 3126 495 3141 ,
518 3103 702 3141 audiverat,
727 3102 765 3142 esi
782 3104 985 3145 persecutus.

132 3156 186 3189 45.
211 3145 303 3178 Num
336 3154 440 3177 tamen
464 3155 531 3178 erat
554 3145 641 3179 aliud
677 3156 790 3188 praeter
812 3148 959 3189 aspidum
984 3157 1049 3181 tra-

87 3192 265 3225 &ationem
288 3210 298 3226 ,
330 3187 417 3230 quod
441 3205 465 3226 ,s
487 3190 618 3222 remotis
640 3190 768 3223 arbitris
792 3212 802 3227 ‚
836 3201 871 3224 ut
893 3190 923 3223 se
956 3203 1049 3225 vene-

88 3245 132 3268 no
155 3232 299 3265 inficeret
323 3254 332 3268 ‚
355 3232 498 3272 potuerit
521 3233 695 3275 Cleopatra
718 3232 819 3266 facere
842 3256 851 3271 ,
876 3236 908 3266 δε
931 3233 1049 3267 fortas-

87 3279 119 3311 se
152 3275 262 3309 fecerit
286 3273 302 3306 ξ
333 3275 421 3307 Nam
455 3272 539 3307 forte
563 3297 572 3312 ,
614 3287 688 3309 curn
731 3275 880 3311 ha&enus
913 3276 1050 3320 scripsis-

89 3321 152 3355 sem
174 3341 187 3359 ‚
217 3319 250 3350 in
275 3318 381 3363 locum
418 3318 518 3349 incidi
551 3319 661 3352 Graeci
693 3320 825 3362 quidem
847 3345 855 3359 ‚
892 3320 944 3354 sed
978 3331 1052 3363 gra-

87 3365 135 3395 vis
160 3386 169 3400 ,
207 3364 237 3394 &
260 3361 393 3402 VelleJo
415 3364 676 3403 contemporanei
699 3364 856 3397 Aufioris
879 3385 888 3400 ‚
922 3365 979 3406 qui
1003 3364 1053 3398 10..

84 3417 141 3440 cus
166 3405 200 3437 in
222 3403 281 3438 hac
304 3403 521 3437 controversia
544 3415 607 3437 non
631 3406 799 3440 videbatur
821 3406 1018 3441 omittendus
1042 3431 1050 3439 .

87 3448 207 3483 Strabo
229 3447 319 3490 (a)
352 3447 437 3479 enim
469 3446 537 3480 haec
561 3447 683 3491 scripsit
710 3464 718 3481 ε
750 3449 816 3492 ipsa
841 3450 876 3492 se
909 3450 1053 3494 Cleopa-

171 3489 335 3532 Morgagni
343 3489 378 3523 de
390 3490 459 3523 Sed.
471 3493 512 3524 Θ
526 3490 612 3532 Caus.
625 3491 725 3525 Morb.
738 3494 837 3527 Tom.
852 3493 897 3526 ΙΙ.

1055 3122 1060 3126 1
1100 3107 1185 3140 ultro
1207 3106 1402 3140 mordendum
1421 3106 1577 3151 Praebuiffie

1099 303 1148 328 tra
1171 291 1253 327 clam
1273 291 1398 325 admoto
1420 292 1536 335 aspidis
1556 290 1657 333 morsu
1675 313 1688 331 ,
1719 291 1771 325 vel
1801 299 1916 325 veneno
1946 291 2068 326 delibus

1099 336 1179 371 torio
1200 331 1332 377 confecit
1345 345 1357 374 ;
1377 345 1448 368 nam
1471 342 1601 375 utroque
1622 334 1711 368 modo
1742 333 1860 368 dicitur
1883 358 1890 366 .
1931 336 2076 376 Apparet

1103 390 1182 421 ergo
1204 399 1214 415 ‚
1248 377 1270 411 fi
1294 388 1417 411 veneno
1439 377 1504 412 isto
1529 377 1636 411 voluit
1657 387 1774 420 corpus
1795 376 1854 411 fibi
1878 388 2076 420 perungere,

1104 419 1241 457 decuisse
1265 430 1353 454 antea
1376 419 1507 463 januam
1529 420 1677 455 claudere
1700 444 1711 461 ,
1742 423 1774 454 &
1796 422 1958 455 neminem
1991 420 2079 461 apud

1105 466 1136 500 se
1161 472 1277 507 praeter
1302 465 1432 498 ancillas
1454 465 1595 498 retinere
1618 488 1629 498 .
1662 465 1711 498 At
1734 472 1771 497 tu
1803 464 1990 508 priusquam
2012 463 2078 497 hoc

1105 508 1192 543 dicas
1216 531 1226 546 ,
1258 507 1468 542 Plutarchum
1499 510 1513 546 <
1535 506 1588 550 b)
1620 507 1690 550 lege
1713 531 1720 539 .
1755 507 1898 542 Videbis
1919 530 1930 547 ,
1958 518 2002 541 reo
2025 506 2079 541 die

1106 552 1267 594 Reginam
1294 550 1408 585 balneo
1432 551 1519 585 usam
1539 571 1550 588 ‚
1576 561 1693 594 corpus
1715 573 1725 594 ,
1750 559 1786 584 ut
1808 560 1879 585 tum
1903 550 2079 591 solebant,

1103 595 1232 629 nemine
1255 592 1434 628 admirante
1457 618 1466 634 ,
1489 603 1545 627 aut
1566 594 1762 636 prohibente
1782 617 1795 634 ,
1818 603 1987 637 unguento
2009 604 2077 636 quo

1102 639 1221 676 vellet,
1245 648 1365 680 ungere
1389 636 1528 680 potuisse
1551 658 1562 674 ,
1586 646 1656 671 tum
1680 636 1837 679 prandisse
1861 663 1871 678 ,
1895 640 1927 672 ὅ(
1950 637 2078 680 magni-

1102 681 1161 716 fice
1183 679 1312 725 quidem
1335 684 1349 720 (
1372 682 1454 715 unde
1478 691 1598 714 novum
1620 691 1731 723 capere
1754 689 1981 722 argumentum
2003 679 2079 723 pos-

1103 726 1147 760 ses
1170 745 1180 762 ,
1212 735 1276 757 non
1313 725 1342 757 se
1373 725 1475 767 igitur
1507 734 1629 757 veneno
1661 735 1738 757 mox
1767 723 1954 758 devorando
1976 745 1987 762 ,
2020 732 2078 757 aut

1103 766 1248 811 potando
1271 778 1381 801 necare
1404 766 1601 801 constituiffe
1623 777 1695 809 quae
1717 777 1773 809 per
1797 776 1850 800 tot
1873 766 1959 801 faeta
1991 768 2078 808 peri-

1103 811 1175 846 cula
1195 812 1349 852 ignorare
1373 821 1440 844 non
1463 808 1586 853 posset,
1607 818 1765 852 quantum
1790 810 2005 853 praesumptus
2019 810 2079 846 ci-

1106 856 1166 889 bus
1187 854 1301 895 ingesti
1341 854 1454 888 veneni
1488 854 1556 886 vim
1581 861 1637 887 aut
1661 852 1820 896 impediat
1842 876 1854 891 ‚
1881 861 1938 889 aut
1970 851 2077 887 tardet

1106 899 1159 941 (c
1181 896 1229 938 ))
1261 896 1339 930 dum
1373 897 1540 940 pranderet
1563 919 1576 936 ,
1607 895 1719 930 cistam
1762 897 1890 937 illam,
1923 894 2077 941 ficubus,

1106 943 1137 974 &
1159 941 1231 973 uvis
1254 941 1380 982 plenam
1398 965 1408 981 ‚
1431 948 1468 974 ut
1491 937 1606 982 juffisse
1629 949 1720 974 antea
1743 939 1873 974 videtur
1896 962 1907 978 ,
1930 950 2005 974 cum
2028 939 2079 973 as-

1105 984 1180 1027 pide
1204 982 1297 1017 fuisse
1319 984 1442 1017 illatam
1471 1004 1480 1021 ,
1513 991 1592 1016 tunc
1615 994 1692 1017 vero
1715 983 1854 1026 denique
1880 984 1912 1016 δι
1945 983 2078 1017 tabellas

1104 1026 1287 1072 obsignatas
1325 1027 1364 1061 ad
1386 1026 1543 1060 Caesarem
1574 1025 1692 1060 dedisse
1716 1050 1727 1067 ‚
1756 1029 1788 1060 δι
1823 1026 1957 1060 remotis
1989 1025 2079 1060 arbi-

1104 1073 1162 1104 tris
1185 1092 1195 1108 ‚
1226 1079 1358 1111 januam
1382 1069 1520 1103 clausisse
1544 1094 1552 1102 .
1587 1071 1694 1111 Igitur
1717 1081 1755 1104 ex
1777 1068 1838 1104 hac
1871 1069 1937 1112 ipsa
1968 1080 2079 1104 rerum

1105 1113 1184 1148 serie
1206 1113 1389 1155 intelligis,
1412 1124 1491 1147 num
1514 1112 1583 1146 veri
1607 1112 1741 1147 similius
1764 1113 1805 1146 fit
1830 1121 1997 1154 unguento
2020 1124 2079 1146 ve-

1107 1165 1246 1196 nenato,
1270 1167 1309 1189 an
1333 1155 1441 1197 aspide
1465 1156 1496 1190 se
1526 1154 1719 1189 interfecisse
1734 1180 1741 1187 .
1766 1156 1844 1190 Huc
1868 1156 1983 1196 adde,
2017 1157 2078 1197 qui

1107 1210 1174 1235 tam
1197 1208 1341 1237 attente,
1366 1202 1399 1233 δε
1420 1210 1512 1233 caute
1535 1209 1606 1232 eam
1637 1198 1842 1233 custodiebat
1866 1199 2080 1241 Epaphrodi-

1107 1253 1180 1281 tus‚
1204 1252 1240 1276 ut
1261 1251 1364 1286 captae
1385 1242 1513 1282 vestem,
1537 1241 1625 1284 quod
1651 1242 1741 1284 supra
1767 1242 1958 1276 Plutarchus
1977 1241 2081 1275 tradi-

1106 1288 1156 1320 dit
1177 1308 1188 1324 ,
1218 1290 1379 1320 continuo
1400 1292 1559 1320 excuteret
1579 1309 1590 1326 ‚
1619 1295 1655 1320 ne
1678 1286 1752 1327 quid
1776 1284 1835 1329 sub
1856 1295 1891 1319 ea
1913 1284 2082 1319 occultaret

1106 1329 1239 1368 veneni,
1263 1330 1358 1364 illum
1381 1328 1608 1371 unguentarias
1632 1328 1773 1370 pyxides
1792 1328 1858 1362 sine
1882 1328 2032 1371 diligenti
2043 1339 2080 1361 e-

1108 1373 1235 1407 xamine
1254 1395 1264 1410 ,
1286 1377 1327 1407 ⁴&
1350 1373 1569 1415 exploratione
1604 1382 1667 1405 non
1700 1370 1793 1406 fuisse
1826 1371 1920 1406 facile
1951 1372 2082 1406 relietu-

1109 1423 1203 1453 rum,
1227 1425 1281 1450 aut
1305 1416 1393 1459 quod
1416 1416 1523 1458 multo
1545 1416 1759 1458 promptius,
1796 1416 1829 1448 δε
1851 1416 1956 1450 tutius
1977 1424 2045 1449 erat
2068 1436 2081 1452 ‚

1110 1461 1145 1493 in
1169 1459 1244 1493 alias
1274 1459 1412 1494 innoxio
1446 1455 1612 1501 unguento
1646 1456 1809 1500 quantivis
1840 1461 1940 1502 pretii
1972 1460 2082 1502 plenas

1111 1512 1313 1537 mutaturum
1336 1525 1346 1541 ,
1381 1503 1511 1545 quando
1534 1503 1565 1535 ei
1588 1501 1792 1536 mandaverat
1815 1502 1984 1545 Augustus
2016 1502 2081 1536 hoc

1111 1546 1268 1584 maxime,
1293 1552 1331 1579 ut
1347 1546 1529 1587 provideret
1545 1567 1555 1584 ‚
1589 1554 1626 1578 ne
1648 1544 1705 1578 illa
1721 1544 1784 1587 fibi
1809 1554 1942 1579 mortem
1963 1543 2082 1588 inferre

1101 1587 1226 1632 possem
1249 1597 1428 1622 caeterarum
1450 1597 1553 1621 rerum
1575 1587 1712 1620 omnium
1731 1586 1922 1630 facultatem
1942 1590 2082 1630 permit-

1107 1639 1189 1665 teret
1212 1656 1220 1663 .
1259 1633 1375 1664 Unum
1400 1632 1505 1673 igitur
1527 1629 1689 1672 reliquum
1712 1630 1755 1664 est
1773 1652 1784 1667 ‚
1820 1640 1856 1665 ut
1887 1631 2042 1673 conjicias
2069 1656 2081 1672 ,

1110 1675 1291 1718 pauxillum
1314 1674 1403 1707 fuisse
1427 1674 1576 1708 venenati
1598 1673 1687 1707 istius
1710 1676 1893 1714 unguenti,
1914 1684 1948 1708 ut
1972 1676 2008 1708 in
2030 1676 2080 1710 la==

1113 1718 1207 1753 mella
1228 1718 1284 1751 illa
1305 1727 1440 1751 concava
1461 1740 1471 1756 ,
1496 1719 1535 1751 de
1557 1727 1618 1759 qua
1643 1716 1734 1759 supra
1759 1716 1813 1759 (d
1832 1721 1848 1756 )
1868 1718 1994 1752 dictum
2017 1719 2083 1758 est,

1110 1760 1171 1806 sub
1194 1762 1278 1795 crine
1300 1760 1452 1794 occultari
1482 1762 1628 1802 potuerit
1650 1785 1659 1792 .
1692 1760 1744 1793 Sic
1777 1761 1865 1794 enim
1897 1761 1930 1793 in
1952 1759 2083 1803 famosa·

1114 1816 1245 1849 quoque
1276 1801 1438 1845 veneficiis
1466 1802 1610 1836 Martina
1632 1823 1642 1840 ‚
1678 1801 1787 1845 subita
1828 1809 1927 1837 morte
1949 1825 1959 1841 ,
2002 1816 2080 1840 cum

1114 1850 1257 1883 Romam
1281 1846 1423 1881 accusata
1455 1845 1667 1881 adduceretur
1689 1868 1700 1883 ‚
1732 1846 1887 1889 Brundisii
1908 1847 2045 1882 extinbia
2067 1870 2082 1887 2

1108 1892 1192 1935 apud
1216 1892 1372 1926 Tacitum
1397 1891 1414 1934 (
1431 1900 1447 1925 e
1469 1893 1481 1930 )
1504 1889 1623 1932 legitur
1645 1912 1658 1930 ,
1680 1898 1829 1923 venenum
1851 1890 1927 1923 nodo
1948 1892 2082 1925 crinium

1109 1937 1177 1979 ejus
1199 1935 1388 1969 occultatum
1411 1960 1420 1977 ,
1443 1944 1496 1969 nec
1518 1933 1584 1969 ulla
1606 1933 1639 1966 in
1661 1943 1712 1966 cor
1734 1942 1783 1966 ore
1798 1932 1887 1980 figna
1902 1933 2026 1976 sumpti
2047 1946 2081 1970 e-

1109 1979 1185 2013 xitii
1202 1986 1327 2021 ‚reperta
1348 1977 1407 2012 esse
1431 2004 1440 2012 .
1474 1980 1521 2013 At
1545 1978 1567 2012 fi
1591 1975 1675 2013 forte
1710 1987 1740 2011 1c
1762 1977 1916 2020 conjicias
1938 1990 1948 2015 ;
1981 1989 2078 2022 argu-

1111 2030 1258 2056 mentum
1280 2021 1362 2056 redit
1383 2021 1471 2064 quod
1497 2023 1590 2065 supra
1624 2026 1635 2061 (
1650 2020 1679 2065 f
1694 2024 1705 2060 )
1737 2029 1851 2055 contra
1873 2032 1984 2056 eorum
2006 2025 2081 2065 opi-

1110 2067 1243 2099 nionem
1263 2065 1440 2099 adductum
1473 2066 1514 2100 est
1546 2067 1605 2108 qui
1627 2077 1663 2098 ea
1686 2065 1813 2099 lamella
1847 2076 2008 2101 venenum
2025 2067 2082 2100 in-

1107 2108 1232 2144 clusum
1262 2107 1358 2143 fuisse
1381 2131 1391 2147 ‚
1428 2110 1660 2150 contenderent
1681 2131 1694 2149 ,
1727 2120 1794 2152 quo
1816 2109 1993 2153 Cleopatra
2022 2110 2079 2144 d‘e-

1107 2161 1226 2187 vorato
1248 2151 1278 2186 se
1294 2152 1528 2187 interfecisset.
1552 2153 1639 2186 Cum
1662 2152 1751 2188 enim
1772 2155 1930 2195 unguenti
1954 2154 2082 2197 panarii-

1107 2195 1175 2230 lum
1199 2202 1264 2230 non
1289 2197 1354 2229 toti
1376 2198 1509 2239 corpori
1535 2195 1740 2238 perungendo
1755 2219 1767 2236 ‚
1790 2196 1842 2230 sed
1864 2198 1960 2232 certis
1983 2198 2085 2237 duma*

1108 2247 1198 2274 taxat
1215 2239 1367 2282 partibus
1393 2265 1403 2281 ,
1427 2250 1463 2274 ut
1486 2249 1562 2281 puta
1586 2241 1719 2275 naribus
1742 2258 1752 2274 >
1785 2239 1919 2284 aliisque
1941 2242 2082 2288 ejusm-

1101 2283 1136 2317 di
1160 2305 1171 2322 ,
1197 2282 1387 2320 satis'effet3
1411 2282 1490 2326 quid
1514 2282 1674 2318 referebat
1696 2283 1836 2320 interdiu
1858 2284 1969 2330 januas
1990 2291 2079 2325 clau.

1100 2327 1174 2360 dere
1196 2350 1209 2368 ,
1232 2329 1264 2360 &
1287 2327 1427 2360 arbitros
1451 2338 1623 2368 amovere,
1648 2336 1685 2363 ut
1709 2327 1741 2363 id
1764 2327 1882 2365 faceret
1907 2334 1996 2374 quod
2017 2346 2078 2369 no-

1101 2371 1157 2417 ᾃιι
1179 2393 1193 2411 ,
1216 2381 1292 2404 cum
1314 2370 1457 2404 dormire
1481 2371 1645 2407 videretur
1665 2395 1678 2413 ,
1708 2375 1836 2408 nemine
1859 2375 2039 2419 suspicante
2064 2403 2076 2418 ,

1101 2415 1205 2447 iacere
1227 2411 1380 2457 potuisset
1407 2418 1417 2447 ?
1451 2415 1621 2450 Accedunt
1653 2425 1705 2449 tot
1730 2418 1824 2456 alia,
1855 2430 1928 2461 quae
1960 2422 2077 2455 iterare

1103 2467 1169 2490 non
1193 2466 1324 2501 oportet
1348 2481 1358 2498 ‚
1380 2468 1455 2492 cum
1480 2469 1647 2502 unguento
1667 2460 1727 2493 illo
1750 2463 1911 2504 minime,
1932 2475 2008 2499 curn
2030 2464 2079 2498 as·

1104 2500 1191 2542 pidis
1229 2510 1337 2535 autern
1361 2502 1471 2536 morsu
1495 2504 1639 2545 apprime
1670 2508 1883 2546 congruentia
1906 2530 1915 2546 ,
1950 2509 2077 2543 admoti

1105 2543 1237 2586 psylli,
1270 2544 1354 2578 binae
1386 2547 1422 2579 in
1458 2547 1593 2580 brachio
1625 2547 1853 2582 animadversae
1877 2553 2043 2592 punffiturae
2067 2576 2078 2592 ,

1105 2597 1219 2621 caetera
1243 2600 1251 2620 t
1277 2591 1362 2638 inter
1385 2600 1456 2632 quae
1480 2589 1551 2623 sunt
1571 2593 1768 2637 &perantiqua
1790 2591 1979 2633 simulacra,
2002 2596 2081 2639 qui-

1105 2630 1165 2664 bus
1186 2632 1337 2665 nonnrhll
1375 2633 1582 2667 tribuendum
1606 2634 1650 2668 est
1674 2655 1684 2671 ‚
1720 2635 1867 2678 illudque
1897 2638 2077 2680 praesertim

1082 2671 1194 2717 squod
1219 2673 1407 2718 disputandi
1431 2676 1631 2711 occasionem
1656 2679 1768 2711 attulit
1796 2700 1806 2717 2
1837 2680 1872 2713 in
1903 2692 1971 2723 quo
1994 2682 2077 2724 aspis

1104 2718 1149 2751 est
1174 2717 1215 2751 sic
1239 2718 1372 2752 brachio
1396 2719 1548 2761 alligata,
1574 2730 1609 2753 ut
1632 2720 1699 2763 ipsa
1724 2722 1847 2756 vinculi
1870 2724 2077 2759 constritffio-

1104 2772 1143 2794 ne
1165 2761 1291 2796 irritari
1313 2783 1324 2799 ‚
1356 2764 1387 2796 &
1420 2763 1458 2796 ad
1491 2764 1706 2798 mordendum
1740 2766 1870 2799 incitari
1894 2767 2038 2801 videatur
2062 2792 2074 2801 .

1105 2804 1178 2837 Nec
1200 2813 1231 2837 te
1254 2805 1335 2838 illud
1360 2815 1504 2840 moretur
1527 2805 1799 2848 quod-objicitur
1821 2829 1833 2847 ,
1863 2810 1951 2851 quasi
1975 2822 2073 2845 nemo

1103 2847 1216 2881 audere
1240 2847 1391 2890 potuisset
1415 2849 1556 2889 aspidem
1570 2850 1699 2883 vinculo
1711 2850 1750 2884 ad
1772 2850 1942 2887 brachium
1964 2855 2079 2888 astrin-

1102 2901 1175 2933 gere
1199 2916 1208 2931 ‚
1242 2903 1279 2924 ne
1303 2889 1333 2923 se
1355 2893 1464 2932 potius
1487 2916 1496 2931 ,
1519 2903 1616 2934 quam
1639 2892 1720 2926 illud
1743 2914 1755 2933 ,
1779 2895 1958 2930 morderet.
1981 2898 2075 2940 Qid

1103 2935 1190 2967 enim
1213 2933 1300 2967 aliud
1323 2933 1387 2966 illae
1409 2935 1593 2977 quaerebant
1616 2935 1739 2969 ancillae
1762 2936 1852 2976 duae,
1877 2938 1937 2972 nisi
1961 2950 1996 2974 ut
2020 2954 2077 2975 eo-²

1102 2977 1174 3011 dem
1198 2976 1292 3010 simul
1314 2988 1388 3010 cum
1410 2980 1542 3012 domina
1566 2976 1635 3011 fato
1657 2979 1830 3014 interirent
1856 3003 1865 3018 ‚
1897 2984 2073 3019 contuber-

1102 3021 1184 3053 nalis
1206 3019 1359 3054 Eunuchi
1383 3023 1565 3064 exemplum
1589 3021 1704 3055 secutae
1727 3047 1738 3063 ,
1770 3035 1867 3065 quem
1890 3027 1959 3060 Dio
1981 3030 2037 3071 (g
2058 3032 2075 3069 )

1101 3063 1199 3097 refert
1222 3086 1235 3103 ,
1270 3065 1378 3097 statim
1400 3076 1435 3099 ac
1457 3077 1491 3098 ea
1513 3073 1606 3106 capta
1631 3064 1695 3098 fuit
1720 3088 1731 3105 ‚
1760 3067 1958 3109 serpentibus
1984 3071 2019 3114 se
2037 3071 2073 3114 se

1186 3150 1192 3155 ¹
1277 3149 1282 3156 .
1601 3134 1610 3142 .
1635 3109 1775 3151 Reliqua
1798 3120 1909 3145 autern
1933 3125 2005 3156 quae
2030 3116 2071 3149 de

1100 3150 1193 3183 molli
1216 3170 1226 3187 ‚
1258 3149 1440 3193 umidoque
1464 3153 1636 3186 mulierum
1659 3154 1772 3187 animo
1794 3176 1806 3193 ,
1828 3154 1866 3187 de
1890 3166 1954 3190 una
1986 3156 2073 3200 aspi-

1097 3192 1136 3227 de
1160 3191 1197 3226 ad
1221 3201 1284 3226 tres
1314 3193 1460 3241 mulieres
1493 3193 1600 3229 morsu
1630 3196 1861 3230 interimendas
1892 3209 1958 3233 non
1992 3200 2071 3235 satis

1101 3246 1198 3278 apta,
1216 3238 1247 3268 &
1270 3234 1388 3280 sidquae
1410 3238 1568 3279 ejusmodi
1602 3238 1662 3272 alia
1687 3248 1743 3273 aut
1773 3251 1811 3273 ex
1835 3241 1943 3275 Kedio
1968 3264 1978 3279 ,
2011 3253 2068 3279 aut

1102 3279 1230 3313 aliunde
1255 3279 1357 3320 objici
1392 3290 1541 3323 poterant
1565 3303 1578 3320 ,
1612 3291 1685 3316 tum
1707 3282 1800 3316 editis
1824 3292 1915 3318 antea
1937 3287 2072 3329 Episto-

1102 3324 1163 3360 lis,
1187 3332 1258 3355 tum
1280 3321 1339 3356 hac
1361 3334 1491 3367 quoque
1515 3325 1597 3358 mihi
1621 3325 1732 3359 videor
1754 3324 1896 3360 diluisse.

1143 3368 1198 3408 46.
1222 3365 1302 3399 Haec
1325 3364 1422 3400 habui
1445 3379 1517 3410 quae
1540 3368 1579 3402 ad
1602 3368 1724 3402 easdem
1748 3369 1819 3402 illas
1838 3370 1996 3413 Epistolas
2018 3373 2073 3408 ad-

1101 3409 1207 3443 derem
1229 3417 1326 3447 ,non
1351 3419 1389 3443 ut
1411 3410 1451 3444 iis
1474 3422 1545 3453 quae
1567 3421 1679 3445 contra
1701 3412 1866 3455 ingeniose
1887 3436 1900 3454 ‚
1923 3417 1954 3448 δε
1976 3417 2072 3451 docte

1105 3464 1123 3487 a
1145 3453 1231 3487 Viro
1252 3451 1459 3495 Ampliffimo
1481 3453 1603 3532 scriptss
1615 3454 1696 3533 ἑιὲηῑ
1718 3476 1730 3493 ,
1752 3464 1959 3499 anteponeres
1980 3481 1992 3499 ,
2016 3460 2069 3495 sed

1714 3509 1733 3532 2
1993 3511 2031 3536 ut

98 3580 2064 3605 ffl————————————————-——==-—-=g

143 3637 157 3664 (
172 3643 188 3658 n
203 3633 212 3663 ὶ
230 3635 295 3658 Lett.
312 3633 358 3668 int.
374 3634 421 3659 alle
436 3633 551 3664 Opposiz.
612 3635 626 3664 (
642 3644 655 3659 ο
671 3635 681 3664 )
696 3642 723 3658 n·
741 3637 777 3665 38·
839 3637 854 3666 (
866 3643 884 3666 p
902 3637 910 3667 )
928 3636 985 3662 Vita
1000 3638 1061 3672 eit.¹
1103 3640 1119 3669 (
1132 3645 1147 3671 q
1163 3640 1173 3670 )
1188 3641 1250 3664 Nat.
1267 3639 1328 3664 Hist.
1345 3640 1363 3663 l.
1381 3647 1419 3665 ιιι.
1434 3647 1458 3666 c.
1474 3648 1497 3670 ς.
1559 3640 1596 3669 (r
1613 3642 1623 3672 )
1638 3643 1675 3667 De
1690 3644 1760 3667 Bello
1775 3643 1831 3673 Jud.
1845 3647 1865 3672 1.
1884 3652 1907 3676 ις

141 3669 156 3696 (
167 3665 210 3695 s)
227 3667 285 3689 Nat.
301 3665 359 3698 Ηιῐζ.
375 3667 395 3689 l.
411 3673 448 3694 29.
464 3673 487 3690 e.
505 3674 527 3695 4.
589 3665 603 3694 (
618 3672 629 3689 t
645 3667 658 3694 )
676 3665 796 3700 surm-n.
815 3675 852 3697 3⁰-
914 3667 922 3697 (
941 3676 956 3691 u
971 3667 985 3695 )
1006 3671 1023 3693 1.
1039 3674 1081 3703 pit.
1099 3678 1136 3703 5¹·
1195 3672 1209 3699 (
1225 3678 1239 3694 x
1255 3671 1268 3700 )
1285 3670 1340 3703 Vjta
1354 3669 1396 3695 cit.
1464 3672 1503 3702 ty
1518 3671 1532 3699 2
1549 3673 1635 3698 earm.
1651 3674 1668 3697 l.
1684 3680 1708 3699 ι.
1724 3673 1775 3698 od.
1790 3681 1829 3705 37.

141 3698 158 3726 (
176 3704 194 3724 z
209 3695 222 3723 )
238 3696 255 3719 l.
271 3698 294 3719 ⁶.
312 3695 385 3724 Epist.
402 3699 441 3721 1⁶.
503 3698 510 3725 (
530 3703 545 3719 a
560 3694 575 3724 )
591 3697 626 3721 De
642 3697 686 3721 fitu
730 3696 778 3721 rbrs
793 3699 810 3722 1.
828 3705 865 3732 ¹⁷.-
926 3697 969 3728 (b
984 3698 999 3727 )
1016 3701 1073 3725 vita
1089 3705 1132 3726 ert.
1194 3704 1208 3728 (
1221 3708 1234 3726 ε
1248 3701 1262 3731 )
1278 3700 1333 3728 vid.
1349 3700 1439 3732 supra,
1452 3707 1479 3729 n.
1497 3708 1534 3728 ro.
1597 3703 1613 3733 (
1627 3703 1644 3728 d
1657 3704 1673 3733 )
1688 3711 1713 3729 n.
1727 3711 1768 3734 440

140 3729 155 3757 ζ
169 3735 181 3751 e
195 3726 209 3756 )
224 3727 310 3751 Annal-
325 3726 344 3750 1.
360 3732 381 3755 3.
442 3724 504 3757 (ff)
521 3733 545 3751 n.
562 3733 604 3756 44·
664 3726 673 3757 (
688 3734 707 3757 g
723 3726 818 3758 )l.51.
834 3733 880 3754 cit„
