2498 4075
402 110 502 165 266

343 238 880 310 EPISTOLA
943 225 2115 298 ANATOMICO-MEDICA
2188 228 2394 299 XXV.

816 371 1018 442 Agitur
1050 370 1115 421 de
1150 363 1536 434 Lip'othymia‚
1571 363 1628 416 δι
1662 362 1937 429 Syncope.
1979 401 1989 413 ,

480 562 635 597 ostensum
649 561 714 602 est,
735 559 796 593 fine
808 561 954 601 Syncope
978 556 1034 589 esse
1059 552 1183 604 Potest-j
1207 549 1259 583 sed
1282 560 1345 598 non

481 608 626 648 Svncope
649 605 711 638 fine
732 600 919 645 Asphyxia.
946 597 1033 634 Illud
1045 595 1276 645 difficillimum
1296 603 1346 642 in·—

336 652 470 685 telieetu
492 644 532 684 est
554 662 560 683 ῑ
597 649 659 682 hoc
684 647 875 682 facillimum
902 670 909 677 .
942 643 1082 677 Minime
1103 649 1191 687 enim
1213 635 1344 669 mirabi-

339 695 369 729 le
394 694 458 734 est,
480 695 535 736 qui
561 701 765 727 mortuorum
788 689 903 721 fimiles
928 685 1073 730 jaceant,
1099 681 1206 732 inqhis
1229 688 1264 714 ut
1286 690 1346 711 cae-

339 731 407 772 tera
430 737 495 770 fere
518 737 626 769 omnia
649 736 723 767 vitae
747 731 888 767 indicia,
912 730 952 763 fic
977 729 1082 771 pullus
1105 735 1203 758 etiam
1225 721 1321 756 deesse
1336 747 1343 755 .

337 784 487 819 Contra,
510 790 573 811 non
595 778 669 810 satis
696 776 808 809 mirari
833 773 944 817 pollis,
969 774 1001 805 in
1025 768 1344 814 quibusnullumar-

336 825 488 858 teriarum
512 830 636 854 motum
658 820 790 862 reperias
804 842 814 857 ‚
838 819 872 850 in
895 818 935 849 iis
958 816 1103 858 pleraque
1126 822 1236 861 eorum
1259 820 1344 859 vige-

336 880 369 904 re
392 879 460 909 quae
484 866 517 898 in
540 864 728 898 hominibus
751 860 917 895 non'vivis
942 857 1061 898 modo,
1084 856 1135 891 sed
1147 855 1226 889 sanis
1248 862 1344 903 etiam

335 912 527 953 spet‘tamus.
554 907 693 941 Facilior
714 907 818 948 igitur
830 906 1007 946 Syncopes‚
1032 912 1128 945 quam
1139 898 1316 949 Asphyfflae
1331 918 1341 933 ‚

334 954 486 987 traRatio
509 950 551 985 est
574 962 581 983 .-
620 961 676 982 nec
698 948 866 983 difficilior
890 946 1115 989 Lipothymiae
1140 968 1150 983 ‚
1181 950 1300 992 quippe
1326 951 1342 973 a

335 999 483 1040 Syncope
504 1005 567 1028 non
592 992 648 1026 nisi
673 992 772 1035 gradu
788 991 1015 1034 discrepantis.
1039 989 1164 1023 Harum
1175 987 1340 1026 utriuique

334 1040 461 1078 causas,
485 1050 556 1083 quae
579 1036 735 1071 Valsalvae
759 1034 912 1078 quidem,
934 1035 964 1067 &
989 1032 1071 1068 mihi
1096 1033 1130 1064 in
1153 1028 1339 1062 cadaverum

331 1082 518 1118 diffeffione
540 1081 567 1114 se
592 1081 776 1115 obtulerunt
796 1103 808 1119 ,
831 1090 870 1112 ex
894 1075 1040 1120 Epistola
1064 1074 1122 1109 hac
1144 1070 1334 1117 cognosces.

332 1128 394 1166 Ille
417 1128 520 1167 igitur
543 1124 584 1157 fic
607 1125 747 1157 invenit.

377 1183 407 1204 2.
429 1165 634 1215 JUVENIS
660 1165 903 1209 duodetriginta
927 1173 1082 1196 annorum
1105 1184 1117 1200 ,
1150 1168 1300 1202 procerus
1324 1181 1333 1206 2

331 1218 364 1250 ,δε
387 1213 516 1256 pinguis
535 1235 546 1251 ,
571 1211 725 1254 tubraque
752 1222 767 1244 a
791 1218 901 1242 natura
925 1206 1028 1245 facie,
1050 1205 1161 1237 crebro
1178 1199 1334 1236 stomachi

329 1257 434 1291 dolori
459 1255 619 1289 obnoxius
640 1278 652 1294 ,
688 1254 745 1296 qui
768 1251 824 1285 sibi
848 1251 926 1286 dum
948 1250 1106 1283 inclinato
1127 1256 1260 1288 corpore
1283 1256 1335 1276 ca·

329 1309 388 1345 put
411 1299 599 1333 demittebat
620 1320 629 1335 ‚
666 1309 680 1329 a
704 1295 868 1329 stomacho
891 1293 1014 1337 aliquid
1036 1291 1076 1325 ad
1100 1290 1206 1340 fauces
1229 1298 1334 1321 means

330 1345 445 1378 sentire
467 1341 636 1378 videbatur
657 1364 670 1380 ‚
701 1338 864 1375 interdum
888 1337 932 1373 ob
954 1338 1074 1370 virium
1095 1334 1297 1383 debilitatem
1321 1354 1331 1369 ‚

329 1385 488 1426 laboriose
521 1385 549 1418 se
572 1394 699 1418 movens
720 1407 731 1423 ,
762 1386 794 1416 &
818 1382 909 1416 anxie
944 1379 1095 1422 respirans
1116 1390 1126 1417 3
1164 1377 1215 1428 bis
1236 1384 1333 1409 etiam

330 1432 441 1470 animo
474 1428 570 1472 usque
593 1427 670 1461 adeo
702 1425 848 1461 deficiens
874 1450 882 1465 ,
913 1433 950 1458 ut
974 1432 1119 1456 mortuiis
1152 1420 1333 1471 videretur3

330 1475 412 1518 saepe
433 1484 561 1517 quoque
586 1471 625 1505 de
649 1470 761 1507 dolore
784 1471 901 1513 capitis
920 1491 933 1507 ‚
967 1470 997 1500 δι
1020 1464 1236 1514 vertiginibus⁴
1256 1474 1336 1495 cori-

330 1517 477 1560 questu53
500 1527 572 1550 cum
598 1516 723 1558 aliquot
750 1522 821 1545 ante
847 1510 1001 1546 mensibus
1025 1510 1189 1553 pristinam
1206 1517 1337 1554 pingue-

329 1563 439 1595 dinem
462 1558 628 1596 amififfet,
655 1558 786 1592 rubrum
810 1566 915 1589 tamen
940 1554 1034 1587 faciei
1058 1554 1201 1587 colorem
1225 1548 1338 1583 servas-

332 1605 400 1644 set,
425 1604 476 1638 die
501 1602 629 1639 tandem
652 1600 807 1643 quadarn,
833 1599 1011 1641 vespertino
1036 1606 1179 1638 tempore
1205 1593 1339 1628 domum

329 1648 412 1683 redit
432 1646 547 1686 lassus,
571 1649 603 1684 ὃς
627 1646 726 1681 solito
749 1642 904 1677 stomachi
927 1641 1040 1674 dolore
1062 1649 1192 1673 vexatus
1222 1650 1230 1670 :
1264 1642 1339 1670 ven-

330 1692 443 1728 triculi
470 1691 631 1732 regionem
654 1687 798 1731 petroleo
816 1686 972 1727 inungit,
994 1693 1100 1716 coenat
1114 1706 1122 1720 ,
1147 1682 1338 1722 nossemque

329 1735 455 1780 placida
479 1734 586 1778 quiete
609 1729 782 1773 tranfigit3
805 1738 841 1763 ut
864 1739 958 1762 mane
968 1724 1231 1769 expergefiffim,
1254 1735 1339 1773 quae-

329 1781 414 1814 renti
436 1778 531 1814 uxori
556 1774 721 1818 quomodo
744 1773 772 1807 se
796 1772 943 1811 liaberet,
970 1771 1052 1803 reete
1071 1794 1083 1810 ‚
1106 1767 1334 1817 responderit..

332 1825 465 1867 Surgit,
487 1829 523 1858 ut
548 1821 653 1853 alvum
676 1825 844 1851 exoneret.
870 1818 959 1851 Dum
984 1813 1104 1848 ieecum
1126 1821 1240 1853 repetit
1254 1832 1262 1847 ‚
1284 1821 1341 1845 vix

331 1867 426 1911 pedes
450 1864 595 1901 attollere
620 1863 683 1905 jam
707 1860 789 1904 posse
812 1884 824 1900 ‚
854 1858 1001 1891 vacillare
1021 1881 1033 1897 ‚
1069 1861 1100 1890 &
1124 1853 1209 1898 quasi
1233 1852 1343 1902 cadere

333 1911 373 1944 ab
395 1920 495 1945 uxore
520 1906 716 1949 conspicitur
739 1929 745 1935 .
779 1902 929 1937 Tandem
951 1901 993 1934 ad
1025 1900 1144 1933 left-arn
1167 1905 1308 1943 pervenit
1333 1921 1343 1936 ‚

331 1957 367 1989 in
389 1962 522 1996 eumque
543 1948 713 1984 confestim
736 1946 764 1980 se
787 1945 892 1989 rejicit
910 1968 919 1983 ,
942 1944 1004 1977 hoc
1029 1954 1128 1980 unum
1147 1965 1160 1982 ,
1191 1944 1222 1974 &
1247 1941 1339 1973 iemel

330 1998 490 2034 clamansz
514 2007 535 2027 o
558 1993 709 2027 morbum
734 1988 915 2032 ingentem!
938 1988 1030 2022 Facie
1053 1987 1191 2020 multum
1216 1983 1307 2017 rubet
1332 2008 1341 2023 ,

333 2041 479 2086 pallescit
504 2036 604 2081 postea
619 2059 628 2073 ‚
653 2037 718 2070 leve
743 2034 783 2068 ad
806 2031 1218 2079 vomitumirritamentum
1241 2026 1340 2059 osten-

333 2085 383 2119 dit
399 2110 409 2125 ,
435 2083 579 2121 lotium>
602 2083 634 2116 δέ
657 2079 749 2115 faeces
773 2076 876 2111 reddit
897 2089 904 2108 :
941 2075 1027 2110 brevi
1051 2082 1208 2122 moritur.

332 2131 371 2163 M
387 2128 508 2163 ORT
522 2127 556 2158 U
572 2126 587 2157 I
612 2122 708 2159 facies
723 2147 731 2162 ‚
755 2122 788 2156 δέ
810 2120 933 2153 collum
954 2118 994 2153 ad
1028 2117 1170 2159 laryngis
1207 2114 1304 2162 latera
1326 2134 1340 2152 ,

333 2185 406 2207 curn
429 2171 528 2204 livore
551 2167 737 2203 tumebant.
870 2164 991 2196 Ventre
1016 2169 1127 2205 aperto
1149 2181 1158 2196 ‚
1181 2154 1340 2200 cliylifera

334 2228 389 2260 per
413 2212 636 2247 mesenterium
659 2208 731 2243 vasa
765 2206 1011 2248 conspiciuntur
1032 2216 1042 2242 3
1078 2215 1093 2236 a
1117 2210 1339 2252 coenaautem

335 2259 375 2294 ad
398 2266 534 2292 mortem
558 2254 610 2288 sex
633 2254 761 2290 circiter
785 2250 872 2284 horae
897 2247 1151 2295 intercesserant».
1180 2247 1260 2278 Lien
1281 2242 1341 2276 du-

336 2304 392 2347 plo
415 2299 518 2344 major
540 2306 605 2331 erat
627 2322 633 2329 .
670 2295 880 2329 Ventriculus
903 2301 1007 2326 autem
1038 2302 1107 2340 qua·
1125 2290 1239 2335 lienem
1275 2285 1341 2328 spe-

338 2345 466 2380 &aban
491 2343 569 2376 adeo
592 2343 718 2379 tenuis,
742 2347 778 2372 ut
802 2349 839 2370 ne
863 2335 1039 2369 dimidium
1053 2332 1182 2375 quidem
1206 2342 1273 2373 ejus
1299 2341 1340 2361 ae-

338 2397 451 2432 quaret
475 2383 685 2419 craffitudinis
706 2393 801 2424 quam
823 2381 857 2412 iri
871 2379 999 2419 reliquis
1024 2376 1160 2410 habebat
1175 2374 1340 2422 partibus.-

338 2433 458 2474 illoque
484 2431 517 2462 in
542 2429 614 2461 loco
639 2426 676 2459 ad
701 2425 862 2467 superiora
885 2422 995 2454 multis
1018 2420 1104 2452 intus
1129 2427 1193 2451 erat
1218 2416 1341 2462 sangui—

340 2476 407 2509 neis
433 2474 558 2517 punftis
581 2469 769 2503 distinecus.
796 2469 834 2501 In
856 2462 1027 2498 ventriculi
1051 2471 1155 2507 autem
1173 2472 1250 2510 cavo
1274 2459 1345 2509 iub:

341 2520 423 2554 flava
446 2519 546 2552 inerat
570 2513 701 2547 materia
714 2537 721 2544 .
857 2507 1008 2543 Thorace
1025 2506 1169 2552 recluso,
1192 2505 1271 2553 nil,·
1286 2504 1344 2535 nili

343 2565 379 2597 in
403 2560 497 2595 corde
514 2582 525 2599 ,
559 2556 766 2593 adnotatione
791 2553 926 2595 dignum
959 2549 1024 2583 fuit
1048 2572 1057 2588 ‚
1088 2560 1178 2592 cujus
1204 2546 1346 2581 auricula

340 2607 470 2641 dextera
493 2600 573 2636 adeo
595 2611 659 2633 erat
684 2594 818 2631 dilatata
837 2618 845 2633 ‚
869 2604 904 2628 ut
930 2595 1059 2626 tertiam
1079 2592 1188 2642 cordis
1210 2598 1347 2640 ⁴aequaret

343 2658 467 2696 partem
493 2658 501 2679 :
533 2645 644 2678 dexter
668 2651 772 2676 autem
795 2638 990 2672 ventriculus
1012 2633 1253 2685 copiainfluidi
1278 2633 1347 2666 san-

345 2692 452 2734 guinis
476 2692 638 2733 ingentem
662 2683 873 2722 continebat,
896 2693 969 2714 cum
992 2691 1087 2723 eaque
1110 2688 1266 2726 minorem
1289 2688 1347 2719 po-

345 2731 458 2779 lypum
481 2757 494 2775 ,
525 2742 646 2767 naturae
669 2729 809 2763 multum
831 2725 871 2760 ab
894 2727 934 2759 iis
957 2722 1218 2757 concretionibus
1232 2719 1348 2753 discre-

345 2779 452 2824 pantis
475 2800 485 2815 ‚
519 2787 590 2819 quae
613 2776 647 2808 in
681 2782 790 2807 eorum
814 2768 1004 2811 corporibus
1036 2766 1148 2809 saepius
1179 2771 1349 2813 occurrunt

345 2832 431 2865 quos
467 2820 565 2854 febris
589 2841 597 2855 ‚
643 2816 736 2851 aliive
770 2811 925 2856 ejusmodi
959 2810 1065 2858 morbi
1096 2810 1314 2857 interemerint
1340 2829 1347 2837 .

348 2863 530 2899 Substantia
552 2862 638 2894 enini
661 2868 725 2893 erat
748 2857 853 2891 multo
875 2854 1015 2888 craffiore
1038 2877 1051 2894 ,
1082 2862 1176 2901 atque
1192 2851 1291 2902 ‘aliter
1315 2860 1349 2883 ac

347 2909 384 2941 in
409 2907 475 2941 illis
497 2904 665 2946 compasta
689 2925 700 2943 ,
730 2900 839 2934 colore
863 2907 970 2932 autern
992 2897 1078 2931 carni
1102 2894 1218 2946 simili..
1255 2937 1260 2943 Ι

347 2951 464 2985 Cranii
487 2947 611 2982 fornice
633 2944 759 2978 exseeto
779 2967 788 2982 ‚
813 2942 890 2977 dum
912 2941 1021 2975 Craffa
1046 2949 1174 2986 meninx
1198 2936 1352 2971 incidere-

349 3003 405 3028 tur
434 3019 444 3034 ,
476 2992 577 3027 serum
600 2987 724 3033 prodiit
759 2985 799 3020 ad
827 2986 934 3019 uncias
967 2984 1073 3017 duas:
1106 2993 1197 3024 euius
1220 2981 1351 3024 paulurn

351 3039 386 3072 in
418 3034 604 3072 ventriculis
625 3041 753 3078 quoque
789 3029 908 3063 cerebri
940 3036 1099 3074 repertum
1132 3024 1173 3060 est
1193 3047 1202 3063 ‚
1239 3033 1353 3058 caetera

368 3092 425 3167 agl.
448 3124 536 3158 Cum
558 3119 597 3156 ad
617 3117 789 3153 ventriculi
814 3138 824 3154 ‚
855 3114 971 3157 capitis
1000 3136 1009 3152 ,
1040 3117 1072 3147 δι
1095 3111 1201 3146 cordis
1224 3109 1354 3160 morbos

353 3167 421 3203 haec
443 3167 577 3200 attineat
600 3162 731 3198 historia
737 3172 751 3200 ;
776 3162 859 3193 inter
882 3157 939 3190 hos
964 3158 1095 3191 ultimos
1119 3154 1231 3190 referre
1245 3153 1353 3203 ’malui

353 3219 520 3255 propterea
542 3207 619 3251 quia
641 3205 711 3239 duae
734 3205 800 3237 illae
823 3200 993 3245 praegressae
1015 3201 1115 3234 animi
1137 3197 1353 3238 defectiones,

354 3264 464 3297 graves
503 3251 581 3285 adeo
603 3257 640 3284 ut
676 3248 729 3282 hic
749 3246 880 3291 Juvenis
903 3253 1046 3278 mortuus
1070 3242 1127 3278 else
1150 3240 1325 3275 crederetur
1349 3265 1358 3281 ‚

356 3297 447 3339 cujus
480 3295 600 3337 generis
624 3290 788 3326 novissima
822 3288 920 3323 fuerit
943 3312 955 3327 ,
985 3299 1024 3321 ex
1048 3298 1108 3330 qua
1142 3295 1246 3334 rever-a
1271 3295 1358 3316 mor-

357 3349 431 3375 tuus
455 3334 497 3374 est
517 3362 529 3379 ,
562 3337 636 3371 satis
659 3334 810 3369 videntur
831 3329 1003 3373 significare
1024 3356 1031 3362 .
1066 3331 1153 3363 Nam
1177 3338 1358 3376 quicunque

360 3382 475 3418 modus
508 3381 606 3415 fuerit
628 3391 694 3423 quo
718 3375 813 3420 hujus
835 3375 958 3409 ultimae
990 3375 1123 3408 initium
1157 3373 1303 3421 ingruit,
1326 3375 1358 3405 &

361 3436 554 3469 quaecunque
577 3423 693 3467 capitis
708 3445 718 3461 ,
740 3429 971 3460 nervorumque
981 3418 1056 3450 inea
1068 3415 1285 3458 conspiratio,
1309 3426 1360 3464 ni-

362 3467 409 3505 hil
434 3479 622 3512 magnopere
645 3464 749 3499 obstat
779 3474 846 3506 quo
867 3462 971 3495 minus
993 3462 1027 3494 in
1061 3458 1219 3502 syncopen
1243 3456 1360 3492 defiiffe

340 520 456 634 A
472 518 615 563 Sphyxia
637 517 789 562 quidem,
815 525 852 549 ut
877 512 1095 557 superioribus
1121 507 1258 544 Litteris
1282 507 1345 549 (a)

1395 506 1610 542 arbitremur:
1634 503 1722 548 quod
1744 504 1913 541 confirmat
1936 506 2117 543 subsecutus
2140 506 2238 541 faciei
2261 506 2363 549 pallor
2385 530 2399 547 ,

1395 560 1450 583 nec
1466 559 1733 584 recrementorum
1755 549 1898 583 infirmat
1908 552 2013 585 exitus
2024 574 2038 592 ,
2061 554 2179 594 quippe
2190 561 2265 584 cum
2288 549 2399 592 sphin-

1396 595 1519 640 {terum
1551 592 1674 627 laxatio
1697 591 1859 626 interdum
1891 593 2025 638 syncopi
2058 605 2186 638 quoque
2217 594 2398 627 communis

1395 638 1455 669 sit.
1481 638 1619 679 Magnus
1641 642 1723 669 certe
1745 637 1891 669 inventus
1913 636 1955 670 est
1977 640 2011 671 in
2033 637 2126 672 corde
2149 636 2277 671 morbus
2297 660 2306 669 .
2326 636 2398 670 Nec

1396 691 1471 712 vero
1492 681 1527 714 id
1550 680 1592 715 ob
1615 689 1748 720 parvum
1772 679 1866 713 illum
1888 680 2044 724 polypum
2069 681 2144 715 dico
2162 704 2175 721 ,
2206 678 2297 723 cujus
2318 691 2399 722 qua-

1396 722 1560 768 liscunque
1581 722 1752 758 substantia
1766 746 1778 763 ‚
1801 721 1974 763 structura,
1998 727 2031 758 &
2052 726 2143 759 color
2167 724 2368 768 apparuerint
2385 734 2399 763 ‚-

1395 777 1459 799 nori
1484 775 1646 809 propterea
1669 764 1758 799 decet
1791 777 1901 799 eorum
1923 766 2070 800 oblivisci
2094 792 2105 808 ,
2137 779 2206 811 quae
2240 767 2398 808 superiore

1395 808 1539 852 Epistola
1562 813 1576 849 (
1598 808 1654 849 b)
1675 808 1815 852 exposita
1840 809 1910 843 sunt
1924 834 1932 843 .
1957 810 2015 844 Sed
2025 811 2070 844 ob
2091 821 2211 845 tantam
2231 810 2323 843 illam
2346 808 2398 843 di-

1393 864 1435 886 co
1444 852 1643 887 dexterarum
1664 852 1944 887 cordiscavearum
1961 853 2202 888 dilatationem.
2227 852 2300 887 Nili
2312 855 2398 886 enim

1394 896 1500 932 fuisset
1533 896 1727 930 ventriculus
1759 895 1814 928 ille
1845 897 1983 930 multum
2013 898 2200 938 dilatatus;
2231 899 2398 940 ingentem

1393 941 1556 973 continere
1577 940 1737 982 sanguinis
1761 940 1888 982 copiam
1921 950 1984 972 nori
2009 940 2181 983 potuisset:
2203 951 2302 983 neque
2322 950 2397 973 cum

1392 983 1446 1017 hic
1470 993 1558 1016 tanta
1582 984 1742 1026 sanguinis
1773 984 1868 1025 copia
1892 992 2028 1018 tumeret
2050 996 2062 1024 ‚-
2097 996 2159 1017 non
2193 995 2307 1026 magna
2339 981 2397 1016 effe

1390 1027 1500 1070 potuit
1524 1029 1680 1069 proximae
1704 1027 1852 1061 auriculae
1875 1025 2049 1068 dilatatio,
2071 1040 2142 1071 quae
2165 1028 2294 1060 tertiam
2318 1026 2398 1060 adeo

1386 1070 1488 1112 ampli
1518 1070 1627 1104 cordis
1662 1080 1783 1113 partem
1818 1079 1956 1113 aequaret
1982 1095 1990 1103 .
2038 1069 2257 1113 Amplificatis
2289 1079 2396 1103 autem

1386 1113 1492 1147 cordis
1515 1116 1619 1146 caveis
1639 1136 1648 1152 ‚
1674 1124 1739 1146 non
1764 1112 1932 1147 insolitum
1955 1113 2013 1147 else
2035 1140 2044 1153 ‚
2079 1115 2178 1147 animi
2201 1112 2397 1147 defectiones

1387 1156 1526 1190 accidere
1548 1178 1557 1192 ,
1591 1165 1706 1200 praetei·
1733 1157 1898 1189 Albertini
1922 1161 1935 1198 ξ
1958 1170 1973 1190 c
1996 1161 2010 1198 )
2033 1157 2281 1191 Observationes
2308 1181 2318 1197 ,
2351 1156 2398 1188 il-

1386 1200 1430 1234 las
1455 1201 1493 1233 ab
1517 1199 1762 1233 dilatationibus
1797 1202 1967 1242 repetentis
1990 1201 2158 1243 speciatim
2182 1201 2319 1234 caudicis
2341 1210 2396 1233 ve-

1385 1254 1429 1277 nae
1451 1246 1558 1282 Came,
1575 1242 1643 1286 five
1667 1242 1814 1287 auriculae
1837 1244 1937 1277 cordis
1961 1244 2092 1277 dexterae
2114 1244 2155 1277 fic
2170 1253 2205 1277 ut
2229 1254 2288 1278 non
2310 1252 2390 1275 nun.

1384 1297 1477 1329 quam
1500 1287 1531 1320 in
1551 1286 1716 1329 syncopem
1739 1286 1914 1320 cardiacam
1936 1285 2072 1328 definant
2093 1311 2102 1326 ,
2127 1296 2243 1329 praeter
2267 1284 2394 1319 Obser-

1386 1332 1548 1364 vationem
1581 1331 1639 1363 XI.
1664 1340 1734 1373 quae
1769 1330 1803 1361 in
1827 1330 1975 1363 Sectione
2010 1330 2050 1362 X.
2083 1329 2125 1363 est
2158 1328 2359 1373 Sepulchreti
2385 1351 2396 1367 ,

1388 1373 1450 1408 huc
1477 1375 1634 1406 attinente
1657 1395 1668 1412 ,
1692 1375 1723 1405 &
1748 1373 1824 1405 alias
1850 1371 1979 1406 fortasse
2002 1371 2194 1416 ejuscemodi
2217 1395 2227 1410 ‚
2259 1372 2396 1415 denique

1386 1427 1500 1461 praeter
1523 1416 1636 1455 illam,
1659 1427 1756 1458 quam
1780 1416 1859 1449 alibi
1883 1427 2011 1460 quoque
2033 1414 2311 1450 commemorandi
2336 1426 2396 1449 oc-

1386 1460 1544 1493 casionem
1578 1459 1750 1493 habuimus
1776 1484 1784 1498 ,
1818 1460 1935 1493 Graffii
1969 1460 2047 1492 Filii
2071 1463 2084 1499 (
2105 1461 2160 1500 ci)
2189 1459 2228 1493 de
2263 1459 2398 1493 muliere

1386 1502 1597 1548 lipothymiis
1617 1502 1727 1535 crebro
1751 1501 1954 1536 redeuntibus
1973 1503 2115 1536 obnoxia
2128 1526 2140 1544 ‚
2162 1515 2235 1547 quae
2245 1502 2374 1536 demum
2385 1524 2399 1543 ‚

1388 1552 1445 1580 vix
1469 1547 1648 1581 advertente
1671 1546 1848 1591 quopiam,
1873 1555 1996 1579 mortua
2017 1571 2026 1586 ,
2059 1549 2091 1579 &
2115 1557 2174 1589 pro
2199 1546 2399 1589 apoplec‘tica'

1389 1590 1524 1630 habita,
1549 1591 1673 1624 nullum
1699 1592 1854 1630 usquam,
1879 1588 1935 1622 nili
1960 1590 1993 1621 in
2018 1587 2146 1622 dextera
2178 1589 2287 1623 cordis
2313 1589 2399 1622 auri-

1389 1635 1481 1670 cula,
1505 1635 1623 1666 vitium
1648 1632 1917 1674 perscrutantibus
1931 1632 2105 1673 exhibuit,
2126 1632 2311 1667 consuetam
2326 1645 2400 1666 rno-

1390 1679 1454 1720 lcm
1477 1677 1525 1708 vel
1552 1677 1653 1718 duplo
1677 1679 1863 1716 superante,
1888 1685 2000 1718 praeter
2024 1675 2080 1709 has
2102 1699 2117 1715 ‚
2140 1677 2273 1719 inquam
2289 1697 2299 1712 ,
2324 1675 2400 1709 Ob·

1391 1721 1582 1754 servationes
1604 1741 1613 1757 ‚
1646 1717 1817 1752 ostendunt
1850 1719 1964 1762 aliquae
1997 1720 2097 1751 etiam
2129 1730 2168 1751 ex
2190 1719 2304 1752 nostris
2326 1742 2340 1759 ‚
2362 1728 2400 1753 ut

1391 1775 1462 1807 quae
1484 1763 1522 1796 de
1544 1761 1694 1796 cannabis
1717 1761 1940 1794 Carminatore
1964 1761 2125 1803 superiore
2150 1762 2295 1805 Epistola·
2316 1765 2400 1803 (e),

1392 1811 1433 1840 ὅ(
1449 1818 1520 1850 quae
1543 1806 1580 1839 de
1606 1807 1721 1838 Sutore
1743 1806 1874 1838 XViiI.
1908 1801 1993 1846 (f)
2024 1804 2182 1848 descripta
2204 1805 2246 1838 est
2271 1827 2279 1842 ‚
2314 1817 2396 1849 quo-

1394 1862 1466 1884 rum
1490 1851 1616 1892 utrique
1641 1871 1649 1885 ,
1682 1848 1748 1880 illis
1780 1846 2017 1882 defectionibus
2040 1848 2186 1882 obnoxio
2207 1873 2220 1889 ,
2251 1848 2273 1882 fi
2298 1851 2401 1882 vitam

1395 1893 1533 1935 syncope
1556 1901 1694 1934 ereptam
1715 1891 1860 1936 dixeris,
1884 1890 1976 1924 facile
2000 1896 2165 1926 annuam.
2191 1892 2253 1928 Sed.
2272 1891 2402 1934 insuper

1391 1936 1475 1978 leges
1505 1936 1539 1967 in
1572 1935 1678 1969 eadem
1697 1934 1848 1977 ,Epistola
1878 1935 2010 1968 XVIII.
2036 1935 2286 1969 Observationes
2320 1935 2401 1970 alias

1394 1979 1470 2013 duas
1502 1982 1625 2021 (g),
1660 1988 1736 2021 quas
1769 1989 1844 2010 cum
1874 1976 2037 2020 propofita
2069 1978 2229 2013 Valsalvae
2271 1990 2402 2022 compa-

1393 2033 1440 2056 res
1462 2046 1476 2062 ,
1512 2023 1773 2063 explicatumque
1795 2024 1894 2055 etiam
1925 2022 2064 2056 invenies
2088 2025 2101 2061 (
2123 2021 2144 2056 h
2165 2026 2184 2063 J>
2198 2046 2212 2063 ‚
2234 2021 2401 2065 quomodo

1392 2065 1566 2099 dilatatum
1597 2075 1655 2097 cor
1687 2062 1780 2096 facile
1815 2063 2002 2097 succumbat
2032 2064 2170 2108 denique
2203 2067 2293 2099 oneri
2329 2066 2396 2100 san.

1391 2109 1499 2152 guinis
1535 2108 1746 2150 praegravanti
1769 2129 1779 2145 ‚
1827 2110 1859 2140 &
1892 2106 2023 2140 celerem
2069 2107 2180 2142 afferat
2226 2119 2365 2143 mortem
2387 2133 2402 2150 ‚

1392 2152 1570 2196 praesertim
1601 2151 1625 2185 fi
1646 2149 1726 2193 quid
1763 2150 1889 2184 accedat
1913 2149 1996 2183 unde
2020 2150 2111 2185 illius
2137 2152 2327 2195 expellentes
2350 2153 2402 2184 vi-

1392 2208 1439 2230 res
1463 2197 1694 2229 imminuantur
1713 2217 1720 2224 .
1744 2194 1847 2235 Cujus
1871 2195 1915 2230 rei
1938 2193 2062 2229 causam
2085 2197 2118 2228 in
2145 2207 2182 2228 eo
2203 2195 2242 2228 de
2265 2208 2331 2239 quo
2353 2196 2403 2229 lo-

1391 2241 1522 2282 quimur
1543 2262 1552 2275 ‚
1582 2239 1706 2283 Juvene
1739 2236 1832 2271 facile
1855 2246 1994 2279 repetere
2029 2238 2068 2271 ab
2090 2240 2193 2273 nervis
2228 2239 2318 2283 potes
2340 2239 2401 2274 sive

1392 2284 1436 2315 ob
1459 2293 1563 2316 acrem
1586 2284 1641 2324 qui
1666 2290 1792 2322 repente
1809 2304 1825 2326 h,
1858 2282 1966 2315 laelum
1990 2283 2206 2316 ventriculum
2239 2284 2404 2326 corripue-

1393 2327 1437 2360 rit
1460 2349 1471 2366 ‚
1508 2325 1653 2359 dolorem
1676 2325 1832 2358 convulsis
1857 2345 1866 2360 ‚
1900 2324 1960 2357 five
1985 2325 2024 2358 ab
2058 2337 2137 2367 aqua
2160 2327 2216 2359 illa
2250 2325 2306 2360 sub
2329 2328 2404 2361 Du-.

1395 2380 1464 2402 ram
1507 2371 1689 2410 meningem
1722 2367 1898 2410 improviso
1932 2365 2028 2401 effusa
2060 2391 2071 2406 ‚
2115 2377 2169 2403 aut
2203 2369 2315 2403 saltem
2350 2381 2405 2404 au-

1393 2413 1444 2445 cta
1469 2438 1479 2453 ,
1511 2416 1543 2445 δέ
1578 2410 1738 2456 quidquid
1771 2413 1854 2444 intra
1892 2412 2037 2454 cranium
2071 2421 2137 2445 erat
2161 2435 2172 2450 ‚
2207 2414 2368 2455 premente
2393 2439 2404 2454 ,

1396 2456 1474 2489 adeo
1515 2464 1568 2489 aut
1610 2454 1790 2499 compreffis
1822 2478 1834 2495 ,
1875 2464 1929 2488 aut
1972 2454 2145 2497 spirituum
2187 2456 2318 2491 influxu
2365 2469 2405 2490 ex

1396 2509 1486 2543 parte
1526 2501 1659 2542 privatis
1685 2522 1697 2541 ‚
1729 2507 1765 2531 ut
1798 2497 1955 2540 ejusmodi
1987 2498 2096 2532 cordis
2128 2503 2247 2533 motui'
2276 2499 2405 2534 servati-

1397 2543 1442 2576 do
1475 2553 1563 2586 pares
1605 2543 1741 2585 amplius
1773 2543 1845 2575 esse,
1873 2553 1937 2575 non
1969 2541 2090 2585 possent
2125 2567 2133 2574 .
2179 2545 2293 2587 Itaque
2334 2544 2404 2579 san.-

1398 2587 1470 2629 guis
1504 2590 1537 2619 in
1578 2589 1663 2620 cavis
1695 2596 1760 2628 ejus
1795 2585 1932 2619 dexteris
1968 2608 1977 2624 ‚
2013 2588 2045 2619 &
2067 2608 2080 2625 ,
2117 2586 2204 2628 quod
2237 2586 2404 2631 consequi-

1399 2640 1454 2663 tur
1478 2654 1490 2671 ,
1522 2631 1554 2662 in
1591 2641 1676 2663 venae
1707 2630 1804 2661 Cavae
1827 2652 1849 2674 ,ὁ
1873 2631 1905 2661 &
1929 2630 2088 2671 proximis
2112 2628 2206 2672 hujus
2230 2632 2325 2664 ramis
2343 2632 2406 2676 Ju-

1399 2673 1564 2717 gularibns
1586 2674 1766 2708 cumulatus
1789 2694 1801 2711 ,
1833 2671 1972 2706 substitit
1994 2696 2007 2713 ,
2040 2683 2174 2715 eumque
2197 2675 2231 2706 in
2254 2675 2342 2707 collo
2367 2674 2406 2708 ad

1400 2718 1541 2763 lar-yngis
1564 2718 1658 2751 latera
1685 2738 1693 2753 ‚
1727 2718 1758 2748 δε
1791 2718 1826 2749 i'n
1857 2714 1937 2749 facie
1967 2716 2104 2749 livorem
2126 2739 2141 2757 ,
2181 2726 2409 2761 tumoremque

1399 2761 1528 2795 efleclt.
2280 2783 2298 2789 „

1442 2817 1473 2848 4.
1521 2805 1540 2837 S
1564 2806 1594 2839 A
1617 2806 1647 2837 C
1671 2804 1701 2839 E
1725 2803 1757 2837 R
1779 2804 1813 2836 D
1838 2804 1872 2835 O
1896 2803 1914 2835 S
1960 2813 2058 2836 annos
2087 2813 2179 2839 natus
2210 2804 2370 2848 sexaginta
2393 2830 2407 2848 ‚

1400 2859 1455 2891 per
1478 2848 1614 2891 triginta
1638 2848 1768 2880 circiter
1792 2847 1910 2889 capitis
1931 2870 1941 2885 ,
1972 2849 2005 2879 δε
2032 2848 2207 2882 ventriculi
2238 2849 2407 2886 debilitate

1401 2902 1553 2930 vexatus,
1577 2889 1628 2925 siti
1652 2902 1780 2934 quoque
1802 2913 1815 2930 ‚
1847 2892 1874 2922 &
1902 2890 2078 2932 repentinis
2103 2914 2113 2929 ‚
2147 2895 2306 2935 praecipue
2328 2893 2408 2929 dum

1401 2934 1524 2974 stabat,
1547 2937 1645 2968 animi
1670 2933 1905 2968 defectionibus
1928 2956 1941 2973 ‚
1975 2944 2049 2967 curn
2073 2935 2211 2977 pectoris
2235 2937 2375 2981 angustia
2396 2959 2407 2975 ‚

1404 2982 1436 3012 &-
1475 2979 1583 3022 pulsus
1618 2977 1844 3012 intermiffione
1865 2999 1875 3014 ‚
1909 2977 1943 3009 in
1977 2975 2096 3012 febrem
2127 2978 2255 3014 tandem
2288 2979 2407 3014 incidit

1404 3023 1593 3057 Tertianam
1618 3021 1778 3065 duplicem
1800 3021 1987 3054 continuam
2009 3043 2020 3059 ‚
2066 3033 2113 3056 uae
2136 3025 2261 3057 acutior
2283 3025 2319 3057 in
2342 3023 2410 3057 dies

1403 3064 1488 3100 faeta
1499 3090 1512 3107 ,
1534 3068 1567 3100 in
1590 3065 1772 3102 ardentem,
1798 3073 1891 3106 atque
1916 3063 1993 3097 adeo
2016 3033 2166 3100 leilhalem
2187 3066 2404 3110 degeneravit.

1534 3111 1565 3143 A
1594 3110 1616 3141 Β
1641 3111 1672 3142 D
1697 3109 1732 3141 O
1753 3108 1792 3140 M
1817 3109 1832 3139 l
1857 3108 1892 3140 N
1916 3108 1946 3141 E
1969 3107 2129 3150 ἀίάιιᾶο,
2151 3121 2318 3145 omentum
2328 3123 2408 3155 prae-

1404 3151 1522 3196 grande
1544 3155 1712 3186 inventum
1735 3149 1777 3184 est
1795 3174 1809 3192 ‚
1840 3150 1929 3194 quod
1952 3150 1983 3184 se
2013 3154 2048 3185 in
2071 3150 2159 3187 funis
2191 3154 2323 3189 modum
2355 3156 2406 3188 in·

1403 3195 1535 3230 torserat
1555 3220 1561 3228 .
1587 3198 1708 3231 Dexter
1731 3205 1785 3227 ren
1808 3193 1913 3228 deerat
1933 3217 1945 3234 ‚
1977 3205 2076 3237 neque
2098 3197 2201 3231 ullum
2233 3207 2297 3231 erat
2322 3197 2409 3231 vaso-

1408 3251 1480 3273 rum
1512 3239 1577 3283 ejus
1602 3236 2080 3281 Emulgentiuvaestigium:
2114 3238 2234 3275 sinister
2268 3243 2408 3275 naturali

1408 3294 1476 3317 erat
1500 3280 1744 3325 magnitudine,
1767 3284 1799 3315 &
1822 3281 1989 3316 veficularn
2012 3292 2092 3324 aqua
2118 3284 2244 3325 plenam
2268 3307 2281 3325 ‚
2311 3296 2409 3328 quam

1410 3325 1597 3369 hydatidem
1619 3334 1732 3358 vocant
1753 3348 1763 3365 ‚
1798 3324 1926 3359 fovebat
1944 3349 1951 3357 .
2086 3326 2234 3362 Thorace
2255 3327 2410 3370 dissecto,

1408 3371 1604 3404 ventriculus
1628 3369 1735 3403 cordis
1759 3368 1867 3403 dexter
1890 3368 1966 3404 satis
1999 3381 2147 3414 magnam
2169 3372 2411 3407 concretionem

1409 3413 1598 3456 polypoi'am
1621 3411 1758 3447 ostendit
1771 3435 1783 3452 ,
1803 3424 1873 3456 quae
1885 3411 1923 3445 ad
1945 3415 2137 3453 mediocrem
2157 3414 2294 3450 tractum
2317 3415 2412 3459 seper

1411 3467 1519 3491 venam
1534 3458 1654 3490 Cavam
1664 3456 1857 3500 producebat
1869 3468 1880 3496 3
1895 3454 2013 3492 sinister
2024 3459 2180 3492 minorem
2192 3480 2204 3498 ‚
2219 3469 2289 3500 quae
2301 3469 2412 3493 venam

2297 3503 2370 3536 Pul-

360 3593 2419 3614 ffl-—ffl—fflmm

424 3670 583 3732 ξο)η,φ.
645 3667 939 3700 (b)n.30.&aiiis.

452 3700 535 3730 ³2¹¹-
652 3699 748 3730 if)n

754 3707 798 3725 .².
859 3697 1107 3728 (glo-8.8t141
1168 3695 1320 3724 (b2n3.

1002 3668 1015 3695 (
1031 3675 1041 3689 c
1057 3666 1071 3695 )
1088 3667 1227 3690 commenti
1245 3665 1273 3689 de
1290 3666 1380 3691 Bonon.
1399 3666 1436 3690 Sc.
1455 3665 1527 3691 Acad.
1544 3667 1616 3690 Tem⁴
1637 3666 1657 3688 1-.
1674 3666 1699 3690 in
1717 3666 1836 3695 opuscul.

1901 3668 1915 3697 (
1931 3666 1947 3691 d
1963 3668 1976 3696 )
1993 3668 2056 3698 Epir.
2073 3670 2107 3694 N.
2124 3672 2155 3697 C.
2175 3674 2248 3698 Ceut.
2265 3682 2287 3704 5.
2305 3672 2363 3698 Obs.
2375 3680 2412 3700 ²4-
