2498 4075
335 201 377 249 E
414 197 463 248 T·
531 197 649 251 R.E
688 197 733 248 R
771 196 932 249 [lta
1003 196 1392 250 1v‹3·r.A.B
1430 197 1587 251 tlsl
1624 196 1665 240 U
1707 198 1802 253 II.

230 287 302 319 quaa
324 276 423 309 causae
449 273 545 318 hujus
569 272 676 307 morbi
699 273 757 308 effe
783 272 955 309 videantur
979 297 986 304 .
1024 272 1110 308 Ibid.

229 330 331 396 cat5113'ce
347 319 519 404 8{bsechclias
554 358 695 393 creditur
727 358 901 394 mulierum
927 362 1078 402 proprius
1101 385 1109 393 .

277 405 363 439 Ibid.
388 409 419 439 δέ
442 415 491 447 54.
799 445 816 451 ..

327 449 395 483 aliae
420 449 456 480 ad
479 446 534 480 has
557 445 730 480 necessario
753 445 954 486 adjiciuntur
981 471 988 479 .
1022 447 1109 481 Ibid.

233 548 333 571 unum
357 494 479 576 {insin
502 534 592 566 virili
638 532 713 566 sexu
760 532 945 574 exemplum
970 556 979 566 .
1027 532 1112 567 Ibid.

281 591 330 621 59-

238 625 304 663 eius
328 632 409 663 aqua
432 631 505 653 cum
530 621 666 656 foetens,
691 630 745 653 aut
776 619 910 652 erodens
943 619 982 651 fit
1004 640 1013 657 ‚
1053 631 1110 653 nec

279 666 400 706 semper
423 676 439 697 a
464 676 577 704 mora,
599 673 656 696 nec
681 664 720 697 ab
743 662 801 698 hac
827 662 893 695 sola
916 660 954 695 fit
971 688 978 695 .
1025 663 1109 697 Ibid.

182 766 184 769 ’
230 721 399 796 ςυςζῐηοάο
423 750 548 792 ingenti
573 748 652 790 saepe
675 751 771 793 copia
797 750 855 787 fit,
893 751 923 783 &
964 759 1111 783 nonnun..

273 807 372 837 quam
395 794 545 836 gelatinae
567 793 685 832 instar,
709 804 762 827 aut
786 794 944 836 glutinis.
970 793 1055 826 Ibid.
1081 797 1113 828 &

280 849 328 880 w.
418 882 425 888 .
763 880 826 886 ..
1088 880 1095 887 .

228 893 306 915 num
331 880 585 925 quotiescunque
610 879 771 923 absumpti
795 879 852 913 visi
877 879 949 912 sunt
965 878 1113 912 abdomi-

275 927 323 959 nis
347 925 507 962 musculi,
533 923 695 963 absumpti
723 935 829 956 revera
854 921 996 956 suerint.
1026 924 1113 957 Ibid.

88 970 271 1006 -Petitonaei
293 970 454 1012 hydropis
476 968 561 1009 signa
579 992 585 999 .
609 968 790 998 XXXVIII.
820 967 867 1007 58.
886 976 936 1007 59.
1078 1011 1084 1015 Π

230 1011 305 1046 satis
328 1013 458 1056 quidem
483 1010 606 1044 faciunt
633 1010 671 1044 ad
695 1009 779 1043 hunc
805 1009 985 1052 hydropem
1005 1033 1017 1049 ,
1054 1008 1111 1043 nisi

276 1055 363 1090 forte
386 1057 483 1089 nimis
507 1053 729 1097 progressum,
752 1053 1034 1089 internoscendum
1073 1055 1113 1086 ab

276 1099 390 1133 ascite.
417 1098 504 1133 Ibid.

230 1142 280 1176 sed
304 1154 368 1176 non
394 1142 470 1176 satis
496 1142 532 1175 ad
558 1138 841 1182 internoscendum
867 1153 883 1174 a
905 1139 1113 1182 quarundam

275 1187 409 1220 aliarum
440 1187 583 1218 Partium
609 1183 777 1226 hydrope.
804 1184 889 1217 Ibid.
918 1194 968 1225 59.
994 1187 1046 1217 60.

232 1241 310 1263 num
334 1231 367 1263 in
391 1229 453 1263 hoc
477 1227 625 1271 hydrope
649 1239 812 1270 nunquam
839 1228 1028 1269 protuberet
1041 1238 1113 1261 um-

275 1273 395 1307 bilicus
416 1298 422 1305 .
447 1273 531 1306 Ibid.
558 1284 608 1313 59.

92 1347 98 1352 .
232 1316 271 1350 ad
294 1317 478 1358 complures
503 1316 582 1359 saepe
607 1325 704 1349 annos
737 1314 899 1359 perfertur
933 1313 987 1347 hic
1024 1325 1108 1352 mor.

83 1356 103 1388 ἶ
275 1360 350 1393 bus.
377 1359 462 1393 Ibid.
489 1362 540 1401 56.
568 1360 618 1401 58.

231 1403 376 1437 adversus
400 1404 504 1444 ipsum
530 1404 585 1443 qui
611 1402 709 1443 primi
735 1399 985 1444 paracentefin„
1011 1403 1130 1435 &cuv

274 1447 517 1489 proposuerint.
543 1445 628 1478 Ibid.
652 1447 703 1476 61.
979 1487 984 1493 ι

231 1501 303 1533 quae
328 1491 433 1532 postea
456 1489 517 1523 sint
542 1491 743 1530 exceptiones
767 1486 906 1521 additae.
934 1486 1020 1521 Ibid.

231 1544 303 1576 quae
328 1532 496 1567 addendae.
522 1530 608 1565 Ibid.
634 1535 685 1563 62.

97 1578 159 1610 Pes
182 1576 351 1620 quomodo
374 1574 485 1617 nihil,
508 1574 566 1609 nisi
590 1583 682 1609 certo
705 1573 778 1607 loco
796 1597 809 1615 ,

191 1631 240 1654 12.

97 1663 188 1697 Peste
212 1664 430 1698 extinc'torurn
453 1662 608 1698 cadavera
631 1661 681 1696 vel
696 1661 1110 1704 postquamrefrIguerint‚

186 1718 264 1740 num
288 1708 390 1741 incidi
415 1717 489 1742 tuto
514 1707 652 1751 poffint.
678 1706 801 1740 XLIX.
827 1716 878 1748 32.

95 1751 248 1784 Peticulae
272 1761 341 1786 turn
366 1751 474 1785 soluto
489 1776 499 1791 ‚
522 1761 593 1785 tum
618 1750 793 1792 coagulato
818 1750 971 1792 sanguine
994 1761 1109 1792 prove-

183 1796 326 1829 nientes.
353 1795 440 1829 Ibid.
465 1805 516 1827 22.

91 1839 237 1878 Petitus,
263 1838 468 1876 Franciscus,
491 1850 531 1871 ex
556 1838 603 1871 R.
628 1837 677 1871 Sc.
711 1835 866 1870 Academ.
900 1835 1104 1886 *parisiensis

181 1881 265 1924 Ejus
287 1883 419 1916 cuidam
443 1884 528 1916 circa
553 1892 670 1921 aquam
715 1880 910 1922 Crystallini
954 1880 1102 1915 humoris

180 1925 365 1959 diffenfioni
389 1925 462 1959 satis
486 1925 545 1959 fit.
571 1925 665 1957 XIII.
693 1936 741 1966 ¹4·

79 1969 245 2008 -Petitus,
265 1969 319 2013 Jo.
346 1968 532 2003 Ludovicus
547 1989 555 2003 ‚
579 1979 618 2001 ex
643 1969 686 2002 R.
712 1967 818 2001 eadem
841 1967 1100 2002 Academialau-

180 2013 289 2047 datus.
318 2014 403 2049 XVI.
431 2021 479 2057 13.
504 2013 610 2045 XVII.
636 2022 687 2053 29.
705 2012 856 2045 XXXIV.
872 2012 1099 2052 26.XLVII¹I.

92 2085 97 2089 .
179 2059 233 2090 60.
932 2083 933 2087 ,
953 2067 957 2070 ⁴

91 2099 247 2138 Petsche‚
267 2100 322 2142 Jo.
349 2099 484 2136 Zachar.
510 2101 677 2135 laudatus.
704 2100 812 2134 XXII.
848 2103 899 2136 26.
939 2102 1036 2134 XXX.
1073 2100 1106 2136 8.

183 2144 331 2176 XXXIV.
362 2154 408 2186 15.
433 2146 559 2178 XLIII.
584 2156 637 2188 37.

90 2189 192 2227 Petz‚
216 2187 310 2222 Guil.
335 2188 525 2230 Christoph.
553 2187 704 2221 Medicus
717 2185 1022 2222 Marckscheinfeld.
1038 2187 1106 2222 Iau-

179 2231 290 2264 datus.
315 2232 371 2263 LI.
421 2233 450 2264 8.

90 2275 231 2315 Peyeri,
251 2274 306 2318 Jo.
332 2246 435 2307 Con4r.
461 2275 539 2308 Ievis
563 2271 796 2307 hallucinatio-
824 2275 939 2309 XXIX.
964 2285 997 2318 4.

89 2318 252 2357 Peyerus‚
272 2317 329 2361 Jo.
352 2318 422 2360 Jac.
446 2318 613 2352 laudatus„
639 2317 798 2347 XXVIII.
811 2328 842 2358 4.

91 2359 284 2393 Philotheus
300 2385 308 2392 .
333 2361 386 2394 De
412 2361 480 2402 ejus
501 2354 644 2405 quodarfl
668 2360 743 2392 loco
767 2360 801 2391 in
849 2371 917 2403 quo
962 2361 1105 2395 Galenus

179 2405 323 2442 citatur,
350 2404 566 2445 suspiciones.
592 2404 691 2432 XXV.
723 2413 769 2444 ¹4·

82 2445 271 2483 Phrenitis,
296 2449 328 2479 ἅτ
352 2448 414 2479 alia
438 2459 511 2480 curn
536 2446 625 2480 febre
648 2445 764 2479 deliria
787 2446 821 2479 in
846 2447 917 2480 aliis
951 2447 1025 2481 sunt
1066 2449 1106 2483 ab

175 2490 246 2523 aliis
269 2489 388 2523 causis.
415 2491 495 2524 VII.
524 2491 553 2525 8.

219 2534 252 2566 in
279 2535 387 2566 multis
412 2543 519 2567 tamen
545 2547 560 2568 a
584 2534 681 2575 copia
704 2532 865 2575 sanguinis
889 2535 921 2567 in
948 2536 1104 2568 vasisme·

264 2577 400 2618 ningum
417 2602 424 2615 ,
448 2579 479 2610 &
504 2578 543 2612 ab
565 2588 645 2620 aqua
669 2577 706 2609 ad
731 2576 785 2610 has
810 2577 926 2610 effusa.
953 2578 1101 2611 Ibidem.

219 2619 254 2652 in
278 2620 418 2660 quodam
441 2632 527 2664 aegro
551 2622 770 2663 praenunciata.
791 2619 855 2653 fuit
880 2634 901 2658 a¹
919 2620 995 2654 falsa
1013 2621 1103 2655 audi-

268 2664 359 2697 tione
397 2675 594 2706 organorum
643 2669 926 2705 pneumaticorum
958 2689 965 2697 .
1015 2666 1100 2699 Ib-Id.

273 2709 320 2738 16.

86 2748 231 2786 ,Phthisis
254 2750 407 2792 ingenitae
433 2764 504 2792 quae
528 2751 621 2786 initia
647 2749 708 2783 fint
732 2750 765 2783 iu
792 2751 944 2794 pulmone
969 2752 1103 2795 conspe-

177 2794 243 2827 ἀεὶ.
270 2792 297 2826 1.
325 2803 354 2827 2.
380 2798 486 2828 XXII.
516 2806 564 2836 19.
592 2806 647 2828 20.

223 2846 289 2869 non
314 2837 467 2879 ingenitae
490 2840 638 2881 origines
663 2837 779 2871 variae.
808 2840 912 2870 XXII.
939 2850 991 2873 20.

223 2881 382 2956 etiirgidex
398 2882 622 2957 tglestillatione
647 2893 663 2914 a
687 2883 819 2923 capite,
843 2885 874 2914 &
908 2882 1101 2925 quomodo.

248 2948 251 2950 -
309 2934 318 2955 1
345 2949 351 2955 .
378 2936 393 2957 2
420 2949 430 2957 ι

858 1571 991 1608 sentiret
1015 1600 1023 1608 .
1070 1576 1108 1608 L.

221 2977 318 3008 quam
342 2968 593 3003 destillationem
616 2969 785 3011 quomodo
809 2969 1043 3010 Mercurialis,
1067 2973 1098 3004 &
1142 2990 1145 2992 -

266 3010 481 3046 Gavaffettius
503 3013 567 3046 alio
591 3013 767 3045 averterint
786 3036 792 3044 .
819 3011 949 3046 Ibidem
965 3039 973 3047 .

220 3052 433 3093 scrophulosae
457 3068 528 3099 quae
552 3055 614 3089 fint
639 3055 780 3089 indicia.
807 3055 891 3088 Ibid.
920 3058 969 3091 18.
996 3068 1044 3099 ¹9-

221 3096 387 3139 quomodo
412 3103 504 3140 potio
527 3099 650 3140 frigida
675 3101 708 3132 in
746 3100 952 3135 aestuantibus
983 3101 1100 3143 phthi-

263 3141 321 3172 sim
345 3141 476 3175 inducat
496 3169 502 3176 .
527 3143 613 3175 Ibid.
644 3155 694 3175 20.

220 3181 340 3225 phthisi
364 3185 515 3219 obnoxiis
537 3186 729 3229 quibusdam
752 3185 877 3229 prodest
909 3187 1098 3225 vehemens,

264 3238 337 3303 ῗὲιῇ
362 3228 441 3261 alios
465 3230 553 3264 Iaedit
578 3252 588 3268 ,
634 3230 825 3272 pulmonum
873 3234 1065 3265 exercitatio
1089 3256 1098 3265 .

201 3295 203 3297 .
307 3282 314 3302 ι
342 3295 349 3302 .
419 3297 426 3304 .

87 3310 330 3361 Phthisicorum
355 3282 445 3356 sprgta
470 3315 508 3348 ab
530 3316 732 3358 Hippocrate
755 3329 811 3351 cur
836 3330 890 3359 per
904 3330 1019 3361 aquam
1033 3332 1097 3352 ma-

173 3366 298 3431 trinam,
324 3358 429 3391 aheno
452 3366 639 3394 contentam
656 3384 666 3398 ‚
693 3363 961 3403 exploraremus.
991 3365 1097 3398 XXII.

213 3443 383 3485 quomodo
406 3457 440 3477 ea
465 3444 647 3485 exploratio
671 3445 708 3479 sit
733 3448 924 3481 instituenda
942 3474 949 3480 .
965 3449 1051 3482 Ibid.

218 3498 253 3520 ea
276 3498 331 3529 per
354 3499 489 3531 aquam,
517 3489 640 3531 aliaque
666 3502 720 3532 per
743 3494 851 3531 ignem
862 3494 1043 3535 exploratio
1056 3492 1096 3526 ad

259 3531 451 3607 frogfgiglm
476 3530 541 3569 est,
565 3542 629 3566 non
655 3535 692 3567 ad
717 3533 918 3577 diagnosim‚
952 3536 1096 3580 proposi-

278 3585 293 3606 a
311 3599 318 3605 .
391 3586 399 3606 i
428 3599 435 3607 .

1149 3192 1312 3228 Placentae
1335 3196 1468 3229 uterinae

1926 200 2093 255 lxxxi

1295 275 1488 317 quibusdam
1513 274 1604 308 utilia
1627 274 1772 317 quaedam
1796 284 1943 310 narrata.
1968 279 2053 314 Ibid.
2076 280 2128 314 28.

1293 321 1376 361 qui,
1402 321 1433 351 δε
1458 318 1606 362 quando,
1631 321 1663 351 δι
1698 330 1796 361 quam
1829 319 1960 355 difficile
1981 346 1992 362 ,
2033 333 2168 367 raroque

1340 360 1505 395 sanentur.
1532 360 1616 395 lbId.
1641 372 1694 404 30.
1944 389 1949 391 >

1166 404 1306 439 Phthisis
1329 405 1490 438 interdurn
1514 414 1622 438 curata
1655 403 1798 440 creditur
1830 418 1901 449 quae
1934 406 2072 450 phthifis
2103 419 2170 443 non

1253 448 1340 482 fuit.
1364 447 1449 481 Ibid.
1477 450 1582 490 27.'&
1608 447 1696 491 seqq.
1731 452 1735 459 ¹

1293 492 1451 525 inchoatae
1466 517 1475 530 ‚
1501 500 1553 524 aut
1579 502 1662 524 certe
1685 491 1862 525 consimilis
1886 492 2005 534 phthisi
2025 493 2171 530 affefiio.

1338 537 1387 568 nis
1414 534 1492 567 felix
1508 534 1725 577 -absolutaque
1746 537 1893 568 curatio.
1919 537 2002 570 Ibid.
2029 549 2081 582 31.
2139 581 2159 619 d

2085 582 2136 616 Ibi
2162 608 2171 616 .

1289 578 1319 612 se
1342 578 1389 613 lui
1422 578 1575 611 Venereae
1608 578 1814 621 adjungentis
1858 581 2004 623 exempla
2028 605 2036 613 .

1342 632 1389 654 11.

1168 664 1348 700 Phthisicos
1372 663 1508 701 austrina
1536 664 1682 699 saeviente
1706 665 1960 704 constitutione,
1985 668 2172 711 plerumque

1251 710 1354 753 perire
1379 708 1490 740 soiitos
1514 707 1665 741 Valsalva
1691 709 1857 743 adnotavit
1873 733 1880 740 .
1909 711 2083 753 XXII,15,

1296 752 1465 796 pulmones
1489 750 1650 793 superiore
1674 752 1872 794 potiffimum
1911 763 2001 796 parte
2037 756 2174 789 vitiatos

1337 797 1371 828 in
1396 793 1567 869 phthsisicis
1591 795 1830 829 ideminvenire
1842 798 2071 834 consueverat.
2087 798 2172 834 Ibid.

1342 850 1354 872 1
1384 862 1390 869 .
1415 840 1445 870 ὃ(
1483 849 1554 880 eqq.

1361 850 1463 914 3unde
1488 882 1520 913 id
1544 881 1686 916 accidere
1711 884 1873 925 potuerit.
1902 884 1988 918 Ibid.
2012 895 2065 929 47.

1298 925 1421 959 Eorum
1445 925 1576 966 quidam
1604 927 1766 966 multum,
1788 927 1921 969 quidam
1958 930 2013 961 vix
2047 928 2171 971 aliquid

1338 969 1499 1044 {ffffimnis
1524 969 1558 1004 in
1582 970 1812 1011 pulmonibu5‚
1839 974 1870 1004 δε
1904 972 1983 1006 vafis
2018 971 2137 1013 habent
2160 996 2169 1003 -

1382 1022 1389 1043 i
1418 1037 1424 1044 .
1450 1022 1499 1045 20.

1382 1056 1435 1091 alii
1459 1067 1514 1087 cur
1538 1054 1677 1090 exsuccis
1702 1057 1912 1098 pulmonibus
1936 1079 1945 1095 ‚

1420 1099 1587 1140 oppletis,
1615 1101 1816 1133 moriantur.
1846 1101 1992 1139 Ibidem.

1295 1142 1332 1174 In
1356 1152 1464 1175 eorum
1489 1141 1618 1176 thorace
1642 1144 1713 1186 quis
1737 1144 1786 1177 vel
1811 1144 1890 1182 olim
1914 1156 2028 1189 aquam
2043 1148 2172 1184 invene-

1335 1187 1396 1219 rit.
1429 1185 1515 1219 Ibid.
1544 1195 1592 1228 17.

1379 1240 1456 1306 nugi
1482 1242 1515 1263 ea
1539 1241 1554 1262 a
1577 1230 1700 1264 dextris
1724 1239 1852 1265 tantum
1877 1235 2074 1275 reperiatur.
2102 1235 2169 1270 Ibi-

1447 1285 1517 1306 em.

1161 1314 1294 1358 Physica
1318 1315 1465 1359 quaedam
1490 1316 1697 1358 phaenomena
1721 1330 1792 1361 quae
1817 1319 1969 1354 videntur
1995 1322 2033 1356 ad
2067 1322 2176 1356 Medi-

1247 1360 1352 1393 cinam
1378 1359 1559 1394 fariendam
1584 1362 1741 1403 inutilia,
1766 1362 1942 1405 aliquando
1957 1366 2051 1400 utilia
2066 1377 2174 1409 reper-

1248 1412 1280 1435 ta
1307 1401 1402 1436 sunt.
1430 1405 1522 1440 XIII.
1551 1415 1599 1437 22.

1161 1445 1379 1489 Phyfiologiae
1404 1447 1562 1482 necessitas
1586 1448 1625 1482 ad
1650 1448 1860 1484 abditiffimos
1883 1453 2015 1488 morbos
2028 1454 2175 1489 interno-⁴

1245 1489 1393 1527 scendos.
1422 1492 1542 1523 XVIII.
1574 1503 1619 1525 12.

1161 1533 1421 1572 Piccolhomini,
1445 1535 1612 1577 Archang.
1636 1534 1755 1577 dogma
1778 1535 1816 1570 de
1850 1537 2023 1579 profundis
2057 1542 2174 1584 capitis

1249 1576 1417 1611 doloribus
1441 1589 1505 1610 non
1531 1580 1649 1621 semper
1676 1590 1809 1611 verum.
1838 1583 1863 1613 I.
1881 1593 1910 1623 7.

1297 1622 1391 1655 altera
1416 1621 1453 1655 de
1486 1623 1644 1658 costarum
1681 1634 1817 1657 numero
1853 1623 2067 1662 hallucinatio
2087 1652 2095 1659 .
2129 1629 2175 1661 V.

1993 1060 2048 1093 alii
2092 1071 2172 1104 pure

1340 1676 1388 1699 10.

1165 1708 1262 1743 Piella
1280 1731 1288 1746 ‚
1315 1708 1451 1749 Paulus,
1474 1710 1621 1744 Medicus
1643 1711 1745 1750 olim,
1779 1713 1812 1743 &c
1847 1711 2030 1756 Chirurgus
2063 1715 2175 1749 Bono-

1250 1752 1392 1793 nienfis,
1415 1753 1580 1787 laudatus.
1608 1756 1713 1788 XXII.
1740 1765 1788 1797 27.⁷
1816 1755 1917 1788 LIII.
1948 1769 1996 1802 14.

1157 1796 1222 1832 Pili
1247 1798 1280 1829 in
1306 1797 1490 1830 tumoribus
1515 1797 1701 1831 observati.
1727 1798 1808 1832 Vid.
1835 1800 2022 1835 Tumores.

1160 1841 1306 1874 Pilorum
1329 1839 1394 1873 fere
1420 1843 1570 1878 omnium
1594 1839 1736 1875 defectus
1770 1840 1833 1875 sine
1868 1845 1935 1878 ullo
1972 1847 2170 1889 geni-talium

1244 1886 1349 1918 vitio.
1370 1885 1497 1919 XLVI.
1523 1898 1555 1919 2.

1154 1928 1293 1962 Pinealis
1317 1928 1489 1970 glandula.
1513 1930 1593 1965 Vid.
1619 1928 1818 1964 cerebrum.

1155 1973 1320 2015 Pinguedo
1344 1973 1444 2005 nimia
1470 1985 1527 2006 cur
1550 1986 1615 2006 non
1639 1975 1781 2016 corrigat
1805 1976 1837 2007 in
1851 1976 2049 2019 corporibus
2062 1979 2172 2012 acrio-

1245 2027 1302 2057 ra,
1326 2017 1504 2059 quaeritur.
1533 2018 1672 2050 XXVII.
1695 2029 1726 2060 3.
1862 2056 1866 2060 .

1288 2062 1322 2094 in
1346 2059 1413 2102 ejus
1437 2062 1579 2095 minimis
1604 2061 1771 2104 particulis
1795 2062 2032 2098 tumultuarius
2066 2075 2176 2100 motus

1334 2106 1403 2147 post
1429 2115 1565 2138 mortem
1591 2105 1695 2139 visus.
1724 2107 1842 2138 XXXI.
1868 2117 1896 2148 ς.

1288 2147 1447 2192 aptiffima
1475 2149 1518 2183 est
1545 2148 1582 2182 ad
1606 2160 1753 2182 croceum
1781 2162 1794 2182 a
1824 2150 1894 2183 sero
1919 2150 2086 2194 sanguinis
2120 2167 2176 2188 co-

1328 2192 1428 2226 lorem
1453 2191 1669 2227 trahendum.
1700 2195 1863 2226 XXXVII,
1891 2195 1919 2227 8.

1157 2234 1375 2277 Pinguiorum
1397 2235 1516 2272 thorax
1540 2236 1645 2271 multo
1671 2237 1779 2271 minus
1802 2239 1875 2272 cavi
1900 2235 2019 2274 habet.
2037 2243 2161 2272 XXVII

1289 2323 1371 2399 unge
1393 2325 1448 2364 id,
1473 2327 1502 2400 {a
1527 2336 1583 2359 cur
1607 2325 1655 2358 illi
1681 2323 1806 2366 prorsus
1831 2324 1937 2368 supini
1962 2326 2094 2362 difficile
2117 2340 2172 2364 cu-

1357 2377 1411 2400 ent
1426 2393 1433 2400 .
1460 2370 1473 2399 1
1502 2369 1533 2402 id
1551 2392 1557 2399 .

1284 2410 1367 2444 unde
1390 2410 1498 2444 faciles
1520 2413 1555 2444 in
1577 2412 1656 2453 ipfis
1680 2408 1830 2446 vasorum
1876 2412 2120 2459 disruptiones,
2141 2421 2172 2452 δε
2220 2426 2227 2428 “

1326 2453 1508 2493 erofiones,
1534 2454 1618 2487 Ibid·
1644 2464 1674 2495 3.

1288 2498 1440 2575 cadavera
1466 2498 1674 2541 putredinem
1699 2498 1798 2531 citius
1821 2511 2063 2544 conceperunt.
2102 2505 2173 2539 Ibi-

1354 2553 1401 2574 em
1420 2567 1426 2574 .

1156 2579 1277 2620 Pisces,
1303 2584 1335 2617 in
1360 2585 1510 2628 sanguiue
1534 2596 1635 2619 aereas
1660 2584 1763 2619 bullas
1787 2585 1964 2622 habentes.
1987 2592 2024 2621 V.
2055 2603 2104 2624 22.

1156 2624 1424 2697 Piso'gffomb'
1449 2627 1538 2663 Prof.
1562 2629 1643 2662 olim
1667 2630 1775 2665 Patav.
1803 2632 1970 2667 laudatus.
1999 2636 2085 2670 XIX,
2112 2641 2168 2679 30.⁴

1242 2690 1253 2697 .
1300 2673 1356 2703 IV.
1386 2682 1434 2714 15.

1154 2711 1301 2755 Pisonis,
1324 2716 1465 2788 CaIroli,
1487 2715 1636 2750 dofirina
1660 2717 1810 2760 quaedam
1834 2720 1868 2752 in
1902 2731 1993 2763 parte
2026 2722 2170 2757 defendi·-

1238 2764 1312 2791 tur.
1335 2761 1361 2789 V
1387 2785 1393 2792 .
1423 2772 1433 2793 1
1464 2785 1471 2792 .

1153 2796 1318 2846 Pitschei,
1345 2771 1627 2846 F'rid.5Lebegotr
1645 2827 1657 2843 ,
1681 2804 1844 2841 laudatus.
1873 2810 1949 2839 XII.
1976 2809 2004 2842 8.

1155 2843 1325 2880 Pituitarii
1358 2846 1452 2880 Sinus
1483 2845 1689 2888 Sphenoidaei
1723 2850 1819 2884 divisi
1855 2853 2010 2889 inventi,
2045 2864 2108 2886 non
2134 2854 2169 2886 in

1283 2891 1475 2929 dexterum,
1500 2893 1530 2922 δέ
1556 2890 1716 2925 sinistrum
1733 2914 1742 2929 ‚
1767 2893 1818 2928 secl
1843 2895 1876 2927 in
1900 2896 2170 2938 superiorem,&

1326 2931 1535 2966 inferiorem.
1562 2933 1694 2968 LXIII.
1722 2946 1769 2980 13.

1364 2977 1509 3015 Eorum,
1534 2979 1564 3010 δέ
1591 2978 1816 3014 Maxillarium
1841 2981 2011 3024 defectus,
2036 2984 2170 3026 reliquis

1410 3020 1634 3063 supplentibus
1650 3047 1658 3061 ,
1682 3024 1890 3059 observatus.
1916 3029 2002 3061 XXI.
2027 3039 2077 3068 29.

1366 3066 1399 3096 «Se
1422 3065 1643 3099 Prontalium.
1670 3067 1750 3100 LII.
1781 3080 1828 3103 12.
1853 3080 1906 3112 30.
1934 3072 2063 3104 LXIII.
2094 3081 2140 3114 13.

1370 3109 1403 3140 in
1430 3109 1479 3141 his
1504 3119 1625 3142 vermes
1642 3133 1651 3147 ‚
1676 3114 1708 3143 δέ
1731 3111 1769 3146 de
1793 3111 1893 3156 hujus
1904 3116 2010 3147 morbi
2023 3117 2167 3148 curatio-

1412 3153 1524 3185 nibus.
1551 3154 1578 3185 I.
1605 3153 1635 3185 8.
1661 3167 1690 3195 9.
1883 3167 1885 3171 ¹

1492 3196 1573 3229 varii
1598 3199 1706 3232 morbi
1728 3199 1914 3235 observati.
1939 3201 2165 3236 XLV111.18.

1237 3238 1398 3359 &aslijlgiii
1410 3292 1465 3317 aut
1489 3283 1643 3334 abortus,
1668 3294 1721 3320 aut
1744 3288 1778 3319 in
1803 3286 1920 3321 abortu
1952 3272 2160 3330 periculum}

1366 3337 1375 3357 1
1402 3352 1409 3359 .
1440 3338 1487 3369 ¹7·

1278 3371 1312 3404 in
1338 3370 1417 3406 illa,
1440 3370 1530 3404 simul
1556 3382 1629 3406 cum
1655 3370 1739 3407 foetu
1762 3373 1888 3408 exclusa

1324 3411 1464 3446 servata.
1490 3414 1574 3447 Ibid.
1603 3427 1651 3458 13.

1280 3456 1369 3489 illius
1393 3456 1628 3499 inhydatides
1653 3461 1795 3493 mutatio
1818 3470 1891 3494 ante
1917 3461 2018 3495 foetus
2050 3462 2160 3497 exclu-

1323 3500 1442 3533 sionem
1470 3512 1547 3535 num
1572 3501 1683 3543 saepius
1708 3503 1785 3537 siat.
1813 3504 1956 3537 Ibidem.
2127 3547 2146 3584 d

2077 3549 2123 3583 Vi
2149 3569 2158 3581 ι

1278 3542 1494 3621 deheljulsmodi
1520 3546 1553 3577 in
1586 3544 1735 3580 vesiculas
1770 3548 2009 3582 mutationibus
2034 3573 2042 3580 .

1364 3599 1383 3619 o
1399 3599 1423 3619 a:
1438 3611 1445 3618 .

1901 3396 1911 3413 ‚
1935 3375 2067 3418 hydatis
2097 3376 2157 3430 ob-

214 3617 271 3658 qui
298 3616 458 3650 Veterum
484 3617 522 3650 ad
547 3617 725 3660 diagnosim
750 3622 1032 3663 improbaverim,
1063 3627 1095 3658 δε
1148 3628 1306 3675 Placentae
1331 3629 1590 3672 magnitudinem
1616 3641 1690 3666 cum
1712 3632 1870 3666 invisibili
1892 3626 2070 3677 embry'one
2082 3646 2160 3669 con-

77 3676 91 3678 --
260 3660 318 3701 qui
343 3660 387 3694 usi
414 3661 497 3694 fint.
524 3660 609 3694 Ibid.
632 3665 662 3695 δι
687 3674 737 3704 29.

84 3700 259 3735 Phthisicis

171 3744 341 3780 docuerint
358 3772 365 3779 .
392 3749 494 3778 XXII.
522 3757 570 3789 13.
888 3787 890 3789 ,

167 3790 331 3831 Morgagni
342 3791 378 3824 de
390 3792 457 3824 Sed,
474 3790 515 3824 ψ
524 3789 611 3832 Calts.
624 3791 726 3826 Morb.
740 3794 841 3829 Toni.
853 3797 880 3828 I.

283 3714 347 3736 non
372 3705 525 3737 omnibus
547 3706 998 3755 equitationembconvenire,
1031 3713 1090 3755 qui
1157 3731 1160 3735 ·

1230 3673 1324 3714 jungi
1349 3672 1456 3714 posse,
1481 3676 1712 3709 confirmatur.
1737 3678 1898 3711 XLVIII.-
1924 3682 1974 3712 26.
2136 3714 2143 3716 ,

1273 3727 1344 3759 quae
1368 3716 1483 3750 damna
1510 3719 1552 3750 ob
1576 3718 1671 3760 hujus
1694 3721 1738 3753 rei
1773 3722 2012 3763 ignorationem
2047 3723 2158 3757 conti-j

1314 3760 1419 3801 gerint
1434 3785 1442 3794 .
1466 3761 1592 3795 Ibidem
1605 3786 1614 3795 .

1660 3805 1671 3838 I
2038 3808 2111 3847 &lae
