2498 4075
485 123 577 163 122

415 186 527 224 sertim
550 199 623 224 cum
647 186 675 221 se
698 185 814 221 mulier
835 186 954 221 cubans
980 196 1019 220 ex
1044 196 1111 220 uno
1131 185 1164 220 in
1187 188 1325 222 alterurn
1349 200 1425 222 con.

418 236 562 266 vertebat
587 234 667 265 latus
691 254 697 261 .
833 230 869 264 M
884 232 918 262 O
931 230 961 262 R
978 229 1012 262 T
1027 230 1062 262 U
1076 230 1118 263 AE
1140 240 1253 272 aperto
1278 233 1401 265 Ventre
1414 256 1425 272 ,

416 278 556 310 tumoris
579 277 691 317 ingens
713 276 860 316 apparuit
885 273 983 305 moles
1006 297 1014 305 .
1049 273 1128 308 Haec
1151 273 1250 306 basim
1284 274 1422 309 habebat

413 319 451 351 in
478 319 652 353 mesenterii
675 326 790 350 centro
817 342 826 357 ‚
860 318 890 348 &
914 325 988 348 curn
1013 317 1096 349 renis
1127 315 1252 350 dexteri
1279 319 1422 359 Adiposa

415 366 600 396 membrana
624 360 834 397 nefiebatur3
859 358 895 390 ad
920 358 1016 391 finem
1040 368 1148 392 autem
1172 360 1249 392 Coli
1274 361 1419 395 intestini

416 407 459 440 fic
484 404 661 439 adbaerebat
687 413 720 436 ut
744 401 809 435 sine
832 402 1024 435 laceratione
1047 401 1152 435 dividi
1186 414 1250 436 non
1284 402 1384 446 posset
1407 428 1415 436 .

416 449 574 482 Tumoris
598 446 767 480 substantia
788 442 980 486 quibusdam
1004 446 1036 476 in
1061 445 1141 478 locis
1154 444 1244 479 firma
1259 468 1268 483 ,
1292 449 1324 479 in
1349 447 1419 481 aliis

414 500 522 524 autem
545 501 611 526 erat
636 490 762 526 mollis,
788 497 824 520 ut
849 488 1043 520 steatomatis
1068 486 1198 521 referret
1224 491 1389 523 materiam
1409 513 1418 522 .

415 534 535 568 Multis
559 545 614 567 reri
636 534 748 566 dexter
773 531 911 564 scatebat
937 531 1074 565 arenulis
1097 554 1106 568 ,
1131 534 1163 564 &=
1186 533 1276 566 valde
1300 533 1417 567 dilata-

413 585 482 610 tam
506 577 627 621 pelvim
652 575 810 611 habebat.
835 573 976 618 Reliqua
998 583 1106 608 autem
1129 572 1250 609 viscera
1284 575 1354 609 sana
1386 588 1419 610 e-

452 630 486 655 nt
500 645 507 652 .

414 632 487 697 ra6.
513 663 586 698 Etfi
610 673 674 696 non
698 659 742 694 est
764 658 902 695 dubium
926 683 939 699 ‚
972 660 1051 703 quin
1075 659 1113 693 ad
1149 672 1256 696 renem
1289 674 1419 705 quoqne

412 707 474 740 ista
500 708 532 739 in
557 704 733 747 mingendo
756 703 931 738 difficultas
958 729 967 744 ,
1004 706 1034 736 &
1069 715 1209 746 vergens
1224 705 1262 739 ad
1286 706 1417 740 dorsum

413 750 508 784 dolor
532 750 640 791 aliqua
663 748 813 788 exparte
838 750 1012 780 attinerent
1036 771 1045 785 ,
1081 759 1154 780 curn
1187 748 1241 781 ille
1275 751 1416 783 arenulas

413 793 498 828 lotio
520 793 647 827 adderet
672 812 682 829 ‚
717 791 999 832 membranamque
1022 789 1109 824 suam
1141 790 1290 825 distracta
1325 805 1416 827 com-

411 836 505 870 muni
530 835 627 868 altera
651 856 664 873 ,
687 833 720 865 id
745 832 785 865 est
808 832 951 873 Adiposa
975 855 985 870 ‚
1002 832 1168 867 ‘nonnihil
1193 833 1283 869 simul
1307 835 1415 869 divul—

411 879 477 914 sam
502 889 565 911 non
590 876 705 911 habere
729 886 793 908 non
818 875 919 917 posset
940 887 953 915 ,·
990 884 1094 909 tamen
1119 879 1149 909 &
1172 877 1339 911 distraffio
1362 879 1415 911 illa

413 923 454 956 ab
480 922 594 955 annexi
619 921 757 953 tumoris
781 919 921 961 pondere
945 918 1040 952 fiebat
1061 944 1070 959 ,
1107 922 1136 951 &
1170 920 1311 955 difficilis
1336 923 1415 964 saepe
1440 922 1444 927 '

410 967 524 1000 mietio
548 965 666 997 ultimo
690 971 837 1005 tempore
861 962 1101 1006 praegnantibus
1124 965 1241 998 accidit
1265 965 1308 998 ob
1334 967 1416 999 uteri

410 1007 595 1052 praetumidi
622 1005 764 1046 molem,
786 1016 923 1047 quacum
939 1015 1027 1045 erat,
1052 1017 1087 1039 ut
1101 1007 1262 1047 diximus,
1286 1009 1340 1042 isla
1366 1018 1416 1042 tu-

413 1054 515 1087 moris
538 1052 637 1084 moles
659 1051 892 1092 comparanda:
920 1060 991 1092 quae
1014 1048 1035 1082 fi
1061 1048 1148 1083 forte
1172 1061 1187 1082 a
1210 1053 1329 1084 dextris
1349 1076 1356 1091 ,
1379 1060 1415 1084 ut

408 1097 544 1130 annexio
568 1095 623 1128 illa
648 1094 771 1127 indicat
795 1114 804 1129 ,
842 1094 944 1135 magis
968 1102 1068 1134 prope
1094 1105 1199 1127 renem
1225 1095 1415 1137 protubera-

405 1140 462 1173 bat
488 1163 498 1179 ‚
533 1139 609 1174 hinc
645 1136 738 1171 facile
772 1136 871 1169 etiam
905 1135 1045 1177 intelligi
1083 1135 1182 1177 posset
1208 1161 1217 1176 ,
1250 1137 1414 1180 quomodo

409 1184 521 1226 saepius
545 1179 723 1222 compresso
747 1188 871 1213 uretere
895 1203 906 1218 ,
939 1181 970 1211 ec
1003 1179 1164 1221 impedito
1186 1179 1262 1213 lotii
1286 1182 1416 1215 descen—

410 1227 443 1260 su
461 1251 470 1265 ‚
494 1238 526 1258 ea
550 1223 737 1264 contigisset
764 1222 866 1263 pelvis
887 1222 1061 1255 dilatatio.
1087 1222 1145 1256 Sed
1169 1232 1330 1266 utcunque
1354 1225 1414 1258 hoc

406 1269 449 1303 est
474 1281 484 1305 5
507 1267 585 1301 illud
611 1267 775 1299 miraberis
799 1263 929 1298 fortaffe
952 1267 985 1298 in
1010 1265 1173 1306 proposita
1197 1276 1331 1309 utraque
1365 1268 1416 1301 hi.

404 1312 503 1346 ‘storia
518 1335 528 1350 ,
553 1320 664 1353 praeter
686 1309 831 1342 dolorem
858 1309 950 1343 illum
974 1308 1012 1341 ad
1036 1308 1189 1350 lumbos,
1213 1313 1243 1343 &
1268 1310 1414 1352 dorsum,

404 1357 462 1398 qui
487 1352 691 1388 distrahentis
715 1353 853 1384 tumoris
879 1351 1003 1393 pondus
1038 1353 1210 1387 necessario
1243 1355 1415 1397 conseque,

405 1400 502 1433 batur
527 1420 539 1437 ,
577 1398 702 1431 nullum
741 1396 933 1438 peculiarem
968 1398 1138 1429 memorari
1162 1397 1220 1438 qui
1244 1396 1280 1430 ad
1305 1407 1416 1431 tumo-

411 1454 478 1476 rem
502 1440 607 1485 ipsum
633 1442 807 1483 pertineret
835 1463 843 1477 ‚
875 1448 931 1472 aut
954 1438 991 1471 ad
1016 1451 1066 1472 eas
1099 1439 1209 1473 saltem
1233 1451 1305 1482 quae
1330 1439 1414 1475 hunc

405 1486 659 1527 intercipiebant
687 1509 697 1524 ,
720 1481 902 1516 mesenterii
928 1483 1126 1517 membranas
1151 1508 1160 1516 .
1197 1484 1318 1517 Verum
1350 1486 1413 1517 mi-

402 1531 467 1565 rari
491 1527 607 1564 desines
631 1527 687 1560 ubi
711 1538 785 1561 curn
810 1525 967 1559 Valsalvae
991 1525 1134 1561 historiis
1156 1526 1333 1561 consentire
1349 1529 1413 1561 Ve-

403 1584 512 1608 terum
534 1596 546 1612 ,
570 1575 600 1605 &
630 1572 858 1605 l'xecentiorum
881 1569 1067 1608 observata.
1091 1573 1122 1604 &
1145 1570 1286 1613 scripta,
1310 1570 1413 1605 osten-

404 1617 513 1651 dero.
557 1615 718 1649 Veterum
753 1614 885 1646 nomine·
916 1613 1091 1647 Benivenio
1125 1615 1324 1656 antiquiores
1359 1614 1414 1649 hic

404 1671 471 1693 non
495 1658 645 1700 intelligo
662 1680 676 1697 ,
698 1657 755 1700 qui
779 1657 862 1688 circa
885 1657 1016 1690 initium
1041 1657 1154 1691 floruit
1189 1658 1293 1691 saeculi
1317 1657 1413 1692 XVI.

404 1704 478 1737 Nec
501 1712 609 1735 tamen
645 1712 682 1734 eo
718 1697 947 1734 vetustioribus
979 1699 1040 1732 hos
1078 1701 1257 1734 mesenterii
1283 1701 1412 1735 morbos

402 1747 591 1784 incognitos
614 1754 715 1788 puto.
743 1743 832 1776 Nam
857 1741 910 1775 etsi
936 1742 1108 1776 hominum
1141 1744 1292 1777 cadavera
1327 1745 1409 1777 inci-

403 1783 576 1824 dere'non
608 1788 840 1822 consueverant
862 1798 872 1825 3
910 1795 941 1818 at
979 1786 1151 1820 brutarum
1194 1788 1409 1821 animantium

404 1832 490 1867 haud
514 1843 588 1865 raro
615 1832 759 1865 solebant
784 1854 792 1867 ,
814 1831 848 1863 in
869 1840 1008 1872 ‘quarum
1033 1830 1139 1871 aliqua
1163 1841 1227 1864 non
1251 1830 1284 1863 id
1307 1830 1411 1864 offen-

403 1877 504 1916 diffe,
528 1875 717 1909 incredibile
742 1872 806 1912 est,
831 1873 918 1916 quod
931 1884 993 1914 ego
1015 1875 1060 1906 vel
1088 1875 1122 1906 in
1148 1873 1278 1915 parvula
1290 1874 1410 1915 gallina

404 1920 475 1955 vidi
500 1947 508 1956 .
536 1921 616 1956 Erat
640 1931 672 1953 ea
696 1929 761 1951 non
788 1917 894 1950 minus
917 1927 1047 1956 macra,
1071 1927 1169 1958 quam
1192 1927 1315 1963 vo-rax3
1337 1928 1413 1950 veri-

404 1976 487 1999 trem
515 1972 623 1997 tamen
648 1973 737 2004 aeque
764 1961 927 1994 tumidum
962 1960 1091 2002 gerebat
1115 1982 1125 1998 ‚
1159 1971 1194 1994 ac
1218 1961 1240 1992 ii
1274 1971 1374 1993 ovum
1397 1984 1410 2001 ‚

403 2009 493 2051 quod
522 2017 578 2049 per
600 2015 726 2040 aetatem
751 2014 887 2039 neotum
913 2013 1040 2045 poterat
1063 2027 1076 2044 ,
1109 2014 1187 2037 mox
1209 2002 1283 2036 effet
1306 2004 1411 2037 editu-

406 2063 460 2086 ra.
489 2052 671 2084 Tumorem
694 2047 779 2082 hunc
804 2047 967 2082 faciebant
991 2046 1143 2081 {cirrhosa
1168 2057 1302 2088 corpora
1336 2047 1411 2080 sub-

406 2094 548 2130 rotunda
572 2117 582 2132 ,
610 2092 700 2135 plura
724 2091 806 2125 fabae
828 2116 838 2132 ,
869 2089 1015 2135 quaedam
1038 2090 1195 2139 castaneae·
1214 2091 1414 2138 magnitudi-

406 2151 447 2172 ne
474 2165 484 2181 ,
518 2136 678 2172 intestinis
712 2135 881 2178 interjeeta
905 2157 917 2175 ‚
951 2133 1106 2167 nonnulla
1154 2142 1252 2165 etiam
1288 2133 1378 2168 aflixa
1404 2157 1413 2172 ‚

406 2181 540 2226 granosa
562 2179 731 2223 superficie
753 2179 864 2213 omnia
888 2199 897 2215 ,
921 2185 1016 2218 atque
1041 2179 1138 2210 etiam
1162 2176 1341 2215 structura,
1366 2179 1416 2210 ni-

407 2228 430 2261 ii
456 2224 545 2270 quod
568 2235 607 2258 ex
630 2222 806 2266 majoribus
819 2222 955 2264 aliquod
983 2222 1119 2254 multam
1143 2220 1329 2254 continebat
1343 2221 1416 2255 sub-

408 2271 559 2305 stantiam
585 2294 596 2308 ‚
633 2267 778 2309 undique
802 2266 843 2299 iis
882 2262 1036 2307 praeduris
1069 2263 1416 2314 granisfomprehen-

406 2314 499 2355 sam,
521 2312 658 2346 similem
682 2311 766 2348 albi,
793 2311 823 2343 δι
848 2309 972 2344 teneri,
997 2307 1046 2341 sed
1071 2310 1218 2358 exsuccr‚
1243 2307 1416 2350 sebi‚qua.

409 2358 474 2391 lern
500 2354 718 2399 superioribus
742 2354 878 2387 Litteris
902 2356 912 2391 (
935 2351 986 2392 k)
1009 2349 1159 2401 descripsi
1177 2362 1217 2400 *in
1242 2360 1357 2391 utero,
1379 2354 1411 2384 &

411 2402 530 2434 ovariis
553 2396 720 2439 cujusdam
746 2398 909 2430 mulieris.
935 2394 991 2426 Sed
1017 2393 1069 2427 hic
1093 2404 1242 2426 ovarium
1256 2405 1327 2427 cum
1340 2406 1410 2436 per-

410 2443 547 2479 minutis
573 2441 691 2474 vitellis
715 2440 847 2478 sanum,
870 2446 905 2471 ut
930 2448 1076 2478 pancreas
1100 2446 1292 2483 utrumque,
1314 2440 1364 2478 &,
1387 2438 1411 2471 fi

413 2488 503 2521 valde
529 2487 655 2519 anetam
680 2482 937 2522 magnitudinem
962 2481 1124 2522 excipias,
1148 2491 1237 2522 Jecur
1260 2491 1412 2522 quoque,

412 2535 445 2565 ·&
480 2531 541 2564 lien
566 2550 575 2565 ‚
612 2528 691 2570 quin
724 2520 754 2558 ἑῖι
787 2527 854 2567 ipsa
879 2524 1029 2557 intestina
1062 2532 1151 2557 erant
1186 2522 1256 2572 sana
1281 2548 1288 2555 .
1324 2521 1412 2556 Mihi

413 2576 518 2618 igitur
542 2583 606 2606 non
632 2570 669 2604 fit
695 2568 866 2602 verisimile
892 2591 900 2606 ‚
925 2577 1087 2609 nunquam
1114 2579 1130 2599 a
1153 2577 1265 2609 coquis
1289 2593 1298 2609 ,
1329 2579 1344 2599 a
1368 2568 1413 2599 la-

414 2620 477 2652 niis
503 2643 511 2656 ‚
544 2629 560 2649 a
595 2614 794 2647 victimariis
823 2612 926 2644 ullum
959 2610 990 2642 in
1034 2609 1224 2655 mesenterio
1257 2619 1417 2643 tumorem

412 2658 666 2696 animadversum
682 2679 693 2696 ‚
718 2658 750 2689 &
775 2654 917 2688 Medicis
941 2649 1033 2686 fuiffe
1056 2652 1237 2692 ostensum,
1262 2664 1334 2686 cum
1349 2654 1419 2686 Ga-

413 2707 503 2740 lenus
529 2725 538 2742 ,
573 2710 608 2735 ut
651 2701 727 2732 alias
761 2696 842 2742 (l)
875 2697 936 2730 tibi
959 2698 1211 2730 commemoravi
1234 2719 1247 2736 ,
1279 2697 1417 2730 {cirrho-

415 2749 485 2783 sum
508 2749 593 2781 circa
621 2755 677 2778 cor
701 2752 863 2776 tumorem
888 2741 921 2773 in
946 2739 1034 2782 gallo
1057 2738 1244 2783 inspexiffe‚
1268 2740 1416 2781 videam,

415 2795 445 2826 &
470 2790 508 2824 ad
533 2790 679 2824 homines
701 2782 914 2820 transtulisse.
941 2782 1146 2816 Crediderim
1171 2784 1277 2824 potius
1299 2806 1311 2823 ,
1346 2795 1418 2825 quae

415 2837 451 2868 in
476 2834 563 2867 libro
586 2833 694 2874 aliquo
718 2828 814 2872 prisci
842 2826 961 2861 Medici
985 2838 1017 2859 ea
1042 2827 1079 2859 de
1093 2838 1123 2859 re
1146 2827 1419 2873 attigerint,lon-

416 2890 459 2920 go
483 2886 627 2918 tempore
642 2900 651 2915 ,
675 2883 709 2907 ut
734 2882 784 2905 tot
810 2871 870 2904 alia
885 2893 894 2908 ,
918 2869 1131 2903 intercidisse.
1156 2869 1246 2902 Nam
1269 2869 1289 2902 si
1311 2869 1419 2913 Julius

422 2921 559 2958 Pollux,
585 2928 619 2952 ut
643 2918 708 2958 legi
733 2914 816 2958 apud
843 2912 1027 2956 lngraffiam
1051 2914 1172 2955 (m),
1202 2914 1284 2946 circa
1308 2912 1421 2961 meseri-

421 2964 535 2998 terium
559 2961 652 2995 etiam
669 2959 803 2999 strumas
823 2955 915 3000 fieri,
938 2956 1063 2995 volum
1086 2964 1171 2989 certe
1195 2966 1247 2989 aut
1272 2968 1287 2988 a
1311 2955 1420 2989 Medi-

419 3019 459 3041 co
484 3006 593 3048 aliquo
616 3003 680 3046 ipse
706 3002 951 3034 Grammaticus
974 2999 1008 3033 id
1032 2998 1218 3042 sumpserim
1241 2999 1329 3032 autfi
1354 2997 1421 3049 for-

422 3061 455 3084 te
480 3060 534 3093 per
557 3047 587 3080 se
612 3046 713 3085 vidit;
736 3045 860 3078 creditu
884 3042 1015 3076 difficile
1049 3042 1090 3077 est
1113 3064 1122 3079 ‚
1154 3055 1169 3076 a
1192 3043 1421 3089 Grammatico

421 3091 606 3128 admonitos
631 3090 799 3127 Medicos‚
820 3090 1003 3129 quicunque
1027 3086 1067 3119 ab
1099 3086 1203 3135 saeculi
1227 3087 1272 3135 Π..
1298 3086 1360 3117 sine
1383 3087 1421 3119 ad

422 3138 522 3172 XVI.
546 3135 680 3167 initium
705 3132 918 3174 scripserunu
941 3129 1129 3162 Commodo
1151 3140 1237 3162 enim
1260 3138 1420 3174 imperan—

423 3191 455 3214 te
473 3204 482 3219 ,
509 3188 544 3213 ut
569 3177 731 3210 Galerium
756 3198 766 3214 ,
801 3177 848 3207 ita
871 3176 901 3206 &
926 3173 1089 3206 Pollucem
1115 3170 1227 3205 vixisse
1252 3197 1260 3210 ‚
1295 3182 1384 3212 ajunt
1408 3184 1419 3210 3

424 3224 552 3258 nullum
575 3221 615 3254 de
638 3217 796 3263 ejusmodi
831 3217 1012 3251 mesenterii
1046 3217 1166 3250 morbis
1200 3215 1334 3251 verbum
1369 3215 1418 3249 fe-

486 3279 500 3299 Ε
516 3290 522 3298 ι

427 3266 501 3350 osb.
526 3307 720 3341 Benivenius
743 3307 756 3344 (
779 3315 797 3337 n
820 3306 834 3343 )
856 3303 960 3346 igitur
983 3301 1096 3335 callum
1129 3306 1142 3342 (
1164 3301 1278 3336 durum
1311 3311 1418 3335 tumo-

426 3365 494 3388 rem
516 3350 663 3391 intelligo
686 3353 698 3389 )
723 3350 807 3380 inter
829 3357 923 3379 venas
950 3348 1133 3379 mesaraicas
1157 3347 1243 3388 pueri
1269 3347 1417 3395 invenit,

428 3409 476 3431 eas
500 3393 672 3438 premendo
695 3392 914 3425 obstruentem
929 3413 938 3420 .
964 3389 1127 3431 Ingraffias
1149 3398 1254 3424 autem
1278 3391 1328 3430 (o
1353 3392 1362 3427 )
1391 3400 1425 3421 in

488 3585 497 3611 s
517 3583 534 3609 k
549 3583 563 3611 )
579 3590 603 3606 n.
621 3589 659 3611 ³4.
718 3581 727 3608 (
745 3581 755 3606 Ι
771 3580 785 3609 )
801 3579 875 3610 Epist.
893 3583 928 3605 16.
947 3588 970 3604 n.
987 3588 1025 3605 ιο.
1088 3579 1103 3609 (
1117 3587 1140 3602 m
1156 3579 1170 3608 )
1185 3581 1221 3603 De
1229 3579 1332 3603 Tumor.
1345 3582 1375 3601 tr.
1390 3585 1409 3603 1.
1418 3583 1568 3601 e.1.comm.
1578 3585 1601 3601 2.

493 3615 504 3636 (
521 3621 538 3643 p
556 3615 565 3644 )
581 3621 602 3638 ε.
620 3613 687 3641 supra
703 3611 732 3635 ad
750 3619 774 3640 ¹1·
791 3620 817 3641 4.
834 3611 880 3636 cit.
941 3611 957 3640 (
972 3619 987 3639 q
1003 3611 1017 3639 >
1033 3610 1048 3634 l.
1064 3609 1093 3634 de
1108 3611 1210 3633 Tumor.
1227 3616 1250 3638 p.
1266 3616 1291 3632 n.
1310 3615 1330 3631 c.
1348 3616 1386 3638 ⁴4·
1448 3608 1455 3636 (
1477 3615 1488 3630 r
1505 3608 1519 3636 2
1536 3606 1616 3636 supra,
1634 3615 1659 3630 n.
1677 3616 1698 3631 2.

492 3636 532 3673 {r
549 3645 562 3673 )
578 3644 584 3669 ί
603 3643 648 3671 u)
664 3642 707 3670 (x
724 3641 737 3669 )
754 3643 797 3672 (y
813 3642 827 3670 )
843 3643 861 3665 1.
881 3649 902 3670 3.
919 3642 941 3665 S.
960 3649 995 3669 η.
1013 3639 1072 3666 Obs.
1092 3647 1131 3669 30·
1152 3639 1176 3670 §.
1194 3647 1230 3663 ιο.
1248 3641 1269 3663 &
1287 3638 1310 3667 §.
1328 3646 1362 3668 ¹3·
1380 3637 1482 3676 &seqq-

493 3676 506 3702 ζ
522 3682 537 3697 a
555 3678 562 3703 J
579 3673 703 3702 Sepulenr.
719 3671 781 3696 ΟΜ.
801 3679 838 3701 30.
853 3671 895 3696 eit.
914 3671 935 3701 §.
955 3679 989 3695 n..
1051 3672 1058 3698 s
1077 3673 1091 3693 θ
1107 3675 1116 3697 )
1134 3670 1254 3698 Adenoegr.
1270 3675 1290 3692 c.
1312 3676 1346 3692 ιι.
1408 3677 1416 3695 t
1435 3675 1446 3691 c
1464 3674 1473 3697 )
1489 3674 1512 3690 n·
1530 3675 1550 3690 ².
1570 3670 1591 3691 81
1608 3676 1628 3697 ς.

1059 106 1215 160 Liber
1248 107 1339 160 111.
1379 109 1457 161 De
1492 108 1699 162 Morbis
1725 108 1936 162 Ventris

1478 187 1579 231 Nigri
1603 186 1771 233 suspendi-o
1794 190 1901 231 puniti
1929 210 1939 225 ,
1972 188 2164 223 mesenterio
2186 190 2317 228 strumas
2339 193 2472 234 circiter

1476 229 1680 273 septuaginta
1703 231 1861 269 ostendit,
1883 241 1998 275 praeter
2021 235 2160 266 totidem
2182 231 2282 270 ferme
2303 245 2472 280 tumores,

1475 276 1604 307 extimae
1627 275 1855 309 intestinorum
1879 277 1998 308 tunicae
2018 275 2214 311 adhaerentes
2239 303 2248 318 ‚
2268 290 2411 322 quorum
2436 283 2473 316 in

1477 325 1641 351 tumorum
1665 327 1802 360 utroque
1823 328 1938 360 genere
1960 329 2033 352 cum
2055 320 2111 352 alii
2134 320 2246 354 ciceris
2280 325 2439 364 parvitate
2461 347 2474 363 ,

1476 360 1530 392 alii
1552 361 1608 393 ovi
1632 360 1798 401 gallinacei
1832 361 2055 403 magnitudine
2079 384 2089 399 ,
2127 363 2263 403 plurimi
2295 367 2378 400 inter
2410 366 2471 402 hos

1470 402 1567 436 medii
1593 402 1711 442 essent,
1735 404 1944 438 continebant
1968 415 2078 438 omnes
2101 414 2156 439 aut
2179 406 2376 449 liquidam&
2398 421 2471 444 mu-

1472 446 1601 487 cosam,
1625 456 1681 479 aut
1704 447 1853 490 gypseam
1868 469 1879 484 ,
1902 447 2125 491 lapideamque
2149 451 2317 485 materiam
2339 477 2348 486 .
2373 453 2471 487 Beni-

1472 491 1583 524 venius
1606 498 1711 523 tamen
1735 502 1808 524 cum
1831 499 1944 524 caetera
1970 492 2057 531 pueri
2092 492 2171 526 mala
2204 500 2435 530 commemoret
2457 518 2469 535 ‚

1470 534 1594 567 nullam
1625 533 1733 575 injicit
1768 534 1966 567 mentionem
1995 534 2119 567 doloris
2143 559 2151 567 .
2177 536 2336 578 Ingraffiae
2358 549 2469 574 autem

1470 578 1668 619 quicumque
1692 575 1836 618 Nigrum
1861 577 1952 610 illum
1975 587 2195 619 cognoverant
2212 602 2221 617 ,
2248 591 2366 622 magno
2386 594 2469 618 con-

1472 619 1561 653 sensu
1589 619 1746 657 retulere,
1763 617 1974 663 saniffimum²
1998 621 2086 662 quod
2110 621 2180 655 sane
2204 625 2380 664 permirum
2403 625 2467 664 est,

1470 662 1563 695 donec
1579 662 1818 705 suspenderetur
1840 685 1853 702 ‚
1889 663 2028 706 extitiffe
2049 689 2057 695 .
2092 664 2164 698 Nec
2187 674 2264 699 vero
2285 668 2468 703 Fernelium

1469 708 1483 743 (
1502 715 1526 747 p
1547 709 1586 745 )‚
1607 717 1682 739 cum
1706 705 1850 739 universe
1873 704 2003 743 docuit,
2032 707 2384 744 mesenteriitumorem
2396 710 2468 745 nul-

1469 748 1498 780 lo
1524 749 1623 783 dolore
1644 746 1782 791 affligere
1804 772 1817 789 ‚
1849 748 1912 782 fine
1943 749 2226 785 observationibus
2252 752 2367 787 dixisse
2400 754 2434 787 id
2458 778 2468 796 ,

1464 790 1559 824 credo
1574 816 1583 831 ‚
1607 802 1790 833 quanquam
1812 792 1894 825 hanc
1919 790 1964 825 su'i
1986 792 2203 829 dirsticaulam
2226 797 2383 830 continuo
2395 796 2468 830 sub-

1467 833 1546 876 jecit
1561 857 1569 871 ,
1595 836 1675 876 quod
1694 844 1769 876 pars
1790 835 1856 877 ipsa
1879 834 1991 868 doloris
2007 835 2053 877 fit
2074 847 2183 878 expers
2197 863 2205 871 .
2228 839 2265 871 Id
2289 841 2338 873 vel
2364 842 2465 883 magis

1467 879 1505 911 de
1532 879 1673 911 Arantio
1696 877 1785 920 (q)
1806 878 1926 925 credo,
1949 881 2071 921 quippe
2090 882 2147 923 qui
2171 891 2313 915 tumores
2335 882 2382 917 ibi
2403 885 2468 918 ob-

1468 919 1599 954 servasse
1624 920 1753 953 videtur
1775 921 1865 953 nucis
1885 930 2001 963 pmeae,
2023 927 2067 955 ‹3¹-
2091 925 2206 965 capitis
2223 926 2314 965 pueri
2345 928 2467 969 magni-

1468 965 1606 998 tudinem
1627 963 1782 997 interdum
1797 963 1981 1011 superantes
2003 986 2014 1003 ,
2048 966 2080 998 &
2098 976 2190 1012 ,certe
2213 967 2297 1010 signa
2321 970 2371 1002 ita·
2391 982 2467 1011 pro-

1468 1008 1561 1048 ponit
1587 1030 1594 1043 ,
1632 1017 1666 1039 ut
1689 1005 1880 1040 strufiuram
1905 1007 2040 1040 similem
2074 1019 2142 1050 ejus
2176 1022 2247 1052 quae
2270 1023 2288 1044 a
2312 1013 2465 1047 Valsalva

1466 1055 1479 1090 (
1502 1061 1518 1083 r
1539 1053 1549 1088 )
1573 1051 1606 1083 in
1630 1049 1810 1085 Marchesio
1832 1049 1990 1090 descripta
2013 1050 2055 1084 est
2071 1076 2080 1092 ‚
2106 1061 2178 1086 ante
2200 1055 2313 1087 oculos
2337 1053 2468 1090 habuis-

1467 1102 1518 1131 1e‚
1543 1103 1712 1137 appareat.
1739 1094 1794 1126 Est
1817 1095 1901 1126 enirn
1928 1103 2036 1127 tumor
2061 1118 2072 1132 ‚
2097 1095 2205 1138 inquit
2226 1120 2239 1137 ,
2272 1096 2433 1142 tuberosus
2454 1123 2467 1141 ,

1468 1144 1561 1178 atque
1586 1136 1745 1178 inaequalis
1768 1147 1800 1169 fo
1824 1138 1902 1177 quod
1921 1136 2014 1178 plura
2033 1137 2213 1181 glandulofa
2236 1150 2362 1182 corpora
2394 1154 2467 1177 con.

1469 1190 1545 1213 nexa
1559 1201 1567 1214 ‚
1590 1180 1632 1212 Θ
1655 1178 1787 1221 mirifice
1809 1179 1899 1212 ‚zucra
1914 1178 1977 1221 fibi
2000 1180 2134 1215 invicem
2157 1182 2325 1217 cohaereant
2345 1207 2359 1224 ,
2395 1187 2467 1219 inte-

1468 1222 1628 1265 qualrsque
1650 1230 1785 1255 tumores
1808 1221 1925 1255 tuberis
1948 1230 2034 1255 terrae
2057 1224 2091 1257 in
2122 1226 2245 1258 modum
2277 1224 2435 1269 effbrment
2456 1255 2466 1264 .

1468 1267 1625 1299 Attamen
1649 1265 1708 1298 hoc
1732 1266 1873 1307 primurn
1898 1276 2047 1299 omnium
2071 1265 2197 1309 signum
2220 1270 2317 1303 tradit
2332 1296 2342 1310 ,
2364 1279 2467 1306 tumo-

1467 1320 1532 1342 rem
1556 1307 1611 1353 effe
1632 1307 1834 1341 indolentem.
1860 1307 1999 1341 Fortasse
2023 1308 2076 1343 hic
2097 1310 2204 1349 dices,
2226 1324 2243 1346 a
2267 1313 2468 1357 Benivenio,

1468 1363 1562 1395 atque
1587 1351 1736 1394 Ingraffia
1762 1351 1877 1389 duros,
1904 1350 2125 1395 frigidosque,
2152 1364 2187 1387 ut
2212 1356 2390 1396 vocabant,
2417 1368 2468 1393 tu-

1472 1407 1576 1429 mores
1600 1394 1691 1428 fuisse
1715 1394 1920 1431 observatos,
1945 1407 2001 1428 nec
2027 1397 2107 1429 alios
2132 1396 2224 1432 facile
2248 1401 2430 1435 Fernelium
2454 1425 2466 1442 ,

1468 1441 1499 1472 &
1524 1440 1700 1473 Arantium
1724 1436 1884 1480 designare
1907 1438 2055 1473 voluisse.
2080 1441 2177 1474 Certe
2192 1452 2296 1476 autem
2321 1455 2394 1478 cum
2406 1446 2467 1480 Be.

1472 1483 1621 1515 nivenius
1645 1486 1654 1521 (
1673 1481 1725 1523 s)
1747 1482 1877 1515 alterius
1900 1484 2024 1524 generis
2048 1493 2211 1517 tumorem
2233 1485 2467 1530 deprehendit,

1470 1527 1528 1568 qui
1549 1524 1614 1568 jam
1636 1526 1670 1563 in
1694 1535 1845 1567 magnum
1870 1525 2233 1562 mesenteriiabsceffum
2256 1530 2467 1573 degenerave-

1466 1574 1538 1609 ratf,
1560 1565 1650 1602 fuiffe
1674 1569 1737 1602 alvi
1762 1570 1929 1609 tormina,
1953 1571 2149 1610 adnotavit,
2170 1576 2285 1614 quaein
2307 1573 2374 1609 dies
2397 1587 2467 1610 cre-

1466 1611 1612 1652 scerent,
1635 1623 1818 1654 aegrumque
1842 1612 2062 1646 intolerabilia
2085 1613 2167 1647 facta
2177 1617 2380 1652 occiderent.
2407 1621 2466 1653 Pa-

1466 1659 1546 1688 riter
1571 1655 1676 1697 legisse
1699 1664 1731 1688 te
1755 1656 1802 1688 vel
1826 1656 1859 1688 in
1884 1656 2116 1697 Sepulchrem,
2141 1669 2204 1692 non
2228 1659 2346 1695 dubito
2370 1685 2380 1700 ,
2407 1660 2464 1696 do—

1466 1699 1549 1731 lores
1573 1699 1713 1736 colicos,
1738 1708 1792 1732 aut
1815 1699 1927 1732 colicis
1951 1699 2068 1733 similes
2090 1712 2106 1733 a
2130 1703 2314 1737 mesenterii
2347 1705 2468 1739 absces-

1464 1741 1549 1775 sibus
1571 1764 1582 1781 ,
1614 1744 1645 1774 &
1678 1742 1929 1781 apostematibus
1951 1763 1961 1777 ‚
1998 1743 2191 1778 Mermanno
2214 1749 2228 1786 (
2251 1747 2302 1789 t)
2325 1771 2337 1788 ‚
2370 1750 2466 1783 Folio

1465 1788 1475 1822 (
1500 1796 1518 1817 u
1541 1788 1578 1824 ),
1601 1783 1758 1826 Wepfero
1780 1784 1836 1828 (x
1859 1790 1894 1826 ),
1920 1786 2074 1832 Sennerto
2095 1790 2108 1825 (
2126 1788 2185 1830 y)
2210 1791 2431 1825 attestantibus
2456 1814 2466 1829 ‚

1464 1828 1631 1862 inductos.
1766 1828 1826 1862 Me
1849 1840 1924 1861 vero
1948 1839 2013 1862 non
2037 1830 2121 1872 rugit
2146 1855 2156 1871 ‚
2178 1831 2246 1867 haec
2270 1834 2355 1876 posse
2378 1835 2467 1877 obji-

1464 1873 1495 1904 ci
1522 1883 1528 1903 :
1561 1881 1700 1912 quorum
1724 1882 1794 1915 pars
1830 1883 1894 1906 non
1925 1870 2049 1914 fugerat
2074 1875 2270 1910 Marcellum
2295 1879 2465 1914 Donatum

1470 1920 1479 1954 (
1503 1926 1528 1957 z
1551 1918 1561 1952 )
1583 1937 1592 1951 ,
1627 1924 1723 1956 quem
1754 1914 1794 1947 de
1818 1914 1997 1948 mesenterii
2021 1919 2203 1953 tumoribus
2226 1920 2337 1962 legisse
2371 1922 2466 1956 video

1467 1958 1618 2000 pleraque
1641 1968 1753 1990 eorum
1776 1970 1847 2000 quae
1873 1957 2025 1992 haetenus
2047 1960 2118 1994 dixi
2141 1983 2151 1998 ‚
2184 1962 2222 1996 de
2245 1964 2366 2005 quibus
2389 1968 2467 2008 qui-

1462 2004 1533 2033 dem
1558 2001 1610 2034 sua
1635 2002 1818 2043 tempestate
1841 2001 1905 2043 jam
1931 2000 2014 2035 faeta
2037 2003 2111 2037 esset
2136 2006 2169 2038 in
2192 2007 2282 2039 libris
2306 2011 2432 2041 mentio
2457 2033 2465 2041 .

1466 2045 1497 2079 ls
1520 2054 1627 2077 autern
1649 2056 1722 2077 cum
1747 2056 1876 2087 aperte,
1899 2047 1997 2087 siquis
2020 2047 2122 2087 alius,
2145 2051 2350 2084 contenderet
2374 2078 2383 2093 ,
2406 2053 2468 2086 do·-

1467 2088 1535 2120 lore
1547 2088 1656 2126 nullo,
1680 2086 1780 2121 effatu
1791 2089 1912 2130 dignm
1938 2094 2056 2123 tentari
2081 2091 2306 2127 mesenterium
2332 2105 2467 2137 propte-

1467 2142 1518 2163 rea
1539 2132 1615 2172 quia
1639 2140 1677 2164 ex
1702 2132 2246 2173 partibusipsumconstituentibus
2269 2137 2372 2171 nullas
2395 2138 2466 2172 sen-

1469 2174 1500 2207 su
1526 2176 1673 2216 praeditas
1696 2175 1886 2216 agnoscebat
1912 2187 2025 2216 praeter
2049 2189 2183 2222 nervos,
2209 2183 2466 2224 &membranas‚

1468 2229 1603 2259 quarum
1628 2227 1733 2251 tamen
1747 2220 1884 2260 partium
1909 2220 1952 2251 ob
1976 2221 2149 2261 plurimam
2161 2222 2315 2265 adjectam
2331 2227 2467 2267 pingue—

1468 2261 1576 2297 dinem
1601 2260 1724 2295 sensum
1751 2263 1841 2296 valde
1864 2261 2009 2296 hebetem
2035 2263 2104 2297 fieri
2120 2289 2130 2304 ,
2155 2277 2218 2299 non
2253 2267 2426 2302 dubitabat
2451 2280 2465 2308 ,·

1468 2306 1613 2338 dolorem
1637 2306 1840 2339 aBenivenio
1864 2306 2074 2345 adnotatum,
2101 2321 2163 2341 non
2186 2309 2387 2349 mesenterii,
2413 2312 2467 2347 led

1468 2349 1695 2382 intestinorum
1720 2348 1810 2383 fuisse
1831 2374 1841 2391 ,
1869 2350 2036 2383 censebat·
2064 2352 2196 2386 Scilicet
2221 2354 2464 2397 arbitrabatur,

1463 2393 1497 2424 in
1521 2404 1558 2424 eo
1581 2392 1777 2433 potiffimum
1811 2393 2035 2426 intestinorum
2069 2395 2172 2429 tractu
2207 2408 2348 2438 quocum
2386 2400 2468 2433 male

1465 2434 1576 2469 affecta
1602 2434 1781 2469 mesenterii
1806 2435 1916 2479 portio
1938 2436 2145 2479 jungeretur,
2171 2440 2279 2474 multae
2295 2441 2468 2478 abscessum

1463 2479 1612 2513 facientis
1635 2480 1777 2512 materiae
1800 2478 1940 2521 pondere
1956 2490 2009 2513 aut
2022 2483 2279 2523 comprimente,
2305 2494 2358 2519 ant
2371 2487 2469 2519 deor-

1465 2525 1532 2556 sum
1559 2520 1728 2561 trahente,·
1750 2533 1788 2555 ne
1811 2522 1849 2555 de
1873 2524 1937 2555 acri
1960 2522 2101 2565 ejusdem
2135 2523 2339 2561 exhalatione
2371 2530 2469 2572 quid-

1469 2576 1567 2609 quam
1590 2566 1733 2599 dicamus
1750 2586 1759 2602 ,
1781 2563 1871 2598 fuisse
1894 2565 2038 2600 dolorem
2063 2570 2262 2603 excitatum,

1515 2610 1543 2641 8.
1568 2608 1676 2642 Nobis
1700 2620 1775 2641 vcro
1799 2608 1855 2642 etfi
1881 2610 2013 2643 minime
2033 2609 2152 2644 necesl‘e
2176 2612 2221 2646 est
2252 2616 2363 2649 omnia
2394 2627 2468 2658 quae

1474 2653 1665 2685 Marcellum
1689 2650 1833 2693 senfisse‚
1855 2651 1996 2687 diximus
2019 2676 2030 2693 ‚
2054 2654 2191 2695 probare
2216 2669 2225 2692 ;
2257 2657 2337 2692 illud
2363 2667 2469 2694 tamen

1471 2697 1579 2737 negari
1604 2693 1688 2737 posse
1710 2706 1775 2727 non
1799 2696 1947 2735 videtur,
1972 2696 2040 2730 alvi
2062 2698 2274 2738 torminibus;
2299 2702 2357 2736 hac
2381 2703 2469 2737 enim

1471 2751 1550 2772 voce
1572 2739 1643 2772 usus
1666 2738 1707 2771 est
1730 2738 1923 2772 Benivenius
1941 2752 1954 2779 ,·
1985 2740 2213 2775 intestinorum
2246 2746 2354 2786 potius
2377 2746 2470 2781 dolo-

1470 2794 1540 2820 res,
1564 2793 1661 2824 quam
1686 2782 1866 2815 mesenterii
1881 2808 1889 2823 ‚
1913 2782 2068 2825 designari
2092 2808 2101 2824 ‚
2135 2795 2192 2819 aut
2216 2785 2293 2821 ficui
2326 2788 2412 2822 forte
2435 2789 2469 2825 id

1469 2826 1604 2860 dubium
1627 2826 1667 2858 fit
1687 2825 1764 2867 quia
1790 2837 1866 2858 mox
1891 2827 1985 2859 verba
2009 2826 2075 2860 haec
2098 2829 2279 2869 adduntur,
2303 2833 2404 2865 omnia
2417 2834 2469 2867 νὶ-

1465 2869 1551 2913 scera
1567 2867 1644 2910 sana
1667 2867 1877 2910 videbamur,
1895 2870 1985 2911 jecur
2007 2895 2016 2909 ‚
2050 2870 2110 2904 lien
2134 2873 2176 2904 (9*
2200 2874 2342 2914 intestina
2365 2877 2468 2909 omnia

1471 2911 1589 2946 nullam
1611 2910 1725 2944 doloris
1747 2920 1852 2944 notam
1874 2911 2084 2952 ostendebant:
2109 2925 2139 2948 at
2164 2927 2249 2950 certe
2271 2919 2342 2951 aliis
2357 2943 2366 2957 ‚
2389 2931 2468 2960 quas

1473 2956 1724 2989 memoravimus
1749 2981 1757 2994 ,
1782 2954 1923 2989 historiis
1945 2955 2059 2990 diserte
2082 2957 2180 2992 scribi
2214 2960 2332 2994 dolores
2354 2962 2470 2996 Calicis

1466 2997 1604 3041 fimiles,
1632 3008 1686 3031 aut
1709 2999 1862 3032 colicam.
1888 3000 1931 3032 Et
1955 3010 1992 3033 ne
2016 3000 2100 3034 forte
2123 3012 2233 3044 putes,
2256 3005 2325 3039 liaec
2342 3014 2470 3041 tantum

1473 3042 1682 3083 contingere,
1706 3046 1778 3074 cum
1802 3041 1954 3076 abscessus
1976 3042 2041 3081 est3
2069 3046 2229 3080 Platerum
2256 3048 2319 3090 (a)
2334 3049 2402 3090 lege
2419 3053 2471 3089 ,δι

1475 3084 1694 3119 Whartonum
1718 3089 1728 3123 (
1753 3082 1771 3117 b
1793 3087 1828 3123 ),
1853 3087 1909 3128 qui
1931 3086 2047 3120 colicos
2073 3088 2192 3123 dolores
2214 3091 2247 3123 in
2271 3092 2310 3124 iis
2335 3094 2470 3126 adnota-

1473 3139 1548 3161 runt
1564 3151 1573 3166 ‚
1598 3129 1630 3161 in
1654 3138 1793 3170 quorum
1818 3129 2009 3163 mesenterio
2033 3130 2088 3164 ille
2113 3140 2254 3166 tumores
2276 3134 2470 3178 glandulosos

1470 3177 1500 3207 ἃ
1525 3171 1615 3204 duros
1638 3173 1779 3211 invenit,
1804 3183 1868 3205 non
1892 3184 1956 3206 uno
1980 3173 2099 3208 inloco
2122 3177 2280 3210 intestinis
2304 3178 2471 3212 adeocon-

1470 3225 1563 3248 natos
1577 3238 1589 3254 ‚
1612 3223 1648 3248 ut
1673 3214 1739 3248 haec
1751 3215 1962 3254 coare-tando,
1987 3217 2180 3259 impedirent
2196 3232 2470 3255 excrementorum

1470 3257 1649 3291 descensum
1666 3283 1673 3297 ‚
1698 3257 1748 3291 hic
1772 3269 1848 3291 vero
1871 3268 2030 3293 tumorem
2057 3272 2178 3301 unum,
2205 3264 2251 3297 sed
2265 3274 2410 3302 tanturn,
2434 3275 2471 3299 ut

1469 3303 1504 3334 in
1528 3302 1662 3334 alterum
1686 3301 1766 3335 latus
1788 3303 1936 3336 intestina
1959 3303 2162 3345 detruderet,
2184 3319 2318 3347 eumque
2339 3307 2473 3349 glandu-

1472 3342 1572 3386 losum
1595 3346 1637 3378 (φ
1652 3355 1801 3378 -carnrum
1821 3346 1923 3387 magis
1946 3357 2037 3388 quam
2061 3346 2248 3384 humoralem
2273 3375 2279 3381 .
2312 3351 2412 3390 Qiod
2448 3351 2471 3386 fi

1471 3389 1504 3420 in
1522 3387 1681 3421 Valsalvae
1705 3390 1718 3427 (
1739 3400 1755 3421 c
1778 3392 1814 3428 )‚
1837 3390 1868 3421 &
1892 3390 2028 3423 aliorum
2051 3402 2129 3432 quas
2153 3392 2243 3436 supra
2264 3394 2328 3434 (d)
2353 3396 2473 3435 attuli,

2358 3438 2428 3471 Ob-

1665 3577 1679 3606 (
1694 3587 1709 3601 n
1725 3577 1738 3607 2
1755 3580 1791 3603 De
1806 3578 1882 3602 abdit.
1896 3579 1972 3613 piorb.
1986 3580 2059 3606 causis
2070 3581 2144 3607 &ac-
2154 3591 2192 3613 37.

1542 3638 1556 3666 (
1573 3645 1591 3665 ζ
1607 3642 1617 3665 )
1635 3640 1668 3661 De
1684 3609 1773 3698 Ιέίεᾶίίς(
1782 3609 1863 3697 'si-3⁷5?
1874 3617 1965 3664 laihi„
1979 3620 2038 3671 :libra-
2054 3649 2076 3667 c.
2092 3651 2117 3671 7.

2253 3584 2310 3614 (q)
2328 3592 2418 3612 comm.
2430 3588 2475 3613 eit.
