2498 4075
382 193 531 262 Epist.
569 193 732 247 Anat.
769 191 982 247 Medica
1012 192 1152 247 Lm.
1190 190 1305 247 Art.
1340 208 1385 255 4:
1422 207 1460 254 5.
1495 192 1539 245 6·
1574 191 1630 244 &
1664 207 1707 254 7.

28 265 166 302 desei-tur
192 272 200 300 ’.
226 266 383 302 Postridie
405 269 472 302 dira
496 270 565 304 tuffi
588 273 694 304 vexari
718 270 819 312 coepit
841 294 852 310 ,
875 269 1033 303 diarrhoea

25 322 172 354 quoque.
210 311 270 345 Sed
293 311 360 345 haec
376 337 384 351 ,
409 313 523 346 crebro
546 314 694 356 quidem,
719 324 828 346 verum
853 325 958 355 paucae
982 315 1033 346 vi·

27 354 120 387 scidae
143 357 281 388 materiae
303 357 517 389 excretionem
540 358 624 390 ciens
638 382 648 396 ,
670 357 720 391 die
743 356 830 390 sexto
851 355 961 390 desiit.
986 358 1032 390 At

27 397 110 430 tuliis
133 398 166 430 in
189 397 254 432 dies
278 400 323 432 ita
347 399 537 440 augebatur,
560 409 595 434 ut
617 399 691 434 ferri
715 402 769 433 vix
781 398 901 442 posset.
926 400 1033 441 Apri-

28 442 88 473 mis
112 442 209 474 etiam
231 442 341 475 diebus
365 441 465 476 sensus
488 453 554 477 erat
578 445 715 486 ingentis
739 446 773 477 in
796 452 901 476 ventre
913 443 1032 485 ponde-

27 486 90 520 ris,
113 486 169 526 qui
195 484 223 518 se
247 483 468 527 progrediente
489 486 606 519 morbo
622 511 630 525 ‚
655 499 709 530 per
741 495 850 520 toturn
885 492 1030 519 ventrem

25 527 167 560 extendit
184 540 192 566 3
217 529 322 562 nullus
345 537 448 561 tamen
471 530 504 562 in
519 528 646 562 thorace
662 555 668 560 .
694 531 806 567 Primis
818 541 944 573 quoque
960 529 1028 562 die-

26 569 83 602 bus
108 571 212 611 pulsus
236 570 384 604 nonnihil
409 571 576 614 turgidus,
604 574 923 607 mediocritei-autem
935 572 1027 612 celer,

26 612 108 647 hanc
130 614 259 656 quidem
283 614 384 656 postea
407 615 600 649 celeritatem
622 617 754 651 servavit
778 630 786 654 ·,
821 615 871 649 sed
904 617 936 648 in
961 616 1027 649 dies

28 667 140 703 patrus
164 659 285 699 magis,
323 657 484 699 magisque
517 657 641 699 faetus,
676 661 791 693 ostavo
822 659 950 692 tandem
973 659 1027 692 die

29 700 136 731 sensim
160 711 232 733 cum
257 701 322 733 vita
344 699 481 734 defecit.
614 704 668 736 IN
697 703 959 736 CADAVERE
989 702 1027 735 ad

27 744 163 783 primam
188 755 203 776 a
226 743 354 776 dextero
376 743 468 777 sterni
492 744 586 778 latere
609 745 819 784 incisionem,
843 746 966 788 sanguis
989 746 1031 777 il-

27 785 92 817 lico
112 788 167 827 qui
189 798 256 819 eam
280 786 443 819 Thoracis
463 798 591 822 caveam
614 788 803 832 implebat}
816 799 932 830 magno
957 799 1031 822 cum

28 829 151 868 impetu
175 828 344 871 prosiluit.
369 829 504 863 Sublato
526 831 654 872 sterno,
677 835 709 865 &
730 831 878 874 sanguine
890 831 1032 873 spongiis

30 871 204 912 exhausto,
233 883 335 905 novus
356 872 473 906 iterum
499 886 553 915 per
575 875 810 918 diaphragma,
845 875 932 917 quod
966 876 1034 909 sau-

28 916 113 948 cium
138 924 228 955 erat,
250 927 289 948 ex
312 924 417 948 ventre
439 915 563 959 sanguis
587 921 620 950 in
643 918 771 951 eandem
804 917 944 950 thoracis
981 929 1033 951 ca-

33 968 121 991 veam
157 958 331 991 influebat.
465 960 685 1000 Qamobrem
717 963 870 994 Ventrem
904 972 1036 1004 quoque

32 1004 151 1042 aperire
176 1003 334 1035 continuo
355 1004 502 1044 oportuit
518 1027 530 1042 ,
553 1003 746 1047 effusumque
758 1005 841 1036 intra
853 1004 955 1046 ipsum
969 1004 1037 1036 san-

31 1046 159 1086 guinem
181 1043 362 1078 exhaurire:
385 1044 476 1087 cujus
498 1057 654 1081 concretae
677 1048 783 1084 fibrae‚
808 1047 1039 1088 perintestino-

33 1099 104 1121 rum
128 1089 284 1121 extimam
308 1089 449 1121 tunicam
473 1091 506 1121 in
530 1091 605 1122 retis
629 1092 759 1124 modum
785 1089 965 1131 dispofitae,
996 1087 1037 1122 fic

40 1133 69 1163 ei
96 1133 210 1165 tunicae
234 1130 456 1171 adhaerebanr,
480 1141 516 1165 ut
540 1133 688 1176 scalpello
710 1134 875 1166 dumtaxat
908 1133 1041 1171 separari

33 1172 174 1216 possent.
201 1176 311 1217 Itaque
336 1176 424 1208 omni
450 1175 597 1217 sanguine
622 1186 753 1217 amoto,
777 1179 807 1210 ὃ(
831 1175 1042 1209 visceribusin

32 1217 237 1260 conspectum
260 1218 364 1256 datis,
390 1218 428 1251 ad
452 1220 588 1253 vulneris
612 1220 863 1261 explorationem
903 1220 1041 1252 reditum

34 1260 93 1293 est.
120 1260 365 1300 Mediastinum,
391 1263 532 1304 primum
544 1264 689 1296 omnium
701 1263 820 1296 vulneri
845 1261 1044 1304 respondens,

38 1303 175 1337 saucium
200 1314 268 1337 erat
284 1328 296 1345 ,
319 1314 389 1338 tum
412 1306 625 1346 pericardium
639 1329 650 1345 ,
671 1307 806 1349 denique
817 1317 917 1347 partes
935 1305 1044 1338 dexte-

35 1349 62 1380 ri
87 1348 255 1382 ventriculi
279 1348 385 1381 cordis
400 1370 409 1385 ,
432 1357 467 1381 ut
491 1350 569 1381 rima
594 1350 731 1382 vulneris
764 1351 849 1382 intra
880 1360 950 1382 eum
973 1359 1046 1381 ven-

39 1391 192 1424 triculum
217 1393 393 1433 perveniret
417 1413 426 1428 ‚
451 1400 545 1434 atque
568 1392 631 1425 hoc
655 1391 830 1435 compresso
853 1414 864 1430 ,
895 1391 1044 1425 nonnihil

36 1434 197 1476 ,sanguinis
217 1446 255 1467 ex
278 1434 347 1475 ipso
370 1446 425 1476 per
448 1435 564 1468 rimam
588 1434 751 1476 prodiret.
779 1435 965 1467 Proximum
989 1448 1043 1469 au-

36 1486 103 1509 tem
128 1476 301 1510 mediastini
327 1479 447 1511 vulneri
469 1488 533 1510 erat
556 1478 809 1521 diaphragmatis
831 1479 963 1513 vulnus,
988 1489 1043 1520 per

36 1520 128 1561 quod
173 1520 319 1563 sanguis,
342 1530 377 1554 ut
401 1521 490 1563 supra
512 1522 635 1556 dissum
657 1521 699 1556 est
717 1546 729 1563 ,
761 1532 821 1556 una
856 1523 889 1553 in
914 1522 1043 1554 alteram

39 1564 159 1597 fluebat
183 1576 328 1597 caveam.

81 1619 112 1651 4.
140 1609 190 1640 Ex
213 1620 277 1650 quo
299 1608 439 1641 Galenus
462 1607 524 1646 (h)
549 1607 705 1648 tradidit,
737 1605 758 1640 si
781 1606 820 1641 ad
843 1607 948 1640 cordis
971 1619 1044 1640 ven-

36 1651 190 1684 triculum
211 1652 322 1684 vulnus
346 1659 486 1692 penetret
496 1662 509 1688 ,·
526 1652 672 1692 protinus
694 1651 846 1684 hominem
879 1651 958 1683 mori
992 1662 1047 1683 ne-

35 1691 108 1736 ceffe
131 1693 207 1736 effe:
231 1693 253 1726 st
278 1704 341 1725 non
366 1694 575 1734 penetravit,
599 1694 720 1735 aliquos
743 1704 802 1726 non
818 1693 921 1735 solum
944 1704 976 1726 ea
999 1694 1047 1727 die

38 1737 101 1768 hm:
123 1736 286 1769 vulnerati
301 1736 397 1777 sunt,
417 1736 474 1777 sed
489 1735 632 1778 sequenti
653 1747 769 1778 quoque
780 1737 864 1769 ηοὲἷε
874 1737 980 1769 vivere
990 1746 1046 1778 po-

42 1778 133 1824 tuisse
149 1788 382 1812 cumanorum
405 1778 605 1812 dissectiones
629 1778 712 1813 haud
736 1790 806 1811 raro
829 1778 913 1812 secus
925 1778 1047 1812 accide-

39 1820 97 1861 re,
122 1821 344 1855 ostenderunt.
372 1823 517 1862 Qarum
543 1822 647 1864 plures
669 1821 797 1864 quidem
822 1821 917 1855 habes
940 1823 973 1853 in
996 1823 1049 1854 Se-

35 1864 232 1908 pulchret03
258 1864 306 1898 sed
332 1875 394 1897 non
418 1876 527 1897 omnes
552 1888 558 1894 .
606 1866 729 1897 Extant
766 1866 850 1897 enim
882 1876 951 1907 quae
975 1864 1047 1898 addi

35 1908 176 1950 possint,
200 1920 254 1940 nec
280 1908 380 1941 solum
404 1919 418 1940 e
444 1908 546 1949 postea
572 1906 692 1943 editis.
736 1918 769 1940 ut
804 1917 878 1949 puta
910 1919 980 1949 quae
1016 1909 1049 1941 in

35 1952 146 1992 Regiae
171 1953 381 1984 Scientiarum
403 1950 585 1984 Academiae
611 1949 782 1983 Parisiensis
805 1962 867 1983 non
891 1961 955 1984 uno
979 1952 1049 1983 Vo-

37 1996 159 2028 lumine
182 1999 245 2035 (c)
269 1995 400 2037 prolata:
424 1994 517 2033 sunt,
540 2004 646 2027 verum
660 1996 756 2026 etiam
770 1994 875 2027 multo
887 1994 1050 2035 antiquio-

39 2049 108 2073 res.
134 2047 169 2071 ut·
193 2050 263 2080 quae
288 2050 302 2069 a
327 2038 500 2079 Falloppio
524 2036 629 2069 nostro
652 2038 724 2076 (d)
748 2036 856 2070 habita
881 2034 944 2070 est:
969 2037 1050 2070 unde

37 2081 183 2117 constat,
208 2080 268 2126 five
292 2080 428 2120 vulnus,
450 2081 491 2113 ‘ut
515 2082 549 2112 in
573 2080 629 2112 hac
655 2081 819 2123 Falloppii
842 2103 852 2118 ,
884 2082 917 2112 in
941 2080 1049 2114 cordis

37 2124 214 2168 parietibus
239 2122 400 2163 subsistat,
424 2121 506 2160 sive,
533 2132 568 2157 ut
592 2124 625 2155 in
648 2123 732 2159 illis,
765 2124 799 2157 in
837 2123 1050 2157 ventriculum

40 2169 226 2211 perveniat,
248 2167 369 2200 diutius
394 2177 489 2209 quam
514 2165 698 2199 vetustiores
723 2166 938 2208 opinabantur
963 2191 972 2203 ‚
1003 2169 1052 2198 vi-

42 2221 112 2245 tam
136 2210 308 2253 aliquando
331 2206 415 2251 posse
438 2209 591 2252 produci.
625 2208 784 2243 Valsalvae
809 2210 1005 2243 Observatio
1029 2208 1052 2242 fi

40 2265 118 2289 cum
139 2255 261 2286 caeteris
282 2253 432 2286 omnibus
454 2261 682 2294 comparetur,
709 2261 744 2285 ut
767 2264 806 2286 ex
829 2254 869 2286 iis
881 2264 944 2285 non
968 2251 1054 2286 estin

40 2299 157 2341 quibus
180 2297 217 2330 ad
243 2297 370 2338 longius
394 2305 516 2338 tempus
541 2298 605 2328 vita
628 2296 665 2328 sit
690 2296 790 2329 trafta
807 2319 818 2335 ‚
841 2295 883 2329 fic
907 2307 1006 2338 neque
1018 2307 1056 2328 ex

42 2343 86 2375 iis
110 2341 153 2374 el't
178 2342 210 2372 in
235 2340 352 2381 quibus
374 2339 411 2373 ad
434 2338 578 2373 brevius.
605 2338 715 2371 Habet
740 2344 868 2379 autem,
900 2338 986 2380 quod
1019 2338 1058 2372 ad

44 2383 255 2427 conjunctum
278 2382 530 2425 diaphragmitis
553 2383 665 2415 vulnus
688 2383 826 2423 attinet,
847 2381 990 2426 quaedam
1004 2382 1058 2416 ad-

46 2430 216 2462 notatione
240 2426 354 2467 digna,
380 2429 412 2459 <Sc
437 2426 518 2459 unde
541 2426 694 2459 utilitatis
719 2426 839 2468 aliquid
862 2436 970 2466 capere
984 2426 1058 2459 Me-

46 2471 113 2505 dici
138 2471 174 2504 ad
199 2468 449 2511 dignoscendum
473 2470 605 2510 poffint.
631 2467 766 2501 Iudiciis
781 2471 865 2501 enim
876 2468 1057 2502 extantibus

50 2514 208 2548 vulnerati
222 2513 329 2546 cordis
340 2537 352 2553 ,
364 2512 569 2554 &sanguinis
580 2524 618 2546 ex
629 2523 667 2544 eo
678 2510 763 2544 effusi
777 2511 818 2552 ,si
831 2511 977 2558 ponderis
990 2511 1059 2544 sen-

45 2556 97 2592 fus
111 2560 143 2589 in
154 2557 281 2590 thorace
298 2556 402 2590 nullus
417 2555 469 2595 sit,
480 2557 513 2588 in
527 2565 633 2588 ventre
644 2564 748 2588 autern
759 2566 821 2588 non
835 2555 932 2588 modo
947 2555 997 2594 sit,
1007 2554 1058 2588 sed

46 2601 160 2634 indies
194 2609 362 2641 augeatur,
387 2598 578 2641 conjecturae
601 2599 689 2632 locus
700 2598 805 2631 eritde
830 2598 917 2640 septo
940 2598 1060 2631 Trans-

49 2644 140 2677 verso
162 2644 206 2677 ita
220 2643 377 2681 sauciato,
402 2651 437 2675 ut
463 2643 644 2684 sanguinem
668 2653 683 2673 e
707 2641 836 2674 thorace
862 2640 1059 2674 transmittat

51 2688 87 2720 in
111 2695 277 2726 ventrem,
302 2684 476 2728 praesertim
500 2686 554 2719 ubi
576 2685 698 2728 signum
722 2683 854 2726 aliquod
885 2695 948 2717 non
980 2682 1059 2717 desit

50 2741 92 2763 ex
114 2732 156 2763 iis
180 2741 248 2770 quae
273 2728 395 2770 septum
420 2727 501 2762 illud
525 2729 722 2762 vulneratum
745 2728 803 2761 esse
836 2726 1025 2760 confirmant
1048 2739 1059 2760 .-

49 2772 231 2816 ‘cujusmodi
254 2780 318 2804 erat
340 2772 373 2803 in
397 2783 481 2813 aegro
505 2770 672 2813 proposito
696 2770 901 2804 molestiffima
915 2771 970 2803 illa
994 2767 1061 2803 tus-

51 2816 103 2854 fis,
118 2815 281 2858 gravisque
304 2813 380 2846 adeo
394 2836 401 2850 ,
418 2825 452 2848 ut
465 2813 539 2846 ferri
564 2815 617 2848 vix
629 2813 740 2856 posset.
757 2814 856 2853 Quod
880 2812 1001 2855 lignum
1024 2822 1060 2845 ut

51 2871 72 2893 a
94 2857 283 2902 quibusdam
306 2858 499 2893 omittatur3
522 2866 604 2889 certe
628 2869 643 2889 a
666 2857 789 2890 summo
810 2856 977 2899 Chirurgo
991 2856 1063 2888 Fal-

53 2904 170 2945 loppio
194 2902 236 2942 (e)
260 2910 323 2932 non
347 2898 388 2933 est
400 2901 618 2942 praeteritum.
642 2900 725 2933 Noli
737 2908 840 2934 autern
856 2901 965 2933 mirati
977 2897 1063 2941 quod

53 2947 90 2980 in
116 2945 259 2987 proxima
282 2943 514 2976 observatione
538 2953 601 2975 non
627 2942 818 2976 adnotetur.
843 2944 957 2985 Neque
979 2943 1064 2975 enim

54 2989 178 3031 :semper
200 2986 350 3029 cujusque
374 2986 476 3019 morbi
500 2985 642 3020 universa
666 2986 1064 3023 occurruntindicia5ita-

56 3045 118 3076 que
141 3032 196 3064 illa
222 3029 350 3063 habebit
373 3030 433 3061 alia
455 3041 525 3072 quae
548 3031 580 3062 in
605 3029 663 3062 hac
686 3039 749 3062 non
773 3030 941 3070 leguntur.
976 3028 1062 3061 Prae-

55 3085 143 3108 terea
165 3084 267 3108 autem
292 3072 371 3115 saepe
385 3072 423 3104 ab
439 3072 710 3106 observatoribus
733 3071 925 3106 adnotantur
937 3071 1063 3105 dumta-

57 3129 113 3154 :xat
139 3119 295 3160 praecipua
316 3141 321 3145 .
346 3117 493 3158 Denique
518 3127 576 3158 pro
598 3126 683 3148 varia
708 3117 741 3147 in
766 3116 872 3148 eadem
888 3117 978 3148 Parte
993 3114 1063 3147 vul-

58 3164 146 3196 neris
168 3170 224 3194 aut
247 3158 494 3195 constitutione,
518 3168 571 3192 aut
596 3158 661 3191 sede
685 3158 744 3190 alia
768 3158 845 3190 alias
877 3157 961 3199 signa
993 3169 1061 3190 ma-

58 3207 109 3248 gis
134 3205 161 3237 se
184 3202 359 3245 objicient.
385 3202 580 3244 Quanquam
605 3211 710 3235 autem
734 3203 767 3233 in
793 3201 871 3239 hac,
895 3204 928 3234 &
953 3202 1065 3242 proxi-

57 3260 109 3282 ma
132 3247 363 3280 Observatione
384 3257 453 3287 quae
477 3246 612 3278 vulneris
637 3244 719 3278 sedes
743 3245 861 3282 fuerit,
896 3256 936 3277 ex
959 3247 1068 3278 ceteris

57 3303 129 3334 quae
141 3289 382 3325 adscribuntur,
403 3286 522 3330 conjici
544 3286 868 3331 quadantenuslicet3
891 3286 1068 3330 optandum

58 3344 165 3368 tamen
189 3331 282 3368 esset,
309 3340 343 3364 ut
367 3331 400 3363 in
424 3342 480 3369 ea,
504 3340 631 3373 totaque
656 3331 734 3365 adeo
757 3332 895 3364 vulneris
926 3332 978 3363 via
1010 3332 1064 3364 de-

57 3377 225 3414 scribenda
249 3374 331 3407 nihil
357 3385 372 3406 a
396 3373 543 3406 Valsalva
567 3377 764 3415 praeteritum
796 3373 902 3407 fuisset
933 3373 1021 3415 quod
1043 3386 1060 3407 a

59 3421 217 3465 quopiam
242 3415 341 3462 posset
364 3416 549 3453 desiderari,
570 3418 638 3449 imo
661 3419 694 3450 in
716 3420 828 3460 primae
853 3415 1057 3456 huiushisto-

59 3466 117 3498 riae
141 3464 241 3495 initio
264 3461 377 3493 diserte
402 3459 436 3493 id
459 3459 545 3502 quod
566 3459 696 3494 voluisse
719 3460 863 3498 videtur,
888 3458 1064 3501 scripsisset,

61 3518 174 3550 nempe
195 3505 336 3538 cultrum
358 3505 440 3536 inter
463 3502 582 3535 costam
615 3504 795 3545 mineram,
833 3507 865 3537 &
898 3503 1018 3537 sextam
1049 3514 1065 3537 a

146 3548 313 3590 Morgagni
336 3548 371 3581 de
393 3546 460 3579 sed.
488 3546 531 3579 Θ
553 3547 639 3588 Caus.
664 3547 764 3580 Morh.
790 3548 891 3582 Torn.
909 3549 956 3580 II.

1084 268 1204 302 dextris
1227 265 1267 300 sic
1279 265 1425 301 adactum
1438 292 1450 309 ,
1473 277 1507 302 ut
1522 268 1625 307 versus
1636 266 1728 301 sterni
1742 264 1881 299 medium
1895 268 2074 301 ascenderet

1129 321 1158 352 ς.
1184 311 1336 344 SENEX
1360 322 1515 345 annorum
1542 312 1759 353 septuaginta,
1782 322 1798 342 a
1820 311 1937 352 viginti
1958 310 2085 343 circiter

1082 355 1172 388 annis
1194 365 1311 392 caecus,
1334 355 1445 388 cadens
1468 354 1620 388 sinistram
1644 354 1783 387 thoracis
1796 363 1916 395 partem
1929 353 2004 386 adeo
2014 362 2087 393 gra-

1084 400 1166 431 viter
1188 397 1226 431 ad
1250 397 1367 430 filicem
1392 397 1516 436 allidit,
1541 407 1577 431 ut
1600 397 1699 430 costas
1721 396 1847 437 frangat
1868 422 1873 430 .
1913 396 2086 436 Excipitur

1083 442 1117 474 in
1140 440 1225 474 idem
1247 441 1499 474 Nosocomium.
1525 440 1634 475 Pulsus
1657 448 1721 474 erat
1744 439 1861 473 durus.-
1882 437 2087 473 dolorinlae-

1084 484 1115 517 sa
1138 493 1223 526 parte
1246 494 1400 525 gravans,
1421 487 1454 517 δε
1478 494 1643 527 pungens:
1678 482 1846 526 respiratio
1870 482 2087 516 difficillima.

1079 527 1162 569 Qae
1186 526 1358 561 difficultas
1380 526 1434 560 etfi
1457 528 1541 560 circa
1564 535 1715 570 quartum
1737 525 1824 559 diem
1859 524 2008 559 nonnihil
2034 535 2084 556 re-

1078 574 1204 603 mittere
1226 570 1289 602 visa
1312 569 1375 607 est;
1398 571 1526 603 ineunte
1550 578 1656 603 tamen
1682 571 1771 603 sexto
1793 570 1911 602 iterum
1935 568 1978 602 est
2004 566 2088 600 fana

1079 614 1228 656 gravior:
1253 624 1377 655 unaque
1399 612 1548 647 delirium
1573 612 1714 647 acceffit.
1739 612 1867 648 Quibus
1879 610 2089 656 perstantibus

1079 656 1228 689 omnibus
1245 678 1252 690 ‚
1276 657 1361 688 circa
1388 666 1508 689 nonum
1535 667 1617 697 aeger
1641 656 1682 689 est
1707 665 1853 688 mortuus
1870 678 1878 685 .

1080 700 1325 733 TRORACIS
1347 709 1459 732 cavum
1483 698 1637 732 sinistrum
1662 698 1822 741 sanguinis
1833 695 1917 731 effusi
1940 706 2009 730 erat
2023 697 2089 739 ple-

1080 753 1177 776 num.
1203 741 1306 774 Costae
1331 751 1435 776 autem
1458 742 1564 775 lateris
1589 740 1725 784 ejusdem
1748 742 1918 783 legitimae,
1947 741 2089 781 suprema

1080 794 1234 826 excepta,
1257 795 1366 817 omnes
1389 794 1477 817 erant
1503 783 1611 818 frasta?
1636 782 1678 817 fic
1693 811 1700 825 ,
1723 793 1759 817 ut
1784 784 1941 826 septima,
1965 782 2091 824 aspera,

1085 832 1117 862 ὃ(
1140 827 1289 870 inaequali
1314 827 1453 861 srastura
1479 826 1684 871 diaphragma
1698 826 1900 861 vulnerasset:
1923 825 2011 869 quod
2025 827 2092 858 cir-

1085 884 1121 906 ca
1143 870 1178 905 id
1200 871 1313 904 vulnus
1337 870 1474 912 undique
1497 880 1564 904 erat
1600 871 1854 905 inflammatum.
1990 867 2093 910 Qod

1088 915 1126 947 ad
1159 916 1334 947 caecitatem
1367 913 1518 956 spectat:
1552 914 1821 956 quemadmodum
1855 912 2092 955 Crystallinum

1086 969 1253 999 utrumque
1276 955 1442 990 humorem
1468 957 1611 989 Valsalva
1634 955 1785 991 affectum
1807 958 1964 991 invenerit
1975 954 1991 997 ,'
2010 955 2095 999 Epi-

1089 1001 1167 1035 stola
1193 998 1296 1042 scripsi
1319 1001 1508 1033 Anatomica
1531 1001 1663 1034 XVIII.
1688 998 1769 1042 (f),

1131 1047 1163 1076 6.
1190 1044 1240 1076 En
1264 1043 1397 1076 alterurn
1420 1042 1670 1085 diaphragmatis
1693 1044 1853 1084 sauciati,
1876 1046 1909 1077 &
1932 1042 2094 1085 sanguinis

1088 1087 1179 1120 intro
1200 1084 1286 1119 effusi
1311 1087 1508 1127 exemplum.
1536 1086 1635 1119 Nulla
1658 1085 1712 1119 hic
1736 1087 1843 1127 tuffis,
1865 1087 1953 1121 nulla
1976 1089 2010 1119 in
2023 1097 2098 1118 ven-

1094 1139 1141 1162 tre
1166 1129 1334 1171 ponderis,
1360 1129 1408 1162 sed
1431 1130 1591 1171 gravantis
1614 1132 1648 1162 in
1673 1128 1803 1163 thorace
1818 1153 1830 1169 ,
1862 1129 2095 1172 pungentisque
2142 1142 2144 1144 ’

1094 1173 1238 1212 doloris,
1265 1172 1481 1214 respirationis
1503 1171 1718 1211 difficillimae,
1757 1176 1788 1206 δε
1809 1172 1917 1206 delirii
1942 1173 2065 1206 mentio
2088 1195 2096 1203 .

1096 1218 1203 1254 Pone,
1232 1215 1286 1248 hic
1308 1216 1423 1249 vulnus
1445 1226 1509 1248 non
1534 1215 1570 1248 ad
1596 1215 1775 1249 tendineam
1799 1216 1878 1259 septi
1912 1213 2101 1254 Transverli

1094 1268 1241 1302 partem,
1265 1258 1333 1296 sed,
1361 1268 1397 1292 ut
1419 1259 1483 1291 veri
1506 1257 1707 1292 simillimum
1733 1257 1777 1292 est
1798 1283 1809 1299 ,
1845 1258 1883 1292 ad
1919 1270 2064 1292 carneam
2086 1281 2100 1297 ,

1095 1313 1196 1344 neque
1218 1303 1252 1335 in
1275 1312 1415 1335 ventrem
1440 1311 1567 1344 patens,
1593 1311 1628 1336 ut
1651 1313 1690 1335 eo
1714 1302 1927 1336 transmittere
1940 1302 2102 1336 effusuma

1095 1345 1248 1387 disruptis
1271 1357 1329 1379 una
1352 1356 1425 1379 cum
1449 1345 1545 1379 costis
1570 1346 1826 1379 Intercostalibus
1852 1344 1949 1383 vasis,
1974 1346 2103 1388 sangui-

1095 1399 1164 1421 nem
1191 1388 1302 1428 ponit,
1328 1387 1376 1421 sed
1401 1390 1433 1420 in
1458 1389 1624 1429 laceratis,
1648 1388 1907 1431 compunCtisque
1925 1387 2102 1423 identidem

1096 1444 1110 1464 a
1133 1430 1285 1465 diffra&ae
1309 1432 1399 1465 costae
1431 1431 1601 1473 asperitate
1627 1431 1786 1466 fasciculis
1811 1433 1933 1465 carneis
1958 1433 2099 1474 superio-

1095 1475 1180 1508 ribus
1203 1474 1391 1514 consistens,
1414 1474 1458 1507 ob
1480 1476 1671 1518 eandemque
1695 1475 1819 1509 causam
1843 1476 2104 1515 inflammatum;

1095 1518 1158 1560 jam
1181 1517 1262 1551 unde
1284 1518 1450 1551 extiterint
1475 1520 1587 1551 omnia
1612 1520 1688 1551 inte=
1720 1518 1822 1558 hanc,
1846 1521 1875 1551 &
1902 1519 2101 1561 superiorem

1095 1561 1362 1594 Observationem
1386 1560 1591 1600 discrimina,
1614 1562 1793 1602 intelliges.
1818 1562 1973 1598 Quamvis
1996 1567 2105 1596 'autem

1095 1606 1128 1637 in
1152 1604 1202 1637 sex
1225 1603 1335 1637 fraffis
1359 1603 1486 1637 sinistris
1508 1604 1601 1637 costis
1617 1626 1625 1640 ,
1649 1607 1680 1637 &
1705 1603 1875 1646 sanguine,
1899 1606 1977 1638 illud
1992 1605 2109 1638 thora-

1095 1649 1141 1680 cis
1163 1658 1274 1680 cavum
1301 1647 1454 1689 implente
1470 1669 1478 1682 ‚
1501 1647 1574 1680 satis
1596 1646 1757 1680 causarum
1782 1647 1819 1680 fit
1842 1647 1985 1682 difficilis
2001 1648 2106 1690 respi-

1097 1692 1252 1728 rationis5
1276 1699 1379 1722 tamen
1403 1689 1423 1722 si
1449 1689 1529 1723 hanc
1554 1689 1773 1724 difficiliorem
1788 1700 1864 1724 tunc
1888 1690 1946 1725 esse
1971 1690 2104 1730 factam,

1096 1734 1381 1773 animadverteris,
1405 1744 1479 1767 cum
1503 1733 1539 1767 ad
1563 1744 1630 1766 eam
1654 1734 1772 1767 acceffit
1795 1734 1946 1768 delirium
1961 1758 1968 1772 ,
2004 1735 2035 1767 id
2063 1734 2105 1768 est

1098 1777 1270 1811 secundum
1293 1788 1432 1810 veterum
1456 1777 1685 1818 Magistrorum
1720 1777 1936 1818 sententiam,
1961 1789 2034 1812 cum
2069 1777 2108 1811 ad

1098 1821 1213 1854 vulnus
1238 1819 1488 1861 diaphragmatis
1511 1820 1727 1854 inflammatio
1751 1820 1867 1854 acceffit
1893 1834 1904 1860 5
1927 1823 2011 1855 inter
2034 1822 2106 1855 illas

1098 1863 1204 1897 causas
1227 1862 1290 1896 hoc
1313 1864 1411 1896 etiam
1435 1865 1563 1896 nomine
1586 1863 1980 1908 diaphragmatisquoque'
2004 1864 2106 1898 laefio-

1101 1918 1171 1939 nem
1193 1907 1456 1939 connumerabis.
1493 1908 1608 1950 Neque
1638 1909 1722 1941 enim
1755 1907 2018 1952 semperdecepti
2053 1908 2105 1941 illi

1099 1949 1248 1983 credendi
1273 1949 1362 1986 sunt,
1385 1960 1458 1982 cum
1485 1950 1777 1993 Paraphrenitidem
1800 1953 1833 1984 in
1859 1950 1952 1994 hujus
1976 1952 2107 1986 inflam-

1103 1994 1245 2026 matione
1269 2004 1441 2035 agnovere:
1467 2004 1646 2037 quanquam
1669 2005 1732 2027 non
1758 1994 1926 2028 necessario
1950 1996 2004 2029 has
2027 1996 2106 2031 duas

1100 2034 1275 2078 conjungi,
1301 2047 1315 2067 a
1338 2047 1386 2069 me
1411 2036 1472 2069 tibi
1497 2037 1572 2070 alias
1596 2041 1660 2080 (g)
1685 2036 1838 2072 ostensum
1863 2039 1927 2073 est.
1950 2040 2040 2073 Nam
2053 2050 2112 2073 ne-

1100 2091 1162 2123 que
1186 2090 1224 2112 ex
1246 2078 1502 2122 diaphragmatis
1514 2081 1639 2114 vulnere
1663 2080 1782 2124 semper
1793 2083 1936 2117 exoritur
1948 2082 2113 2119 sardonius

1102 2123 1204 2156 risus:
1228 2122 1314 2165 quod
1337 2134 1410 2157 cum
1435 2123 1502 2157 aliae
1517 2147 1525 2162 ‚
1551 2132 1621 2159 tum
1643 2124 1713 2159 duae
1736 2126 1987 2160 commonstrant
2012 2125 2114 2160 modo
2136 2152 2140 2153 γ

1103 2165 1273 2208 propofirae
1296 2166 1565 2201 Observationes.
1590 2169 1661 2202 Nec
1686 2178 1790 2202 tamen
1814 2169 1899 2203 falso
1931 2170 1967 2203 id
1999 2170 2111 2213 prodi-

1105 2220 1175 2243 tum
1199 2206 1293 2241 fuisse
1316 2209 1397 2250 apud
1421 2209 1631 2245 Aristotelem
1657 2212 1728 2254 (h)
1758 2224 1796 2246 ex
1818 2214 2024 2255 Hippocrate
2045 2215 2107 2253 (i)

1107 2251 1210 2299 potest
1234 2252 1400 2295 intelligi,
1423 2253 1503 2287 unde
1526 2255 1620 2288 illum
1643 2255 1790 2297 accepisse
1806 2279 1817 2295 ‚
1841 2257 1982 2290 credebat
2005 2257 2116 2291 Valle-

1107 2295 1167 2328 sius
1190 2295 1267 2336 (le).
1292 2296 1568 2340 Confirmavitque
1595 2299 1717 2332 Plinius
1739 2299 1799 2339 (l)
1836 2312 1875 2333 ex
1902 2300 2116 2342 gladiatorum

1101 2338 1311 2387 spetiaculz's,
1336 2341 1449 2373 Romae
1473 2338 1750 2384 frequentissimis.
1777 2341 1879 2385 Cujus
1902 2355 1961 2385 ego
1973 2344 2119 2388 aliquan-

1108 2381 1152 2414 do
1174 2381 1346 2427 inspiciens
1380 2383 1509 2423 locum,
1543 2395 1607 2417 non
1642 2394 1708 2418 tam
1732 2387 1868 2420 miratus
1901 2386 1995 2428 sum,
2027 2386 2117 2430 quod

1109 2425 1239 2459 Celsum
1264 2426 1340 2468 (m)
1364 2425 1511 2467 secutus,
1535 2427 1742 2470 diaphragma
1772 2431 1989 2463 membranam
2022 2430 2079 2464 esse
2102 2455 2113 2470 ,

1109 2467 1247 2506 dixerit,
1271 2471 1323 2501 cui
1349 2469 1435 2501 nulla
1451 2470 1496 2511 fit
1518 2481 1609 2511 caro,
1626 2471 1681 2513 sed
1705 2472 1831 2515 nervosa
1854 2472 1998 2511 exilitas,
2021 2485 2120 2518 quam

1106 2521 1125 2544 a
1150 2510 1382 2552 Dalechampio
1405 2510 1585 2546 festinanter
1608 2515 1821 2556 adscriptam,
1843 2527 1898 2549 nec
1912 2516 2120 2555 releuammt

1109 2555 1250 2596 opinor,
1274 2555 1502 2604 adnotatione,
1526 2558 1560 2589 in
1582 2568 1642 2600 qua
1657 2555 1779 2600 falsum
1802 2560 1835 2593 id
1866 2557 1920 2604 effe
1942 2581 1952 2597 ‚
1974 2560 2120 2601 monstrat

1108 2600 1290 2636 anatome,
1314 2607 1443 2641 inquit,
1468 2601 1556 2638 septi
1577 2602 1698 2642 quidem
1729 2600 1870 2635 ambitus
1900 2603 2046 2645 nervosus
2080 2604 2122 2638 Θ·

1108 2639 1335 2688 membranosus
1347 2642 1406 2681 eft,
1430 2642 1529 2675 media
1552 2654 1624 2676 vero
1648 2655 1719 2686 pars
1744 2645 1867 2688 carnosa
1882 2670 1889 2677 .
1914 2646 2060 2680 Sedilluc
2074 2658 2120 2680 re-

1110 2681 1188 2715 deo.
1214 2684 1287 2716 Sive
1310 2683 1402 2718 istam
1427 2684 1506 2718 risus
1530 2685 1782 2729 similitudinem·
1798 2689 1831 2720 in
1855 2689 2044 2723 convulsivis
2055 2690 2121 2723 dia-

1110 2725 1309 2768 phragmatis
1322 2728 1571 2762 concuffionibus
1594 2728 1712 2770 spe&as
1725 2754 1733 2768 ‚
1757 2739 1792 2764 ut
1805 2731 2020 2774 Hippocrates
2033 2732 2122 2767 vide-

1110 2778 1163 2803 tur
1186 2766 1310 2811 fecisse,
1334 2773 1390 2813 qui
1415 2771 1511 2804 risum
1535 2772 1619 2805 hunc
1642 2773 1726 2806 dixit
1738 2773 1965 2817 tumultuosum
1981 2803 1986 2814 ,
2003 2776 2064 2808 sive
2077 2784 2124 2809 et-

1111 2813 1177 2845 iam
1198 2816 1231 2845 in
1256 2812 1357 2853 facie,
1380 2822 1416 2846 ut
1441 2814 1584 2857 plerique
1608 2815 1708 2848 solent
1723 2818 1819 2854 ,&in
1831 2816 1883 2850 his
1908 2818 2123 2853 Bartholinus

1110 2859 1156 2896 (n
1172 2860 1206 2896 ),
1228 2867 1291 2888 rem
1302 2856 1492 2893 confirmans
1503 2858 1649 2899 exemplo
1670 2859 1759 2900 quod
1771 2860 1852 2899 apud
1868 2863 2018 2895 Saxancm
2033 2862 2124 2898 suum

1112 2898 1254 2936 indicat,
1279 2902 1311 2931 &
1324 2910 1378 2940 per
1389 2898 1561 2933 Phrenicos
1585 2912 1693 2934 nervos
1715 2902 1876 2944 explicans
1890 2905 1995 2938 minus
2009 2906 2124 2949 perspi.

1114 2953 1169 2975 cue
1180 2953 1273 2984 quam
1287 2953 1383 2984 nuper
1396 2943 1619 2977 Subtiliffimus
1632 2943 1797 2977 Prose&or
1807 2947 2034 2991 Meckelius(o)
2043 2949 2127 2983 Cer-

1112 2986 1264 3018 vicalium
1289 2985 1372 3018 unde
1395 2986 1444 3018 illi
1469 2988 1619 3020 oriuntur
1634 3010 1643 3024 ‚
1672 2989 1803 3022 ramulis
1816 3000 1870 3031 per
1881 2990 1993 3025 faciem
2005 2993 2127 3034 produ-

1111 3029 1194 3065 ἂὶες
1219 3028 1373 3061 utrolibet
1387 3030 1489 3071 igitur
1511 3030 1611 3063 modo
1633 3030 1693 3064 five
1715 3039 1852 3075 utroque
1874 3035 2126 3077 accipias‚ficut

1111 3073 1141 3105 is
1163 3071 1240 3105 risus
1263 3082 1326 3103 non
1350 3075 1600 3115 proptereaquia
1612 3074 1722 3107 nonin
1734 3077 1857 3110 cunstis
1869 3076 2125 3120 diaphragmatis

1113 3114 1296 3148 vulneribus
1310 3116 1708 3155 occurrit‚commentitius
1723 3117 1820 3158 est3sic
1835 3131 1936 3163 neque
1950 3121 2124 3156 delirium.

1114 3158 1188 3191 licet
1212 3169 1320 3190 omnes
1344 3168 1406 3190 non
1429 3158 1681 3201 diaphragmatis
1703 3163 2127 3205 comiteturinflammatio‚

1118 3212 1171 3234 nes
1183 3225 1190 3232 .
1216 3200 1317 3239 Quod
1339 3199 1360 3232 si
1373 3202 1493 3235 nullam
1507 3201 1620 3236 habere
1643 3206 1800 3238 rationem
1813 3206 1915 3247 placet
1929 3207 2056 3242 vetustae
2068 3208 2127 3242 ob-

1118 3244 1328 3284 servationis3
1355 3253 1492 3277 attamen
1504 3256 1615 3288 negare
1637 3258 1701 3281 non
1725 3249 1870 3290 poteris,
1893 3247 2127 3293 diaphragma,

1118 3288 1355 3331 quopraecipuo
1367 3289 1488 3321 utimur
1500 3288 1537 3321 ad
1563 3289 1779 3331 respirandum
1802 3291 2012 3327 instrumento
2029 3316 2037 3331 ‚
2061 3306 2127 3329 non

1118 3331 1318 3364 vulneratum
1342 3330 1456 3370 modo,
1481 3331 1531 3365 sed
1553 3333 1856 3373 &inflammatum
1880 3335 1978 3369 &suo
1989 3346 2127 3379 exparte

1112 3373 1157 3407 ob
1164 3372 1245 3414 coste
1255 3372 1385 3417 septime
1395 3373 1567 3409 fra&uram
1576 3375 1723 3411 orbatum
1735 3376 1936 3415 fulcro,inter
1946 3380 2050 3414 causas
2061 3381 2129 3416 dif-

1109 3417 1253 3458 ficillime
1265 3415 1352 3449 istius
1364 3416 1578 3458 respirationis
1591 3417 1646 3451 elle
1658 3421 1807 3462 precipue
1820 3426 2128 3459 connumerandum

1157 3471 1187 3503 7.
1213 3460 1293 3493 VIR
1337 3469 1432 3493 annos
1479 3470 1569 3495 natus
1613 3462 1741 3496 circiter
1774 3462 1984 3506 quadraginta
2017 3487 2027 3503 ,
2070 3468 2129 3510 qui

1116 3504 1260 3537 venerea
1306 3502 1357 3536 lue
1400 3503 1456 3538 diu
1501 3504 1695 3540 laboraverat
1728 3527 1741 3544 ,
1788 3517 1843 3549 per
1891 3507 2071 3544 saeviffimos
2092 3510 2131 3547 ad

1705 3551 1736 3584 R
1759 3561 1774 3583 r
2036 3563 2088 3586 ar-

75 3630 2110 3649 ffl———m—-m—-ss-

156 3690 164 3720 )
180 3692 217 3714 De
236 3691 292 3713 Loe.
310 3687 347 3711 aff
369 3688 388 3711 1.
405 3695 429 3716 ς.
444 3694 464 3711 e.
480 3694 506 3711 a..
568 3689 582 3717 (
623 3687 675 3747 >gl-3

94 3689 149 3749 ἓεό)
167 3721 218 3744 eod.
234 3728 257 3744 c.
273 3721 311 3742 28.
329 3748 334 3752 1
373 3716 415 3749 (J
429 3717 442 3745 )
458 3725 480 3741 n.
497 3724 540 3746 292
597 3695 612 3746 Ξ
679 3697 805 3747 ¹13pist.7.
823 3727 846 3742 n,
871 3729 897 3750 14

95 3750 151 3778 (k.)
169 3752 309 3774 Co'fnment-
329 3756 354 3771 ¹¹¹
371 3751 434 3774 hunc
451 3748 530 3772 ¹⁰0⁰OE
548 3754 571 3770 Π·
588 3747 629 3777 ¹Ps¹
648 3755 685 3778 94·
747 3749 755 3777 s
774 3750 784 3772 Ι
803 3752 809 3776 l
824 3751 886 3777 Nat.
905 3751 963 3775 Hist.
980 3749 994 3772 li
1016 3756 1049 3772 11-
1069 3755 1082 3770 c
1106 3755 1143 3776 37.

96 3780 113 3809 t
126 3782 166 3812 n)
188 3782 260 3806 Anat.
275 3784 355 3811 quart.
371 3786 452 3806 xenov.
468 3778 487 3805 1.
502 3785 525 3805 2.
539 3785 562 3804 c.
577 3785 604 3808 3.

688 3687 714 3712 st.
731 3690 760 3712 A.
781 3696 846 3719 ¹735-
862 3690 922 3716 obs,
941 3692 1012 3714 Anat.
1032 3695 1052 3716 9.
1073 3687 1095 3710 ὅ(
1112 3689 1140 3711 Α.
1161 3695 1232 3721 174⁴:
1246 3685 1304 3711 0bs.
1321 3687 1395 3712 Anat.
1412 3695 1436 3718 9.
1453 3690 1498 3714 &c-

964 3719 978 3748 (
992 3719 1007 3741 h
1022 3717 1035 3746 )
1051 3719 1091 3747 De¹
1104 3719 1167 3741 Part.
1186 3717 1291 3741 Animal.
1309 3716 1325 3739 Ι»
1345 3724 1368 3746 3.
1384 3725 1405 3742 c-
1424 3726 1459 3743 ιο.

671 3778 685 3808 (
700 3778 738 3811 ο)
758 3778 820 3807 Hiss.
838 3784 869 3810 de
885 3779 980 3809 l'Acad
996 3780 1025 3804 R.
1043 3778 1084 3804 des
1101 3779 1143 3804 St.
1159 3776 1287 3809 dejestin
1304 3784 1336 3810 A.
1351 3784 1420 3810 ¹75²-

1656 3691 1741 3716 Trast.
1759 3691 1789 3716 de
1807 3692 1936 3717 Vulnerib.
1953 3700 1975 3717 ι.
1992 3694 2032 3716 28.

1518 3720 1534 3776 f
1550 3719 1562 3743 ι·
1576 3689 1675 3776 {li-[ild.
1689 3721 1708 3746 Ι.
1725 3730 1748 3752 5.
1765 3729 1790 3748 n.
1807 3730 1846 3754 3⁴·
1863 3723 1926 3754 apud
1942 3723 2086 3755 Matium.

1206 3748 1219 3775 (
1237 3755 1260 3770 m
1276 3747 1289 3775 )
1305 3748 1342 3771 De
1358 3748 1449 3775 Medic.
1466 3750 1484 3775 1.
1499 3757 1515 3781 4
1540 3756 1561 3775 c·
