2498 4075
358 206 469 241 panem
486 193 631 239 subigit,
654 190 850 234 depseretur,
873 190 968 223 credo
989 189 1078 232 quod
1089 188 1130 223 fic
1140 189 1262 233 juvaret
1274 199 1361 223 uter-

382 237 606 282 ,ue'sanguinis
629 245 774 269 motum.
799 235 949 267 Alterum
973 242 1100 276 quoque
1122 235 1156 266 in
1180 233 1287 267 eadem
1312 235 1365 266 Se-

358 299 375 317 „
394 285 467 317 ione
493 285 508 325 (
527 291 546 312 n
568 283 581 319 )
605 280 686 321 leges
710 279 874 321 repentino
897 276 990 311 obitu
1015 285 1167 318 raptum,
1189 275 1364 310 cordelon-

353 338 391 369 ge
416 326 559 360 nativam
583 323 694 355 molem
717 322 875 356 excedente
890 342 906 366 ‘.
926 322 958 353 ὃ(
981 319 1066 361 nigri
1082 320 1246 363 sanguinis
1252 319 1366 361 pleno.-

357 380 452 412 quem
474 366 604 400 difficile
626 364 775 407 spiritum
796 363 938 403 duxisse,
960 362 1008 394 vel
1034 362 1094 395 alia
1117 374 1186 405 quae
1218 362 1368 406 adjuncta

356 422 466 451 erant,
490 411 564 443 satis
588 408 732 442 indicant
747 432 754 438 .
782 407 927 439 Sectione
950 414 1056 439 autem
1079 408 1124 439 ΙΙ.
1162 406 1236 438 libri
1272 403 1367 446 hujus

354 455 481 488 secundi
507 458 517 493 (
541 465 557 487 ο
580 457 592 492 )
617 453 808 495 proponitur
833 449 1086 489 adolescentula,
1108 447 1170 481 fine
1200 447 1364 481 manifesta

358 497 448 537 causa
468 495 627 541 suffocata
644 494 777 536 subito,
799 494 850 525 cui
873 504 930 527 cor
954 491 1047 533 duplo
1069 492 1173 533 majus
1185 492 1364 528 ordinario,

355 543 390 574 in
413 552 512 582 eoque
533 563 546 580 5
576 547 611 572 ut
634 538 736 578 magis
760 536 873 569 diserte
898 537 932 568 in
956 535 1091 568 Scholio
1115 535 1232 576 legitur
1252 558 1264 573 ‚
1297 546 1363 569 ma-

353 595 415 626 gna
433 583 599 627 sanguinis
621 582 730 627 copia:
755 591 826 622 quae
847 577 952 612 cordis
976 577 1167 620 magnitudo
1190 600 1200 615 ,
1234 577 1294 613 five
1325 589 1363 610 ex

352 627 468 665 morbo
492 624 632 665 accidit,
656 624 716 655 sive
739 622 826 662 fuit,
850 632 886 656 ut
910 621 1215 660 ibidem-creditur,
1240 622 1269 654 ei
1292 621 1367 653 ado-

355 670 533 710 lescentulae
557 665 734 705 naturali53
770 676 844 699 cum
868 665 1035 709 propterea
1057 675 1113 697 cor
1145 664 1261 704 majori
1295 663 1367 696 effet

353 713 514 757 pondere,
549 711 686 752 ideoque
731 708 846 750 majori
890 708 927 742 ad
973 717 1099 741 motum
1144 707 1333 746 difficultate
1356 730 1368 747 ,

353 757 462 799 aptior
505 753 562 794 effe
607 754 718 786 debuit
763 752 801 789 ad
845 752 1027 795 sanguinem
1071 753 1104 784 in
1160 763 1197 784 eo
1230 774 1240 789 ‚
1295 754 1328 784 δε
1358 772 1367 788 ‚

352 798 441 842 quod
485 797 692 840 consequitur
725 820 734 834 ‚
779 797 812 837 in
860 794 1067 837 pulmonibus
1111 793 1332 828 remorandum
1355 817 1367 833 ,

352 842 528 885 praesertim
551 842 584 873 in
610 839 806 881 paralytica.
843 838 900 870 Ob
933 837 1091 880 ejusmodi
1124 838 1208 871 enirn
1242 837 1366 876 caulam

352 886 475 927 egregie
499 882 664 917 Lancilius
691 886 700 920 (
722 892 746 923 p
769 886 781 921 )
805 881 927 914 censuit
953 906 962 921 ‚
1008 881 1124 923 quibus
1147 892 1204 914 cor
1227 881 1265 914 ab
1287 890 1365 914 ortu

352 928 503 962 consueto
527 925 628 968 majus
651 925 776 967 obtigit
798 946 808 962 ,
856 926 897 957 iis
920 923 943 958 fi
981 926 1062 958 vires
1096 934 1259 964 moventes
1294 935 1365 957 mu-

349 971 452 1009 sculos
477 971 685 1007 minuantur,
714 976 749 1002 ut
771 976 848 1011 puta
870 969 918 1001 vel
943 979 959 1000 a
982 967 1048 1001 sola
1072 969 1266 1010 provectiori
1290 977 1366 1000 aeta·

349 1024 381 1053 te
402 1038 415 1055 ,
452 1013 548 1056 facile
572 1013 754 1056 sanguinem
779 1013 812 1045 in
836 1012 932 1045 corde
965 1010 1126 1046 subsistere.
1152 1036 1165 1052 ,
1209 1010 1364 1054 htrjuiQue

349 1057 535 1100 aneurysma
580 1056 681 1090 facere
719 1080 727 1089 .
774 1054 832 1089 Sed
878 1053 934 1088 etsi
982 1056 1092 1098 ingens
1131 1055 1241 1088 cordis
1294 1065 1365 1087 mo-

352 1102 395 1135 les
441 1101 503 1141 five
547 1100 756 1143 diaphragma
781 1097 1009 1142 praegravando
1035 1125 1043 1138 ,
1088 1097 1149 1132 five
1173 1099 1271 1132 etiam
1295 1097 1366 1139 pul-

351 1155 462 1185 mones
496 1169 509 1185 ,
557 1153 594 1183 ut
638 1145 672 1177 in
719 1154 756 1175 eo
803 1142 841 1175 de
885 1153 950 1185 quo
993 1141 1158 1184 loquimur
1190 1165 1202 1181 ,
1248 1141 1365 1183 juvene

348 1188 512 1230 perspicue
547 1188 694 1231 apparuit
722 1209 730 1224 ‚
775 1185 1021 1227 comprimendo
1047 1210 1055 1224 ‚
1086 1180 1291 1227 respirationi
1316 1182 1368 1216 of.

351 1230 445 1270 ficit,
468 1231 571 1266 ficuti‘
587 1231 663 1270 alias
686 1229 925 1266 indicavimus3
950 1237 1055 1263 tamen
1079 1229 1128 1261 vel
1154 1228 1244 1268 sola,
1269 1238 1364 1270 quam

350 1273 405 1307 hic
430 1273 646 1312 attendimus,
668 1272 784 1310 finistri
810 1272 983 1305 ventriculi
1008 1271 1159 1304 dilatatio
1181 1270 1261 1305 facit
1281 1295 1293 1311 ‚
1328 1279 1363 1304 ut

344 1326 469 1360 quanto
492 1318 599 1350 minus
622 1315 784 1358 sanguinis
809 1316 841 1347 in
865 1316 1004 1347 Aortam
1050 1314 1153 1357 potest
1196 1314 1326 1349 extrudi
1349 1337 1363 1355 ‚

349 1367 445 1394 tanto
468 1371 597 1404 quoque
637 1361 742 1393 minus
766 1370 781 1391 e
807 1358 1013 1400 pulmonibus
1058 1357 1189 1395 admitti
1236 1358 1326 1401 poffit
1352 1372 1361 1396 3

343 1404 426 1443 unde
472 1406 556 1438 tum⁴
586 1402 727 1446 spirandi
773 1400 947 1435 difficultas
992 1402 1099 1435 oritur
1130 1403 1269 1444 gravatis
1293 1401 1362 1434 san—

341 1449 439 1490 guine
482 1447 694 1491 pulmonibus
718 1469 728 1485 ,
774 1454 845 1479 tum
889 1457 974 1479 mors
1016 1446 1153 1488 denique
1199 1447 1362 1487 repentina

341 1491 399 1529 ubi
442 1491 471 1530 is
514 1490 708 1523 ventriculus
754 1489 856 1530 magis
902 1487 1024 1532 semper
1046 1513 1058 1529 ,
1104 1489 1267 1531 magisque
1316 1489 1362 1521 la-

343 1543 437 1569 xatus
462 1556 472 1572 ,
520 1545 554 1567 ea
599 1533 729 1573 tandem
754 1532 936 1574 sanguinis
968 1533 1066 1575 copia
1099 1533 1248 1569 obruitur
1270 1555 1283 1571 ,
1325 1540 1361 1565 ut

340 1578 370 1615 se
416 1576 444 1612 se
488 1585 621 1621 nequeat
663 1574 852 1617 contrahere
874 1600 882 1607 .
929 1577 1035 1618 Copia
1080 1586 1188 1609 autem
1215 1575 1360 1618 *sangui-

340 1622 390 1655 nis
427 1647 436 1662 ‚
483 1632 545 1663 qua
589 1630 654 1659 non
700 1618 753 1654 his
800 1618 899 1652 modo
942 1621 976 1657 in
1021 1618 1140 1655 cafibus
1174 1641 1184 1657 ,
1233 1618 1282 1652 sed
1327 1621 1360 1652 δε

338 1665 375 1698 in
398 1665 471 1701 aliis
496 1663 739 1706 repentinam·m
762 1664 919 1699 mortium
941 1661 1027 1697 haud
1061 1663 1122 1699 itaf
1141 1671 1218 1695 raro
1250 1663 1364 1705 opple.

340 1716 392 1742 tus
414 1706 636 1750 conspicitur,
660 1706 788 1744 veluti;
810 1715 847 1737 ne
871 1705 965 1746 longe
989 1706 1066 1739 hinc
1101 1704 1295 1748 digrediar-‚¹
1330 1707 1364 1739 in

339 1752 486 1791 Foemina
509 1750 565 1783 illa
589 1749 765 1792 principe,
787 1758 887 1792 quam
907 1747 998 1791 supra
1023 1751 1039 1795 (
1058 1759 1077 1797 q
1100 1752 1113 1788 )
1136 1760 1174 1781 ex
1195 1748 1359 1782 Morando

341 1795 612 1832 commemoravi,
637 1795 670 1826 δε
693 1794 727 1825 in
751 1792 888 1830 ancilla,
910 1790 948 1825 de
970 1802 1033 1834 qua
1057 1802 1091 1823 in
1116 1790 1174 1824 hac
1206 1791 1273 1835 ipsa
1306 1794 1359 1825 Se-

338 1837 500 1881 pulchreti
526 1838 671 1870 Seetione
694 1837 750 1873 XI.
776 1834 857 1873 Obs·
883 1835 941 1867 XI.
968 1838 1001 1872 &
1024 1836 1057 1867 in
1082 1835 1153 1869 aliis
1189 1834 1285 1867 facile
1319 1834 1358 1868 de

338 1882 455 1925 quibus
480 1880 602 1918 ibidem
627 1879 709 1918 Obs.
736 1880 793 1911 IX.
820 1887 875 1911 aut
898 1878 932 1910 in
957 1877 1203 1915 Additamentis
1228 1877 1307 1911 Obs.
1323 1881 1354 1917 Ι,-

340 1937 398 1965 ea,
421 1926 556 1968 inquam
581 1948 594 1964 ,
621 1921 800 1964 ‘sanguinis
844 1922 940 1963 copia
961 1919 1075 1960 facit,
1099 1932 1137 1953 ne
1159 1919 1223 1953 fine
1248 1921 1354 1963 aliqua

337 1968 537 2009 causarum,
581 1969 613 2000 &
656 1977 762 1999 rerum
807 1963 1084 1999 circumstantium
1121 1962 1353 2004 distinctione,

340 2011 480 2046 assentiri
523 2012 566 2046 iis
610 2009 722 2053 poffim
765 2010 823 2051 qui
860 2007 1001 2041 scribunt
1057 2006 1108 2040 lic
1143 2008 1177 2040 in
1223 2008 1351 2040 univer-

339 2056 462 2090 versum
496 2077 510 2093 ‚-
541 2056 584 2088 in
626 2050 807 2086 hominibus
845 2051 955 2094 subita
999 2058 1100 2084 morte
1144 2049 1301 2089 exstinctis
1335 2071 1354 2091 ,3

334 2099 434 2187 [ᾕςνε
456 2110 508 2134 cor
532 2098 676 2132 dextrum
692 2094 845 2144 sanguine
863 2094 1014 2137 plenum,
1031 2093 1191 2137 finistrum
1213 2103 1349 2138 vacuam

344 2154 358 2176 e
385 2155 399 2181 ,e
424 2164 447 2182 ε’
608 2155 611 2167 ⁴
645 2157 646 2160 ¹
750 2166 753 2167 ⁷
941 2156 942 2159 ¹
984 2158 986 2162 ⁴
1125 2162 1127 2165 “
1232 2163 1241 2172 -·
1305 2148 1308 2155 ²

386 2198 434 2230 14.
484 2187 618 2230 Qaeres
648 2180 793 2217 ,fortasse
827 2207 839 2224 ,
867 2192 868 2195 ’
894 2192 968 2217 curs
996 2182 1031 2218 in
1073 2178 1244 2224 proposito
1266 2196 1268 2200 f
1290 2181 1354 2225 Ju„

340 2233 419 2265 vene
458 2240 532 2263 cum
575 2227 669 2262 essent
691 2251 693 2255 ‚
713 2225 820 2260 cordis
863 2235 1012 2268 quatuorv
1047 2236 1149 2258 caveae
1172 2223 1356 2258 οωηεςέἶί-ν

340 2275 449 2308 latatae
476 2296 484 2310 ‚
531 2273 672 2306 maxima
717 2280 824 2304 tame-n
868 2269 1022 2303 dilatatio
1067 2266 1139 2303 esset
1183 2267 1356 2303 ventriculi

340 2315 496 2351 finisti-ir?
541 2317 680 2349 Scilicet*
715 2315 792 2357 quia
838 2312 933 2356 hujus
977 2311 1130 2348 dilatatio
1174 2310 1264 2345 causa
1289 2310 1359 2344 fue„

346 2371 395 2394 rat
442 2359 643 2394 dilatationis
690 2360 790 2391 trium
836 2357 1032 2399 reliquarum
1056 2377 1065 2392 ‚
1101 2355 1285 2396 sanguinem
1309 2355 1359 2385 vi-

346 2405 462 2441 delicet
507 2403 550 2436 ob
595 2413 663 2436 eam
707 2400 832 2434 causam
876 2411 947 2441 quae
994 2399 1093 2441 paulo
1149 2407 1221 2430 ante
1272 2398 1359 2430 dieta

343 2447 385 2482 est
408 2472 421 2488 ,
467 2447 572 2480 minus
618 2443 823 2478 admittendo
846 2464 855 2479 ,
902 2441 1038 2483 ideoque
1084 2442 1118 2472 in
1149 2439 1269 2476 sinistra
1305 2452 1360 2473 au-

344 2491 446 2525 ricula
477 2514 487 2530 ,
533 2491 565 2526 &
610 2485 821 2531 pulmonibus
854 2510 863 2524 ‚
909 2487 942 2517 δε
985 2482 1169 2518 ventriculo
1224 2482 1360 2516 dextero

345 2533 532 2578 adjectaque
577 2532 606 2565 ei
652 2529 793 2565 auricula
838 2526 1027 2574 retardando
1051 2552 1059 2559 .
1106 2526 1165 2560 Sed
1209 2528 1359 2569 cui-pri-

345 2590 416 2613 mus
462 2576 609 2611 omnium
666 2574 817 2609 dilatatus
864 2570 906 2604 est
949 2569 1067 2604 {mister
1117 2571 1312 2605 ventriculus
1345 2568 1361 2602 ζ

345 2623 519 2657 Nimirum,
560 2620 634 2661 quia
664 2617 852 2650 contra&ae
874 2626 900 2654 ³,·
949 2625 1151 2657 quaecunque
1197 2613 1285 2657 ejus‘
1316 2614 1362 2646 rei

345 2665 452 2699 causa
494 2662 592 2700 fuerit
625 2674 639 2700 3v
680 2667 939 2702 :corrugataeque
970 2657 1181 2692 Semilunares
1227 2658 1360 2694 valvulae

346 2710 375 2747 se
417 2707 590 2750 explicare·
612 2705 700 2742 ‘satis‘
741 2714 806 2736 non
852 2711 1001 2748 poterant
1032 2723 1045 2742 ,
1098 2712 1136 2734 ne
1190 2700 1314 2744 sanguis
1351 2722 1361 2737 ‚

345 2752 582 2798 constringente
642 2748 691 2781 fer·
722 2747 829 2781 Aorta
863 2769 873 2785 ,
927 2746 960 2778 in
1012 2744 1228 2779 ventriculum
1281 2743 1363 2778 unde

346 2804 472 2830 venerat
498 2817 507 2833 ‚
555 2793 602 2827 sui
648 2798 772 2834 partem
818 2789 996 2823 remitteret
1021 2802 1029 2821 ε
1078 2800 1148 2831 quae
1190 2798 1260 2830 pars
1294 2787 1363 2821 for-

347 2838 422 2873 tasse
446 2839 553 2871 minor
586 2835 691 2869 fuiffet
719 2860 729 2874 ,
761 2832 785 2870 fi
816 2834 934 2866 tunicae
967 2832 1134 2866 ulterioris
1167 2832 1280 2864 Aortae
1316 2831 1363 2872 ju-

347 2883 425 2916 stam
447 2881 572 2920 excepti
595 2879 754 2921 sanguinis
777 2877 906 2917 copiam
930 2886 1021 2909 venas
1057 2875 1159 2908 versus
1189 2875 1364 2916 compelle-

349 2938 381 2962 re
406 2922 578 2968 potuiffeut
602 2945 616 2963 ,
645 2920 787 2963 idssquod
811 2920 939 2953 illarum
962 2921 1125 2959 tenuitas,
1147 2918 1209 2951 hoc
1237 2917 1278 2951 est
1304 2918 1364 2951 mi-

350 2971 616 3005 norsscarnearum
635 2987 644 3001 ‚
668 2967 700 2997 δε
724 2963 923 2997 elasticarum
947 2961 1097 2999 fibrarum
1118 2972 1268 2999 numerus
1294 2971 1364 2994 'non

348 3011 469 3045 sinebat
485 3037 493 3044 .
625 3009 748 3042 Verum
771 3007 839 3040 haec
863 3018 927 3039 non
951 3005 1048 3043 ,fufius
1063 3006 1190 3048 explico
1205 3028 1214 3043 ,
1238 3013 1274 3038 ut
1297 3015 1368 3047 quae

350 3055 470 3132 parti-m
493 3053 565 3092 sunt
588 3062 644 3095 per
667 3050 696 3084 se
718 3050 826 3090 clara,
849 3052 969 3092 partim
993 3051 1069 3095 alias
1093 3053 1158 3090 (r)
1184 3048 1257 3082 satis
1270 3059 1369 3090 expo÷

354 3108 427 3137 Alta.
1009 3106 1011 3109 ’
1061 3105 1062 3108 ’
1119 3103 1122 3106 ”

397 3153 446 3184 15.
493 3137 581 3175 Illud
626 3146 733 3173 tamen
778 3136 897 3178 semper
941 3135 982 3171 est
1018 3134 1332 3170 animadvertendum
1355 3156 1364 3172 ‚

358 3185 465 3220 cordis
513 3182 731 3224 aneurysmata
776 3179 863 3215 haud
907 3180 993 3214 secus
1048 3190 1142 3223 atque
1196 3181 1320 3224 Aortae-
1352 3201 1365 3218 ‚

352 3240 418 3262 non
453 3229 500 3262 ita
547 3224 749 3260 necess'ariast-
775 3223 876 3258 subiti
922 3224 1090 3257 interitus'
1125 3223 1231 3257 causas
1274 3221 1330 3254 elle
1352 3244 1365 3261 ,

354 3281 391 3306 ut
438 3271 510 3304 sunt
555 3269 662 3303 cordis
683 3292 695 3309 ³
732 3276 794 3301 aut
842 3269 955 3301 Aortae
988 3269 1152 3310 ruptiones
1179 3293 1186 3298 .
1222 3268 1295 3298 Imo
1316 3264 1367 3297 di·-

355 3315 524 3350 lartationes
568 3313 635 3347 illae
662 3335 671 3350 ‚
716 3310 775 3345 m'fi
822 3322 860 3343 eo
906 3309 1037 3346 demum*
1078 3311 1275 3353 pervenerint
1297 3330 1311 3347 ,
1329 3317 1365 3342 ut

355 3370 436 3392 nova
482 3358 544 3391 alia
589 3356 678 3391 causa
724 3354 921 3389 extrinsecus
945 3377 957 3394 ,
1002 3363 1057 3388 aut
1102 3352 1289 3386 intrinsecus
1315 3362 1366 3383 ac-

357 3402 487 3439 cedente
510 3425 521 3441 ,
567 3401 659 3434 illico
702 3398 816 3432 cessare
861 3397 970 3431 debeat
1015 3397 1178 3439 sanguinis
1212 3396 1368 3428 circumi-

357 3447 408 3481 tio
433 3469 445 3485 ,
489 3445 608 3481 lentam
652 3443 784 3485 potius
807 3450 946 3478 mortem
993 3440 1120 3477 afferent
1145 3462 1155 3479 ,
1202 3449 1297 3481 quam
1320 3449 1367 3470 re-

560 3696 569 3731 ’,
585 3686 651 3734 ³s.'7.
669 3676 829 3736 ὁδῖζξβὲξ
842 3685 911 3732 ἒῖζε.
928 3705 988 3729 ebs.
1010 3715 1045 3737 ις.

941 3674 950 3699 s
968 3682 985 3704 p.
998 3675 1012 3703 )
1030 3662 1152 3703 bellant.
1170 3673 1249 3699 cord.
1271 3676 1369 3704 Propon
1384 3655 1462 3705 {min
1478 3674 1520 3699 fin.
1542 3654 1544 3656 Ι
1580 3675 1595 3703 (

1109 3707 1124 3736 (
1139 3713 1149 3729 t
1166 3706 1179 3734 )
1197 3705 1256 3730 Sest.
1274 3707 1324 3731 ead.
1342 3708 1364 3731 8.
1380 3704 1437 3732 Obs·
1455 3713 1494 3734 24-

953 112 1110 167 Liber
1143 111 1208 169 H,
1239 113 1327 163 De
1365 109 1572 164 Morbis
1608 109 1865 166 ThoracIS
1918 127 1921 135 ¹

1419 189 1583 239 pentinam
1608 211 1616 219 .
1661 187 1763 231 CuJ'us
1808 190 1854 221 rei
1888 186 1942 220 etfi
1970 189 2085 225 multae
2116 197 2225 227 extant
2251 189 2422 230 ‚Observai'

1416 241 1544 272 tiones,
1566 241 1666 274 neque
1690 233 1723 264 in
1746 231 1858 265 nostris
1882 230 1921 264 ad
1943 241 1974 264 te
1998 234 2131 266 Litteris
2155 231 2290 273 desunt3
2316 237 2422 268 tamen

1417 274 1504 315 quod
1551 274 1588 308 ad
1631 285 1688 306 cor
1731 276 1850 307 attinet
1884 298 1897 314 ,
1950 275 1989 308 de
2033 287 2097 318 quo
2149 275 2204 312 hic
2247 279 2372 320 >agimus
2406 300 2420 318 ‚

1417 318 1494 351 duas
1517 317 1636 359 inspice
1659 327 1735 359 qua—s
1759 317 1853 351 habes
1876 319 1910 350 in
1935 318 2142 360 Sepulchreto
2174 320 2257 364 (s)
2285 323 2419 353 alteram

1419 360 1558 394 Thomae
1584 360 1766 408 Bartholini
1781 386 1789 399 ,
1813 362 1847 394 in
1870 372 1930 405 qua
1955 372 2005 398 cor
2028 369 2094 396 tam
2115 361 2233 401 vastum
2265 365 2420 406 proponi-

1418 414 1496 443 tur,
1519 411 1556 436 ut
1573 402 1650 446 saepe
1673 413 1706 437 m
1729 402 1823 437 bobus
1845 415 1906 437 non
1927 404 2033 445 majus
2048 406 2116 447 fit,
2147 406 2277 441 alteram
2311 412 2418 442 Otto-

1416 448 1464 480 nis
1487 447 1651 486 Heurnii,
1675 448 1708 479 in
1729 458 1790 488 qua
1814 459 1869 479 cor
1891 446 2009 481 dicitur
2040 459 2230 483 communem
2260 451 2418 496 magnitu-

1414 491 1516 529 dinem
1539 498 1649 532 quater
1672 489 1799 523 circiter
1821 488 1983 532 excessisse.
2008 491 2167 525 Neutrius
2189 504 2307 535 aegrum
2332 494 2422 530 subi:

1413 542 1444 566 ta
1490 534 1658 583 abreptum
1701 540 1804 565 morte
1827 547 1858 571 3·
1883 535 1950 566 imo
1993 544 2163 578 utrumque
2195 536 2283 570 lento
2305 539 2417 575 morbo'

1419 576 1602 611 confeciturn
1647 577 1785 609 invenies
1808 602 1816 610 .
1865 577 1956 613 Quin
1998 579 2162 621 utriusque
2192 580 2224 615 in
2257 583 2351 617 corde
2382 583 2417 616 id

1419 620 1511 655 fuisse
1553 619 1679 662 insuper
1723 618 1950 654 animadvertes
1973 642 1983 657 ‚
2025 621 2115 664 cujus
2147 623 2317 659 causa'has
2339 626 2415 660 duas

1419 663 1615 706 potiffimum
1660 661 1906 697 Observationes
1959 667 2130 699 memoravi
2167 691 2175 699 .
2220 667 2307 700 Nam
2351 671 2417 710 pri·-

1418 719 1488 741 mus
1533 706 1589 740 sub
1635 705 1739 739 radice
1770 707 1891 739 arteriae
1915 707 2042 749 Magnae
2064 709 2279 752 ‘cartilaginem
2302 711 2415 749 habuit

1418 751 1607 793 triquetram
1622 773 1635 790 ,
1657 748 1719 782 five
1735 748 1929 793 ¹spongiosum
1947 751 2092 790 'nonnihil
2115 760 2147 785 os
2170 757 2212 789 &⁰
2250 751 2383 796 friabile
2405 781 2415 796 ,

1418 793 1551 827 calculis
1573 792 1730 826 nonnullis
1748 803 1806 834 per
1828 793 1950 826 urinam
1972 796 2104 830 excretis
2126 795 2208 829 haud
2243 797 2380 839 abfirnile
2404 812 2415 838 ς

1418 837 1497 870 alter
1518 847 1591 868 vero
1614 837 1647 869 in
1669 835 1761 884 villis
1779 834 1865 878 septi
1887 837 2063 871 intermedii
2096 846 2161 872 tres
2181 838 2317 874 calculos
2332 865 2344 882 ‚
2363 844 2416 884 pi-

1408 880 1436 923 fi
1459 881 1585 913 circiter
1608 879 1842 922 magnitudine,
1865 888 1922 911 non
1946 880 2108 916 admodum
2139 881 2237 915 adhuc
2262 884 2381 927 solidos
2404 909 2417 926 ‚

1410 923 1465 967 scd
1487 933 1647 957 arenaceos
1672 922 1714 954 &
1735 921 1888 955 novaculae
1910 923 2068 957 cedentes.
2093 926 2194 959 Vides
2209 926 2333 968 igitur,
2359 939 2416 962 nec

1416 976 1547 1009 propter
1569 964 1636 999 haec
1660 966 1720 998 alia
1743 964 1847 1001 cordis
1869 965 1948 998 vitia
1974 975 2109 1000 mortem
2133 968 2419 1006 subitamfaccidiiss

1417 1010 1472 1057 se:-
1496 1021 1590 1052 quam
1614 1020 1715 1051 neque
1737 1010 1765 1041 ei
1790 1010 1874 1051 leges
1899 1007 2040 1042 accidisse
2073 1010 2264 1045 adolescenti
2297 1017 2310 1052 (
2333 1023 2348 1047 t
2368 1019 2382 1055 )
2405 1038 2415 1053 ,

1417 1064 1511 1095 cujus
1534 1055 1567 1085 in
1589 1053 1686 1090 corde
1709 1064 1742 1085 os
1776 1052 1879 1086 tribus
1913 1051 2057 1086 articulis
2088 1054 2223 1094 conflans
2242 1079 2255 1095 ,
2286 1067 2416 1092 cavum-

1416 1107 1497 1139 que,
1518 1098 1560 1130 &
1582 1095 1706 1139 arenosa
1728 1096 1864 1137 quadam
1884 1096 2014 1131 materia
2030 1096 2189 1138 ‘repletum
2211 1100 2332 1132 invenit
2348 1103 2420 1134 Pla-

1418 1150 1525 1176 tetus,
1550 1150 1649 1181 neque
1672 1141 1700 1171 ei
1724 1139 1900 1173 Mercatori
1935 1141 1949 1177 <
1971 1150 1990 1171 u
2012 1142 2025 1179 )
2047 1162 2059 1179 ,
2094 1141 2146 1173 cui
2169 1140 2280 1174 dexter
2310 1144 2417 1181 cordis

1419 1183 1613 1216 ventriculus
1636 1184 1768 1216 interius
1794 1182 1977 1216 fuirdurus
2001 1182 2101 1223 adeo,
2133 1184 2329 1226 exasperatus
2359 1199 2418 1221 un-

1417 1227 1506 1268 dique
1530 1226 1572 1259 φ
1595 1226 1812 1267 quodammodo
1826 1223 2033 1267 squamosus,
2065 1234 2102 1259 ut
2147 1228 2261 1270 inferta
2307 1241 2418 1267 manus

1417 1270 1532 1303 Smetii
1570 1268 1773 1312 squamarum
1790 1267 1942 1311 scabritie
1964 1266 2166 1311 offenderetur
2187 1297 2195 1304 .
2229 1271 2311 1307 Quae
2335 1285 2417 1315 ego,

1415 1322 1509 1356 atque
1533 1313 1596 1345 alia
1620 1310 1777 1354 ejusmodi
1801 1310 1945 1357 exempla
1968 1313 2097 1345 Amicis
2121 1313 2310 1355 quibusdam
2338 1311 2418 1357 'pro-

1415 1355 1578 1396 ferebam,
1601 1367 1638 1388 ne
1661 1354 1756 1390 facile
1779 1355 1944 1397 improvisi
1970 1354 2081 1389 obitus
2104 1356 2416 1397 causam‘aboffibus

1414 1409 1591 1442 repeterent
1615 1398 1793 1442 conspe6ffis
1817 1400 1849 1431 in
1873 1397 1968 1430 corde
1992 1399 2077 1438 viri,
2099 1399 2191 1441 cujus
2214 1401 2361 1435 dissefiio
2383 1404 2418 1438 in

1413 1442 1477 1490 hoc
1502 1441 1650 1477 The-atro
1672 1443 1805 1476 initium
1830 1441 1965 1484 praebuit
1988 1443 2166 1477 Anatomes
2188 1440 2231 1478 Α.
2256 1452 2351 1487 ’174ς.
2378 1449 2418 1483 In
2449 1456 2452 1460 ’

1414 1498 1479 1528 ejus
1501 1497 1634 1529 corpore
1657 1498 1728 1528 quae
1763 1495 1875 1528 praeter
1919 1492 2064 1518 naturam
2110 1487 2386 1522 animadverterim
2409 1513 2421 1530 ,

1412 1531 1541 1580 quando
1562 1531 1596 1564 in
1619 1529 1794 1567 sermonem
1816 1528 1853 1563 de
1876 1528 1936 1563 illo
1958 1529 2084 1573 incidi,
2108 1529 2163 1565 hic
2185 1533 2296 1575 paucis
2320 1532 2420 1578 subji-·

1411 1585 1517 1607 ciam.
1542 1594 1547 1600 κ
1574 1598 1581 1600 ⁷
1606 1582 1609 1585 ’
2193 1593 2195 1598 2
2227 1584 2230 1590 ’
2307 1596 2310 1599 ,

1459 1620 1525 1650 16.‘
1556 1618 1595 1652 M
1618 1615 1648 1650 E
1671 1617 1707 1650 N
1730 1618 1763 1651 D
1789 1617 1803 1650 Ι
1827 1617 1863 1648 C
1881 1617 1917 1648 U
1941 1617 1959 1648 S
1982 1639 1995 1656 ,
2032 1617 2094 1658 qui
2141 1615 2417 1655 aneeifflanarius

1415 1659 1519 1694 fuerat
1552 1683 1564 1700 ‚
1608 1671 1705 1693 annos
1751 1668 1843 1692 natus
1888 1659 1926 1692 ad
1982 1660 2217 1703 quinquaginta
2251 1669 2276 1701 ,⁹
2304 1660 2418 1706 grandi

1416 1705 1514 1738 macie
1538 1703 1679 1746 torridus
1695 1726 1707 1741 ,
1731 1701 1937 1743 frigidiffixno'
1962 1703 2034 1734 anni
2056 1712 2225 1746 tempore-5
2243 1707 2418 1751 Januarius

1416 1749 1502 1780 enim
1526 1746 1637 1781 menfis
1662 1745 1699 1778 ad
1723 1745 1819 1779 finem
1842 1744 2014 1791 vergebar5
2047 1756 2082 1780 ut
2115 1744 2226 1782 nudus'
2253 1752 2299 1782 inv
2320 1752 2419 1793 paleis

1409 1791 1550 1835 dormire
1593 1789 1832 1829 consueverat,
1875 1788 1917 1820 iic
1964 1796 2058 1831 mane
2087 1790 2421 1828 inventuswestsrnor.

1410 1845 1484 1870 tuus
1509 1835 1542 1867 in
1567 1833 1622 1867 suo
1642 1832 1809 1875 gurgustio
1833 1855 1841 1863 .
1937 1850 1945 1862 τ
1976 1832 2007 1865 V
2025 1833 2071 1865 L·
2087 1833 2123 1865 N
2147 1835 2181 1868 T
2202 1836 2234 1869 R
2257 1837 2316 1870 E*-
2332 1842 2421 1880 aper..

1405 1887 1443 1914 to
1466 1901 1478 1918 ,
1524 1878 1697 1920 aliquanto
1742 1877 1817 1918 plus'
1856 1873 2004 1908 humoris
2047 1877 2083 1908 in
2120 1875 2183 1910 hoc
2208 1878 2296 1914 vidi,
2318 1886 2418 1922 quam

1405 1922 1575 1955 secundum
1600 1929 1764 1953 naturam
1803 1917 1905 1951 'sole-at
1931 1931 1941 1951 .·
1984 1920 2329 1957 ventriculumffautem
2353 1926 2421 1958 val-

1406 1963 1444 1998 de
1467 1963 1638 1998 distentum
1653 1986 1660 2000 ‚
1688 1971 1907 2004 omentoque,
1930 1970 2050 2002 magna·
2075 1968 2115 1996 ex
2159 1969 2276 2005 parte‘*
2293 1965 2415 2003 sursum

1404 2009 1542 2043 tetrac'to
1565 2016 1595 2047 ‚¹
1622 2007 1719 2043 altius
1766 2014 1917 2048 opertum
1942 2029 1949 2037 .
1996 2007 2088 2038 Intus
2134 2008 2311 2049 plurimu-m
2342 2012 2416 2054 qui-

1401 2050 1472 2084 dem
1494 2050 1630 2084 habebat
1654 2051 1730 2083 aeris
1743 2073 1756 2089 ,
1779 2049 1829 2082 sed
1853 2052 1884 2081 ὅ(
1908 2049 1979 2080 vini>
1998 2047 2101 2084 adhuc
2115 2050 2316 2092 aliquantum
2330 2075 2339 2090 ,
2358 2058 2420 2089 'cu-

1402 2093 1452 2137 jus
1476 2103 1541 2126 erat
1559 2094 1674 2127 *colore
1697 2092 1836 2129 infectus
1852 2115 1860 2126 .,
1885 2092 2075 2130 Mesenterii
2099 2090 2257 2135 glandulae
2283 2101 2354 2132 turn
2377 2097 2418 2132 ad

1404 2137 1470 2180 ejus
1492 2145 1665 2176 centrum,
1690 2136 1745 2170 ubi
1769 2143 1856 2167 erant
1878 2134 2063 2177 immodum
2097 2138 2327 2179 geminihaud
2352 2152 2419 2174 ma-

1409 2183 1471 2227 gni·
1498 2180 1614 2213 racemi
1647 2178 1834 2222 constipatae
1856 2202 1864 2216 ,
1889 2184 1970 2211 turn
1991 2178 2069 2210 alibi
2093 2180 2301 2222 paffimssub'i
2321 2186 2417 2218 ‘erant'

1409 2225 1549 2270 disjetfftae
1563 2247 1576 2263 ,
1598 2229 1693 2264 aequo
1717 2221 1850 2264 majores
1869 2243 1879 2258 ,
1903 2220 2130 2257 &rssubd‘uraes
2145 2224 2228 2258 Lien
2247 2228 2419 2269 parvulus,

1410 2278 1483 2303 cum
1506 2277 1593 2309 Jecur
1615 2264 1744 2309 quidem
1769 2265 1850 2298 esset
1868 2263 2050 2305 mediocre,
2073 2269 2189 2300 arteria
2213 2277 2317 2303 autem
2330 2272 2420 2314 sple-

1412 2313 1483 2343 n-ica
1508 2311 1723 2353 proportione
1754 2307 1882 2342 craffior
1904 2333 1911 2340 .
1960 2310 2086 2341 Caet'era
2109 2311 2143 2342 in
2168 2314 2420 2350 ventrervifcera

1412 2354 1490 2388 bene
1514 2353 1542 2385 {e
1567 2352 1725 2395 habebant
1749 2376 1758 2384 .
1885 2353 1941 2383 *In
1966 2350 2116 2386 Thorace
2139 2364 2194 2386 cor
2218 2357 2418 2396 potiffimum

1413 2395 1619 2440 perlustravi,
1643 2395 1731 2437 quod
1754 2405 1820 2428 non
1843 2404 1978 2436 parvum
2000 2403 2087 2435 erat,
2114 2395 2166 2431 sed
2212 2398 2383 2434 flaccidum

1412 2441 1512 2473 Recte
1556 2440 1591 2471 in
1637 2449 1676 2471 eo
1718 2440 1829 2472 omnia
1856 2460 1868 2477 2
1901 2437 1957 2469 nifi
1981 2438 2066 2481 quod
2090 2441 2228 2476 exterius
2250 2443 2284 2475 in
2306 2433 2429 2478 ‘medici‘

1411 2482 1475 2518 fere
1500 2481 1683 2524 posterioris
1706 2481 1803 2515 faciei
1828 2480 1989 2525 squamam
2014 2481 2130 2525 osseam
2174 2481 2309 2519 habeba-t
2352 2497 2421 2521 non

1411 2537 1540 2569 parvam
1564 2549 1577 2566 ,
1621 2525 1751 2560 alteram
1794 2534 1924 2557 autern*
1945 2525 2054 2565 multol
2096 2525 2157 2562 hac
2180 2529 2339 2566 minorem
2363 2542 2420 2564 ex-

1412 2571 1510 2605 terius
1555 2569 1685 2612 paritet
1719 2569 1755 2604 in
1779 2567 1936 2601 'auricula
1964 2567 2107 2601 ⁷de‘xtera'
2126 2572 2139 2602 ’ὲ
2160 2566 2269 2604 sErat'
2289 2571 2418 2616 squama

1412 2622 1545 2656 utraque
1569 2611 1610 2655 {ic
1634 2623 1752 2646 annexa
1775 2611 1885 2648 cordis
1906 2622 1917 2649 ⁴,
1953 2603 2164 2654 a'uriculaeque
2187 2615 2384 2652 membranae
2408 2641 2419 2655 ‚

1413 2664 1449 2691 nt
1473 2656 1591 2690 arctius
1612 2662 1719 2689 famen
1743 2654 1833 2689 fibris
1855 2655 1990 2689 carneis?
2005 2654 2178 2689 inhereret,
2200 2681 2213 2697 ,
2233 2656 2310 2694 <fine
2342 2672 2420 2703 qua-

1414 2711 1484 2733 rum
1509 2700 1699 2733 laceratione
1722 2697 1808 2732 haud
1831 2700 1962 2740 poterat
1972 2697 2111 2740 'separari
2135 2722 2144 2731 .
2191 2695 2330 2745 Reliqua
2353 2715 2420 2737 non

1414 2744 1509 2787 potui
1533 2744 1567 2775 in
1592 2741 1766 2781 Thorace,
1788 2741 1904 2775 nedum
1926 2742 1961 2773 in·
1981 2743 2100 2784 Capite
2121 2767 2131 2783 ,
2163 2743 2349 2787 diligenter-
2367 2748 2420 2782 in-

1416 2788 1558 2829 spicere,
1581 2796 1653 2819 cum
1676 2786 1778 2827 magis
1802 2784 1955 2819 idoneum
1977 2784 2110 2818 cadaver
2132 2787 2250 2821 interea
2284 2790 2418 2830 metus,

1415 2830 1511 2873 hujus
1528 2837 1678 2863 'accurata
1701 2829 1941 2868 observatione,
1965 2837 2077 2869 praeter
2100 2830 2284 2866 consuetum
2300 2833 2420 2868 docen-

1414 2874 1449 2907 di
1474 2884 1587 2907 munus
1602 2899 1611 2913 ,
1635 2871 1817 2906 distinerer.
1843 2874 1881 2905 In
1904 2872 1965 2904 illo
2010 2881 2116 2905 tamen
2160 2874 2420 2917 pridrefvidiffe

1415 2918 1548 2951 memini
1571 2918 1756 2958 inter-iorem
1774 2917 1888 2949 -Aortae
1911 2913 2026 2948 faciem
2060 2916 2108 2950 vel
2155 2929 2238 2961 pone
2252 2919 2420 2956 —*·val'vulas,

1420 2962 1629 2994 Semilunares
1652 2959 1788 2999 subalbis
1813 2958 1944 2992 maculis
1969 2958 2152 2993 distinctam
2171 2983 2181 2999 ‚
2212 2964 2289 3006 quas
2315 2965 2420 2998 etiam

1420 3013 1519 3047 prope
1541 3004 1607 3046 ejus
1631 3002 1817 3038 divisionem
1834 3005 1874 3050 ¹in
1897 3003 2033 3047 Iliacas,
2059 3002 2091 3035 δε
2113 3004 2148 3037 in
2171 3003 2222 3041 his
2243 3004 2317 3049 ipfis
2351 3007 2420 3042 aniq

1420 3048 1672 3084 madverteram.
2016 3064 2019 3066 ·
2046 3049 2049 3051 '
2170 3065 2173 3066 ⁷
2269 3047 2278 3085 ᾗ

1467 3103 1517 3133 17.
1563 3091 1689 3126 Vellem
1711 3112 1721 3128 ,
1757 3088 1781 3122 fi
1825 3087 1895 3122 fieri
1919 3087 2072 3132 potuisset
2098 3113 2107 3129 ‚
2139 3092 2311 3135 peculiaria
2333 3098 2421 3137 q'uae..¹

1417 3135 1491 3168 dam
1513 3141 1515 3143 ’
1536 3132 1655 3181 novisse
1678 3156 1688 3172 ,
1735 3131 1852 3175 quibus
1896 3132 1948 3166 hic
1993 3132 2157 3171 mendicus
2191 3160 2204 3177 ,
2247 3136 2325 3175 dum
2370 3137 2420 3169 vi-

1417 3186 1507 3212 veret·
1527 3201 1540 3218 ,
1583 3178 1655 3213 esset
1678 3200 1691 3217 ,
1735 3185 1790 3209 aut
1821 3187 1885 3209 non
1917 3177 1990 3211 esset
2037 3176 2196 3213 obnoxius
2219 3204 2233 3221 ,
2269 3183 2302 3217 ἃ
2334 3181 2416 3213 τεηιὲ

1418 3233 1476 3264 pus
1500 3230 1649 3264 praeterea
1673 3218 1813 3253 habuisse
1835 3218 1991 3262 ejusdem,
2018 3221 2076 3262 qui
2098 3222 2254 3258 Lanarius
2277 3215 2414 3261 fuerat,

1418 3268 1450 3299 δε
1472 3264 1563 3298 valde
1585 3264 1794 3301 macilentus,
1818 3264 1982 3304 pulmones
2006 3264 2145 3299 rimandi
2166 3289 2179 3306 ,
2212 3269 2245 3300 &
2267 3269 2325 3310 qui
2347 3267 2419 3299 ino-

1418 3310 1559 3350 pinatam
1583 3316 1719 3341 mortem
1743 3306 1889 3348 obierat,
1911 3307 2074 3342 cerebrum·
2097 3309 2258 3347 incidendi
2277 3334 2284 3341 .
2319 3310 2419 3343 Nunc

1417 3352 1526 3385 liceret
1548 3353 1653 3394 aptius
1675 3348 1855 3392 conjicere,
1877 3357 1973 3394 quam
1988 3352 2030 3383 fin
2055 3350 2122 3394 ejus
2154 3353 2250 3389 obitu
2293 3363 2420 3398 partem

1420 3396 1544 3436 frigus,
1568 3398 1600 3428 δε
1622 3405 1740 3437 quam,
1763 3393 1786 3426 fi
1812 3392 1896 3429 forte
1919 3393 1962 3427 fic
1985 3394 2047 3427 tibi
2072 3395 2195 3438 placet,
2219 3397 2353 3444 squamae
2377 3397 2419 3429 il-

1420 3439 1458 3474 1ae
1481 3440 1579 3471 etiam
1601 3436 1710 3472 cordis
1756 3436 1843 3473 offeae
1887 3437 2100 3474 habuissent:
2145 3450 2326 3483 quanquam
2370 3439 2420 3474 hae

2293 3482 2378 3517 mihi

1643 3675 1697 3730 {m
1713 3686 1737 3705 7.
1799 3678 1807 3706 (
1825 3677 1952 3708 r)1-:pist.
1968 3686 2007 3718 εξ.
2024 3685 2048 3703 n.
2067 3685 2092 3707 ᾳ

1557 3707 1571 3736 (
1587 3682 1631 3733 req)
1664 3706 1711 3732 bid.
1729 3708 1786 3732 Obs.
1806 3714 1840 3737 14.
1859 3708 1881 3739 §.
1902 3717 1942 3737 9.·
