2498 4075
369 157 371 162 Ι
438 84 640 143 lxxxvi
984 82 1353 137 INDEX

452 167 545 210 poffit
570 167 686 207 origo.
714 166 863 199 XXXIX.
888 168 941 208 36.
1054 205 1060 209 Ι

365 211 515 248 Scirrhus
546 211 579 250 in
613 208 794 242 ventriculo
821 233 832 249 ‚
867 209 1000 251 aliisque
1033 205 1190 246 emsmodi
1224 206 1370 246 partibus

455 253 624 298 quomodo
646 251 737 288 causa
760 252 883 285 doloris
907 252 945 286 fit
969 276 977 285 .
1014 251 1128 282 XXIX.
1155 261 1186 292 7.
1223 251 1369 280 XXXIX.

367 343 406 377 de
418 309 578 381 Seniaulo³
599 339 761 384 Jacobus,
789 340 822 371 P.
838 336 927 373 Prof.
943 337 1088 372 Patavin.
1114 336 1281 370 laudatus.
1295 337 1370 370 LII.

367 394 557 471 §corgiimes
581 437 681 469 neque
705 435 771 460 tam
795 425 900 460 crebri
926 424 999 458 sunt
1023 426 1055 456 in
1081 424 1198 463 Italia,
1226 432 1262 455 ut
1274 423 1372 455 Boet-

452 470 571 506 haavi0
596 472 737 504 relatum
762 470 828 508 est,
855 479 958 511 neque
970 478 1034 501 tam
1050 469 1112 500 rari
1136 477 1234 510 quam
1248 467 1370 499 Plinius

453 514 581 548 videtur
605 514 769 547 indicare.
794 514 881 546 LIX.
907 523 957 554 23·

498 558 572 591 sunt
596 556 661 590 fere
686 557 819 590 innocui
844 557 878 589 in
902 555 1018 588 Italia.
1045 553 1131 587 Ibid.

496 598 556 644 qui
581 610 684 633 tamen
709 610 940 641 nonnunquam
964 600 996 630 in
1021 598 1130 630 eadem
1152 620 1164 636 ‚
1198 605 1250 630 aut
1274 596 1372 629 etiam

541 642 718 685 Monspelii
744 651 881 676 mortem
896 667 903 681 ,
928 652 982 674 aut
1005 652 1117 683 graves
1141 650 1241 672 noxas
1255 639 1371 673 attule-

541 687 633 719 rint.
661 686 746 719 Ibid.
773 697 824 728 24.
850 689 879 719 &
905 685 992 728 seqq.

495 741 573 765 num
596 740 682 763 certa
707 730 810 763 adhuc
835 739 946 762 extent
970 726 1118 761 adversus
1143 736 1256 759 eorum
1290 726 1372 759 ierus

539 773 695 807 remedia.
722 772 807 806 Ibid.
833 772 883 804 28.

365 817 581 861 Scorpionum
607 818 796 849 nostratium
821 814 968 848 aculeum
991 814 1064 856 quis
1098 813 1220 855 primus
1252 813 1371 847 viderit

452 859 674 903 perforatum.
701 859 783 894 Ibid.
812 868 863 903 27.

493 904 567 945 quis
592 902 763 936 veficulam
787 902 837 936 illi
859 900 1035 944 subjectam
1059 901 1141 934 olim
1153 900 1365 943 cognoverit.

540 947 685 980 Ibidem.

361 991 532 1024 scrotum.
558 991 595 1022 In
619 1002 657 1023 eo
679 988 745 1022 duo
768 989 905 1023 calculi.
931 989 1048 1020 LXIV.
1074 999 1106 1030 7.

356 1034 498 1067 Sculteti
523 1032 686 1067 Ulmenfis
711 1031 945 1067 hallucinatio.
971 1033 1007 1064 L.
1033 1032 1084 1065 28.

362 1078 538 1154 Segngrus,
559 1077 616 1121 Jo.
641 1076 804 1118 Andreas,
828 1078 862 1109 P.
890 1073 976 1109 Prof.
1001 1073 1226 1117 Gottingenfis
1252 1096 1262 1111 ,
1297 1074 1366 1108 lau-

477 1131 567 1154 atus.
592 1121 659 1152 III.
683 1131 692 1152 1
724 1144 730 1151 .
1241 1127 1245 1129 ’

359 1131 784 1237 sel¹⁰¹³ii³111³rtffice⁵7cur
816 1161 1010 1207 quibusdam
1049 1161 1171 1194 morbis
1194 1161 1332 1194 obnoxii
1356 1186 1365 1195 .

449 1210 473 1237 X
569 1232 575 1239 .
624 1231 630 1238 .

357 1252 472 1285 §emen
512 1218 656 1323 gilascssli
689 1261 767 1285 num
801 1251 968 1294 perveniat
1004 1250 1038 1282 in
1072 1248 1187 1282 Tubas
1211 1247 1361 1291 Fallopp.

451 1295 507 1322 XX
563 1317 569 1324 .
599 1303 648 1336 14.

360 1337 529 1371 Seminalis
551 1338 731 1371 carunculae
755 1339 849 1372 Sinus
872 1336 1104 1371 confirmatur.
1132 1336 1284 1366 XXXIV.
1312 1334 1341 1368 8.

488 1383 514 1413 is
539 1391 576 1413 an
595 1405 604 1420 ‚
625 1384 655 1413 &
679 1382 809 1423 quando
831 1381 987 1415 catheteri
1001 1378 1227 1422 poffitobstare
1243 1405 1251 1412 .
1274 1377 1363 1412 Ibid.

357 1424 530 1459 Seminalia
556 1424 627 1457 vasa
650 1435 706 1459 cur
730 1437 785 1468 per
796 1423 978 1459 Prostatam
992 1424 1219 1457 traducantur.
1244 1422 1363 1455 LXVI.

449 1478 460 1500 1
492 1492 500 1500 .
906 1490 909 1495 .

357 1478 702 1588 Semip‘aileslveficulae
726 1523 802 1547 num
826 1512 954 1556 prorsus
978 1521 1042 1544 non
1065 1508 1168 1543 defint
1196 1509 1333 1543 canibus
1357 1535 1365 1542 .

478 1557 532 1585 XV
556 1580 562 1588 .
590 1565 638 1589 10.
1320 1578 1322 1581 .

357 1599 498 1632 Seminis
524 1601 724 1640 receptacula
749 1610 815 1633 uno
836 1600 868 1632 in
894 1599 990 1632 latere
1013 1598 1126 1630 vitiata
1150 1619 1163 1636 ‚
1193 1582 1361 1638 quomo'do

443 1642 579 1678 semini,
602 1644 632 1675 &
657 1644 865 1686 receptaculis
890 1643 1020 1676 alterius
1042 1641 1148 1675 lateris
1171 1639 1287 1682 poffint
1309 1637 1362 1672 of-

442 1684 556 1720 ficere.
583 1686 698 1718 XLVI.
723 1690 755 1719 6.

487 1732 522 1762 in
545 1739 613 1763 eam
637 1741 703 1762 rem
727 1728 947 1763 Observatio.
973 1727 1120 1762 Ibidem.

356 1774 493 1808 Seminis
516 1774 550 1805 in
574 1772 708 1806 somniis
730 1772 900 1808 effufiones
922 1771 1090 1816 quomodo
1112 1771 1214 1813 aliqui
1238 1781 1359 1813 praeca-

444 1826 558 1850 veant.
585 1815 713 1849 XLIV.
743 1819 791 1850 16.

354 1860 454 1896 Senac
471 1886 480 1895 .
502 1862 630 1896 Petrus,
654 1859 829 1893 Archiater
852 1862 936 1902 Reg.
961 1860 1050 1893 Gall.
1075 1857 1244 1891 laudatus.
1271 1859 1359 1893 XVI,

437 1904 491 1946 48.
519 1904 621 1934 XVII.
649 1914 699 1946 27.
726 1904 776 1936 28.
803 1905 927 1935 XVIII.
954 1913 1001 1944 15.
1028 1905 1078 1946 36.
1106 1903 1192 1933 XIX.
1217 1911 1269 1944 40.
1303 1913 1358 1941 44.

1422 82 2017 147 NOMINUM

1553 160 1721 204 quomodo
1744 161 1777 194 id
1803 161 1878 195 fiat.
1904 159 1988 194 Ibid.
2015 160 2063 192 16.

1551 204 1718 246 quomodo
1741 204 1865 238 delitiis
1888 203 2132 245 superveniant.
2159 206 2195 235 X.
2228 204 2275 238 18.

1551 247 1621 289 post
1643 247 1713 281 illas
1736 246 1915 281 affefflones
1941 258 2020 289 aqua
2045 245 2232 290 plerumque
2254 250 2340 281 intra
2363 258 2430 281 crs-

1597 291 1688 323 nium
1712 292 1895 324 invenitur.
1922 292 1979 322 VI.
2004 299 2033 332 5.
2061 299 2109 331 15.
2129 292 2163 322 s&
2186 300 2256 326 tota
2277 292 2335 325 illa
2358 292 2429 334 pas-2

1595 333 1656 367 sim
1678 335 1781 376 Epist.
2183 337 2184 340 ’

1554 376 1615 453 sedf
1631 388 1704 410 cum
1726 377 1810 449 {iava
1834 377 1902 417 est,
1924 376 2001 410 alias
2024 375 2117 411 fimUI
2140 375 2325 412 affeffiones
2349 376 2435 420 saeper

1614 423 1698 455 acit.
1744 422 1783 452 Ἰ.
1813 430 1825 451 1
1853 445 1859 451 .

1555 475 1627 497 cum
1654 475 1736 513 aqua
1758 432 1869 512 tamgn
1903 474 1967 512 non
2004 475 2078 498 raro
2109 461 2245 497 distenta
2279 462 2431 507 sanguine

1422 505 2380 599 Sphaceluseeargb‘rigevgaaeivs}{ezitifflffirrdniilggei5guxt6fiujus
2393 550 2434 583 fi-

1457 624 1460 627 .
1509 595 1580 636 gnis
1604 594 1669 633 ipsa
1696 593 1815 626 viscera
1840 593 1933 634 poffit
1966 605 2199 637 nonnunquam
2245 594 2397 627 invadere
2423 617 2432 625 .

1516 638 1645 668 XXXV.
1670 649 1716 677 ¹9-
1741 640 1772 669 &
1795 635 1880 679 seqq.

1424 680 1623 722 Sphenoides
1645 692 1702 713 os.
1728 680 1809 713 Vid.
1835 680 2001 713 Pituitarii
2024 681 2137 714 Sinus.

1424 724 1561 766 Spigelii
1584 723 1856 757 hallucinationes
1879 724 2047 765 quaedam.
2074 725 2196 755 XXIV.
2222 733 2272 766 23.

1426 768 1523 810 Spina
1539 793 1546 801 .
1570 767 1651 800 Vid.
1676 767 1853 800 Vertebrae.

1423 811 1530 854 Spinae
1552 810 1700 844 distorfio
1723 821 1787 842 non
1813 809 1954 851 semper,
1979 808 2029 843 sed
2054 809 2159 842 multo
2182 808 2356 853 saepiffime'
2377 822 2433 845 cu-

1500 854 1634 898 juslibet
1657 853 1800 897 gibberis
1823 853 1917 886 causa
1939 853 2004 886 est.
2030 854 2167 884 XXVII.
2189 862 2242 896 31.
2267 863 2319 894 32.

1548 900 1621 941 quis
1645 900 1768 939 primus
1792 907 1862 930 eam
1886 896 2108 931 distorfionem
2131 897 2275 939 pinxerit
2302 919 2311 928 .
2345 898 2434 932 Ibid.

1619 953 1644 974 2.

1549 953 1677 1028 &3quis
1700 985 1825 1028 primus
1847 984 1929 1017 olim
1954 984 2060 1025 plures
2083 982 2247 1016 vertebras
2270 992 2349 1017 tnnc
2393 984 2429 1017 in

1588 1040 1687 1062 unum
1709 1040 1744 1061 os
1767 1027 1879 1069 saepius
1903 1027 2327 1070 redigi,ani·madverterit.
2343 1027 2431 1062 Ibid.

1592 1075 1624 1105 &
1648 1072 1742 1105 LVI.
1767 1075 1820 1114 36.

1548 1114 1714 1150 causarum
1736 1114 1802 1157 ejus
1824 1113 2023 1148 distorsionis
2044 1113 2112 1146 duo
2131 1124 2245 1156 genera
2266 1113 2430 1148 illustran-

1591 1168 1645 1191 tur
1661 1183 1669 1195 .
1694 1161 1724 1191 δε
1749 1169 1859 1192 utrum
1882 1157 1921 1191 fit
1944 1156 2204 1201 praeferendum,
2226 1156 2432 1193 ostenditur.

1593 1202 1729 1232 XXVII.
1753 1213 1806 1244 33.

1548 1245 1849 1322 qugrnodpbigepius
1870 1244 2017 1279 distorsio
2038 1245 2073 1278 in
2099 1243 2255 1287 serpentis
2292 1246 2428 1281 modum

1618 1298 1668 1321 at.
1737 1300 1745 1322 r
1773 1314 1779 1321 .
1803 1298 1856 1331 34.

1543 1333 1702 1367 concausa
1727 1331 1770 1366 est
1804 1331 1978 1374 aliquando
2001 1333 2113 1364 Aortae
2140 1331 2429 1374 aneurysmatum,

1591 1377 1795 1418 aliorumque
1819 1374 1887 1416 ejus
1908 1376 2068 1408 vitiorum
2083 1399 2090 1405 .
2119 1375 2305 1407 XXXVIII.
2329 1387 2383 1416 40.

1417 1419 1522 1463 Spinae
1536 1419 1687 1496 {nflexm
1711 1420 1749 1453 ad
1772 1419 1928 1462 angulum
1953 1420 2040 1451 reeio
2062 1419 2224 1452 minorem
2235 1418 2404 1461 conspeaa
2419 1444 2429 1452 .

1505 1465 1532 1496 L
1554 1465 1614 1496 ⁷11.
1642 1472 1690 1495 11.

1548 1506 1635 1581 tubi8
1645 1505 1772 1548 prorsus
1794 1505 1972 1540 deficientis
1994 1504 2194 1540 Observatio
2218 1530 2226 1538 .
2262 1506 2430 1541 XLVIII.

1543 1594 1577 1626 in
1593 1561 1639 1625 ΞΟ
1662 1593 1744 1627 tubo
1764 1593 1821 1635 qui
1847 1594 1970 1631 primus
1993 1603 2110 1635 aquam
2134 1602 2248 1635 praeter
2271 1603 2422 1627 naturam

1591 1636 1793 1670 observarit.
1818 1637 1877 1669 XI.
1903 1639 1952 1668 16.

1542 1681 1600 1722 qui
1624 1678 1712 1713 facili
1735 1680 1770 1713 id
1794 1677 1983 1715 observandi
2009 1679 2132 1711 ratione
2156 1678 2230 1712 usus
2255 1677 2314 1713 sit.
2339 1679 2428 1714 Ibid.

1543 1724 1719 1758 videndum
1743 1731 1873 1761 tamen,
1899 1726 1930 1755 &
1952 1723 2146 1765 quomodo,
2178 1723 2351 1765 nequando
2383 1725 2426 1758 fit

1589 1767 1759 1801 secundum
1781 1776 1947 1800 naturam.
1976 1765 2061 1799 Ibid.

1541 1811 1625 1845 unde
1648 1823 1730 1852 aqua
1754 1811 1807 1844 illa
1835 1810 2025 1851 proveniat.
2053 1810 2166 1850 XII.9.

1543 1867 1607 1898 qua
1634 1857 1759 1887 ratione
1784 1853 1842 1887 etsi
1868 1854 2023 1895 utrinque
2047 1853 2110 1889 fit,
2134 1853 2235 1895 magis
2258 1862 2365 1888 tamen
2379 1854 2427 1888 al-

1587 1900 1650 1931 teri
1675 1898 1769 1931 lateri
1793 1895 1899 1931 obess'e
1922 1905 2040 1938 queat.
2067 1896 2152 1929 Ibid.
2176 1899 2208 1930 &
2230 1896 2318 1940 seqq.

439 1948 526 1978 XXI.
556 1958 604 1979 zo.
630 1956 680 1980 21.
706 1958 756 1990 34.
782 1959 833 1987 40⁴
858 1948 964 1980 XXII.
987 1958 1017 1989 7.
1035 1946 1160 1976 XXIII.
1177 1945 1360 1987 24.XXIV.
1412 1942 1508 1985 Spina
1530 1939 1631 1976 ferme
1653 1950 1721 1974 tota
1746 1940 1846 1974 bifida
1865 1938 2055 1976 observata.
2081 1940 2245 1973 XLVIII.
2269 1951 2323 1982 50.

441 2000 491 2023 12.
521 2000 570 2031 17.
597 2001 647 2031 29·
672 2000 724 2034 30.
752 1992 848 2025 XXV„
877 2001 905 2030 ς.
931 2002 978 2024 20.
1006 2001 1056 2033 23.
1083 1987 1204 2021 XXVI.
1237 1992 1282 2020 18.
1308 1991 1361 2020 26.

443 2035 581 2065 XXVII.
611 2034 658 2066 18.
683 2046 729 2075 19.
756 2044 804 2072 25·
832 2034 1016 2066 XXXVIII.
1043 2033 1071 2065 8.
1096 2042 1147 2074 33.
1171 2031 1362 2074 43.XLIV.

440 2087 481 2153 2gi
500 2078 609 2153 XLV..
632 2087 683 2119 23.
708 2077 806 2111 LIII.
832 2088 882 2119 27.
908 2078 986 2111 LV.
1012 2089 1043 2120 7.
1068 2075 1157 2108 LXI.
1182 2074 1367 2116 9.&Praef.

443 2131 458 2152 a
506 2122 528 2153 li
560 2146 567 2153 .
613 2146 621 2154 .

352 2165 446 2199 Senes
470 2174 526 2196 cur
551 2131 738 2209 pigrumque
770 2165 965 2200 macrescant
989 2186 999 2202 ‚

437 2207 558 2241 XLIX.
586 2219 635 2250 19.

481 2262 539 2285 cur
562 2252 685 2285 cerebri
710 2253 831 2286 morbis
857 2252 917 2286 sint
942 2251 1080 2284 obnoxii
1105 2274 1112 2285 .
1138 2259 1221 2282 nova
1252 2249 1361 2292 aliqua

528 2306 565 2327 ex
592 2296 757 2329 Anatome
782 2295 873 2330 causa
898 2295 1047 2328 additur.
1073 2294 1137 2325 ΙΙΙ.
1164 2303 1214 2324 22.

481 2337 640 2379 decrepiti
665 2350 721 2372 cur
747 2339 838 2379 plura
867 2339 1090 2381 ingruentium
1134 2335 1365 2370 chronicorum

524 2381 717 2415 morborum
742 2382 829 2424 signa
854 2384 1037 2423 negligant.
1064 2383 1133 2412 XX.
1158 2389 1213 2421 34.

352 2425 498 2460 Sennerti
525 2425 700 2465 explicatio
725 2425 788 2458 loci
820 2425 985 2467 cujusdam
1029 2425 1213 2458 Coacarum
1258 2422 1365 2455 minus

439 2468 604 2510 probanda
621 2492 628 2500 .
655 2470 741 2500 XXI.
770 2480 821 2511 39.

352 2512 618 2556 Sepulchretum.
645 2512 723 2545 Vid.
752 2512 887 2546 Boneti.

359 2556 574 2600 Sepulchrum
600 2557 635 2588 in
665 2556 830 2598 quoddam
876 2554 1096 2588 descendentes
1139 2553 1256 2596 quibus
1290 2563 1364 2586 cum

440 2599 714 2642 symptomatibus
738 2600 873 2633 extinffi
899 2599 1045 2632 fuerint.
1071 2599 1157 2628 XIX.
1180 2608 1233 2640 30.

355 2644 489 2686 Seram,
514 2643 722 2680 franciscus,
748 2643 836 2676 Prof.
862 2644 942 2684 Reg.
969 2642 1103 2674 Primar.
1132 2640 1367 2683 Napolit.lau—

442 2690 536 2721 datus
562 2713 569 2719 .
606 2690 642 2717 X.
677 2687 707 2720 8.
740 2687 850 2721 XLII.
888 2685 1128 2729 45.X1.V111.
1150 2695 1204 2728 42.
1238 2685 1276 2716 L.
1311 2686 1365 2717 26.

440 2731 527 2764 LIX.
555 2731 605 2763 28.
1200 2749 1203 2752 ι

353 2775 522 2811 Severini,
548 2774 597 2807 M.
624 2773 738 2807 Aurel.
765 2773 969 2808 Observatio
1001 2771 1149 2816 quaedarn
1193 2769 1363 2804 intel-lestis

439 2816 651 2850 difficillima.
677 2819 714 2851 L.
742 2826 790 2849 12.

355 2862 526 2898 silvatici,
545 2861 602 2905 Jo.
627 2861 720 2901 Bapt.
747 2860 858 2894 libello
882 2860 920 2894 de
944 2860 986 2892 iis
1008 2859 1064 2903 qui
1089 2857 1243 2892 morbum
1265 2856 1366 2890 fimu-

441 2904 534 2941 lant‚
556 2902 830 2945 deprehendendis
854 2903 1007 2947 quiddam
1033 2902 1233 2937 addendum.
1269 2901 1365 2933 XIII.

356 2957 541 3028 Simstizius,
565 2988 689 3023 Thom.
710 2989 880 3024 laudatus.
907 2991 1038 3022 XXXV.
1064 2999 1115 3038 ῃ.
1173 3032 1180 3038 ·

358 3034 530 3077 Singultus
554 3034 808 3067 Observationes
840 3035 910 3068 duae
944 3033 1134 3067 Bartholini
1171 3030 1339 3070 illustratae
1363 3054 1373 3063 .

444 3078 561 3110 XXIX,
610 3102 615 3108 .

484 3087 624 3197 remgd}
647 3120 713 3155 cluo
728 3146 737 3160 ,
761 3132 778 3153 a
801 3120 952 3155 Valsalva
998 3119 1141 3155 feliciter
1186 3116 1338 3152 adhibita
1361 3140 1370 3149 .

532 3165 545 3197 1
575 3166 583 3197 i
611 3189 617 3195 .

359 3207 525 3251 Singultus
552 3210 586 3240 in
610 3207 754 3242 febribus
778 3218 851 3241 curn
876 3205 1013 3250 peffimis
1035 3205 1132 3248 signis
1156 3215 1220 3239 non
1244 3203 1370 3238 lethalis

444 3250 716 3284 Observationes.
743 3251 825 3284 Ibid.

358 3296 435 3330 Sitis
458 3296 493 3327 in
516 3294 708 3337 quibusdam
734 3294 924 3338 hydropicis
947 3304 1003 3327 cur
1027 3302 1101 3327 ante
1122 3300 1263 3326 mortem
1276 3290 1372 3325 remi-

448 3337 521 3371 serit
536 3360 545 3375 ,
572 3347 627 3371 aut
649 3337 813 3372 ceffaverit
828 3363 835 3371 .
861 3337 1046 3370 XXXVIII.
1070 3349 1099 3377 9.

360 3382 520 3423 Slevogtii
545 3381 635 3414 locus
660 3383 764 3415 minus
786 3381 994 3423 probandus.
1018 3381 1122 3413 XLV.
1149 3388 1196 3421 13.
1247 3398 1256 3415 ·,

360 3424 467 3458 Solida
491 3424 624 3458 humani
649 3426 797 3467 corporis
818 3424 856 3459 ad
881 3425 982 3459 fluida
1016 3434 1113 3465 quam
1147 3432 1279 3463 parvam
1315 3419 1372 3454 ha-

446 3468 543 3500 beant
566 3469 726 3502 rationem
742 3490 753 3506 ,
775 3479 839 3500 non
861 3468 972 3501 omnia
996 3468 1034 3501 ad
1058 3468 1091 3500 id
1105 3465 1260 3509 producta
1270 3465 1373 3499 osteu-

445 3510 526 3542 dunt
549 3513 791 3553 experimenta.
817 3510 935 3545 XLIX.
967 3523 1013 3550 ¹9·

362 3552 499 3586 Somnus
524 3564 539 3584 a
563 3555 638 3587 cibo
662 3553 831 3596 quomodo
855 3553 912 3586 fiat
929 3579 938 3587 .
964 3554 1081 3586 XXVI.
1110 3563 1158 3585 12.

364 3594 525 3640 Soporosae
548 3595 728 3631 affefflones
751 3608 815 3630 non
828 3608 902 3630 raro
926 3608 1000 3631 cum
1023 3596 1287 3638 peripneumonia
1298 3605 1375 3627 con-

452 3647 652 3680 junguntur.
675 3641 734 3676 VI.
762 3650 812 3675 11.
836 3644 867 3676 &
891 3638 979 3683 seqq.

1045 2161 1137 2197 causa
1180 2160 1327 2205 quaedam
1353 2166 1362 2196 .“

1544 1985 1617 2061 ipsit<1
1638 1984 1918 2057 bifida‚1ejusque
1950 1984 2044 2026 aquei
2074 1994 2216 2017 tumore-s
2251 1984 2423 2026 quomodo

1589 2032 1593 2036 “
1622 2038 1696 2061 ant.
1722 2030 1766 2060 XI
1790 2053 1796 2059 .
1819 2041 1850 2068 9.

1551 2070 1670 2105 horum
1692 2083 1772 2105 unus
1795 2070 1984 2106 observatus
1999 2094 2009 2109 ,
2031 2073 2062 2104 δι
2093 2068 2272 2112 descriptus
2295 2096 2303 2104 .
2340 2071 2435 2105 Ibid.·

1601 2117 1649 2147 16.

1544 2169 1602 2192 cur
1625 2158 1726 2191 rarius
1748 2157 1827 2192 fiant
1853 2158 1910 2192 ubi
1934 2157 2081 2199 alioquin
2106 2168 2161 2199 per
2183 2157 2211 2191 se
2231 2156 2302 2193 hiat
2325 2169 2360 2192 os
2383 2159 2433 2193 sa-

1591 2212 1700 2235 crum.
1728 2201 1811 2235 Ibid.
1837 2214 1868 2244 9.

1548 2257 1606 2279 cur
1628 2245 1675 2278 ibi
1698 2244 1793 2279 serius
1816 2245 1949 2279 lethales
1966 2267 1974 2276 .
2003 2241 2089 2276 Ibid.
2119 2252 2166 2275 12.

1549 2290 1669 2323 horum
1693 2288 1847 2322 tractatio
1870 2299 1926 2322 cur
1950 2299 1966 2320 a
1991 2287 2185 2320 tractatione
2208 2289 2332 2322 interni
2367 2288 2430 2332 hy-

1595 2331 1783 2373 drocephali
1805 2342 1869 2365 non
1896 2331 1934 2365 fit
1959 2330 2172 2371 disjungenda
2191 2356 2199 2363 .
2222 2332 2307 2365 Ibid.
2334 2343 2385 2369 10.

1550 2387 1632 2453 ῃυιὲ
1654 2374 1778 2418 aliquid
1809 2387 1825 2408 a
1860 2373 2028 2414 Chirurgo
2062 2374 2097 2404 in
2135 2373 2185 2406 his
2218 2376 2399 2410 audendum
2422 2401 2434 2413 .

1592 2422 1607 2454 1
1635 2420 1677 2452 id.
1707 2429 1754 2452 12.

1553 2476 1592 2498 an
1618 2463 1681 2497 huc
1706 2462 1868 2495 attineant
1914 2470 2059 2495 tumores
2082 2471 2099 2491 a
2122 2460 2162 2492 C.
2188 2461 2338 2496 Bauhino
2359 2487 2368 2503 ‚
2400 2466 2435 2497 &

1596 2506 1735 2548 Muyfio
1759 2504 1934 2547 descripti.
1959 2504 2044 2537 Ibid.
2075 2512 2125 2536 10.

1543 2561 1622 2584 num
1645 2549 1776 2592 quidam
1800 2549 2013 2591 Hippocratis
2035 2548 2142 2580 locus.
2171 2546 2255 2580 Ibid.

1551 2595 1624 2638 quis
1645 2595 1766 2636 primus
1790 2592 1876 2626 hunc
1899 2591 2050 2631 morbum
2076 2591 2221 2624 videatur
2234 2591 2432 2627 observaffe.

1599 2637 1689 2670 Ibid.

1551 2692 1651 2724 quarn
1675 2681 1859 2723 frequenter
1882 2678 2066 2713 observatus
2089 2678 2125 2711 in
2148 2677 2344 2722 quibusdam
2377 2690 2429 2714 re..

1597 2724 1770 2768 gionibus.
1795 2723 1881 2757 Ibid.
1909 2732 1957 2764 15.

1548 2768 1634 2803 falsae
1657 2769 1695 2802 de
1718 2766 1884 2801 ordinaria
1906 2767 1974 2809 ejus
1997 2766 2122 2809 origine
2133 2766 2323 2808 opiniones.
2340 2767 2431 2802 Ibid.

1599 2822 1649 2844 11.

1549 2866 1629 2890 num
1654 2854 1733 2898 saepe
1755 2854 1789 2887 in
1815 2865 1853 2887 eo
1877 2854 2054 2890 vertebrae‚
2088 2855 2119 2886 δι
2153 2852 2298 2886 Medulla
2343 2853 2432 2889 bifa-

1597 2900 1679 2932 riam
1702 2896 1888 2932 dividantur
1903 2922 1910 2931 .
1936 2896 2021 2930 Ibid.

1550 2954 1681 2987 perraro
1702 2942 1891 2980 dumtaxat,
1918 2943 1950 2974 δι
1972 2939 2103 2982 quando
2124 2939 2163 2973 ab
2186 2952 2266 2983 aqua
2298 2941 2332 2974 in
2366 2941 2432 2974 cel-

1604 2986 1679 3020 lulis
1702 2982 1940 3027 pinguedinofis
1963 2985 2063 3018 Durae
2107 2985 2265 3026 meningis
2309 2984 2429 3018 deduci

1600 3037 1716 3072 queat.
1743 3027 1828 3061 Ibid.
1858 3037 1904 3060 12.
2040 3062 2043 3068 ἱ

1553 3074 1684 3116 quando
1706 3081 1935 3113 nonnunquam
1959 3071 2106 3104 sanabilis
2128 3069 2189 3103 fit.
2213 3070 2299 3104 Ibid.

1557 3116 1643 3193 quai>
1656 3115 1750 3192 c[irervi
1773 3116 1837 3147 sint
1861 3115 1947 3148 intra
1969 3115 2029 3148 hos
2052 3124 2195 3149 tumores
2228 3113 2308 3157 saepe
2341 3115 2400 3149 vifi
2419 3138 2431 3147 .

1645 3171 1653 3192 ι
1680 3184 1686 3191 .
1715 3167 1761 3191 11.

1558 3203 1642 3237 unde
1666 3200 1849 3245 paralyses,
1872 3204 1904 3235 ἃς
1926 3200 2147 3235 convulfiones
2171 3199 2210 3233 ab
2232 3200 2285 3235 his
2303 3223 2315 3241 ,
2347 3213 2432 3244 prae-

1598 3246 1708 3280 sertim
1731 3246 1871 3287 apertis,
1895 3246 2103 3279 tumoribus.
2126 3244 2211 3277 Ibid.
2238 3254 2288 3278 12.

1424 3291 1530 3335 Spinae
1554 3289 1661 3323 bifidae
1685 3290 1819 3332 quinam
1841 3288 2092 3324 Observationes
2113 3287 2304 3331 collegerint
2318 3312 2326 3321 .
2351 3290 2430 3324 XII.

1514 3345 1527 3368 1
1558 3358 1565 3364 .

1534 3343 1629 3419 Squis
1653 3376 1831 3409 accuratius
1853 3376 1891 3410 de
1915 3388 1950 3411 ea
1974 3375 2100 3418 egerit.
2127 3373 2212 3409 Ibid.

1554 3430 1631 3454 num
1655 3420 1773 3462 quibus
1796 3430 1829 3451 ea
1852 3420 1914 3459 est,
1939 3430 2049 3453 omnes
2071 3419 2230 3453 contortis
2251 3417 2316 3453 sint
2338 3418 2432 3461 pedi-

1597 3464 1675 3496 bus.
1701 3462 1787 3496 Ibid.
1812 3464 1859 3494 16.

1554 3517 1631 3540 num
1655 3505 1691 3538 ad
1715 3505 1816 3548 ipsam
1860 3507 1996 3540 attineat
2041 3504 2190 3548 quaedam
2230 3504 2430 3540 Observatio

1598 3550 1781 3590 Stalpartii.
1807 3549 1931 3583 Ibidem
1946 3574 1954 3581 .

1426 3592 1526 3634 Spina
1547 3592 1709 3626 Ventosa.
1737 3594 1787 3626 De
1811 3593 1868 3627 hac
1891 3593 2056 3635 quaedam.
2080 3593 2155 3625 LV.
2183 3603 2235 3637 17.

1428 3638 1567 3680 Spinalis
1592 3634 1758 3671 Medulla.
1783 3635 1863 3680 Ejus
1885 3637 2050 3671 laefionum
2074 3634 2228 3679 effeetus,
2249 3635 2362 3671 collati
2376 3635 2428 3669 in-

2338 3689 2388 3713 ter
