2498 4075
274 222 424 290 Epist.
462 222 624 277 Anat.
657 219 874 277 Medica.
908 220 1232 277 xxxvssi.
1267 220 1390 275 Art.
1414 221 1490 274 16ss
1509 220 1830 285 i7.i8.&19:

44 306 135 335 erant
159 300 277 336 viscera
300 304 434 339 omnia;
456 312 493 337 ut
516 302 565 335 vel
592 303 625 334 in
656 301 730 343 ipsis
764 302 922 336 intestinis
941 325 952 342 ,
973 313 1046 345 2qua

44 345 206 378 umbilico
229 345 477 387 respondebant,
502 345 583 378 nihil
617 345 692 376 vitii
718 345 971 378 animadvertere
1006 345 1047 377 li-

44 389 146 421 cuerit
170 399 283 429 praeter
306 389 447 422 colorem
469 387 555 432 quasi
580 387 816 430 nigricantem.
841 389 975 422 Ventris
996 396 1048 422 ta-

45 441 117 464 men
140 442 236 465 eavea
259 432 404 466 sabflavae
429 444 515 474 aquae
540 432 638 464 libras
662 440 745 467 tres,
768 441 947 474 quatuorve
970 442 1048 465 con-

44 475 189 507 tinebat.
321 476 483 510 Thoracis
505 486 637 517 qnoque
660 473 819 509 sinistrum
841 485 954 508 cavum
966 486 1046 512 aqua

37 526 112 549 erat
136 518 263 558 plenum
286 520 422 551 omnino
446 518 561 554 simil-i,
587 516 644 550 nifi
668 517 754 559 quod
779 520 811 550 in
836 517 894 550 hac
917 529 1049 551 concre-

44 563 151 594 tiones
173 563 322 604 quaedam
346 562 537 595 innatabant
552 583 561 597 ,
586 560 809 603 pellicularum
833 560 951 594 instar.
976 561 1048 594 Hac

44 604 79 635 in
104 615 185 646 aqua
209 606 322 646 pulmo
346 614 410 637 erat
435 603 629 642 sanissimus,
652 606 682 636 δε
706 605 745 637 ab
767 604 857 637 omni
893 602 1048 637 adhaefio-

45 656 86 678 ne
111 647 212 680 liber.
241 649 357 682 Pulmo
378 656 481 681 autem
504 646 614 680 dexter
645 658 760 680 cavum
805 648 896 679 suum
939 647 1045 679 exacte

44 690 223 731 implebat,
246 693 366 734 quippe
391 691 429 723 ad
453 691 597 732 pleuram
621 691 762 733 undique
795 690 956 724 adhaerens
992 701 1042 722 ar-

45 733 95 764 ἃε
119 734 220 773 ade0,
241 743 276 767 ut
300 733 433 776 separari
458 735 513 766 vix
537 733 660 775 posset:
685 743 813 775 eratque
838 733 1039 775 aliquantum

45 775 233 814 induratus,
258 787 294 810 ut
318 775 512 818 phlegmone
534 775 776 819 quodammodo
799 777 917 809 tentari
951 777 1041 809 vide-

45 829 153 853 retur.
181 821 326 861 Uterque
349 820 454 853 cordis
487 822 685 853 ventriculus
718 820 822 852 laxam
855 820 1041 852 concretio-

44 873 118 895 nem
141 863 329 905 polyposam
352 864 565 903 continebat;
587 865 696 896 dexter
719 872 827 895 tamen
852 862 1005 904 majorem
1026 885 1037 899 ,

45 916 144 946 quam
168 906 305 939 sinister.
331 907 494 940 Caeterum
517 906 658 949 lymphae
680 905 795 939 durius
817 906 850 938 in
874 904 936 938 hoc
951 904 1046 938 cada-

46 958 119 981 vere
144 949 233 982 nullo
256 949 354 983 modo
377 951 569 992 turgebant.

69 993 143 1039 ‘16.
176 992 483 1026 ADOLESCENS
517 1002 673 1025 annorum
705 993 836 1026 circiter
867 989 1041 1032 septemde-

46 1044 111 1067 cim
126 1059 135 1074 ,
157 1037 332 1076 corripitur
355 1035 478 1070 difficili
504 1036 712 1078 respiratione
726 1057 735 1072 ‚
757 1035 836 1068 sicca
858 1033 927 1068 tuffi
942 1058 950 1073 ,
974 1044 1043 1067 ma-

46 1078 136 1112 xima
160 1076 228 1110 siti.
255 1078 370 1113 Parum
394 1081 534 1122 mingit.
558 1080 668 1111 Latere
713 1078 845 1111 dextero
890 1076 1042 1110 nonnihil

46 1120 157 1157 dolet,
182 1122 214 1154 in
240 1121 300 1155 hoc
325 1122 438 1157 affidue
461 1123 578 1157 cubat.
604 1120 751 1154 Tandem
775 1120 887 1154 interit
908 1145 916 1151 .

15 1172 21 1176 '
47 1164 253 1198 VENTER
276 1177 355 1208 aqua
379 1167 509 1208 plenus:
535 1164 703 1202 intestina,
728 1166 760 1197 δε
783 1164 980 1198 ventriculus
1003 1163 1049 1196 al-

48 1207 146 1254 bida:
170 1217 279 1241 totum
303 1210 401 1250 hepar
423 1209 560 1242 durum:
583 1207 646 1240 lien
671 1232 680 1245 ,
713 1207 772 1240 nisi
818 1206 907 1249 quod
952 1207 1048 1249 paulo

48 1261 154 1292 major
176 1260 265 1288 erat,
289 1263 401 1285 caetera
425 1253 514 1286 sanus
529 1273 537 1285 .
561 1249 721 1293 Lymphae
744 1251 857 1284 duStus
881 1261 946 1283 non
981 1260 1049 1284 tur-

48 1295 169 1336 gebant
184 1320 192 1334 ‚
216 1305 250 1329 ut
274 1296 448 1338 aliquoties
472 1299 504 1329 in
528 1294 721 1337 quibusdam
744 1293 933 1336 hydropicis
955 1317 967 1333 ,
1001 1294 1048 1326 sa.

49 1339 99 1371 nis
122 1337 296 1372 visceribus
316 1363 325 1378 ,
359 1340 401 1373 est
434 1340 636 1372 observatum
660 1363 668 1371 .
800 1336 962 1370 Thoracis
996 1348 1049 1369 ca-

49 1392 128 1414 vum
154 1382 321 1415 dexterum
346 1394 426 1425 aqua
451 1381 669 1416 redundabat.
695 1381 737 1413 In
780 1378 892 1413 eodem
937 1380 1048 1421 pulmo

49 1424 236 1458 induruerat
251 1438 261 1456 .-
285 1429 315 1458 &
338 1435 406 1459 tota
429 1438 463 1459 ea
488 1424 568 1459 facie
591 1436 653 1467 qua
676 1422 908 1465 diaphragma,
932 1426 964 1456 &
987 1435 1052 1466 qua

51 1469 274 1502 mediastinum
299 1469 481 1510 spe-etam,
504 1469 554 1502 his
580 1466 780 1500 adhaerebat.
805 1469 842 1499 In
868 1466 1052 1507 pericardio

50 1521 186 1553 parum,
209 1523 262 1546 aut
287 1512 370 1545 nihil
395 1513 474 1546 seri.
499 1512 539 1546 In
562 1510 714 1544 omnibus
736 1509 836 1547 vasis,
858 1510 957 1543 etiam
981 1521 1052 1552 quae

49 1554 123 1588 sunt
146 1557 179 1588 in
205 1555 400 1595 visceribus,
424 1556 551 1598 sanguis
574 1552 717 1587 fluidus,

99 1610 148 1640 17.
175 1600 245 1632 Cur
268 1601 300 1632 in
324 1600 405 1632 latus
428 1599 594 1632 dexterum
618 1596 672 1630 hic
696 1595 808 1629 affidue
830 1595 1054 1636 decumberet,

49 1640 157 1677 statim
182 1642 339 1684 intelligis
361 1642 452 1676 simul
477 1653 511 1674 ac
535 1641 683 1682 cogitas,
706 1651 794 1682 aquae
818 1641 947 1682 copiam
981 1651 1054 1683 quae

49 1684 86 1719 in
110 1685 221 1720 eodem
245 1695 313 1718 erat
336 1685 455 1721 latere,
480 1682 537 1717 nifi
563 1686 596 1716 in
620 1682 683 1717 hoc
705 1684 835 1717 cubaret
850 1705 859 1720 ‚
886 1683 976 1717 fuisse
1011 1684 1056 1715 al-

54 1738 163 1762 terum
187 1755 196 1768 ‚
228 1728 317 1771 qnod
360 1727 471 1761 sanum
517 1736 584 1760 erat
607 1750 619 1766 ,
656 1737 925 1768 praegravaturam
951 1750 959 1758 .
996 1726 1055 1761 Sed

50 1773 174 1806 Mulier
195 1777 209 1813 (
233 1783 253 1804 u
274 1775 288 1811 )
309 1783 383 1805 cum
409 1784 424 1805 a
450 1769 580 1804 sinistris
605 1781 693 1812 aquae
726 1772 854 1812 copiam
889 1770 1020 1803 haberet
1042 1791 1053 1808 ,

50 1828 110 1851 tur
135 1818 169 1848 in
194 1814 349 1849 sinistrum
373 1814 563 1849 decumbere
587 1813 669 1847 latus
693 1824 757 1846 non
775 1817 927 1855 poterat?
952 1813 1056 1846 Nem-

51 1871 91 1903 pe
117 1860 216 1894 etiam
243 1859 436 1900 pulmonum
461 1860 621 1890 rationem
645 1856 759 1889 habeas
781 1879 792 1896 ,
825 1855 943 1890 necesse
979 1856 1021 1889 est
1046 1880 1058 1896 ‚

50 1914 194 1946 quorum
219 1901 337 1935 sinister
362 1901 452 1934 sanus
474 1909 540 1934 erat
566 1900 722 1939 Mulieri;
745 1901 857 1934 dexter
879 1911 943 1932 non
968 1899 1059 1933 sanus

53 1946 282 1980 Adolescenti.
309 1944 532 1978 Veruntamen
557 1955 614 1976 cur
639 1943 761 1975 Mulier
787 1943 902 1976 cubare
926 1945 959 1975 in
983 1943 1060 1976 dor—

48 1990 122 2024 sum
145 2001 209 2023 non
235 1998 359 2031 poterat
384 1992 395 2021 ?
428 1989 479 2021 Sic
504 1987 590 2020 enim
614 1996 765 2020 neutrum
788 1985 868 2020 latus
890 1986 981 2019 alteri
1006 1996 1059 2020 aut

50 2045 141 2076 aquae
166 2033 326 2074 pondere,
350 2041 402 2065 aut
428 2031 510 2065 mole
535 2029 716 2072 pulmonis,
740 2027 931 2072 phlegmone
952 2039 1061 2063 tenta-

52 2079 102 2117 ti,
125 2075 300 2110 offeciss'et.
325 2077 425 2108 Senex
447 2077 461 2114 ζ
483 2084 505 2107 x
527 2077 537 2111 )
561 2083 648 2106 certe
670 2084 744 2107 cum
779 2082 950 2116 utrumque
982 2073 1054 2115 pul-

51 2131 183 2154 monem
208 2121 248 2153 fic
273 2119 416 2160 undique
441 2118 533 2150 simul
557 2117 728 2158 alligatum
745 2141 753 2155 ,
778 2117 871 2150 simul
907 2128 986 2159 aqua
1018 2117 1052 2149 in

51 2162 273 2206 circumjeffis
296 2162 478 2194 interstitiis
502 2159 637 2193 collecta
660 2158 923 2201 circumpressum
955 2159 1052 2192 habe-

51 2217 126 2246 ret3
151 2210 183 2241 in
208 2205 339 2240 dorsum
363 2215 427 2237 non
453 2202 551 2236 modo
574 2203 693 2235 cubare
717 2213 864 2243 poterat,
888 2201 936 2235 sed
959 2202 1055 2235 debe-

52 2250 132 2284 bat.
157 2249 257 2283 Vides
281 2250 404 2290 igitur,
429 2258 485 2279 cur
509 2246 677 2279 decubitus
701 2245 840 2279 dixerim
865 2255 928 2277 non
961 2243 1056 2279 facile

50 2295 221 2329 interdum
267 2290 353 2333 posse
385 2290 561 2331 explicari.
587 2287 717 2322 Praestat
752 2297 860 2321 autem
883 2287 941 2321 hac
964 2291 1002 2322 de
1026 2300 1058 2322 re

53 2349 121 2371 non
147 2338 239 2380 plura
262 2337 384 2368 iterum
409 2333 461 2366 hic
487 2332 582 2365 verba
604 2330 730 2369 facere3
756 2331 805 2365 sed
831 2332 990 2366 Valsalvae
1013 2344 1061 2365 re-

51 2382 158 2423 liquas
181 2378 436 2413 Observationes
459 2374 636 2417 subjicere,
658 2377 692 2407 in
714 2375 833 2417 quibus
878 2386 952 2408 cum
997 2376 1060 2417 hy-

50 2424 152 2466 drope
176 2421 387 2464 conjunctam
413 2419 554 2461 lymphae
577 2418 734 2452 ductuum
758 2419 959 2460 turgentiarn
994 2429 1057 2451 non

47 2468 160 2507 vidit,
184 2467 217 2499 id
243 2467 329 2506 quod
355 2465 388 2495 in
413 2462 535 2496 duabus
566 2473 696 2504 quoque
742 2461 912 2503 descriptis
955 2461 1054 2495 modo

47 2511 192 2545 historiis
218 2506 468 2543 animadvertere
492 2505 650 2548 potuisti.-
675 2503 730 2537 etfi
754 2504 848 2538 facile
872 2515 973 2547 neque
995 2514 1054 2545 tu,

46 2564 83 2589 ut
109 2564 191 2594 puto
207 2578 216 2593 ‚
239 2562 343 2592 neque
367 2561 427 2592 ego
451 2559 538 2584 certe,
567 2548 640 2581 satis
674 2549 871 2590 perceperim
894 2569 903 2585 ,
934 2559 991 2581 cur
1019 2549 1054 2581 in

47 2597 206 2641 postrema
230 2594 371 2631 dixerit,
395 2593 594 2635 turgentiam
618 2591 707 2623 illam
731 2592 903 2633 aliquoties
926 2592 958 2623 in
981 2593 1058 2634 qui-

47 2640 185 2674 busdam
207 2637 418 2681 hydropicis,
445 2637 526 2669 sanis
550 2634 724 2668 visceribus
746 2635 806 2669 esse
828 2635 1055 2669 observatam:

48 2683 140 2726 quod
186 2681 333 2725 profesto
377 2679 462 2713 haud
507 2679 617 2721 potuit
640 2678 678 2712 ad
703 2678 858 2711 Vetulam
883 2680 937 2719 (y
958 2681 993 2718 )‚
1016 2678 1056 2713 ad

51 2729 176 2761 Virum
199 2729 213 2765 <
237 2737 261 2769 z
281 2728 314 2764 ),
339 2724 375 2757 ad
403 2725 514 2757 Anum
535 2724 549 2760 (
570 2734 587 2754 a
609 2725 645 2761 )‚
678 2721 716 2754 ad
742 2722 852 2754 Senem
885 2720 974 2763 (b)
1008 2734 1056 2755 re-

52 2769 175 2807 ferret,
221 2770 255 2801 in
281 2768 398 2810 quibus
422 2777 458 2801 ut
480 2766 534 2800 illa
559 2766 721 2806 turgentia
745 2763 868 2804 fuerit,
901 2763 972 2797 sana
1007 2774 1055 2798 ta-

51 2824 128 2848 men
152 2813 270 2846 viscera
295 2822 358 2844 non
381 2809 533 2844 fuerunt.
558 2808 648 2841 Alias
672 2808 774 2850 igitur
797 2808 864 2842 suas
897 2806 1058 2841 Observa-

51 2859 157 2891 tiones
180 2856 375 2896 respexerit,
399 2852 516 2888 necesse
540 2852 602 2890 est,
625 2851 763 2893 exempli
796 2853 900 2894 gratia
933 2852 1021 2884 illam
1045 2873 1055 2888 ,

52 2902 118 2935 tibi
146 2899 221 2932 alias
244 2903 258 2939 <
280 2910 295 2931 c
317 2901 331 2938 )
353 2911 368 2931 a
391 2909 441 2932 me
464 2895 674 2937 descriptam,
698 2897 731 2927 in
766 2906 829 2937 qua
874 2905 948 2928 cum
992 2894 1056 2937 hy-

53 2945 196 2986 dropicae
220 2942 334 2979 cuncta
357 2943 477 2975 ventris
504 2940 622 2972 viscera
645 2938 724 2970 bene
748 2937 777 2971 se
800 2937 951 2972 haberent
973 2959 983 2974 ,
1015 2938 1055 2971 si-

52 2989 121 3021 mul
146 2987 318 3029 turgebant
344 2984 411 3018 vasa
437 2982 726 3027 lymphaticamec
749 2980 878 3014 sortasse
904 2981 989 3014 aliud
1001 2980 1055 3015 hic

52 3032 185 3070 noluit,
209 3028 266 3062 nifi
291 3032 324 3061 in
346 3028 410 3061 illis
424 3030 521 3061 etiam
545 3025 737 3068 hydropicis
761 3035 901 3066 quorum
914 3024 981 3057 sana
994 3023 1056 3058 sint

52 3075 176 3109 ventris
201 3072 334 3110 viscera,
363 3073 524 3113 turgentia
537 3070 699 3103 interdum
713 3080 746 3101 ea
761 3067 886 3101 vascula
904 3069 1056 3109 reperiri.

100 3123 148 3150 18.
167 3114 376 3161 JUVENIS
400 3126 498 3148 annos
521 3123 612 3158 natus
658 3113 789 3146 circiter
832 3110 1058 3153 duodetrigin-

52 3172 85 3195 ta
101 3183 109 3198 ‚
133 3170 326 3202 magnopere
372 3157 472 3197 edax,
497 3159 528 3190 δε
553 3157 741 3200 potulentus
761 3177 770 3192 ‚
805 3166 879 3189 curn
925 3154 1053 3195 aliquot

52 3205 118 3247 jam
144 3215 243 3237 annos
268 3202 374 3243 aliqua
398 3200 618 3243 respirationis
641 3199 834 3233 difficultate
858 3197 1053 3238 laborasset,

52 3248 186 3282 tandem
209 3250 244 3280 in
269 3244 451 3287 hydropem
474 3243 590 3276 incidit
615 3243 846 3276 universalem.
874 3242 961 3274 Huic
1008 3243 1054 3274 se-

52 3303 141 3335 ptem
166 3291 263 3324 fer-me
287 3298 358 3321 ante
383 3296 519 3320 mortem
541 3286 652 3320 diebus
674 3285 794 3320 acceffit
820 3284 924 3325 major
937 3284 1055 3326 spiran-

50 3338 87 3370 di
109 3334 279 3369 difficultas
295 3354 303 3368 ‚
326 3342 401 3364 curn
424 3329 492 3362 tuffi
509 3353 519 3366 ,
542 3328 658 3369 sputo,
681 3333 711 3363 Sc
734 3326 1056 3363 doloreinthorace.

183 3377 237 3410 IN
260 3373 524 3409 CADAVERE
545 3374 691 3412 Venter,
713 3375 744 3407 &
768 3370 905 3405 Thorax
930 3369 1057 3405 subfus-

49 3434 92 3458 co
115 3422 185 3456 sero
210 3421 292 3463 pleni
318 3419 553 3455 inveniuntur,
575 3416 749 3458 eodemque
780 3415 888 3449 colore
931 3414 1053 3450 infesta

138 3462 304 3507 Morgagni
314 3463 349 3495 de
363 3460 430 3494 Sed.
444 3460 485 3492 Θ*
496 3461 517 3490 C
520 3458 582 3501 aus.
595 3458 697 3492 Morb.
715 3461 815 3493 Tom.
828 3459 874 3492 II.

1097 300 1215 335 viscera
1237 301 1369 339 omnia,
1393 301 1415 335 si
1438 301 1586 335 intestina
1608 302 1746 342 excipias
1762 328 1772 342 ,
1796 304 1827 335 δε
1850 299 2094 334 ventriculum;

1097 345 1165 378 Hic
1187 344 1340 377 naturalis
1364 345 1596 386 magnitudinis
1621 345 1752 378 modum
1775 344 1867 378 valde
1891 343 2057 382 superabat
2081 368 2091 375 .

1099 390 1178 421 Lien
1202 398 1331 429 quoque
1353 389 1454 431 triplo
1475 399 1571 429 quam
1596 399 1651 429 par
1673 386 1766 424 esset,
1790 386 2003 429 major.Bilis
2026 394 2093 419 erat

1098 429 1233 473 pallida.
1258 431 1414 472 Lymphae
1437 431 1549 464 duetus
1573 431 1651 464 nulli
1675 432 1707 462 in
1730 430 1937 471 conspefflum
1960 439 2093 461 venere-

1228 472 1358 506 Sinister
1380 474 1489 516 pulmo
1512 482 1581 506 erat
1605 473 1742 507 multum
1765 473 1988 507 inflammatus
2011 493 2020 508 ,
2055 482 2095 503 ex

1098 530 1165 561 quo
1189 516 1361 549 accelerata
1386 527 1470 550 mors
1492 516 1563 557 jure
1584 518 1707 550 credita
1731 515 1797 555 est,
1821 519 1851 549 δε
1876 516 1913 549 ad
1951 516 2095 558 pleuram

1099 572 1154 603 per
1177 560 1377 592 membranas
1402 571 1562 597 annexus,
1593 571 1731 603 quarum
1760 557 1942 593 interstitiis
1975 558 2099 593 descri-

1098 613 1192 646 ptum
1217 602 1319 635 serum
1343 603 1618 637 concludebatur.

1143 657 1190 686 19.
1215 643 1415 688 Hypothesis
1437 647 1469 678 vi
1493 647 1623 688 potius,
1645 656 1744 689 quam
1779 644 1993 687 Hippocratis
2038 654 2096 677 au-

1094 689 1269 726 ctoritate,
1293 698 1348 722 aut
1382 688 1641 731 hydropicorum
1687 689 1877 722 dissectione
1901 711 1910 725 ‚
1945 686 2098 720 adduffitos

1093 732 1173 765 olim
1198 732 1362 774 plerosque
1387 731 1479 766 fuisse
1505 733 1676 771 Medicos,
1698 741 1734 766 ut
1758 731 1844 772 jecur
1856 733 2018 773 primum,
2040 729 2099 762 de-

1093 776 1166 809 inde
1190 779 1221 807 ὅζ
1246 775 1388 817 splenem
1412 775 1569 817 hydropis
1594 776 1737 808 auetores
1760 774 1921 811 facerent,
1965 773 2014 806 vel
2059 782 2099 804 ex

1091 818 1299 860 Sepulchreto
1322 818 1495 860 cognosces
1518 817 1580 852 five
1604 818 1659 851 ubi
1682 821 1695 858 <
1717 821 1736 852 d
1757 822 1771 858 )
1793 818 1825 849 in
1853 815 2100 864 Hippocraticis

1096 862 1187 894 libris
1212 872 1277 894 non
1303 873 1426 899 unum,
1449 870 1502 895 aut
1527 863 1683 900 alterum,
1708 861 1758 895 sed
1783 861 1871 902 plura
1894 861 1946 894 hic
1977 859 2102 900 culpat!

1096 905 1239 942 viscera,
1262 905 1463 942 ostenditur,
1487 903 1549 938 five
1574 905 1628 938 ubi
1653 907 1666 943 (
1687 904 1737 947 e)
1761 903 1841 937 bene
1866 903 1976 937 multis
2021 913 2100 944 pro-

1096 948 1203 982 ductis
1226 947 1481 990 hydropicorum
1505 948 1704 989 extispiciis‚
1728 948 1835 981 insons
1858 946 1950 981 fuisse
1974 955 2104 980 utrum-

1092 1002 1155 1034 que
1179 991 1260 1025 illud
1285 992 1408 1031 viscus,
1430 990 1687 1025 demonstratur·
1717 992 1760 1024 Et
1783 1000 1870 1024 certe
1893 1000 2099 1034 quaecunque

1094 1037 1192 1073 Pars,
1214 1035 1282 1067 imo
1305 1046 1504 1077 quaecunque
1527 1036 1618 1067 causa
1641 1034 1765 1068 diutius
1789 1033 1894 1077 potest
1914 1033 2102 1075 sanguinis,

1097 1087 1150 1111 aut
1175 1077 1316 1120 lymphae
1339 1077 1467 1111 cursum
1491 1078 1632 1115 morari,
1660 1087 1714 1110 aut
1738 1077 1885 1111 humoris
1908 1088 1975 1119 quo
1998 1086 2103 1109 caveae

1099 1122 1244 1162 corporis
1271 1119 1423 1160 madent,
1447 1129 1560 1162 praeter
1584 1119 1715 1154 modum
1740 1130 1793 1153 aut
1818 1120 2024 1154 secretionem
2047 1130 2104 1152 au-

1102 1175 1199 1208 gere,
1226 1173 1279 1197 aut
1304 1165 1431 1197 exitum
1461 1162 1578 1196 deinde
1624 1164 1842 1200 imminuere,
1866 1163 1982 1196 morbo
2026 1161 2105 1194 huic

1101 1208 1206 1251 potest
1229 1208 1388 1249 originem
1412 1207 1572 1250 praebere.
1598 1206 1720 1240 Venter
1744 1217 1850 1242 autem
1877 1215 1990 1248 praeter
2013 1202 2107 1244 hec,

1102 1251 1277 1293 peculiares
1302 1251 1398 1283 habet
1424 1252 1532 1283 Partes
1556 1260 1571 1283 e
1594 1250 1711 1291 quibus
1735 1249 1858 1284 humor
1882 1251 1916 1282 in
1954 1248 2022 1290 ejus
2052 1259 2109 1281 ca-

1104 1305 1180 1328 vum
1204 1293 1382 1327 effunditur
1407 1293 1601 1336 aliquando.
1626 1293 1727 1333 Fuit,
1750 1295 1859 1336 inquit
1884 1290 2108 1325 Piccolhomi-

1102 1341 1196 1382 nus(
1214 1334 1290 1378 f),
1315 1339 1371 1379 qui
1396 1337 1570 1378 plurimum
1592 1336 1726 1374 bibens,
1749 1339 1781 1370 δι
1805 1337 1909 1374 nihil,
1936 1335 2110 1369 velcathe-

1103 1379 1343 1418 tereimmisso‚
1367 1382 1470 1414 urinae
1494 1380 1645 1417 reddens,
1670 1389 1781 1414 ventre
1804 1379 1915 1414 sensim
1941 1380 2059 1413 mirum
2073 1380 2111 1413 in

1104 1422 1237 1458 modum
1261 1423 1493 1458 intumescente
1507 1446 1520 1464 ,
1543 1424 1682 1465 denique
1706 1433 1877 1464 mortuus,
1899 1424 2031 1457 calculis
2053 1435 2113 1466 pe·-

1107 1469 1195 1500 nitus
1217 1468 1407 1501 dilaceratos
1431 1478 1518 1500 renes
1541 1466 1698 1506 ostendit,
1719 1478 1755 1500 ut
1780 1467 1980 1502 manifestum
2004 1466 2077 1500 esset
2097 1487 2113 1504 ,.

1108 1522 1147 1543 ex
1172 1511 1221 1544 his
1245 1513 1363 1545 lotium
1387 1512 1422 1544 in
1449 1520 1589 1545 ventrem
1611 1509 1802 1550 defluxisse,
1824 1522 1960 1554 eumque
1991 1509 2114 1544 disten-

1106 1552 1203 1587 disse.
1229 1557 1267 1588 In
1291 1554 1518 1597 Sepulchrum
1543 1554 1599 1587 ubi
1624 1553 1703 1587 hanc
1730 1554 1965 1588 Piccolhomini
1988 1553 2113 1589 Obser-

1108 1600 1275 1631 vationem
1298 1598 1414 1632 frustra
1439 1596 1594 1640 quaefivi,
1617 1596 1713 1630 habes
1738 1596 1814 1630 alias
1840 1599 1957 1631 Platcri
1989 1600 2041 1640 (g
2063 1601 2076 1638 )
2101 1624 2113 1640 ,

1108 1644 1139 1673 &
1163 1641 1324 1675 Dodonaei
1347 1645 1362 1682 (
1383 1640 1436 1683 h)
1463 1642 1587 1677 ascitis,
1613 1639 1699 1674 salvo
1721 1639 1860 1684 hepate,
1886 1644 1918 1675 &
1942 1642 2049 1682 liene,
2073 1642 2115 1675 ab

1108 1686 1201 1717 urina
1225 1683 1302 1718 faffi
1326 1684 1474 1718 effluente
1497 1696 1535 1718 ex
1557 1695 1648 1721 rene,
1677 1694 1730 1718 aut
1775 1696 1816 1718 ex
1860 1684 1959 1719 vesica
1983 1709 1992 1723 ,
2041 1697 2115 1727 quae

1108 1728 1306 1762 exulceratio
1332 1728 1571 1770 perforaverat.
1596 1728 1696 1765 Quod
1721 1737 1826 1761 autem
1849 1739 2002 1771 praeterea
2024 1729 2114 1763 indi-

1108 1781 1158 1805 cat
1183 1771 1370 1806 Dodonaeus
1392 1774 1406 1810 (
1429 1772 1441 1804 ι’
1463 1774 1496 1810 ),
1519 1774 1653 1805 minime
1676 1772 1812 1806 dubium
1833 1772 1900 1810 est,
1923 1773 2116 1808 idemeven-

1110 1825 1243 1855 turum,
1269 1814 1290 1847 fi
1314 1814 1405 1848 forte
1429 1824 1567 1848 ureteres
1591 1825 1863 1857 perrumpantur‚
1890 1827 1944 1850 aut
1979 1817 2116 1851 erodan-

1111 1867 1186 1897 tur,
1209 1858 1471 1900 praernonstrante
1495 1859 1625 1892 Galeno
1650 1863 1660 1898 ί
1684 1857 1702 1899 l<
1724 1862 1760 1898 ),
1781 1862 1813 1892 δε
1837 1859 2117 1895 confirmantein-

1112 1910 1161 1934 ter
1185 1902 1264 1935 alios
1289 1900 1461 1934 Eustachio
1484 1905 1497 1941 (
1520 1901 1587 1945 l),
1611 1903 1749 1944 praecisis
1771 1903 1837 1936 illis
1858 1904 1892 1938 in
1938 1905 2014 1939 viva
2059 1905 2116 1938 be-

1110 1944 1170 1978 stia
1187 1968 1196 1983 ,
1220 1947 1251 1978 &
1274 1945 1445 1978 abdomine
1467 1944 1602 1979 consuto
1619 1966 1629 1982 ‚
1649 1947 1820 1980 inventum
1843 1948 1884 1981 iri
1909 1950 2030 1982 ventris
2063 1960 2116 1982 ca.

1115 1999 1207 2021 veam
1231 1996 1330 2021 totam
1352 1987 1429 2021 lotio
1448 1988 1592 2030 plenam,
1614 1988 1717 2022 veluti
1731 1988 1760 2031 fi
1782 2000 1861 2032 aqua
1884 1991 2038 2026 intercute
2069 1992 2119 2027 la-

1111 2029 1236 2064 horaret
1264 2030 1403 2064 animal:
1429 2033 1526 2075 idque
1551 2033 1653 2074 ruptis
1676 2033 1716 2065 iis
1749 2034 1914 2069 canalibus
1958 2037 1991 2068 in
2039 2037 2118 2070 viris

1111 2075 1242 2108 duobus
1265 2073 1432 2112 accidisse,
1457 2076 1539 2108 Abr.
1564 2076 1679 2109 Vateri
1702 2079 1713 2114 (
1737 2086 1767 2110 m
1789 2080 1826 2118 ),
1869 2080 1900 2111 &
1945 2079 2117 2114 Winharti

1105 2120 1162 2161 (n
1184 2121 1194 2156 )
1218 2117 1336 2152 docent
1361 2116 1527 2151 historiae.
1561 2118 1662 2161 Qod
1696 2118 1734 2153 ad
1768 2131 1868 2162 genus
1903 2121 2116 2158 Observatio-

1107 2171 1188 2194 num
1212 2160 1376 2209 referenda
1400 2162 1456 2195 illa
1480 2162 1522 2195 est
1545 2162 1598 2194 Cl.
1627 2163 1757 2197 Berneri
1780 2168 1792 2203 (
1817 2164 1869 2206 ο)
1902 2166 1935 2199 in
1981 2168 2113 2202 sexenni

1107 2215 1208 2246 puero
1229 2216 1321 2249 cujus
1343 2206 1435 2238 urina
1458 2216 1532 2239 cum
1555 2217 1573 2239 e
1597 2207 1726 2240 renibus
1749 2207 1857 2249 egredi
1881 2219 1944 2241 non
1982 2210 2082 2252 posset
2106 2234 2116 2250 ‚

1111 2247 1172 2280 hos
1196 2248 1244 2280 ita
1268 2247 1482 2287 distenderat,
1507 2258 1544 2282 ut
1568 2260 1622 2290 per
1646 2249 1801 2292 ipsorum*
1826 2251 2030 2294 superficiem
2065 2257 2117 2290 via

1111 2288 1174 2324 fibi
1197 2301 1305 2333 aperta
1320 2316 1329 2330 ‚
1352 2292 1385 2324 in
1409 2292 1529 2324 ventris
1551 2303 1665 2326 cavum
1689 2292 1879 2331 destillaret,
1902 2297 2118 2343 intestinaque

1111 2333 1406 2368 circumfunderet.
1432 2334 1524 2372 Quin
1548 2336 1646 2369 etiam
1670 2335 1732 2370 huc
1768 2340 1928 2379 pertinent
1976 2343 2080 2376 ulcera
2105 2367 2117 2384 ,

1113 2379 1333 2412 ventriculum
1358 2390 1395 2411 eo
1419 2378 1492 2411 loco
1517 2377 1713 2420 perforantia
1729 2403 1738 2417 ‚
1761 2390 1798 2414 ut
1822 2385 2012 2424 potionibus
2046 2399 2114 2420 ma-

1111 2421 1182 2463 gis,
1207 2432 1304 2463 quam
1327 2423 1432 2461 cibis,
1457 2422 1581 2455 exitum
1605 2422 1802 2465 praebendo,
1826 2426 1957 2461 ascitem
1982 2429 2030 2463 vel
2066 2429 2116 2465 fa·-

1109 2476 1182 2497 cere
1207 2464 1322 2505 poffint
1341 2490 1348 2503 ,
1372 2465 1419 2497 vel
1446 2476 1582 2507 augere.
1608 2467 1659 2500 Sic
1685 2468 1801 2502 accidit
1834 2471 1866 2502 in
1901 2472 2116 2508 Observatio-

1107 2508 1203 2541 nibus
1228 2509 1408 2540 Doctorum
1434 2509 1592 2541 Virorum
1617 2510 1771 2545 Samuelis
1785 2513 1906 2547 Gratsii
1930 2519 2028 2557 (p),
2047 2519 2117 2553 Ad,

1108 2549 1231 2584 Christ.
1257 2550 1409 2584 Thebefii
1433 2553 1518 2600 (q),
1542 2551 1629 2587 Rud.
1650 2554 1721 2597 Jac.
1745 2554 1929 2591 Camerarii
1953 2562 2002 2602 (r
2026 2564 2059 2601 ),
2084 2565 2117 2596 &

1106 2595 1162 2639 Jo.
1187 2594 1312 2635 Geor-g·
1338 2595 1464 2644 Hoyerl
1489 2594 1574 2642 ([).
1706 2601 1807 2632 Porro
1832 2600 1869 2633 ad
1893 2602 1948 2635 illa
1971 2615 2041 2646 quae
2074 2617 2116 2639 ex

1111 2636 1324 2679 Sepulchreto
1348 2638 1489 2671 indicata
1515 2642 1606 2679 sunt,
1630 2638 1775 2682 hepatis,
1801 2646 1833 2676 δι
1855 2645 1951 2679 lienis
1974 2649 2008 2679 in
2054 2646 2116 2690 hy-

1107 2682 1252 2722 dropicis
1276 2680 1454 2715 insontium
1478 2684 1643 2725 exempla,
1667 2696 1751 2719 nova
1776 2688 2115 2733 minimedesuntquae

1109 2724 1287 2759 addantur.
1312 2724 1458 2762 Videfis3
1481 2735 1516 2758 ut
1542 2727 1624 2765 alia,
1649 2729 1682 2761 in
1706 2728 1808 2771 iisque
1832 2732 1911 2766 illud
1934 2733 2022 2775 quod
2034 2746 2114 2778 pau-

1115 2768 1148 2801 lo
1173 2777 1246 2817 ante
1271 2770 1666 2811 memorabam‚Vateri,·
1688 2783 1760 2804 nam
1784 2772 1847 2807 huc
1870 2787 1999 2818 quoque
2014 2802 2021 2815 ,
2045 2779 2114 2812 imo

1112 2821 1289 2853 praecipue,
1316 2813 1455 2850 attinet3
1480 2824 1537 2851 ea,
1562 2815 1714 2855 inquam,
1739 2815 1811 2849 vide
1835 2829 1906 2858 quae
1930 2831 1946 2851 a
1970 2820 2115 2856 Caesarea

1109 2854 1357 2901 suppeditantur
1382 2855 1554 2888 Academia
1578 2859 1656 2895 (t),
1681 2858 1766 2891 inter
1789 2870 1859 2900 quae
1883 2861 1926 2894 est
1949 2864 2113 2902 quoddam

1106 2901 1171 2937 (u)
1196 2898 1251 2931 ubi
1273 2909 1361 2940 Jecur
1386 2898 1512 2939 peffime
1535 2898 1682 2933 affeeium
1705 2913 1743 2934 eo
1766 2900 1892 2937 facilius
1914 2916 2024 2940 omnes
2045 2920 2115 2942 cre-

1107 2940 1279 2977 didissent,
1301 2942 1388 2982 quod
1412 2952 1495 2983 aegra
1519 2942 1605 2975 nulla
1627 2943 1665 2976 cle
1677 2956 1708 2977 re
1721 2947 1845 2987 magis,
1872 2959 1968 2990 quam
1991 2949 2029 2984 de
2043 2951 2111 2994 ejus

1109 2985 1239 3018 visceris
1262 2985 1371 3017 dolore
1394 2985 1565 3025 conquesta
1589 2996 1675 3020 erat.
1702 2988 1740 3020 In
1761 3000 1799 3021 eo
1822 2999 1950 3029 tamen,
1976 2992 2111 3038 ejusque

1107 3028 1189 3071 cysti
1215 3028 1300 3060 labes
1324 3027 1435 3065 nulla;
1458 3028 1508 3060 sed
1532 3029 1565 3061 in
1589 3034 1738 3071 proxima
1763 3033 2045 3078 mesenteriiparte
2057 3039 2113 3073 de-

1110 3071 1261 3114 prehensa
1285 3070 1327 3103 est
1350 3069 1451 3103 erosio
1475 3080 1564 3104 tanta
1583 3097 1591 3110 ,
1615 3083 1650 3106 ut
1675 3075 1788 3117 palmae
1812 3078 2021 3114 latitudinem
2045 3081 2111 3116 fer-

1110 3126 1161 3149 me
1184 3122 1344 3157 aequaret.
1370 3114 1453 3150 Quae
1474 3117 1584 3147 omnia
1606 3127 1642 3149 ut
1655 3129 1726 3151 vera
1740 3118 1820 3157 iint3
1847 3132 1910 3154 non
1923 3133 1988 3156 erat
2000 3134 2110 3160 tamen

1109 3171 1127 3192 a
1152 3156 1385 3201 quibusdamin
1397 3160 1561 3190 contrario
1577 3158 1656 3193 adeo
1670 3161 1900 3197 decurrendum
1912 3189 1919 3203 ‚
1948 3175 1981 3198 ut
1995 3166 2109 3209 jecur,

1105 3211 1160 3235 aut
1185 3200 1324 3243 splenem
1350 3199 1582 3234 contenderent
1607 3214 1736 3244 perraro
1758 3227 1768 3243 ‚
1797 3207 1818 3239 si
1843 3217 1984 3248 unquam
2009 3230 2019 3246 ‚
2048 3210 2109 3245 esse

1104 3243 1320 3287 culpandum.
1346 3244 1468 3292 Leges,
1493 3247 1630 3287 exempli
1655 3250 1758 3289 gratia
1773 3273 1781 3286 ‚
1805 3250 1837 3281 in
1861 3251 1970 3292 aliqua
1993 3263 2034 3285 ex
2056 3253 2108 3287 su-

1105 3287 1288 3331 perioribus
1312 3288 1467 3327 proximis
1492 3289 1688 3329 Sepulchreti
1703 3291 1906 3325 Sestionibus
1928 3297 2022 3335 (x),
2036 3299 2108 3331 Me-

1106 3332 1246 3364 dicorum
1268 3329 1361 3372 vulgo
1384 3329 1507 3371 quidem
1529 3331 1575 3363 nil
1589 3332 1748 3374 solemnius
1770 3333 1824 3378 effi?
1838 3360 1846 3373 ,
1870 3346 1963 3376 quam
1994 3337 2107 3374 lienem

1107 3371 1303 3406 contumeliis
1326 3369 1464 3415 afficere,
1488 3373 1571 3415 quafi
1593 3376 1728 3408 omnium
1746 3385 1841 3419 prope
1864 3379 2026 3419 lmalorum
2059 3384 2108 3425 es-

1098 3415 1153 3459 set
1194 3425 1344 3459 pancrene
1364 3440 1372 3449 .
1401 3417 1500 3450 Certe
1535 3417 1609 3451 illos
1620 3429 1667 3494 leil
1691 3418 1754 3452 hoc
1779 3421 1912 3462 errasse,
1936 3422 2106 3463 fatendum

1999 3465 2064 3506 est.

43 3572 2084 3598 W—ffl———Q-

106 3678 275 3707 (u)n.15.
338 3671 505 3702 (x)n.13.
569 3669 720 3701 (sthi-6·
783 3668 960 3700 (z)n·1o.
1021 3668 1190 3698 (ainn-
1250 3669 1421 3700 (b)n.i3.
1482 3667 1778 3704 (c)Epist.16.n.4,

106 3711 122 3738 (
137 3708 152 3732 d
167 3707 181 3736 )
197 3705 256 3729 Sest.
273 3704 317 3727 hac
333 3711 369 3726 21.
389 3701 469 3726 Schol.
486 3701 516 3725 ad
535 3701 558 3732 §.
575 3710 595 3729 4,
615 3700 674 3733 Obs.
689 3709 711 3728 7.
773 3702 788 3730 (
803 3709 814 3724 e
832 3701 840 3730 )
857 3700 917 3725 Sest-
935 3699 987 3724 ead.
1004 3700 1062 3723 obs.
1081 3706 1101 3723 1.
1117 3702 1139 3724 δι
1155 3700 1217 3729 seqq.
1281 3701 1317 3731 (1
1333 3701 1346 3729 )
1364 3703 1379 3725 1.
1397 3708 1418 3724 2.
1437 3702 1511 3725 Anat.
1529 3704 1595 3731 Praei.
1612 3710 1647 3731 ²3·
1710 3706 1724 3734 (
1738 3713 1756 3735 g
1771 3706 1786 3734 )
1803 3707 1862 3732 sest,
1879 3705 1919 3730 cit,
1936 3707 1991 3737 obs
2011 3715 2025 3738 3
2042 3714 2056 3744 §

106 3740 122 3767 (
139 3739 153 3761 h
172 3742 179 3766 J
200 3734 263 3758 lbid.
282 3733 342 3757 Obs.
361 3741 390 3762 ²3
417 3731 430 3761 §
456 3739 490 3760 23·
554 3732 593 3761 (i
615 3735 620 3758 J
640 3730 701 3754 ibid.
767 3731 775 3761 (
795 3730 811 3754 k
827 3731 841 3759 )
858 3732 892 3755 De
907 3730 1007 3755 natural.
1026 3731 1118 3754 Facult.
1139 3730 1154 3752 1.
1176 3738 1192 3753 i.
1211 3738 1230 3754 c.
1249 3738 1283 3760 ¹3>
1347 3731 1361 3760 ζ
1377 3731 1386 3754 Ι
1402 3731 1416 3759 )
1433 3732 1514 3757 Trast.
1530 3732 1558 3755 de
1576 3730 1636 3756 Ren.
1652 3741 1673 3757 c.
1691 3737 1735 3758 ult.
1989 3730 1994 3737 “
2059 3732 2064 3739 ’
2081 3725 2102 3742 ²⁸

107 3768 117 3797 ζ
135 3776 158 3791 m
178 3769 183 3795 J
199 3764 223 3788 in
242 3767 320 3790 Prour.
338 3763 403 3787 edito
418 3761 578 3791 Witemberg.
596 3763 692 3791 Januar.
709 3763 729 3784 A
743 3768 809 3790 1720.
872 3760 880 3790 (
897 3770 913 3784 a
928 3762 942 3790 )
958 3761 982 3784 in
998 3760 1108 3789 Append.
1123 3762 1199 3784 Tom.
1217 3769 1240 3785 2.
1257 3760 1308 3785 A&
1327 3762 1359 3784 N.
1377 3763 1405 3785 C.
1423 3761 1462 3785 sub
1478 3770 1502 3786 n.
1520 3762 1568 3786 111.
1629 3763 1639 3792 (
1655 3771 1668 3788 o
1685 3764 1698 3792 )
1715 3766 1818 3791 Eorund.
1836 3768 1947 3796 histor-T
1961 3779 1972 3797 1
1992 3774 2064 3799 οὒς,

110 3798 125 3827 ζ
138 3805 153 3826 p
170 3798 185 3826 J
201 3795 262 3823 Εμὴ.
280 3797 312 3818 N.
331 3796 351 3818 C
376 3796 433 3817 Dec.
450 3800 470 3822 3.
489 3795 518 3816 A.
536 3800 557 3821 3.
573 3791 632 3816 Obs.
652 3800 690 3817 40.
752 3792 765 3820 (
782 3798 796 3821 q
813 3792 823 3822 )
839 3793 861 3816 δι
878 3793 948 3816 Cent.
966 3799 985 3820 3.
1004 3791 1026 3813 δε
1041 3798 1063 3820 4.
1081 3790 1139 3814 Obs.
1158 3799 1213 3815 120.
1273 3792 1281 3820 s
1299 3799 1310 3815 ν
1327 3792 1338 3819 )
1355 3791 1377 3815 8(
1395 3794 1463 3817 Ceut.
1482 3801 1505 3822 ς.
1522 3792 1580 3816 Obs.
1595 3801 1634 3822 43.
1695 3794 1760 3824 (s)
1777 3797 1800 3822 ἃ
1816 3799 1897 3826 3305,
1912 3790 1960 3834 ¹134
1977 3782 2102 3832 'Obs'lff'

108 3829 147 3856 ιι
163 3828 171 3858 )
186 3829 245 3852 Dee.
263 3832 285 3855 3.
303 3826 331 3849 Α.
350 3834 371 3855 30
388 3825 409 3849 δι
424 3827 448 3849 6.
466 3822 523 3849 obs.
541 3830 580 3853 ιι.
596 3822 620 3847 δι
638 3823 688 3848 108.
706 3821 728 3846 Bt
744 3823 776 3849 A.
792 3824 816 3847 6.
834 3821 857 3847 δι
872 3823 894 3848 8.
910 3820 969 3849 obs.
988 3821 1039 3849 18⁶.
1100 3822 1144 3851 (u
1160 3823 1170 3852 )
1187 3821 1245 3848 om,
1261 3822 1303 3848 „d
1319 3823 1373 3856 ,8⁶3
1435 3822 1450 3852 (
1466 3830 1481 3850 x
1496 3823 1510 3853 2
1526 3823 1588 3850 gest,
1605 3824 1718 3858 18εοὸῇ
1735 3833 1757 3858 3.
1963 3819 1969 3829 ·
2035 3823 2041 3830 .
2079 3814 2102 3835 4„
