2498 4075
368 196 520 263 Epist.
556 196 719 250 Anat.
753 197 970 251 Medica
1003 196 1260 254 XLVIII.
1297 199 1422 254 Art.
1458 218 1536 270 30.
1570 205 1625 259 ὃ(
1660 219 1734 271 31.

92 270 144 323 ἐϋ.
165 277 271 312 Gravi
294 277 689 321 quoque-reprehensione
713 277 829 312 eaedem
861 277 1051 312 obstetrices

49 324 120 358 sunt
143 322 270 364 dignae,
294 333 368 356 curn
393 321 472 355 adeo
494 331 689 364 properant,
711 330 747 369 pt
773 322 987 359 membraneas
997 322 1051 354 Se-

49 365 167 402 cundas
188 365 264 407 ipsae
288 373 526 408 perrumpant,
550 364 639 405 quod
673 366 734 398 nifi
771 375 906 408 urgente
942 365 1050 408 aliqua

49 408 249 447 necestitate,
271 418 308 442 ut
332 419 408 451 puta
432 408 453 442 fi
477 406 703 449 ctaffitutline,
717 416 771 441 aut
784 408 906 442 duritie
923 421 956 441 ea
968 407 1050 445 sint,

47 464 120 497 quae
129 460 260 493 partum
273 474 285 491 ,
295 450 360 494 jam
373 452 466 485 facile
478 451 623 494 alioquin
636 460 872 493 proventurum
884 451 1030 490 ‚diutius
1040 476 1050 491 ‚

49 508 108 531 nec
121 495 186 529 fine
199 496 346 538 periculo
362 517 373 532 ‚
397 504 563 529 morentur
579 517 590 533 ,
608 493 789 529 faciendum
803 505 867 528 non
878 495 938 529 esse
951 521 961 536 ,
982 506 1050 528 ma-

53 538 206 574 nifestum
229 538 276 572 est
292 562 300 570 .
326 537 449 582 Saepius
471 539 556 572 enim
578 538 804 581 intempestiva
829 549 983 580 aquarum
1003 538 1050 572 ef-

50 581 176 617 fusione
200 591 310 625 partus
335 592 399 615 non
424 593 485 614 una
508 581 658 625 decania
681 593 720 615 ex
745 581 835 615 facili
848 581 1056 615 difficilisfit.

48 625 168 662 Quid?
191 627 265 659 cum
291 636 330 658 ex
355 624 481 659 difficili
504 624 754 667 impoffibssern,
778 627 809 658 &
833 623 985 659 lethalem
1009 623 1058 658 fa-

49 671 142 704 ciunt
156 694 168 710 ,
193 678 228 702 ut
249 667 401 711 quando,
425 669 487 713 viis
511 679 576 701 non
601 668 676 702 satis
700 668 884 709 patentibus
906 669 955 701 vel
971 667 1058 714 quod

47 713 225 757 primipara
241 732 250 749 ‚
276 715 308 745 δε
331 712 534 754 provefflore
556 719 651 746 aetate
675 712 712 745 fit
737 711 874 749 mulier,
898 713 948 745 vel
968 711 1059 758 quod

48 755 163 789 ollium
185 755 287 796 pelvis
311 755 474 797 angustior
497 754 659 793 ambitus,
684 765 833 789 tumorve
856 753 962 789 obstet
997 756 1057 789 ali-

48 800 143 838 quis,
168 807 221 832 aut
244 798 373 840 quando
397 796 482 831 foetu
507 808 572 832 non
597 798 676 832 bene
700 798 738 831 ad
763 800 886 831 exitum
922 809 1055 832 conver-

52 839 109 882 so,
132 840 208 884 ipsae
232 843 467 883 parturientem
492 842 539 876 adv
555 842 677 876 nimios
699 850 833 874 conatus
857 866 865 881 ‚
900 842 1057 883 nixusque

49 885 205 927 adigunt,
231 892 288 918 aut
311 895 384 927 quae
405 884 525 919 foetum
550 884 885 919 audierunt'validius
908 886 1027 927 pellere
1048 906 1061 925 ,

49 939 180 964 uterum
206 931 239 962 in
263 928 507 963 contractiones
533 927 812 968 vehementiores,
844 937 898 961 aut
930 928 1062 970 sangui-

49 984 122 1006 nem
145 981 253 1012 certe,
276 974 308 1005 δι
336 972 469 1013 spiritus
491 971 691 1006 concitando
709 996 717 1009 ,
741 972 989 1013 propinarenon
1001 972 1062 1005 du-

48 1018 175 1051 bitant.
202 1015 298 1049 Unde
323 1014 407 1048 nihil
431 1016 499 1049 fieri
524 1015 648 1050 facilius
671 1015 793 1058 potest,
816 1026 914 1058 quam
937 1024 974 1049 ut
985 1014 1062 1048 hinc

48 1062 148 1099 sano,
174 1063 203 1093 ὃ(
226 1059 357 1093 robusto
382 1058 489 1096 foetu,
517 1060 590 1092 inde
614 1068 724 1092 autern
750 1067 852 1092 matre
886 1061 1059 1092 conniten—

47 1114 101 1143 te,
121 1114 195 1138 cum
220 1104 276 1136 ille
301 1102 441 1137 naturali
467 1102 518 1136 via
543 1103 631 1136 exire
656 1111 814 1144 nequeat,
839 1111 946 1136 uterus
970 1102 1060 1136 deni‹

47 1160 112 1191 que
135 1155 251 1189 ruptus
267 1149 361 1179 ..viam
385 1146 525 1187 praebeat
542 1171 550 1186 ,
573 1156 635 1187 qua
660 1153 715 1180 aut
737 1147 864 1187 capite,
891 1154 946 1180 aut
971 1145 1058 1188 pedi-

47 1192 107 1226 bus
122 1216 130 1230 ‚
155 1199 210 1223 aut
233 1198 309 1224 toto
331 1198 468 1232 corpore
492 1191 526 1226 in
551 1189 675 1223 ventris
699 1200 814 1224 cavum
860 1190 1023 1232 irrumpat
1049 1213 1059 1227 ,

47 1235 164 1277 seque,
186 1236 217 1266 &
241 1242 402 1276 parentem
426 1234 574 1267 occidat.
600 1233 739 1266 Utinam
763 1231 934 1267 rariffimus
951 1230 1061 1266 hices-

47 1278 92 1312 ser.
118 1278 205 1319 rupti
232 1278 316 1311 uteri
340 1275 447 1310 casus.-
469 1278 529 1319 qui
552 1286 617 1309 non
634 1274 730 1309 modo
743 1286 832 1310 rarus
848 1286 912 1309 non
927 1275 1057 1317 est,sed

48 1321 255 1364 frequentior
270 1344 283 1361 ,
305 1331 402 1362 quam
427 1320 534 1363 plures
559 1320 744 1353 existimant
760 1346 767 1353 .
791 1318 902 1352 Habes
923 1329 1008 1353 certe
1020 1321 1055 1353 in

48 1365 255 1408 Sepulchreti
281 1362 341 1398 hac
364 1375 427 1397 una
451 1363 597 1397 Sefflone
642 1367 652 1402 (
676 1373 695 1395 n
719 1366 730 1402 )
775 1363 919 1405 exempla
955 1363 1056 1405 ipsius

47 1408 173 1443 amaena
189 1432 200 1444 .
220 1408 272 1441 Ad
295 1418 368 1451 quae
391 1406 481 1451 plura
507 1406 579 1441 sunt
604 1417 676 1449 quae
701 1405 774 1441 add-i
800 1406 1003 1448 potuissent,
1025 1408 1057 1440 &

48 1451 199 1495 possunt.
225 1449 315 1485 Mihi
339 1451 423 1484 enim
448 1452 483 1484 in
507 1451 660 1484 manibus
683 1449 755 1484 sunt
790 1459 933 1492 quatuor
959 1477 969 1493 ‚
1004 1459 1060 1483 aut

47 1497 197 1538 quinque
224 1495 496 1530 Differtationes‚
519 1495 552 1527 in
578 1495 696 1537 quibus
717 1495 755 1527 de
780 1501 872 1535 rupto
897 1494 928 1526 in
957 1501 1058 1536 partu

45 1546 133 1573 utero
157 1543 284 1581 agitur.
308 1538 438 1573 Harum
462 1537 594 1580 singulae
618 1547 685 1571 non
708 1536 808 1571 modo
830 1548 914 1570 nova
937 1548 1062 1579 propo-

46 1591 151 1619 nunt3
177 1582 229 1616 sed
252 1592 362 1617 earum
388 1581 494 1624 aliqua
512 1605 521 1620 ,
545 1589 583 1615 nt
605 1592 677 1623 quae
702 1580 781 1614 aCl.
799 1578 977 1622 Behlingio
992 1579 1060 1614 edi-

49 1635 83 1659 ta
106 1625 150 1659 est
173 1628 186 1664 (
209 1637 225 1659 ο
243 1626 283 1669 ),
307 1625 368 1658 alia
393 1623 486 1657 fimul
511 1635 575 1658 non
599 1622 807 1658 recentiffima
832 1624 976 1667 exempla
1008 1624 1060 1657 in-

46 1670 136 1702 dicat
159 1694 167 1702 .
198 1670 325 1702 Eorum
350 1676 459 1701 autem
479 1666 668 1710 frequentia
692 1667 744 1701 vel
768 1677 808 1701 ex
830 1668 966 1711 Scriptis
979 1666 1061 1701 Ves-

46 1713 142 1754 lingii
166 1711 267 1746 nostri
289 1711 385 1754 (p)
408 1711 554 1755 intelligi
588 1710 693 1753 potest
722 1733 732 1748 ‚
777 1722 874 1753 quem
920 1713 1023 1745 miror
1050 1733 1061 1748 ,

45 1768 118 1790 cum
143 1757 248 1797 plures
274 1753 346 1788 sane
369 1755 504 1788 Eruditi
531 1755 608 1788 Viri
633 1755 717 1790 uteri
745 1767 761 1788 a
793 1753 879 1789 foetu
913 1756 1061 1798 perrupti

44 1799 305 1841 Observationes
324 1798 543 1842 collegerint,
566 1799 624 1832 vix
646 1799 687 1833 ab
710 1808 779 1832 uno
803 1798 865 1832 effe
909 1800 1060 1832 nomina-

44 1852 139 1878 tum.
170 1843 363 1883 Veslingius
387 1843 475 1875 enim
497 1853 574 1875 cum
596 1841 636 1876 de
659 1852 727 1875 uno
770 1840 959 1884 hujusmodi
1003 1853 1058 1876 ca·-

46 1886 139 1921 suum
165 1885 223 1928 qui
247 1884 307 1919 {ibi
328 1894 515 1919 occurrerat
531 1907 540 1921 ‚
566 1884 735 1928 scripsisset
771 1885 814 1919 A.
847 1889 940 1930 1640.
986 1884 1056 1919 haec

44 1929 151 1973 postea
174 1929 299 1971 scripsit
323 1930 369 1963 A.
397 1930 491 1971 1647.
519 1930 694 1970 Rumpitur
717 1927 781 1971 ipse
804 1935 914 1965 uterus
933 1954 944 1970 ‚
976 1929 1057 1971 quod

37 1972 107 2018 free
116 1973 240 2006 ueniius
263 1982 355 2014 quam
378 1972 541 2007 creditur,
567 1971 748 2013 contingit,
769 1972 812 2004 ζῦ-
841 1973 912 2014 jam
943 1980 1055 2014 quater

44 1983 178 2060 diſjiecf'c'is
202 2027 220 2049 a
242 2026 291 2049 me
311 2014 456 2057 gravidis
477 2013 642 2058 obfirvavi
654 2039 661 2046 .
688 2015 854 2057 Veslingii
878 2026 986 2051 autern
1008 2015 1061 2050 di-

44 2061 155 2099 ἃιιπι,
178 2066 294 2100 praeter
316 2058 460 2093 illautria
484 2069 562 2101 quae
587 2059 762 2091 Santorino
784 2062 798 2098 (
821 2059 875 2102 q)
898 2061 927 2094 se
960 2059 1058 2094 obtu-

45 2106 172 2144 lerunt,
195 2103 363 2144 exempla,
384 2113 459 2136 cum
481 2112 564 2134 unus
587 2100 769 2144 Chirurgus
794 2101 869 2148 satis
903 2114 1057 2146 compro-

43 2148 122 2186 bat,
144 2146 201 2188 qui
226 2140 386 2180 sexdecim
409 2145 451 2179 ab
475 2143 505 2178 se
529 2143 588 2178 esse
611 2144 680 2178 visa
703 2147 789 2178 intra
814 2157 914 2181 annos
935 2147 1055 2189 trigin-

44 2200 103 2232 ta,
126 2190 243 2231 Regiae
267 2189 485 2224 Scientiarum
509 2186 695 2222 Academiae
707 2188 872 2223 Parifienfi
895 2194 909 2230 (
933 2201 949 2223 ν
971 2194 983 2229 )
1007 2188 1055 2222 af-

43 2234 211 2272 firmavit,
237 2241 310 2268 turn
324 2232 410 2267 Cel.
432 2231 586 2265 Hallerus
608 2235 619 2271 (
636 2230 664 2275 s
681 2234 696 2272 )
716 2233 820 2274 magis
841 2233 1017 2268 confirmat
1039 2256 1053 2275 ‚

42 2279 101 2322 qui
125 2279 210 2310 intra
232 2276 408 2318 quindecim
428 2274 544 2317 menses
567 2281 616 2308 ter
637 2275 802 2318 conspexit
824 2299 833 2307 .
870 2276 952 2310 Non
975 2276 1048 2311 sunt

41 2321 176 2365 quidem
199 2319 345 2361 perrupti
369 2320 453 2352 uteri
477 2319 621 2360 exempla
643 2317 712 2352 haec
735 2319 866 2358 omnia,
891 2328 928 2354 ut
951 2320 1053 2355 foetus

43 2366 79 2398 in
104 2364 227 2398 ventris
248 2373 365 2397 cavum
390 2361 556 2404 eruperit,
581 2363 654 2395 &a
678 2370 781 2396 matre
814 2362 866 2397 e'di
888 2387 899 2404 ,
945 2374 1001 2398 aut
1035 2374 1052 2397 a

44 2407 217 2449 Chirurgo
239 2406 367 2440 extrahi
391 2416 457 2439 non
482 2406 626 2448 potuerit
641 2429 649 2438 .
677 2405 832 2449 Pleraque
845 2415 951 2441 tamen
965 2408 1052 2442 sunt:

42 2462 157 2486 caetera
179 2459 288 2484 autem
311 2457 348 2483 ut
370 2447 599 2482 lethalis.tunc
622 2447 722 2483 suerit
744 2450 796 2483 vel
819 2450 961 2492 perfecta
976 2473 986 2489 ,
1001 2451 1052 2484 vel

41 2493 198 2530 inchoata
240 2492 405 2533 disruptio
427 2492 511 2526 uteri
531 2514 544 2532 ,
578 2490 654 2526 satis
676 2492 848 2528 ostendunt
864 2504 880 2527 .·
896 2494 936 2528 In
960 2503 1051 2528 tanta

37 2538 146 2582 igitur
169 2547 281 2571 eornm
305 2533 491 2577 frequentia
514 2545 579 2568 non
604 2545 721 2578 praeter
741 2536 902 2572 rationem
925 2535 1051 2572 faciunt

41 2582 101 2624 qui
125 2580 348 2624 suspicantur,
369 2581 455 2614 inter
479 2578 587 2612 causas
610 2580 966 2625 caeterasinexpefitatae
979 2592 1052 2615 mu·

42 2625 161 2659 lierum
184 2625 322 2661 mortis,
346 2633 413 2656 non
438 2622 548 2657 multo
569 2622 640 2664 post
662 2633 792 2666 parturn
836 2626 1017 2666 ingruentis
1041 2650 1052 2666 ‚

43 2667 125 2702 hanc
148 2666 208 2702 esse
232 2665 440 2709 ponendam,
465 2665 647 2709 praesertim
670 2665 693 2700 fi
717 2678 792 2701 cum
825 2667 923 2711 {ignis
966 2679 1053 2702 mors

43 2711 110 2752 ipsa
133 2711 264 2752 ingruat
287 2721 360 2753 quae
384 2708 515 2752 percuffi
539 2709 649 2744 cordis
672 2710 787 2745 Celsus
820 2715 831 2750 (
856 2719 871 2745 t
894 2714 908 2751 )
931 2721 1053 2754 propo-

43 2755 129 2792 suit3
152 2764 226 2787 nam
249 2764 290 2787 ex
313 2754 400 2786 uteri
424 2754 554 2787 vulnere
578 2754 766 2794 morientes,
790 2755 914 2794 eadem,
938 2755 1049 2798 inquit

42 2801 58 2837 (
79 2807 99 2830 u
121 2800 159 2837 ),
183 2807 247 2842 quae
269 2796 357 2831 corde
379 2796 567 2843 vulnerato,
586 2797 777 2838 patiuntur.
802 2798 905 2836 Quod
918 2795 940 2831 fi
950 2821 964 2839 ‚
986 2797 1051 2831 foea

42 2850 81 2875 tu
103 2851 168 2873 non
192 2839 306 2878 edito,
328 2839 477 2881 obeunt,
498 2851 590 2882 quus
614 2850 707 2874 antea
730 2843 863 2883 magni,
888 2853 923 2876 ac
948 2842 1049 2876 validi

43 2892 156 2918 motus
178 2883 321 2924 percepti
343 2882 406 2916 sint
424 2909 433 2924 ‚
457 2884 623 2918 erroribus
645 2892 756 2918 autem
779 2886 818 2918 de
851 2885 971 2927 quibus
1002 2885 1050 2918 di-

43 2929 134 2961 &um
157 2928 226 2967 est,
251 2926 291 2959 ab
312 2925 482 2961 obstetrice
504 2926 664 2965 admiffis,
687 2928 826 2961 omnino
848 2930 880 2961 &
903 2929 952 2963 illi
976 2952 988 2969 ,
1020 2931 1051 2962 &

44 2972 131 3005 uteri
156 2971 251 3003 nixus
273 2978 404 3007 repente
425 2973 638 3014 quieverint,
661 2981 739 3004 mox
774 2980 883 3006 autern
914 2973 948 3006 in
980 2982 1050 3006 mu-

43 3015 124 3049 liere
147 3013 177 3047 se
199 3012 400 3047 ostenderint
421 3016 510 3056 figna
533 3015 702 3054 indicata;
723 3015 828 3049 multo
873 3018 975 3059 magis
1019 3016 1049 3050 e'i

43 3057 218 3100 suspicioni
243 3056 285 3089 est
308 3056 421 3095 locus3
444 3058 567 3092 tametsi
591 3069 667 3092 raro
689 3068 746 3100 per
769 3068 939 3093 anatomen
972 3071 1051 3094 con-

43 3100 174 3135 firmare
198 3100 232 3134 id
255 3099 353 3137 liccat
368 3121 378 3137 2
402 3100 457 3134 ubi
481 3102 682 3136 commortui
705 3113 779 3136 cum
802 3111 903 3137 matre
916 3103 1052 3145 infantis

44 3148 150 3180 Πότε,
176 3145 276 3177 etiam
300 3154 365 3176 non
389 3145 588 3187 certiffimae,
613 3147 644 3180 se
668 3145 811 3179 offerunt
836 3171 846 3187 ,
890 3156 927 3181 ut
967 3148 1051 3190 ‘puta

43 3186 172 3221 brachii
195 3185 286 3230 quod
310 3187 454 3230 plerique
477 3201 515 3222 ex
539 3191 579 3224 iis
611 3189 668 3232 qui
701 3200 856 3232 perrupto
891 3201 984 3225 utero
1015 3192 1049 3224 in

43 3231 168 3266 ventris
191 3239 305 3265 cavum
328 3240 394 3265 non
417 3239 490 3265 toto
512 3244 647 3275 corpore
670 3234 857 3275 irrumpunt
881 3257 889 3272 ,
915 3245 970 3277 per
995 3245 1050 3268 va-

43 3276 156 3318 ginam
179 3273 281 3307 solent
305 3284 453 3312 exerere,
478 3276 623 3315 brachii,
648 3276 781 3319 inquam
795 3277 1050 3321 ,2frigus,inci-

44 3316 202 3362 piensque
225 3316 405 3360 putredinis
429 3317 564 3362 species,
589 3319 716 3363 aliaque
746 3319 845 3362 hujus
893 3324 1016 3364 generis
1037 3337 1048 3360 3

43 3371 122 3395 tunc
147 3361 235 3404 enim⁴
257 3359 380 3399 affines,
406 3363 439 3394 &
462 3362 711 3406 consanguinei,
740 3376 757 3397 a
780 3363 1047 3406 diffeffimffius,

44 3404 171 3441 suarum
194 3404 370 3447 praesertim
397 3406 591 3446 mulierum,
616 3405 825 3441 abhorrentes
843 3430 854 3446 ‚
880 3408 1048 3444 Prose&0—

1934 221 2046 271 237*

1100 289 1148 312 res
1170 289 1236 313 non
1260 279 1447 320 accersunt,
1470 281 1523 316 sed
1546 281 1757 325 vespillones,
1781 285 1901 327 quibus
1912 289 2118 325 mortuum„-

1101 331 1138 356 ut
1160 321 1320 363 credunt,
1342 333 1514 367 utrumque
1535 324 1604 367 jam
1627 327 1775 361 tradant.
2032 343 2037 348 ·

1145 375 1198 409 31.
1222 365 1392 409 Qoniam
1416 379 1494 403 vero
1516 370 1664 412 perrupti
1688 372 1772 405 uteri
1794 371 1889 407 causa
1909 370 2024 413 saepius
2057 371 2103 406 est

1100 410 1253 452 obliquus
1275 407 1408 446 infantis
1432 411 1553 453 positus
1575 413 1702 447 exitum
1724 416 1920 457 quaerentis,
1944 413 2013 449 haec
2046 425 2105 449 au-

1101 463 1168 487 tem
1190 452 1367 495 obliquitas
1391 453 1455 488 fere
1479 455 1521 489 est
1545 455 1584 489 ab
1606 457 1694 490 uteri
1716 457 1815 499 ipsius
1837 458 1978 501 obliquo
2011 457 2075 493 fitu
2089 468 2104 498 5

1100 497 1212 530 mirari
1236 495 1321 531 subit
1345 508 1420 532 curn
1446 498 1559 533 Praecl.
1586 499 1774 535 Reimanno
1820 505 1831 541 (
1854 512 1876 535 x
1898 505 1912 541 )
1932 524 1943 540 ,
1976 499 2034 543 qui
2057 500 2107 534 fa-

1100 540 1190 574 ‘stum
1213 538 1276 579 fit,
1300 550 1337 574 ut
1361 552 1435 575 curn
1457 544 1575 577 veteres
1597 542 1722 578 Medici
1744 545 1784 578 de
1807 543 1872 579 hoc
1903 545 1988 579 uteri
2020 544 2107 577 vitio

1111 586 1141 615 ἃ·
1168 583 1411 626 dignoscendo,
1433 587 1465 618 &
1487 586 1632 619 curando
1655 587 1775 622 soliciti
1799 588 1920 622 fuerint
1942 600 1951 626 ς
1984 586 2107 629 postre-

1109 626 1170 659 mis
1194 628 1394 670 temporibus
1417 628 1501 670 apud
1524 629 1692 672 plerosque
1714 631 1898 673 neglecfiium
1931 630 2022 665 fuiffe
2056 631 2109 664 vi-

1110 671 1243 704 deatur.
1269 671 1506 714 Hippocratem
1531 679 1645 713 parum
1669 673 1844 709 versaverit
1864 697 1876 714 ‚
1899 672 2030 708 *necesse
2062 671 2111 706 est

1109 715 1165 755 qui
1190 714 1230 746 ad
1251 714 1400 756 inguina,
1420 715 1464 749 ἅ*
1482 715 1657 757 peb't'inem,
1682 726 1737 750 ant
1771 727 1886 751 contra
1928 717 1970 750 ‘ad
2006 714 2116 758 sedem

1109 755 1270 799 conversos
1292 765 1397 791 uteros
1421 762 1432 797 (
1457 768 1474 797 γ
1496 761 1533 796 >3
1557 768 1613 792 aut
1635 761 1675 793 aa
1697 761 1857 801 dextram,
1880 760 1931 794 vel
1965 760 2004 792 ad
2031 758 2113 801 fini·
2148 786 2153 795 .

1100 798 1196 839 stram
1215 807 1358 841 partem,
1384 809 1440 834 aut
1462 811 1571 835 coxam
1583 801 1775 838 declinantes
1797 807 1812 843 (
1835 816 1858 847 z
1882 807 1916 845 ),
1937 811 1991 837 aut
2013 800 2116 844 trans-

1110 840 1220 885 rerfim
1237 841 1337 884 fitam
1361 842 1530 885 habentes,
1553 846 1595 880 εἰ»
1616 844 1755 888 obliquos
1777 848 1795 890 (
1812 860 1830 880 a
1845 848 1865 890 )
1889 848 1930 880 ab
1953 846 2013 880 illo
2037 855 2115 886 pro-

1112 884 1234 927 positos
1258 884 1372 924 fuisse,
1395 888 1548 928 ignoret,
1574 889 1719 931 itemque
1762 902 1799 923 ος
1839 890 1973 933 ipsorum
2018 886 2114 922 simul

1111 927 1284 970 Obliquum
1308 927 1429 962 ffflum
1455 934 1465 968 s
1489 929 1542 973 b)
1566 933 1618 971 δέ,
1643 932 1732 975 quod
1756 934 1834 967 alibi
1857 936 1957 967 etiam
1989 931 2115 965 indica-

1113 973 1242 1011 vimus,
1265 971 1382 1006 diserte
1406 972 1632 1017 scriptum,fi
1654 977 1738 1010 uteri
1759 976 1877 1019 obliqui
1891 977 1998 1020 fiant,
2017 975 2117 1008 etim

1113 1025 1147 1048 os
1159 1014 1295 1057 ipsorum
1316 1015 1475 1058 obliquum
1494 1015 1569 1059 fieri
1591 1019 1696 1060 (c);
1720 1028 1756 1054 ut
1779 1021 1870 1062 plura
1895 1021 1955 1053 alia
1968 1019 2034 1060 ejus
2044 1018 2117 1053 lcca

1113 1060 1324 1092 omittamus.
1349 1058 1421 1092 Nec
1445 1060 1544 1093 modo
1569 1061 1689 1094 (jaleni
1712 1065 1726 1101 (
1747 1064 1766 1097 d
1787 1066 1801 1103 )
1823 1065 1940 1100 aet'ate3
1964 1063 2013 1096 sed
2036 1083 2048 1100 ,
2079 1070 2117 1094 ut

1112 1102 1214 1136 multa
1240 1100 1376 1141 saecula,
1400 1102 1567 1145 pluresque
1591 1104 1738 1138 Medicus
1771 1108 1828 1148 qui
1872 1108 1968 1141 illum
2012 1103 2117 1138 secuti

1113 1146 1206 1183 sunt,
1234 1144 1332 1177 sciens
1353 1144 1552 1185 tranfiliam5
1572 1146 1701 1190 Joanne
1725 1149 1891 1183 Matthaeo
1924 1151 1964 1183 de
2009 1145 2118 1181 Gradi

1111 1191 1124 1227 (
1148 1198 1163 1222 ε
1184 1191 1216 1228 ),
1239 1188 1545 1235 Herculessaxonia
1567 1189 1677 1225 nostro
1700 1188 1805 1234 (f),
1830 1192 2000 1227 Roderico
2024 1191 2121 1225 aCa-

1112 1232 1177 1265 stro
1195 1234 1293 1273 (g),
1314 1232 1452 1275 aliisque
1464 1234 1613 1274 plurimis
1637 1237 1788 1278 deinceps
1812 1235 2028 1274 florentibus,
2053 1244 2120 1267 me-

1105 1274 1187 1309 dicae
1210 1275 1384 1313 mulieres,
1411 1275 1662 1320 obstetricesque
1686 1277 1881 1320 jubebantur
1918 1280 2031 1322 digito
2067 1278 2121 1310 in-

1107 1319 1191 1354 serto
1213 1319 1333 1352 uterini
1357 1319 1458 1353 osculi
1480 1320 1625 1362 positum
1645 1323 1829 1366 inquirere,
1854 1332 1890 1357 ut
1913 1334 1952 1357 ex
1974 1330 2121 1365 eoquam

1105 1363 1139 1395 in
1165 1370 1288 1404 partem
1312 1371 1423 1396 uterus
1443 1364 1679 1403 inclinaretur,
1701 1365 1760 1409 ipfi
1786 1366 2030 1409 dignoscerent·
2046 1366 2123 1398 Sen-

1108 1415 1236 1440 nerturn
1261 1403 1352 1449 (h)
1376 1415 1485 1440 autem
1508 1407 1531 1441 fi
1555 1419 1631 1442 cum
1653 1408 1704 1443 his
1726 1409 1876 1444 conferas
1894 1422 1908 1451 ‚⁴
1941 1411 1980 1444 ad
2024 1419 2123 1451 quam

1111 1460 1210 1493 pauca
1235 1460 1283 1482 res
1305 1448 1371 1492 jam
1394 1451 1515 1484 rediret
1532 1475 1542 1492 ,
1565 1454 1596 1484 δι
1619 1463 1719 1495 quarn
1742 1453 1857 1487 leviter
1882 1454 2004 1497 attingi
2038 1453 2124 1486 inci-

1113 1502 1201 1534 peret
1218 1517 1227 1531 ‚
1250 1491 1345 1527 facilc
1368 1494 1531 1538 intelliges
1545 1518 1552 1526 .
1578 1495 1667 1529 Mox
1689 1505 1820 1537 autem,
1843 1495 1866 1532 fi
1890 1508 2013 1541 quaeras
2038 1494 2124 1540 apud

1114 1537 1284 1570 Riverium
1300 1558 1310 1574 ,
1333 1535 1481 1572 omissam
1505 1538 1588 1571 hanc
1613 1540 1846 1574 traftationem
1864 1563 1878 1581 ‚
1910 1540 2091 1583 cognosces
2113 1562 2124 1571 .

1111 1580 1197 1613 Rem
1223 1590 1302 1621 pene
1325 1579 1507 1614 obsoletam
1531 1581 1675 1615 restituit
1699 1585 1858 1617 memoria
1882 1585 1987 1618 nostra
2010 1585 2042 1616 in
2056 1583 2127 1626 pri-2-

1113 1624 1175 1657 mis
1198 1622 1399 1658 Deventrius
1421 1624 1504 1667 (i)
1529 1624 1571 1658 fic
1595 1625 1752 1668 quidem,
1775 1635 1827 1666 ut>
1855 1627 1944 1670 quod
1979 1639 1996 1660 a
2019 1627 2126 1661 Vere-2

1114 1667 1208 1702 ribus
1231 1666 1353 1701 fac-‘tum
1376 1678 1442 1701 non
1468 1669 1605 1703 mei-nini
1620 1693 1629 1709 ,
1650 1669 1832 1704 ostenderet
1856 1670 1971 1713 quanti
2005 1669 2126 1704 referat

1114 1721 1152 1745 ex
1174 1713 1293 1745 uterini
1317 1713 1384 1745 oris
1408 1710 1470 1746 fitu
1493 1713 1578 1746 uteri
1603 1711 1700 1747 litum
1724 1717 1758 1747 in
1782 1714 2039 1756 parturientibus
2073 1715 2127 1747 di-

1112 1753 1286 1796 gnoscere,·
1313 1755 1353 1788 ab
1371 1757 1458 1788 uteri
1482 1757 1570 1789 enirn
1595 1755 1795 1800 obliquitate
1835 1758 1947 1800 saepius
1978 1756 2126 1798 difficiles

1110 1806 1220 1841 partus
1243 1797 1315 1831 fieri
1333 1822 1341 1831 .
1365 1800 1431 1832 Cui
1458 1799 1564 1840 plures
1588 1803 1735 1843 egregios
1772 1801 1874 1835 Viros
1921 1804 1952 1834 δε
1986 1799 2125 1842 assensos

1111 1841 1195 1879 effe,
1221 1843 1251 1874 &
1276 1840 1422 1877 assentiri
1445 1842 1562 1876 video:
1589 1853 1777 1886 quanquam
1823 1844 1926 1886 aliqui
1972 1845 2008 1878 in
2054 1843 2126 1887 eJ'us

1108 1884 1317 1928 obliquitatis
1341 1884 1431 1919 causa
1454 1885 1664 1920 dissentiant.
1693 1888 1747 1923 Sic
1770 1889 1804 1922 in
1828 1888 1953 1922 duabus
1964 1887 2125 1922 Disserta-

1108 1930 1275 1965 tionibus,
1298 1938 1436 1969 quarum
1460 1929 1593 1964 alteram
1615 1931 1659 1964 A.
1687 1934 1781 1976 1736.
1808 1932 1943 1965 alteram
1965 1933 2042 1967 octo
2067 1942 2125 1966 nu-

1111 1982 1224 2006 vemve
1248 1971 1319 2015 post
1343 1974 1434 2006 annis
1455 1973 1521 2008 duo
1555 1973 1609 2007 cl.
1644 1974 1769 2010 Friedii
1810 1974 1976 2018 Discipuli
2013 1975 2124 2010 edide.

1110 2027 1207 2054 runt,
1233 2016 1367 2050 memini
1392 2028 1461 2051 earn
1484 2017 1611 2051 causam
1634 2018 1670 2052 in
1693 2019 1793 2053 altero
1817 2020 1965 2053 matricis
1988 2020 2087 2053 latere
2109 2041 2124 2060 2

1110 2059 1155 2093 ob
1179 2058 1305 2093 affixam
1328 2058 1413 2100 fibi,
1434 2059 1523 2104 qued
1544 2072 1612 2096 uon
1638 2061 1752 2105 saep‘rus
1775 2062 1878 2102 folet,
1902 2062 2084 2106 placentam
2110 2085 2122 2102 ,

1109 2114 1334 2145 annexumque
1358 2103 1434 2138 huic
1457 2102 1577 2138 foetum
1601 2109 1752 2147 graviore
1775 2105 1862 2140 fafto
1883 2128 1896 2146 ,
1930 2107 2085 2142 collocari
2109 2130 2125 2148 ,

1109 2157 1174 2179 non
1199 2147 1285 2182 secus
1308 2156 1342 2180 ac
1365 2147 1445 2182 olim
1469 2147 1613 2183 Gradius
1656 2151 1671 2189 (
1692 2150 1711 2191 k
1734 2155 1745 2190 )
1790 2152 1877 2184 inter
1902 2153 2011 2188 causas
2033 2151 2122 2185 obli-

1103 2200 1207 2232 qu-um
1230 2198 1359 2224 uterum
1383 2191 1537 2225 facientes
1560 2191 1643 2226 hanc
1665 2193 1823 2230 statuebat
1837 2216 1848 2232 ‚
1872 2192 1895 2227 fi
1913 2202 2042 2237 prqoter
2054 2205 2125 2228 ma-

1105 2233 1220 2266 teriam
1242 2234 1279 2266 in
1301 2234 1400 2268 altera
1426 2235 1496 2277 ejus
1520 2245 1612 2277 parte
1629 2260 1638 2276 ‚
1660 2236 1713 2270 vel
1753 2245 1883 2281 propter
1921 2238 2122 2280 gravitatem

1100 2274 1283 2318 acquisitam
1300 2277 1393 2320 fieret
1416 2277 1537 2312 traaas
1559 2278 1692 2313 alterius
1710 2284 1818 2322 partis
1841 2282 1881 2315 aa'
1903 2292 1990 2315 eam.
2015 2282 2122 2316 Sed&

1104 2318 1304 2354 Observatio
1327 2333 1399 2362 quae
1424 2319 1581 2363 postrema
1602 2323 1749 2358 omnium
1796 2325 1874 2359 huic
1919 2325 2122 2367 Sepulchreti

1104 2362 1305 2397 XXXVIII.
1331 2365 1471 2398 Sestioni
1498 2365 1607 2400 addita
1631 2365 1699 2407 est,
1721 2367 1853 2402 videtur
1886 2368 2020 2402 illorum
2052 2368 2121 2403 suf-

1102 2404 1222 2448 fragari
1246 2406 1431 2441 sententiae.
1457 2408 1596 2443 eausam
1620 2418 1730 2445 tamen
1756 2414 1954 2454 praecipuam
1978 2413 2120 2447 Veteres
2161 2412 2164 2415 ⁴

1102 2451 1138 2482 in
1163 2450 1368 2485 vinculorum
1392 2451 1521 2485 alterius
1544 2454 1645 2495 partis
1665 2456 1911 2494 contrafflone,
1939 2464 1994 2490 aut
2016 2458 2118 2492 etiam

1103 2493 1302 2528 relaxatione
1326 2494 1511 2536 ponebant,
1534 2505 1570 2529 ut
1596 2496 1668 2530 sana
1691 2509 1763 2540 pars
1807 2498 1845 2533 ad
1877 2499 2080 2534 contraqam
2105 2524 2119 2541 ,

1105 2537 1154 2569 vel
1177 2537 1319 2571 relaxata
1341 2537 1380 2571 ad
1402 2536 1511 2573 sanam
1535 2538 1767 2583 adduceretur.
1802 2543 1955 2580 Quorum
1987 2543 2117 2578 senten-

1103 2580 1183 2613 tiam
1209 2580 1250 2614 ab
1271 2581 1462 2615 adventitiis
1483 2583 1688 2618 vinculorum
1712 2584 1846 2619 illorum
1882 2587 1978 2620 vitiis
2009 2588 2048 2622 ad
2080 2600 2116 2622 ea

1102 2634 1176 2665 quae
1199 2635 1215 2656 a
1239 2625 1425 2666 primordiis
1448 2636 1577 2669 quoque
1599 2626 1662 2661 effe
1686 2626 1837 2670 possunt,
1863 2630 2033 2664 transferre
2057 2642 2116 2664 no-

1104 2666 1155 2699 bis
1177 2666 1254 2700 licet
1279 2679 1336 2710 per
1359 2680 1394 2702 ea
1417 2680 1489 2711 quae
1523 2672 1556 2703 in
1602 2670 1844 2707 disseffionibus
1889 2674 2114 2711 animadversa

1104 2708 1279 2744 habemus.
1305 2712 1459 2746 Breviora
1482 2714 1570 2747 enim
1594 2714 1728 2749 finistrae
1752 2717 1853 2758 partis
1900 2717 2028 2750 vincula
2075 2719 2111 2752 in

1106 2762 1214 2787 tenera
1234 2756 1434 2798 virguncula
1457 2756 1613 2791 Bononiae
1637 2759 1820 2793 invenimus
1855 2769 2017 2794 autumno
2063 2762 2113 2796 A.

1104 2800 1197 2839 1706.
1223 2798 1306 2832 unde
1329 2808 1440 2833 uterus
1464 2799 1678 2835 sinistrorsum
1701 2802 1878 2845 vergebat.
1920 2802 2019 2837 Nihil
2054 2815 2113 2840 au-

1101 2849 1167 2874 tem
1192 2841 1346 2884 prohibet
1369 2842 1574 2881 existimare,
1600 2845 1720 2886 quibus
1742 2847 1998 2881 uterussautvab
2020 2850 2107 2881 nati-

1102 2895 1141 2918 va
1163 2885 1278 2922 causa,
1302 2895 1357 2919 aut
1381 2886 1421 2919 ab
1443 2886 1623 2921 adventitia
1645 2888 1678 2921 in
1703 2888 1787 2923 latus
1811 2889 1947 2924 alterum
1970 2889 2012 2924 est
2056 2892 2111 2924 in-

1101 2928 1264 2968 clinatus,
1288 2927 1321 2961 in
1345 2930 1385 2963 iis
1400 2951 1410 2965 ‚
1432 2941 1504 2963 cum
1529 2940 1730 2972 praegnantes
1753 2931 1861 2973 fiunt,
1884 2934 1919 2967 in
1941 2934 2030 2968 idern
2063 2934 2110 2968 la-

1102 2981 1175 3011 tus,
1200 2971 1261 3014 nisi
1281 2973 1361 3014 quid
1386 2971 1472 3007 forte
1493 2973 1619 3014 obstet,
1642 2975 1797 3016 pendere.
1822 2977 1922 3011 Certe
1946 2978 2033 3012 enim
2066 2978 2109 3012 sic

1101 3016 1216 3058 primis
1240 3014 1397 3049 menfibus
1421 3017 1532 3051 eodem
1557 3016 1715 3060 pendeat,
1738 3018 1856 3054 necesse
1900 3020 1943 3055 est
1966 3046 1974 3054 .
2019 3022 2109 3056 Cum

1102 3068 1211 3093 autem
1235 3060 1277 3092 iic
1301 3060 1440 3102 pendens
1462 3062 1660 3100 increverit,
1684 3062 1742 3095 etsi
1768 3062 1873 3105 postea
1897 3063 1992 3107 supra
2025 3065 2107 3108 liga·
2143 3073 2148 3082 ⁵

1102 3113 1209 3137 menta
1234 3101 1262 3136 se
1285 3104 1436 3142 extollit;
1462 3105 1529 3137 veri
1551 3105 1685 3146 quidem
1708 3105 1846 3140 similius
1866 3107 1910 3141 est
1927 3133 1936 3148 ‚
1959 3116 2106 3150 utquam

1101 3149 1136 3181 in
1160 3155 1283 3190 partem
1307 3157 1436 3189 vergere
1457 3146 1579 3189 coepit,
1601 3149 1636 3182 in
1662 3149 1794 3184 eandem
1819 3160 1929 3192 pergat
1951 3175 1959 3183 .
1996 3151 2107 3186 Plures

1100 3191 1203 3233 igitur
1226 3190 1323 3223 habes
1345 3190 1453 3224 causas
1475 3190 1596 3233 quibus
1618 3193 1702 3227 uteri
1716 3216 1731 3233 ‚
1761 3192 1927 3236 sectusque
1957 3193 2105 3237 obliq‘ui-

1100 3244 1199 3268 tatem
1223 3233 1401 3267 adscribas.
1426 3233 1500 3268 Nec
1524 3246 1602 3268 vero
1624 3248 1722 3279 quam
1746 3235 1905 3280 postremo
1936 3236 2011 3270 loco
2043 3249 2104 3280 po-

1100 3278 1241 3317 suimus,
1266 3277 1418 3311 rariorem
1442 3286 1585 3321 putat03
1610 3281 1758 3322 quamvis
1779 3278 1914 3313 necdum
1927 3281 1986 3322 qui
1997 3280 2105 3315 Graa-

1098 3321 1144 3355 fio
1166 3325 1177 3360 (
1201 3320 1248 3360 l·)
1271 3320 1507 3361 astipulentur,
1529 3320 1627 3357 deesse
1651 3323 1759 3357 videas
1781 3345 1791 3361 ‚
1824 3322 1996 3366 obliquum
2033 3334 2104 3358 ute-

1072 3362 1079 3368 '
1098 3376 1168 3398 rum
1193 3364 1370 3406 quandoque
1384 3391 1392 3405 ,
1414 3364 1490 3398 licet
1513 3366 1637 3406 rarius,
1660 3365 1690 3399 se
1711 3364 1897 3403 offendisse,
1921 3364 2077 3401 scribenti
2092 3394 2100 3400 .

1099 3407 1188 3442 Mihi
1211 3415 1297 3441 certe
1321 3407 1355 3441 id
1378 3419 1444 3442 non
1466 3420 1541 3443 raro
1565 3408 1733 3453 accidisse,
1756 3421 1794 3445 ex
1829 3410 1908 3444 meis
1940 3410 2105 3488 intggges

132 3627 148 3643 n
164 3620 178 3648 )
194 3620 254 3644 obs.
274 3624 298 3643 2.
317 3618 342 3649 §.
358 3627 382 3643 2.
399 3628 424 3649 4.
441 3620 465 3645 ἃ
483 3619 543 3645 obs.
559 3627 582 3649 3.
600 3619 625 3651 §.
642 3626 664 3646 ι.
679 3627 702 3645 ².
720 3628 742 3650 3·
759 3628 784 3649 4·
803 3629 827 3651 9.
845 3629 883 3647 10.
901 3628 938 3646 ιι.
956 3623 981 3646 ἀ
996 3622 1054 3648 Obs.

126 3658 163 3711 x)
187 3650 306 3675 Meditat.
324 3650 391 3679 {uper
405 3650 449 3675 cas.
468 3650 533 3679 rupti
549 3650 574 3675 in
591 3656 660 3681 partu
677 3652 737 3681 uteri
756 3652 780 3683 §.
798 3661 818 3682 ς.
836 3655 858 3677 8η
876 3660 911 3677 ιι.
974 3651 982 3682 (
999 3660 1014 3682 p
1031 3655 1044 3682 )

161 3653 171 3681 )

162 3712 175 3740 )
230 3711 252 3735 h.
271 3713 295 3735 N
323 3713 342 3735 C
368 3713 440 3736 Ceut.
458 3719 479 3740 9.
495 3712 553 3737 Obs.
571 3720 610 3742 79.
627 3712 652 3736 in
670 3713 750 3738 schol.

159 3741 166 3769 )
234 3744 295 3766 Nat.
314 3741 432 3766 Muliebr.
448 3750 474 3766 n.
493 3751 533 3772 34.
567 3768 570 3772 ,
593 3744 607 3772 (
623 3743 639 3767 d
651 3744 666 3773 )
686 3746 722 3768 De
738 3746 796 3769 Loe-
811 3745 850 3769 aff.
867 3746 883 3770 1.
901 3748 922 3768 6.
940 3752 961 3768 c.
979 3754 999 3774 ς.

127 3802 137 3823 i
152 3772 229 3828 >)0De
247 3772 332 3797 Morb.
352 3772 451 3797 Mulier.
468 3776 486 3798 1.
502 3781 523 3797 ι.
540 3781 563 3798 e.
582 3781 616 3801 ¹7·

178 3681 237 3704 Hxst.
255 3683 285 3705 A.
304 3687 362 3711 ¹7²4
388 3680 445 3706 obs.
462 3684 536 3706 Anat.
552 3690 574 3711 4,

130 3719 145 3764 ἕ
182 3713 227 3765 ἐξ

129 3778 148 3800 8

103 3619 119 3678 ἕ

100 3678 111 3709 (

102 3711 113 3737 (

100 3742 115 3770 (

101 3773 115 3800 (

100 3801 109 3829 (

207 3802 237 3827 bs.
255 3803 321 3829 Glair.
339 3811 430 3828 novum
445 3803 528 3832 lumen
542 3805 623 3831 exhib.
640 3804 768 3833 obstetric.
830 3807 844 3836 (
860 3806 877 3831 k
892 3807 905 3836 )
923 3813 945 3830 e.
961 3813 996 3831 22.
1013 3807 1058 3832 cit.

636 3683 650 3712 (
662 3681 706 3712 Ι)
721 3684 757 3707 De
772 3689 843 3714 rupto
858 3684 883 3708 in
900 3687 968 3712 partu
985 3685 1065 3708 Uter-o
1080 3683 1139 3708 ΟΜ.
1157 3692 1181 3707 n.
1199 3692 1221 3710 1.

813 3716 820 3742 (
836 3722 853 3744 y
869 3715 882 3743 )
898 3716 934 3739 De
948 3714 1030 3739 Morb.
1048 3714 1149 3739 Mulier.
1167 3714 1183 3739 l.
1200 3722 1220 3739 2.
1238 3721 1263 3738 n.
1282 3722 1319 3744 33.

1070 3630 1095 3651 7.
1114 3621 1136 3652 §.
1156 3629 1177 3651 3.
1195 3622 1217 3646 8:
1232 3621 1291 3646 Obs.
1310 3628 1346 3645 η.
1366 3620 1392 3651 §.
1408 3629 1432 3646 2.

1060 3652 1135 3682 Epist.
1152 3653 1241 3678 Medic.
1259 3660 1296 3683 25·
1314 3652 1337 3676 &
1352 3660 1390 3680 45.
1453 3653 1467 3682 (
1483 3661 1498 3683 q
1514 3653 1527 3683 )
1545 3650 1627 3678 Istotia
1643 3653 1669 3676 d'
1682 3659 1713 3677 un
1730 3654 1791 3679 Peto
1807 3654 1830 3679 Ec
1845 3657 1899 3679 εει.
1915 3662 1938 3679 η.
1959 3662 1996 3685 ις.

1282 3683 1291 3713 (
1309 3689 1320 3707 t
1337 3684 1346 3714 )
1362 3685 1398 3707 De
1414 3683 1508 3710 Medic.
1526 3687 1543 3709 ἱ,
1561 3693 1581 3716 5.
1598 3690 1618 3707 c.
1635 3687 1663 3707 26
1691 3692 1714 3708 n.
1731 3685 1754 3708 8.
1817 3681 1858 3713 (u
1874 3687 1882 3714 )
1899 3684 1963 3710 lbid.
1980 3694 2004 3710 n.
2022 3693 2061 3716 ¹3-

1380 3713 1547 3745 (z)n.33.
1609 3714 1781 3744 (a)n.36.
1841 3716 1990 3746 (bllbid.

1060 3747 1074 3774 (
1089 3754 1100 3769 e
1118 3747 1126 3774 )
1142 3745 1221 3770 l’rass.
1237 3751 1268 3769 tr.
1285 3754 1314 3779 4..
1325 3750 1347 3768 c.
1364 3751 1400 3778 ².²·
1464 3746 1470 3773 <
1486 3745 1502 3775 f
1516 3748 1529 3774 )
1545 3744 1649 3770 Praeiect.
1668 3747 1745 3771 praet.
1764 3749 1792 3774 v,
1812 3754 1834 3776 ς.
1850 3754 1872 3772 c·
1892 3754 1930 3772 ιι.

680 3775 693 3803 (
710 3775 725 3798 h
740 3775 755 3802 )
771 3776 862 3800 Medic.
879 3774 957 3800 Prast.
975 3775 991 3799 l.
1007 3783 1029 3803 4.
1048 3778 1075 3801 P.
1095 3784 1114 3802 ι.
1132 3778 1156 3801 S.
1173 3784 1193 3800 ².
1211 3784 1231 3801 c.
1252 3783 1286 3805 ις.
1308 3784 1332 3799 m
1351 3776 1452 3805 puncip.
1470 3776 1492 3800 Bc
1507 3784 1528 3800 c.
1550 3776 1626 3811 163in
1642 3776 1691 3801 fine
1707 3796 1713 3801 .

1119 3808 1128 3837 (
1147 3809 1157 3832 t
1174 3806 1183 3837 J
1201 3809 1235 3831 De
1251 3807 1355 3832 Mulier.
1372 3808 1463 3836 Organ.
1480 3815 1499 3832 c,
1517 3809 1543 3831 8.·
