2498 4075
456 152 615 266 Epist·>
651 197 814 252 Anat.
850 197 1054 252 Medica
1095 195 1244 252 LlX.
1277 196 1397 250 Art.
1421 211 1492 249 11.
1527 196 1583 249 &
1621 211 1697 247 12.

80 278 154 314 sam
201 278 337 312 retardat
360 301 371 317 ‚
403 285 439 313 ut
483 279 517 310 in
549 277 683 311 muliere
721 275 829 310 vidisti
875 288 892 308 a
929 274 1020 318 cujus
1042 287 1093 309 ca-

89 322 125 357 su
168 323 236 356 haec
260 322 416 364 Epistola.
440 319 590 354 inchoata
625 321 690 360 est,
723 322 756 353 δε
778 321 939 362 Capuanis
962 331 1088 361 quoque

91 366 295 400 Senator-ibus
321 364 419 398 ferme
442 363 686 405 duodetriginta
709 362 787 396 ideo
809 363 904 396 serius
929 373 1013 395 mors
1038 375 1088 396 ac-

90 409 173 442 cidit
197 433 208 448 ,
241 410 317 451 quia
340 409 468 449 impleti
491 409 572 440 cibis
599 430 608 444 ,
647 409 786 449 vinoque
831 417 905 440 cum
939 415 1092 440 venenum

93 451 289 495 sumpsissent
315 475 327 491 ‚
361 451 402 484 fic
425 452 532 484 minus
553 447 705 494 efficacem
728 460 761 481 m
786 450 969 482 maturanda
993 458 1091 483 morte

88 496 161 529 vim
182 496 292 529 veneni
306 492 471 538 fecerant,
498 502 534 527 ut
557 494 671 527 Livius
692 496 706 533 (
728 493 746 533 k
769 498 784 534 )
807 493 968 525 memoriae
993 492 1094 526 histo-

94 539 213 574 riarum
237 537 397 571 mandavit
419 561 427 569 .
462 536 563 573 Quod
585 535 607 569 fi
641 537 731 569 inani
765 535 947 569 ventriculo
979 537 1090 570 veneni

94 582 307 624 pauxillulum
323 605 332 620 ,
356 580 534 625 sedlmulto
560 591 635 613 cum
658 580 756 619 cibo,
779 579 998 622 deglutiatur3
1023 581 1091 613 mi-

93 636 164 659 rum
188 636 250 658 non
274 623 338 660 est,
362 623 384 657 fi
408 623 509 656 levius
532 624 710 664 periculum
732 623 809 656 fiat.
835 624 887 656 Sic
923 623 1008 656 enim
1032 635 1085 656 ve-

93 679 211 702 nenum
234 677 287 702 aut
311 677 434 700 arcetur
457 678 472 699 a
506 667 675 700 ventriculi
697 667 817 703 tunicis
840 689 853 706 ‚
887 675 939 699 aut
972 667 1084 700 multis

94 711 233 745 admistis
257 711 454 743 retunditur.
480 709 661 744 Secundum
685 709 773 749 haec,
802 710 948 751 pleraque
972 720 1086 743 eorum

91 766 162 798 quae
186 755 279 795 supra
302 764 319 786 a
342 754 435 787 nobis
458 753 575 795 scripta
603 752 673 788 sunt
684 776 706 794 ,⁷
721 754 876 796 explicare
899 753 992 785 licet.
1021 754 1091 786 Ple-

91 810 189 840 raque
212 798 302 835 dixi;
325 809 399 830 narn
420 795 564 839 quaedam
587 796 658 829 sunt
681 797 830 839 profe-fito
864 794 1050 829 difficiliora
1075 819 1084 834 ‚

90 841 176 875 :illud
200 842 233 874 in
258 841 390 881 primis,
411 851 470 873 cur
486 839 688 873 Sacerdotem
710 843 724 879 (
745 839 758 873 l
779 843 795 879 )
815 839 943 873 dolores
965 851 1029 872 non
1054 841 1087 873 in

92 884 267 918 ventriculi
291 885 439 926 regione,
462 883 512 917 sed
536 885 570 916 in
595 884 751 925 epicolica
774 882 902 917 dextera
925 885 1090 925 corripue-

94 928 182 962 rint.
209 927 310 965 Quod
334 927 356 959 si
381 935 497 969 quarto
519 925 689 960 dumtaxat
713 926 765 960 die
784 925 964 964 accidiffet3
987 925 1099 969 conjic

88 973 123 1004 ci
146 981 216 1006 tum
240 968 359 1011 posset,
383 970 535 1012 quasdam
559 972 672 1003 veneni
696 971 864 1012 particulas
880 993 889 1008 ,
914 970 948 1002 in
974 971 1087 1013 primis

91 1014 161 1048 illis
184 1014 262 1048 Coli
283 1013 432 1048 intestini
448 1013 573 1047 cellulis
597 1021 756 1053 retentas,
779 1013 946 1056 pupugisse
969 1038 977 1045 .
1003 1013 1087 1046 Mox

91 1067 199 1092 autern
224 1068 240 1089 a
269 1068 390 1091 veneno
423 1056 551 1098 sumpto
572 1068 586 1096 ;
620 1057 677 1090 nifi
710 1058 923 1090 ventriculum
945 1080 957 1096 ‚
992 1065 1028 1089 ut
1052 1058 1086 1088 in

92 1101 284 1144 quibusdam
306 1101 518 1143 corporibus,
545 1109 600 1134 aut
620 1122 630 1138 ‚
664 1101 819 1144 quoniam
843 1101 877 1134 id
902 1099 1086 1133 rarissimum

91 1144 163 1186 est,
184 1144 381 1179 Duodenum
405 1143 588 1178 intestinum
612 1144 783 1187 aliquanto
821 1143 983 1177 dexterius
1008 1142 1087 1176 fuis-

95 1188 146 1227 se,
170 1197 223 1222 aut
246 1188 333 1222 aliud
356 1186 513 1230 ejusmodi
537 1187 814 1226 comminiscari53
839 1198 902 1220 non
926 1186 1018 1220 facile
1041 1187 1090 1219 in-

94 1232 242 1274 tellig-as.
1033 1272 1039 1277 -

142 1285 189 1307 11.
215 1275 316 1317 Qod
339 1286 414 1309 vero
436 1275 469 1308 in
492 1276 678 1314 curatione,
701 1275 867 1314 theriaca,
891 1273 998 1306 aliisve
1010 1273 1092 1316 ejus-

96 1317 187 1351 modi
211 1319 370 1352 antidotis
393 1320 461 1356 uti,
488 1318 570 1352 mihi
594 1330 631 1352 ne
654 1321 775 1353 venerit
793 1317 924 1362 quidem
947 1318 980 1349 in
1005 1327 1091 1350 men—

94 1370 160 1394 tem
182 1386 193 1402 ,
227 1361 310 1395 nihil
335 1364 526 1396 miraturum
551 1371 581 1395 te
605 1384 615 1401 ‚
647 1362 713 1396 scio
735 1387 743 1394 .
776 1363 846 1395 Cur
868 1363 952 1394 enim
976 1384 987 1400 ‚
1018 1371 1090 1393 cum

87 1405 224 1438 erodens
248 1416 401 1440 venenum
423 1404 480 1439 esse
501 1427 512 1446 ,
534 1406 688 1440 censerem
708 1417 720 1445 ;
755 1405 862 1439 oleum
884 1405 1010 1437 camino
1034 1403 1091 1450 ad-

90 1449 201 1482 <ierem
215 1471 222 1485 ‚
246 1450 391 1492 illudque
415 1451 515 1491 magis
538 1460 774 1483 commoverem
797 1474 806 1487 ,
842 1457 895 1482 aut
917 1456 1001 1480 certe
1024 1458 1091 1490 ejus

99 1490 230 1527 effeetus
253 1491 424 1536 augerem?
447 1494 493 1526 Et
518 1492 586 1526 sane
610 1492 759 1526 videbam
783 1492 822 1526 de
847 1500 986 1535 quatuor
1010 1501 1091 1532 quos

90 1538 206 1568 curavi
232 1560 247 1576 ,
272 1548 347 1571 cum
382 1547 460 1571 unus
484 1536 660 1570 theriacam
684 1536 736 1570 sua
771 1535 881 1577 sponte
918 1532 1091 1575 sumpsisset

93 1581 114 1620 (
131 1590 162 1611 m
183 1582 222 1619 )‚
242 1580 294 1613 illi
316 1581 423 1615 aestum
446 1581 618 1613 ventriculi
642 1580 699 1614 ess'e
722 1580 874 1612 anetum.-
895 1589 961 1620 quo
987 1578 1091 1610 minus

98 1623 205 1655 tniror
227 1634 245 1662 ,⁴
269 1635 401 1665 puerum
431 1624 466 1656 in
491 1622 702 1665 Sepulchreto
736 1623 790 1663 (n
815 1627 826 1660 )
859 1631 1091 1655 commemora-

99 1676 197 1704 tum,
220 1669 273 1701 cni
297 1669 435 1700 theriaca
458 1666 508 1698 bis
530 1666 603 1700 data
627 1667 688 1705 est,
713 1668 795 1699 intra
806 1675 952 1708 quartam
976 1664 1090 1699 horam

92 1722 112 1741 a
134 1710 275 1746 comesto
298 1711 437 1744 arsenico
460 1708 614 1744 interiisse
636 1724 644 1742 :
684 1713 715 1743 ἃς
750 1706 771 1740 fi
789 1710 846 1753 jo.
883 1708 982 1741 Faber
1004 1707 1055 1749 (o
1077 1711 1092 1746 )

92 1752 201 1795 J'uveni
226 1755 283 1796 qui
306 1752 447 1796 rzsagalli
471 1754 596 1794 pulvere
621 1765 681 1796 pro
704 1754 897 1786 cinnamono
921 1752 992 1786 usus
1004 1761 1091 1796 erat,

92 1794 179 1831 nihil
204 1796 262 1829 nisi
286 1795 527 1830 mithridatium
549 1820 563 1837 ,
600 1794 779 1837 praebuiss‘et
799 1807 812 1835 ,·
833 1804 918 1828 certe
942 1805 1006 1827 non
1031 1796 1091 1827 {er-

94 1837 211 1873 vasset.
237 1841 382 1873 Servavit
406 1849 533 1877 autem,
558 1841 632 1882 quia
657 1839 750 1874 simul
773 1836 889 1880 juscula
903 1838 1093 1883 pinguim&

100 1882 152 1915 iac
175 1882 304 1924 copiose
327 1882 476 1916 exhibuit
497 1907 503 1914 .
537 1884 588 1916 Sic
613 1884 711 1917 etiam
735 1882 773 1915 ab
789 1882 846 1924 ¹Io.
867 1880 943 1926 Jod.
970 1881 1094 1924 Cylato

89 1927 154 1967 (p
177 1930 188 1964 )
214 1938 347 1968 puerum
362 1950 374 1967 ,
397 1926 573 1968 &puellas
595 1926 692 1965 duas,
717 1924 837 1969 ingesto
848 1925 989 1958 arsenico
1011 1924 1096 1965 peri-

92 1968 243 2003 clitantes
262 1994 273 2010 ,
306 1970 416 2004 servari
441 1970 573 2011 potuisse
593 1992 606 2009 ‚
637 1970 732 2004 credo
754 1992 764 2008 ,
788 1979 852 2001 non
875 1967 962 2010 quod
987 1967 1090 2001 Ele-st.

94 2013 328 2054 orviecanum,
353 2011 404 2047 sed
426 2012 513 2054 quod
537 2021 626 2046 antea
650 2014 697 2047 lac
721 2013 834 2047 crebro
855 2010 986 2045 dedisset
1002 2035 1012 2051 ,
1035 2021 1093 2057 na-

92 2065 168 2089 tura
192 2064 300 2089 autem
325 2057 387 2090 hos
411 2067 522 2090 omnes
553 2057 631 2090 citis
654 2056 891 2091 vomitionibus
925 2063 1013 2088 antea
1038 2060 1092 2087 acl-

91 2096 236 2141 juvisset.
264 2100 379 2143 Neque
414 2101 501 2132 enirn
526 2100 704 2135 illiusmodi
739 2099 992 2140 alexipharmaca
1022 2096 1093 2141 pos-

87 2142 165 2175 ›sunt
187 2142 350 2175 erodentes
375 2143 547 2184 particulas
570 2144 716 2184 irretire,
741 2155 793 2177 ant
817 2142 859 2175 sic
881 2142 1010 2175 obruere
1024 2165 1034 2180 ,
1053 2151 1093 2172 ne

91 2196 219 2227 pungen
229 2188 267 2219 io
291 2187 515 2226 inflamment,
538 2189 570 2219 &
595 2189 771 2221 exulcerent
789 2210 798 2224 ‚
823 2195 876 2220 aut
899 2186 1092 2218 exulceratas

36 2240 42 2268 ἑ
90 2237 199 2270 ‚partes
222 2228 321 2261 lenire
336 2253 344 2267 ,
369 2232 400 2263 δε
425 2228 618 2272 abstergere3
641 2230 693 2264 sed
716 2231 781 2264 illis
796 2239 921 2263 motum
936 2251 947 2269 ,
971 2231 1003 2261 δε
1027 2228 1093 2260 vim

34 2275 41 2296 ῖ
98 2270 212 2305 addere
234 2296 245 2312 ,
278 2271 331 2306 his
355 2284 431 2305 vero
453 2274 593 2307 calorem
619 2297 631 2313 ,
665 2276 697 2307 δε
720 2275 940 2308 irritamenta.
966 2273 1093 2305 Contra

97 2324 227 2351 autem,
252 2316 322 2355 lac,
344 2317 477 2359 oleum,
500 2316 654 2351 viscidula
678 2318 761 2358 alia,
785 2327 855 2352 tum
880 2315 983 2349 serum
1005 2339 1018 2355 ‚
1043 2323 1093 2348 at-

90 2370 154 2400 que
177 2357 255 2391 adeo
279 2359 344 2401 ipsa
369 2371 469 2403 aqua,
491 2361 553 2393 alia
576 2361 755 2395 irretiendo
780 2386 789 2398 ,
820 2361 881 2394 alia
904 2357 1058 2392 diluendo
1082 2382 1093 2397 ,

93 2401 267 2442 leniendo,
291 2402 498 2446 abstergendo
520 2414 676 2446 quantum
711 2403 823 2447 poffint
851 2430 860 2443 ‚
893 2401 1093 2448 manifestum

90 2444 164 2486 est,
189 2443 212 2477 fi
233 2456 268 2478 ea
291 2446 422 2488 quidem
446 2448 540 2487 copia
564 2448 678 2483 dentur
700 2460 761 2490 qua
787 2447 979 2480 vomitiones
1003 2444 1093 2486 adju-

95 2498 170 2521 vent
193 2512 207 2528 ,
240 2491 274 2522 &
303 2488 405 2533 siquid
430 2490 497 2530 post
521 2490 578 2524 has
601 2493 715 2536 reliqui
741 2490 780 2524 fit
808 2516 816 2530 ,
841 2490 967 2524 diluant
992 2489 1094 2529 adeo,

90 2541 129 2565 nt
153 2532 285 2566 noxiam
308 2534 373 2575 ejus
398 2535 464 2566 vim
492 2534 628 2568 obruant
651 2560 657 2566 .
692 2536 736 2568 Et
761 2536 894 2569 Veteres
926 2531 1056 2575 quidem
1085 2556 1096 2572 ,

92 2575 217 2608 tametsi
242 2579 392 2611 nonnulla
417 2589 544 2620 quoque
568 2580 673 2613 minus
686 2579 908 2611 convenientia
934 2587 1093 2618 propone-

90 2628 186 2659 rent;
209 2631 243 2652 ea
268 2629 372 2653 tamen
398 2633 468 2663 quae
494 2621 594 2655 modo
617 2622 822 2656 laudabamus
838 2645 848 2661 ‚
871 2620 981 2662 quanti
1007 2617 1092 2652 face-

93 2671 167 2695 rent
182 2687 190 2702 ,
212 2661 288 2697 satis
307 2664 466 2707 'Adoynus
491 2668 502 2702 (
527 2677 545 2707 q
566 2669 581 2704 )
604 2665 738 2699 ostendit
763 2675 788 2697 .·
809 2664 1014 2698 Recentiores
1039 2674 1094 2696 au-

92 2714 178 2742 tem,
201 2706 395 2748 inutilibus,
418 2707 588 2751 noxiisque
613 2709 754 2748 omiffis,
776 2716 888 2740 caetera
908 2731 917 2745 ,
941 2717 1014 2739 cum
1038 2717 1094 2738 oc-

91 2748 174 2781 casio
197 2751 299 2787 tulit,
321 2751 383 2783 suis
407 2751 461 2784 alii
486 2751 640 2793 scriptis,
663 2753 718 2786 alii
744 2751 883 2784 aliorum
907 2751 1004 2782 etiam
1027 2750 1096 2782 col-

91 2792 185 2824 lestis
208 2792 496 2827 Observationibus
519 2796 794 2836 comprobarunt.
823 2795 875 2827 Sic
912 2792 948 2826 de
982 2793 1062 2825 laete
1088 2817 1097 2831 ,

92 2844 206 2878 praeter
229 2835 300 2869 illas
321 2847 396 2878 quas
420 2836 509 2879 supra
544 2838 564 2879 (
586 2850 602 2871 r
624 2843 634 2877 )
667 2838 878 2873 indicavimus
903 2861 913 2877 ,
951 2836 1097 2878 plurimae

92 2886 203 2911 extant
228 2878 297 2912 aliae
317 2902 331 2918 ‚
368 2880 402 2912 in
433 2881 550 2923 quibus
589 2893 622 2914 ea
658 2882 832 2921 praesertim
866 2879 907 2914 est
938 2890 1035 2923 quam
1058 2890 1097 2912 ex

94 2920 299 2955 Hoffmanno
323 2921 513 2965 descripsisse
537 2923 567 2956 se
588 2947 601 2963 ,
634 2926 678 2958 ait
702 2926 862 2958 Henricus
888 2921 1097 2957 Doorschod-

99 2967 163 2998 tius
185 2964 296 3006 (s),
318 2965 423 2999 decem
448 2966 596 2999 videlicet
618 2967 772 3011 juvenum
796 2979 811 2999 a
833 2967 961 3010 jusculo
984 2977 1098 2998 avena-

96 3020 153 3043 ceo
175 3010 229 3042 cui
254 3007 384 3042 arsenici
421 3011 490 3052 plus
522 3009 622 3043 ferme
655 3022 751 3054 quim
783 3011 886 3045 unciae
919 3010 988 3043 duae
1022 3019 1098 3042 cum

98 3051 240 3085 sacchar-i
266 3052 404 3085 totidem
439 3053 608 3087 admistum
643 3053 745 3088 fuerat
771 3077 784 3093 ,
814 3054 900 3089 brevi
934 3052 1014 3086 male
1039 3052 1097 3085 ha-

95 3095 262 3133 bentium,
288 3095 484 3130 servatorum
498 3107 603 3130 tamen
628 3110 680 3139 per
704 3098 753 3130 lac
779 3098 890 3130 tandiu
914 3094 1098 3129 exhibitum

98 3138 198 3172 donec
225 3139 329 3172 omnis
352 3140 499 3173 vomendi
523 3150 656 3174 conatus
679 3139 804 3174 cessaret
834 3153 843 3172 :
876 3149 964 3172 tanta
990 3149 1097 3173 autem

96 3183 191 3223 copia
215 3181 427 3215 exhibendum
451 3182 515 3217 fuit
530 3206 540 3222 ,
564 3192 600 3216 uc
617 3183 750 3226 singulis
774 3184 834 3217 vix
855 3184 956 3216 decem
978 3181 1098 3223 mensu-

91 3236 137 3258 ·rae
159 3224 252 3258 lassis
268 3223 449 3268 suffecerint
470 3252 477 3258 .
511 3226 564 3259 Sic
587 3227 625 3260 de
648 3226 760 3260 oleofis
793 3229 807 3266 ζ
829 3229 861 3259 &
896 3226 1003 3259 oleum
1026 3224 1095 3258 sane

97 3268 337 3310 amygdalinum
360 3269 398 3301 iis
420 3280 548 3309 quoque
571 3293 578 3307 ‚
614 3280 650 3304 ut
672 3271 746 3303 aliis
771 3269 916 3312 pluribus
938 3292 950 3307 ,
984 3268 1095 3302 datum

94 3310 139 3344 est
162 3315 175 3350 )
199 3311 279 3353 quid
308 3312 518 3345 Recentiores
537 3335 546 3349 ,
570 3324 632 3345 non
658 3313 742 3347 secus
768 3324 802 3347 ac
826 3314 957 3346 Veteres
980 3335 991 3351 ‚
1024 3323 1097 3344 cen-

97 3354 219 3386 suerint
244 3378 255 3393 ,
278 3366 293 3386 a
317 3355 401 3387 Viro
423 3355 610 3400 Cl.Joanne
632 3357 761 3390 Gentili
787 3360 801 3396 (
824 3362 838 3387 t
858 3360 872 3395 )
898 3353 1097 3397 propositum

96 3398 180 3437 leges
205 3423 211 3428 .
237 3399 288 3430 De
312 3399 419 3441 aqueis
444 3409 570 3435 autem,
595 3400 628 3431 in
652 3400 768 3442 quibus
806 3398 928 3434 serum,
955 3400 986 3430 &
1020 3409 1098 3440 aqua

97 3439 165 3483 ipsa
188 3439 231 3472 est
255 3463 266 3479 ,
294 3440 375 3482 apud
401 3442 635 3475 Ettmullerum
661 3443 927 3483 Dil'pntationem
967 3441 1099 3482 inspici..

182 3485 347 3526 Morgagni
369 3485 403 3518 de
417 3485 485 3517 Sed.
511 3484 651 3527 &Caufi
663 3485 762 3519 Morb.
790 3487 889 3519 Tom.
906 3486 952 3517 II.

1979 197 2073 259 379

1146 288 1183 311 to
1203 287 1273 320 quae
1296 274 1451 317 inscripta
1475 273 1517 308 est
1540 275 1648 305 ‘Parra
1671 281 1851 313 magnorum
1873 270 2047 306 morborum
2069 274 2140 306 lni-

1146 322 1213 355 τίει.
1237 318 1383 352 Habebis
1405 319 1438 350 in
1461 329 1494 350 ea
1517 318 1584 355 (u)
1605 315 1783 356 exemplum
1806 314 1951 348 hominis
1983 315 2039 356 qui
2061 315 2142 351 hau.·

1145 364 1187 398 sta
1211 373 1267 405 per
1290 372 1424 395 errorem
1448 372 1547 402 aqua,
1573 367 1609 392 ut
1632 368 1746 391 vocant
1770 383 1781 398 ,
1814 357 1919 397 forti,
1943 366 2038 400 epota
2061 369 2140 393 mox

1145 418 1235 450 aquae
1259 417 1371 448 magna
1395 406 1428 437 vi
1453 404 1491 436 ab
1513 403 1604 435 omni
1628 413 1710 435 noxa
1733 403 1885 436 immunis
1909 401 1951 434 est
1974 399 2143 439 redditusz.

1146 449 1200 483 Ad
1224 450 1310 492 quod
1334 447 1411 482 adde
1443 448 1577 480 alterum
1614 455 1652 478 ex
1676 445 1891 487 Sydenhamio
1922 446 1981 488 (x
2003 447 2015 483 )
2037 468 2050 484 ,
2080 446 2141 487 qui

1145 492 1206 526 hoc
1230 504 1295 526 uno
1319 491 1460 525 remedio
1482 488 1614 531 copiose
1637 493 1666 521 δι,
1693 488 1771 522 dato
1794 513 1806 528 ,
1829 492 1863 522 &
1885 498 1940 532 per
1964 487 2067 521 sedem
2090 493 2141 521 in-

1141 535 1250 579 je&o,
1273 548 1344 570 eum
1376 535 1512 568 servavit
1536 534 1590 574 qni
1613 531 1695 565 haud
1718 533 1868 566 modicam
1902 531 2052 566 mercurii
2081 531 2141 574 su-

1144 579 1272 612 blimati
1293 577 1436 619 corrofim'
1457 576 1668 618 quantitatem
1692 576 1907 618 deglutiverat
1930 599 1937 606 .
1972 576 2015 608 Et
2041 577 2142 610 Boet-

1142 622 1270 655 haavius
1293 621 1383 663 (y)
1409 620 1464 654 ubi
1489 631 1523 651 ea
1545 620 1697 660 proponit
1721 631 1790 661 quae
1815 617 1995 651 adhibenda
2031 618 2103 654 sunt
2127 643 2141 661 ‚

1143 676 1214 698 cum
1249 666 1368 707 sumpti
1403 665 1510 696 veneni
1559 662 1676 704 species
1708 664 1908 703 ignoratur,
1942 673 2006 695 non
2041 661 2141 696 modo

1143 721 1210 741 eam
1235 707 1441 750 Sydenhamii
1463 708 1683 740 curationem,
1709 704 1757 737 sed
1789 706 1822 738 &
1858 705 2005 747 pleraque
2028 717 2139 740 eorum

1143 752 1251 785 laudat
1275 764 1345 794 quae
1369 751 1466 794 paulo
1491 758 1561 781 ante
1583 747 1767 781 dicebamus
1794 772 1802 787 ,
1834 750 1867 781 δε
1890 751 1925 782 in
1949 750 2043 789 aegris
2067 750 2137 783 illis

1143 795 1346 828 adhibuimus
1369 819 1380 835 ‚
1411 805 1448 826 ne
1472 793 1585 826 balneo
1607 791 1737 833 quidem
1766 814 1776 829 ,
1811 793 1844 823 &
1866 793 1945 833 opio
1967 792 2102 834 denique
2125 802 2142 830 ι’

1143 838 1354 881 praetermiffis
1372 862 1385 878 ,
1414 836 1502 879 quod
1525 839 1622 869 etiam
1644 834 1782 868 ostendit
1805 845 1961 877 quatenus
1974 836 2054 868 utile
2078 834 2137 870 esse

1142 883 1252 924 posfit.
1278 884 1403 915 Caetera
1427 882 1459 912 in
1484 891 1523 912 eo
1545 889 1641 922 quem
1667 877 1767 911 modo
1791 877 2005 912 indicavimus
2027 902 2039 919 ‚
2062 879 2139 913 loco

1140 926 1223 967 apud
1247 925 1480 960 Ettm'ullerum
1506 933 1570 955 non
1592 922 1790 955 omittuntur
1814 933 1823 954 t
1858 934 1927 965 quae
1951 931 1987 955 ut
2009 921 2142 965 profue-

1141 970 1205 1001 rint
1228 980 1302 1002 cum
1325 978 1479 1002 venenum
1504 968 1609 999 minus
1635 964 1707 997 esset
1730 974 1867 1003 notum,
1892 967 2006 1000 Scretae
2030 966 2064 999 in
2089 968 2144 1000 Se-

1140 1012 1311 1053 pulchreto
1332 1015 1347 1051 <
1368 1023 1392 1056 z
1412 1014 1426 1051 )
1450 1009 1645 1043 Observatio
1669 1008 1841 1042 monstrat.
1868 1011 2052 1043 Cumvero
2075 1009 2142 1053 ejus

1141 1055 1256 1098 species
1280 1056 1412 1097 cognita
1435 1053 1497 1091 est,
1521 1062 1642 1096 quanto
1665 1052 1796 1094 praestet,
1812 1052 1959 1086 remediis
1984 1054 2053 1093 uti,
2078 1053 2140 1095 ipsi

1139 1100 1341 1140 peculiariter
1364 1096 1600 1131 adversantibus
1621 1119 1632 1134 ,
1667 1095 1736 1130 duae
1762 1097 1904 1138 primum
1940 1095 2024 1130 haud
2051 1095 2139 1130 diffi-

1141 1143 1261 1178 miles.‚
1292 1144 1381 1174 exitu
1405 1150 1512 1174 autem
1536 1139 1747 1172 dissimillimo
1769 1138 1929 1173 docebunt
1954 1140 2097 1173 historiae
2121 1163 2134 1180 ‚

1143 1186 1238 1219 altera
1259 1185 1378 1218 ibidem
1401 1188 1415 1223 (
1436 1196 1454 1217 a
1475 1188 1512 1223 )‚
1536 1185 1630 1216 altera
1654 1180 1739 1225 apud
1764 1184 1835 1216 Cel„
1861 1183 2032 1217 Meadium
2056 1182 2137 1223 (b),

1142 1227 1163 1261 fi
1187 1230 1270 1262 inter
1294 1228 1322 1262 se
1342 1227 1485 1261 conferre
1510 1227 1664 1261 volueris.
1795 1227 1960 1260 Caeterum
1985 1226 2024 1259 ab
2055 1238 2144 1264 uno,

1136 1273 1318 1316 'eodemque
1342 1283 1463 1304 veneno
1485 1282 1581 1314 quam
1604 1271 1688 1302 varia
1715 1269 1749 1300 in
1773 1269 1875 1302 tribus
1899 1269 1965 1302 illis
1997 1281 2078 1313 quos
2102 1269 2144 1303 fi-

1144 1317 1209 1350 mul
1233 1316 1341 1350 curavi
1365 1318 1378 1355 C
1399 1328 1415 1349 c
1430 1315 1450 1357 )
1465 1337 1477 1354 ‚
1499 1312 1560 1347 fint
1584 1324 1653 1346 orta
1678 1313 1894 1356 symptomata
1914 1335 1925 1350 ,
1949 1312 2006 1345 nifi
2030 1321 2141 1356 perjte

1145 1359 1393 1394 animadvertere
1417 1357 1585 1401 potuisses,
1610 1356 1664 1390 hic
1689 1357 1907 1401 admonerem.
1934 1356 1991 1389 Sed
2005 1356 2079 1389 satis
2101 1357 2141 1390 de

1145 1403 1372 1442 raineralz'bus,
1393 1414 1466 1436 cum
1489 1401 1588 1434 etiam
1610 1413 1680 1443 quae
1705 1412 1720 1433 a
1747 1399 1875 1441 sumpto
1909 1398 2061 1442 sulphure
2084 1399 2141 1433 de-

1144 1448 1294 1480 trimenta
1318 1446 1477 1483 viderim.
1504 1446 1579 1478 alias
1601 1448 1617 1484 <
1637 1446 1657 1477 d
1682 1447 1695 1483 )
1718 1445 1875 1486 acceperis
1895 1468 1902 1475 .
2038 1443 2141 1477 Nunc

1142 1491 1287 1531 quaedam
1311 1488 1348 1521 de
1374 1489 1602 1526 vegetabilibus
1625 1489 1752 1521 venenis
1776 1495 1976 1522 attexamus-

1190 1545 1236 1567 12.
1266 1533 1584 1566 PAUPERCULA
1609 1541 1680 1564 nata
1704 1541 1801 1563 annos
1837 1532 1968 1564 circiter
2003 1532 2146 1573 sexagin-

1143 1586 1200 1617 ta,
1222 1588 1294 1621 quae
1319 1575 1370 1614 se3
1394 1586 1588 1618 quaecunque
1603 1573 1667 1617 ejus
1692 1575 1734 1606 rei
1758 1574 1846 1610 causa
1870 1573 1965 1613 esset5
1990 1576 2066 1609 alias
2089 1586 2147 1608 vo-

1143 1621 1244 1654 luerat
1268 1621 1302 1652 in
1327 1619 1443 1653 flumen
1467 1618 1603 1662 dejicere
1622 1641 1635 1657 ,
1666 1616 1831 1650 noviffime
1852 1628 1926 1650 cum
1964 1630 2002 1653 ex
2026 1616 2143 1652 rhodo,

1141 1663 1266 1706 daphne
1288 1687 1300 1703 ,
1333 1674 1429 1706 quem
1453 1661 1605 1696 fruticem
1643 1660 1793 1694 nostrates
1819 1669 1935 1693 vocant
1965 1661 2108 1695 oleandro
2135 1687 2145 1701 ,

1144 1718 1292 1749 magnam
1317 1706 1473 1740 foliorum
1497 1706 1564 1738 vim
1586 1702 1783 1746 decerpsisset
1798 1729 1807 1744 ‚
1833 1715 1872 1737 ex
1896 1703 1999 1745 iisque
2031 1713 2149 1738 contu.

1142 1749 1179 1784 fis
1202 1748 1375 1792 expressum
1398 1749 1525 1784 succum
1541 1775 1550 1789 ,
1574 1748 1710 1782 admisto
1734 1748 1810 1780 vino
1833 1771 1845 1787 ‚
1870 1745 2020 1786 bibisset3
2043 1747 2147 1781 tribus

1142 1794 1208 1829 fere
1233 1793 1302 1835 post
1327 1793 1415 1826 horis
1445 1804 1462 1826 a
1497 1792 1685 1826 mulieribus
1709 1802 1778 1834 qnae
1815 1790 1847 1822 in
1873 1792 2031 1833 proximis
2055 1801 2143 1824 erant

1148 1835 1334 1870 Zotheculis
1356 1858 1367 1875 ‚
1401 1836 1508 1870 audita
1532 1836 1574 1870 est
1597 1846 1725 1869 vomere
1760 1833 1961 1869 vehementer
1979 1862 1987 1869 .
2022 1836 2161 1873 Accur-a

1147 1889 1245 1914 runt.-
1268 1879 1347 1923 quid
1371 1878 1508 1921 feeerit,
1529 1879 1738 1922 intelligunt:
1764 1877 1930 1917 &fitienti
1955 1890 2043 1923 aquae
2067 1890 2148 1924 cya-

1146 1923 1241 1957 thum
1265 1923 1407 1966 praebent
1428 1946 1440 1963 ,
1472 1923 1542 1966 post
1563 1924 1725 1957 vomitum
1748 1932 1823 1956 ratae
1860 1923 1943 1957 nihil
1969 1925 2045 1958 mali
2069 1923 2145 1958 reli-

1144 1968 1232 2001 &um
1256 1968 1331 2000 iri.
1365 1967 1487 2001 Verum
1519 1978 1594 2000 cum
1629 1978 1707 2001 mox
1742 1966 1865 2009 pesfime
1897 1966 2011 2002 habere
2042 1979 2147 2002 cerne-

1145 2020 1239 2049 rent3
1263 2009 1445 2044 Sacerdotes
1470 2012 1610 2053 primum
1634 2034 1644 2050 ,
1679 2021 1748 2044 tum
1771 2008 1885 2045 deinde
1909 2014 1941 2045 &
1964 2011 2108 2046 nostrum
2132 2036 2145 2053 ‚

1144 2055 1200 2097 qui
1234 2053 1320 2086 forte
1352 2052 1437 2087 haud
1471 2055 1584 2096 procul
1621 2064 1686 2087 erat
1707 2078 1719 2095 ,
1757 2054 1952 2089 Mediaviam
1987 2055 2146 2091 accersunt

1143 2098 1275 2140 quineta
1299 2098 1426 2130 circiter
1449 2109 1487 2130 ex
1511 2107 1578 2141 quo
1600 2099 1715 2132 mulier
1730 2098 1858 2132 succum
1882 2099 1978 2133 illurn
2000 2099 2144 2140 biberat,

1145 2140 1224 2174 hora
1248 2165 1256 2174 .
1290 2143 1329 2174 In
1360 2140 1568 2183 respiratione
1603 2140 1686 2175 nihil
1711 2142 1937 2176 animadvertit
1969 2144 2056 2186 quod
2081 2157 2148 2178 ma-

1144 2195 1283 2226 gnopere
1307 2183 1379 2217 esset
1405 2183 1561 2218 adnotatu
1584 2185 1719 2228 dignum
1745 2207 1754 2223 ,
1790 2197 1887 2229 neque
1920 2189 1954 2220 in
1978 2187 2060 2221 facie
2080 2210 2090 2226 ‚
2121 2187 2146 2222 fi

1146 2228 1232 2261 fusca
1255 2227 1340 2260 labra
1372 2251 1384 2268 ‚
1428 2230 1460 2261 &
1497 2227 1630 2263 inferius
1655 2228 1846 2271 praesertim,
1871 2232 2012 2273 excipias
2038 2243 2049 2269 3
2073 2243 2147 2266 nam

1144 2281 1256 2304 caetera
1280 2280 1334 2304 aut
1360 2271 1496 2305 naturali
1520 2282 1608 2306 erant
1630 2273 1741 2305 colore
1764 2297 1774 2312 ,
1809 2282 1863 2307 aut
1900 2276 1956 2307 vix
1989 2274 2027 2309 ad
2050 2276 2156 2317 palli-‘

1144 2315 1221 2348 dum
1250 2313 1401 2348 nonnihil
1426 2315 1596 2356 vergebant
1612 2330 1622 2348 .·
1645 2327 1701 2349 nec
1724 2315 1883 2360 frigidum
1908 2329 2022 2361 corpus
2046 2328 2110 2352 erat
2133 2343 2146 2359 ,

1145 2358 1195 2391 sed
1219 2358 1387 2392 dumtaxat
1411 2358 1508 2397 paulo
1532 2360 1637 2393 minus
1660 2371 1755 2402 quam
1779 2362 1945 2402 tepidum.
1972 2363 2059 2396 Cum
2082 2362 2146 2396 soe-

1147 2403 1241 2435 minae
1265 2413 1334 2443 quae
1360 2401 1539 2440 adstabant,
1564 2403 1727 2440 dicerent,
1753 2402 1820 2446 jam
1843 2405 1964 2438 nullam
1996 2404 2146 2447 superesse

1147 2445 1298 2488 loquendi
1324 2444 1530 2492 facultatem3
1554 2446 1741 2480 inclamavit
1765 2449 1798 2480 in
1822 2459 1927 2481 aurem
1949 2457 2147 2492 aegrae‚quae

1147 2488 1260 2531 sopitae
1288 2488 1385 2521 instar
1407 2489 1556 2532 jacebat,
1580 2490 1748 2524 brachium
1770 2491 2046 2533 porrigeret.llla
2069 2504 2148 2526 vero

1148 2531 1243 2564 facile
1268 2532 1304 2565 ad
1330 2531 1498 2566 sedendum
1525 2532 1552 2566 se
1577 2535 1702 2573 erexit,
1726 2536 1759 2567 &
1780 2545 1852 2568 cum
1878 2535 2026 2569 mulieres
2060 2536 2147 2569 inte-

1148 2586 1197 2608 rea
1221 2573 1387 2609 brachium
1404 2576 1535 2610 alterum
1551 2575 1798 2619 protraxissent,
1822 2577 1888 2620 ipsa
1913 2590 1990 2612 mox
2010 2580 2147 2614 alterum

1146 2618 1306 2660 praebuit.
1332 2619 1442 2653 Pulsus
1467 2630 1556 2653 erant
1583 2622 1697 2663 parvi,
1719 2621 1837 2654 debiles
1862 2643 1871 2658 ,
1894 2621 2025 2656 subduri
2049 2648 2058 2657 .
2092 2624 2148 2656 In-

1150 2664 1325 2705 terroganti
1351 2663 1532 2704 respondere
1557 2674 1690 2703 conata,
1714 2664 1916 2698 inconditam
1939 2665 2069 2709 quidem
2091 2678 2149 2699 vo-

1148 2716 1239 2743 cem3
1265 2705 1315 2739 sed
1340 2706 1464 2739 nullum
1500 2706 1686 2741 distimfftum
1717 2707 1820 2741 edidit
1843 2708 1973 2742 verbum
1997 2734 2006 2750 ,
2039 2709 2149 2752 digito

1150 2748 1318 2783 humorem
1340 2760 1434 2791 quem
1458 2761 1622 2783 vomuerat
1645 2774 1654 2789 ,
1690 2761 1745 2784 nec
1769 2753 1816 2783 ita
1851 2762 1986 2792 paucum
2007 2775 2018 2791 9
2052 2752 2148 2787 humi

1149 2792 1294 2826 indicans
1319 2817 1326 2823 .
1362 2794 1406 2826 Et
1440 2793 1627 2836 praescripfit
1663 2794 1720 2827 ille
1742 2793 1874 2838 quidem
1897 2806 1967 2837 quae
1990 2798 2147 2830 continuo

1149 2835 1289 2877 potanda
1313 2835 1442 2869 darent.
1469 2835 1530 2869 Sed
1555 2836 1670 2870 frustra
1695 2860 1702 2867 .
1739 2838 1800 2871 Illa
1825 2838 1911 2870 enim
1933 2863 1944 2879 ‚
1978 2840 2022 2871 nil
2047 2838 2147 2873 ferme

1149 2880 1331 2920 accipiens,
1353 2887 1465 2921 quarta
1488 2879 1601 2912 exinde
1624 2879 1702 2913 hora
1716 2890 1842 2914 mortua
1866 2880 1986 2920 estant
2009 2884 2048 2916 ab
2070 2894 2147 2926 epo-

1148 2931 1185 2956 to
1207 2922 1299 2956 succo
1323 2921 1419 2954 horas
1445 2923 1564 2955 vixerit
1588 2922 1673 2957 haud
1696 2925 1832 2966 amplios
1870 2935 1984 2958 novem
2004 2951 2011 2957 .

1148 2966 1380 3000 CADAVER
1403 2964 1575 3007 postridie,
1598 2969 1653 3007 qni
1678 2967 1745 3000 dies
1769 2967 1832 3000 fuit
1855 2968 1949 3008 XIV.
1976 2970 2050 3003 Kal.
2078 2972 2146 3005 De-

1148 3009 1288 3055 cembres
1310 3009 1350 3041 A.
1379 3017 1473 3052 1745.
1498 3020 1570 3043 cum
1589 3009 1718 3055 Judicis
1744 3022 1846 3044 rernm
1870 3013 2055 3056 capitalium
2078 3013 2145 3056 jus-

1148 3052 1184 3087 su
1205 3051 1369 3085 secandum
1392 3051 1465 3086 esset
1487 3077 1496 3091 ,
1529 3055 1620 3096 eique
1643 3053 1777 3087 sectioni
1801 3055 1885 3087 idem
1911 3054 2047 3097 praeesset
2072 3058 2145 3091 Me-

1149 3096 1254 3129 diavia
1279 3118 1290 3134 ‚
1321 3106 1337 3128 a
1361 3107 1427 3138 quo
1451 3096 1533 3129 mihi
1557 3096 1625 3129 haec
1649 3099 1757 3131 omnia
1782 3098 1961 3141 insequenti
1996 3099 2047 3133 die
2071 3098 2143 3141 sunt

1148 3139 1322 3181 diligenter
1345 3149 1472 3172 narrata
1498 3152 1507 3178 3
1543 3142 1683 3181 primum
1717 3144 1863 3175 omnium
1890 3142 2144 3177 animadversum

1149 3183 1192 3216 est
1212 3206 1220 3219 ,
1244 3180 1398 3224 nusquam
1422 3183 1455 3215 in
1479 3183 1592 3225 supino
1614 3194 1747 3226 corpore
1771 3186 1903 3218 livorem
1928 3185 2029 3218 ullum
2051 3210 2064 3226 ,
2089 3195 2144 3220 aut

1149 3226 1252 3260 ullum
1277 3233 1435 3258 tumorem
1460 3249 1468 3264 ‚
1493 3238 1530 3259 ne
1554 3228 1672 3260 ventris
1695 3229 1826 3270 quidem
1849 3250 1858 3264 ,
1895 3238 2041 3270 apparere
2062 3241 2076 3269 ‚·
2108 3231 2144 3263 in

1149 3279 1250 3310 prono
1275 3277 1378 3301 autem
1401 3270 1509 3302 omnia
1534 3281 1550 3301 a
1573 3272 1676 3312 capite
1699 3271 1736 3304 ad
1760 3271 1858 3304 calces
1880 3271 1986 3303 colore
1999 3271 2055 3306 effe
2077 3273 2147 3305 vio-

1149 3313 1235 3345 laceo
1259 3337 1265 3343 .
1400 3312 1582 3347 Abdomine
1605 3325 1700 3353 mox,
1724 3317 1756 3347 &
1779 3314 1910 3347 Peffore
1934 3317 2069 3356 apertis,
2092 3317 2142 3349 in-

1150 3366 1201 3389 tus
1222 3355 1311 3388 calor
1334 3355 1501 3388 etiamtum
1525 3357 1640 3399 aliquis
1663 3366 1827 3400 perceptus
1849 3356 1913 3396 est3
1938 3359 2061 3393 tametsi
2082 3358 2145 3392 ho-

1148 3411 1181 3432 ra
1204 3398 1278 3431 esset
1303 3398 1341 3430 ab
1364 3398 1458 3432 obitu
1481 3398 1602 3432 decima
1627 3399 1758 3442 septima
1782 3424 1790 3432 .
1816 3402 1906 3432 Intra
1928 3401 2009 3435 illud
2035 3404 2143 3436 omnia

1153 3440 1323 3475 secundum
1347 3452 1493 3475 naturam
1516 3443 1544 3476 se
1557 3442 1782 3519 habenssigss&
1807 3442 1906 3485 posita
1916 3455 2144 3486 occurrerunt;

1785 3498 1802 3519 2
2065 3498 2103 3522 ut

244 3765 293 3789 Vid.
315 3764 390 3788 instit.
410 3764 431 3794 δ.
451 3773 520 3791 1120-
536 3768 559 3790 Sc
576 3764 683 3790 Praelest.
701 3764 730 3788 ad
747 3766 815 3791 eund.
833 3767 859 3796 §.
919 3766 933 3795 (
950 3734 997 3821 ἑξ
1012 3737 1074 3791 {Iist-

239 3796 321 3820 Trast.
340 3796 368 3820 de
385 3796 477 3822 Venen.
494 3798 613 3822 Tentarn.
629 3805 651 3826 4.
669 3797 695 3821 in
712 3795 753 3821 fin.
817 3798 831 3826 (
847 3805 858 3822 c
872 3796 886 3826 )
902 3804 925 3821 n.
941 3805 964 3825 Ζ.
997 3811 1004 3820 .

1095 3774 1132 3790 10.
1149 3766 1172 3789 in
1190 3767 1232 3790 cit.
1251 3767 1308 3790 Obs.
1329 3772 1365 3795 13.

1068 3797 1077 3826 (
1094 3797 1109 3820 d
1126 3797 1139 3825 )
1156 3797 1229 3826 Epist.
1249 3805 1283 3827 55.
1300 3804 1325 3822 n.
1343 3804 1368 3825 9,
1385 3795 1408 3821 8:
1424 3795 1487 3831 fetu.

1427 3764 1468 3789 (a
1484 3765 1498 3795 )
1513 3767 1572 3793 Hist.
1590 3774 1630 3797 ις.

184 3674 200 3699 k
217 3674 229 3699 Ἰ
246 3673 369 3707 Historiar.
386 3673 405 3697 l.
421 3679 458 3697 ἰς4
522 3675 562 3704 (J
577 3675 591 3704 )
607 3672 673 3703 supra
685 3690 693 3703 ‚
711 3682 734 3698 n.
750 3683 775 3702 7.
792 3677 815 3700 8.
876 3676 890 3704 (
907 3683 930 3698 m
950 3674 957 3704 )
974 3682 1000 3699 n.
1018 3683 1042 3704 7.
1103 3676 1117 3705 (
1132 3684 1148 3699 n
1167 3675 1173 3705 )
1190 3675 1249 3700 Sest.
1268 3673 1311 3699 hac
1327 3675 1352 3699 in
1370 3674 1452 3699 Addit.
1471 3674 1529 3699 Obs.
1549 3682 1584 3705 ¹3.
1602 3675 1663 3702 Hist.
1681 3684 1719 3704 7,,
1767 3678 1780 3706 (
1795 3686 1808 3702 o
1824 3678 1838 3706 )
1854 3677 1916 3703 lbid.
1937 3677 1999 3702 Hist.
2014 3683 2053 3701 12.

181 3712 198 3734 p
214 3705 227 3732 )
248 3705 307 3728 ibid,
325 3704 382 3727 Hust.
405 3712 426 3727 2.
444 3704 468 3728 Sc
484 3704 531 3734 seq.
594 3704 603 3733 (
622 3714 638 3734 q
655 3705 668 3733 )
687 3707 723 3728 De
741 3706 867 3740 Veneri-¹1.
885 3714 906 3729 2.
923 3713 943 3729 c.
964 3712 982 3729 ι.
1003 3714 1023 3730 2.
1040 3713 1062 3734 3.
1081 3715 1102 3735 5.
1121 3706 1161 3730 ubi
1178 3706 1208 3729 de
1225 3708 1320 3740 Curat-t
1374 3704 1382 3732 s
1400 3713 1412 3728 r
1431 3704 1439 3733 )
1457 3713 1480 3729 n.
1498 3715 1519 3734 5.
1582 3706 1652 3735 (s)
1668 3706 1764 3743 Dissert.
1781 3707 1810 3735 de
1825 3708 1899 3736 Lasse
1914 3707 1940 3735 in
1956 3708 2075 3738 Corollar-

179 3735 360 3795 ;))Annotaz.
379 3734 428 3758 alla
447 3743 500 3763 pag.
519 3738 558 3763 64.
578 3744 599 3758 υ.
616 3744 639 3764 ς.
656 3735 719 3759 della
735 3737 798 3760 Lett.
815 3735 888 3761 Filos.
1043 3736 1067 3765 §.
1082 3745 1120 3764 47.
1181 3737 1194 3765 (
1211 3745 1225 3760 x
1247 3737 1261 3764 )
1276 3735 1349 3764 Epist.
1369 3734 1481 3764 Respons.
1500 3737 1521 3761 1.
1540 3736 1597 3761 vers.
1614 3736 1658 3762 fin.
1680 3742 1682 3744 ’

180 3795 194 3821 b
209 3797 221 3824 )
