<?xml version="1.0" encoding="UTF-8"?>
<!DOCTYPE html PUBLIC "-//W3C//DTD XHTML 1.0 Transitional//EN"
    "http://www.w3.org/TR/xhtml1/DTD/xhtml1-transitional.dtd">
<html xmlns="http://www.w3.org/1999/xhtml" xml:lang="en" lang="en">
 <head>
  <title>
</title>
<meta http-equiv="Content-Type" content="text/html;charset=utf-8" />
  <meta name='ocr-system' content='tesseract 3.04.00' />
  <meta name='ocr-capabilities' content='ocr_page ocr_carea ocr_par ocr_line ocrx_word'/>
</head>
<body>
  <div class='ocr_page' id='page_1' title='image "./desedibusetcausi00morg_0663.png"; bbox 0 0 2498 4075; ppageno 0'>
   <div class='ocr_carea' id='block_1_1' title="bbox 500 192 1607 257">
    <p class='ocr_par' dir='ltr' id='par_1_1' title="bbox 500 192 1607 257">
     <span class='ocr_line' id='line_1_1' title="bbox 500 192 1607 257; baseline -0.001 -12"><span class='ocrx_word' id='word_1_1' title='bbox 500 192 654 257; x_wconf 86' lang='lat' dir='ltr'>Epist.</span> <span class='ocrx_word' id='word_1_2' title='bbox 691 194 851 246; x_wconf 71' lang='lat' dir='ltr'>Anat.</span> <span class='ocrx_word' id='word_1_3' title='bbox 885 192 1337 249; x_wconf 69' lang='lat' dir='ltr'>Medicaxux.</span> <span class='ocrx_word' id='word_1_4' title='bbox 1372 196 1501 250; x_wconf 83' lang='lat' dir='ltr'>Art.</span> <span class='ocrx_word' id='word_1_5' title='bbox 1530 194 1607 249; x_wconf 85' lang='lat'>28.</span> 
     </span>
    </p>
   </div>
   <div class='ocr_carea' id='block_1_2' title="bbox 52 267 1057 533">
    <p class='ocr_par' dir='ltr' id='par_1_2' title="bbox 52 267 1057 533">
     <span class='ocr_line' id='line_1_2' title="bbox 56 267 1057 316; baseline 0.008 -17"><span class='ocrx_word' id='word_1_6' title='bbox 56 267 201 309; x_wconf 83' lang='lat' dir='ltr'>gruerit,</span> <span class='ocrx_word' id='word_1_7' title='bbox 222 268 306 302; x_wconf 85' lang='lat' dir='ltr'>intra</span> <span class='ocrx_word' id='word_1_8' title='bbox 332 268 521 305; x_wconf 82' lang='lat' dir='ltr'>semihoram</span> <span class='ocrx_word' id='word_1_9' title='bbox 544 269 717 313; x_wconf 80' lang='lat' dir='ltr'>quinquies</span> <span class='ocrx_word' id='word_1_10' title='bbox 739 282 915 305; x_wconf 85' lang='lat' dir='ltr'>recurreret</span> <span class='ocrx_word' id='word_1_11' title='bbox 929 295 940 312; x_wconf 91' lang='lat'><em>‚</em></span> <span class='ocrx_word' id='word_1_12' title='bbox 964 283 1057 316; x_wconf 89' lang='lat' dir='ltr'>atque</span> 
     </span>
     <span class='ocr_line' id='line_1_3' title="bbox 55 312 1056 355; baseline 0.007 -12"><span class='ocrx_word' id='word_1_13' title='bbox 55 313 100 343; x_wconf 82' lang='lat' dir='ltr'>ita</span> <span class='ocrx_word' id='word_1_14' title='bbox 125 312 319 346; x_wconf 80' lang='lat' dir='ltr'>evanesceret</span> <span class='ocrx_word' id='word_1_15' title='bbox 343 334 352 349; x_wconf 92' lang='lat'><em>‚</em></span> <span class='ocrx_word' id='word_1_16' title='bbox 376 322 411 345; x_wconf 92' lang='lat' dir='ltr'>ut</span> <span class='ocrx_word' id='word_1_17' title='bbox 435 313 530 355; x_wconf 87' lang='lat' dir='ltr'>paulo</span> <span class='ocrx_word' id='word_1_18' title='bbox 555 312 624 354; x_wconf 88' lang='lat' dir='ltr'>post</span> <span class='ocrx_word' id='word_1_19' title='bbox 645 314 704 347; x_wconf 87' lang='lat' dir='ltr'>illo</span> <span class='ocrx_word' id='word_1_20' title='bbox 728 316 839 348; x_wconf 89' lang='lat' dir='ltr'>eodem</span> <span class='ocrx_word' id='word_1_21' title='bbox 862 314 916 348; x_wconf 84' lang='lat' dir='ltr'>die</span> <span class='ocrx_word' id='word_1_22' title='bbox 941 316 1056 350; x_wconf 84' lang='lat' dir='ltr'>mulier</span> 
     </span>
     <span class='ocr_line' id='line_1_4' title="bbox 53 354 1055 401; baseline 0.009 -16"><span class='ocrx_word' id='word_1_23' title='bbox 53 355 140 387; x_wconf 91' lang='lat' dir='ltr'>exire</span> <span class='ocrx_word' id='word_1_24' title='bbox 163 354 262 388; x_wconf 89' lang='lat' dir='ltr'>domo</span> <span class='ocrx_word' id='word_1_25' title='bbox 285 357 430 401; x_wconf 83' lang='lat' dir='ltr'>potuerit</span> <span class='ocrx_word' id='word_1_26' title='bbox 447 357 503 388; x_wconf 78' lang='lat' dir='ltr'>vix</span> <span class='ocrx_word' id='word_1_27' title='bbox 525 357 635 397; x_wconf 87' lang='lat' dir='ltr'>aliquo</span> <span class='ocrx_word' id='word_1_28' title='bbox 658 359 974 400; x_wconf 82' lang='lat' dir='ltr'>cumincommodo,</span> <span class='ocrx_word' id='word_1_29' title='bbox 997 361 1055 394; x_wconf 74' lang='lat' dir='ltr'>nisi</span> 
     </span>
     <span class='ocr_line' id='line_1_5' title="bbox 52 397 1055 441; baseline 0.008 -12"><span class='ocrx_word' id='word_1_30' title='bbox 52 407 212 431; x_wconf 88' lang='lat' dir='ltr'>revertens</span> <span class='ocrx_word' id='word_1_31' title='bbox 235 397 392 433; x_wconf 72' lang='lat' dir='ltr'>cecidisset</span> <span class='ocrx_word' id='word_1_32' title='bbox 417 409 565 441; x_wconf 87' lang='lat' dir='ltr'>repente,</span> <span class='ocrx_word' id='word_1_33' title='bbox 588 402 618 433; x_wconf 87' lang='lat'>&amp;</span> <span class='ocrx_word' id='word_1_34' title='bbox 642 399 704 434; x_wconf 85' lang='lat' dir='ltr'>fine</span> <span class='ocrx_word' id='word_1_35' title='bbox 718 402 780 434; x_wconf 87' lang='lat' dir='ltr'>ulla</span> <span class='ocrx_word' id='word_1_36' title='bbox 804 404 964 436; x_wconf 78' lang='lat' dir='ltr'>exteriore</span> <span class='ocrx_word' id='word_1_37' title='bbox 981 414 1055 438; x_wconf 62' lang='lat' dir='ltr'>cau»</span> 
     </span>
     <span class='ocr_line' id='line_1_6' title="bbox 55 438 1054 487; baseline 0.008 -15"><span class='ocrx_word' id='word_1_38' title='bbox 55 438 108 477; x_wconf 87' lang='lat' dir='ltr'>sa,</span> <span class='ocrx_word' id='word_1_39' title='bbox 130 442 162 474; x_wconf 92' lang='lat' dir='ltr'>in</span> <span class='ocrx_word' id='word_1_40' title='bbox 190 441 271 475; x_wconf 85' lang='lat' dir='ltr'>latus</span> <span class='ocrx_word' id='word_1_41' title='bbox 295 442 459 476; x_wconf 73' lang='lat' dir='ltr'>dexterum</span> <span class='ocrx_word' id='word_1_42' title='bbox 482 467 491 482; x_wconf 92' lang='lat'>,</span> <span class='ocrx_word' id='word_1_43' title='bbox 527 453 582 476; x_wconf 87' lang='lat' dir='ltr'>nec</span> <span class='ocrx_word' id='word_1_44' title='bbox 607 444 662 475; x_wconf 84' lang='lat' dir='ltr'>nili</span> <span class='ocrx_word' id='word_1_45' title='bbox 688 445 826 477; x_wconf 88' lang='lat' dir='ltr'>aliorum</span> <span class='ocrx_word' id='word_1_46' title='bbox 851 446 962 487; x_wconf 82' lang='lat' dir='ltr'>adJ&#39;uta</span> <span class='ocrx_word' id='word_1_47' title='bbox 987 458 1054 480; x_wconf 88' lang='lat' dir='ltr'>ma-</span> 
     </span>
     <span class='ocr_line' id='line_1_7' title="bbox 55 484 1053 533; baseline 0.008 -17"><span class='ocrx_word' id='word_1_48' title='bbox 55 485 149 518; x_wconf 89' lang='lat' dir='ltr'>nibus</span> <span class='ocrx_word' id='word_1_49' title='bbox 174 484 375 519; x_wconf 78' lang='lat' dir='ltr'>surrexisset.</span> <span class='ocrx_word' id='word_1_50' title='bbox 403 487 548 520; x_wconf 89' lang='lat' dir='ltr'>Domum</span> <span class='ocrx_word' id='word_1_51' title='bbox 572 495 681 521; x_wconf 85' lang='lat' dir='ltr'>tamen</span> <span class='ocrx_word' id='word_1_52' title='bbox 706 489 826 522; x_wconf 86' lang='lat' dir='ltr'>reversa</span> <span class='ocrx_word' id='word_1_53' title='bbox 851 488 917 523; x_wconf 89' lang='lat' dir='ltr'>est:</span> <span class='ocrx_word' id='word_1_54' title='bbox 942 490 1053 533; x_wconf 82' lang='lat' dir='ltr'>ibique</span> 
     </span>
    </p>
   </div>
   <div class='ocr_carea' id='block_1_3' title="bbox 53 526 1070 574">
    <p class='ocr_par' dir='ltr' id='par_1_3' title="bbox 53 526 1070 574">
     <span class='ocr_line' id='line_1_8' title="bbox 53 526 1070 574; baseline 0.007 -15"><span class='ocrx_word' id='word_1_55' title='bbox 53 526 134 560; x_wconf 85' lang='lat' dir='ltr'>levis</span> <span class='ocrx_word' id='word_1_56' title='bbox 160 530 298 569; x_wconf 87' lang='lat' dir='ltr'>primum</span> <span class='ocrx_word' id='word_1_57' title='bbox 323 531 349 562; x_wconf 92' lang='lat' dir='ltr'>is</span> <span class='ocrx_word' id='word_1_58' title='bbox 372 528 465 562; x_wconf 92' lang='lat' dir='ltr'>dolor</span> <span class='ocrx_word' id='word_1_59' title='bbox 486 553 495 567; x_wconf 96' lang='lat'>,</span> <span class='ocrx_word' id='word_1_60' title='bbox 531 529 681 572; x_wconf 88' lang='lat' dir='ltr'>postridie</span> <span class='ocrx_word' id='word_1_61' title='bbox 705 542 811 566; x_wconf 84' lang='lat' dir='ltr'>autem</span> <span class='ocrx_word' id='word_1_62' title='bbox 836 543 948 574; x_wconf 81' lang='lat' dir='ltr'>magna</span> <span class='ocrx_word' id='word_1_63' title='bbox 979 544 1070 566; x_wconf 48' lang='lat' dir='ltr'>cum*</span> 
     </span>
    </p>
   </div>
   <div class='ocr_carea' id='block_1_4' title="bbox 47 571 1057 1136">
    <p class='ocr_par' dir='ltr' id='par_1_4' title="bbox 47 571 1057 1136">
     <span class='ocr_line' id='line_1_9' title="bbox 54 571 1054 615; baseline 0.007 -12"><span class='ocrx_word' id='word_1_64' title='bbox 54 571 135 604; x_wconf 65' lang='lat' dir='ltr'>febri</span> <span class='ocrx_word' id='word_1_65' title='bbox 160 581 270 606; x_wconf 88' lang='lat' dir='ltr'>acutus</span> <span class='ocrx_word' id='word_1_66' title='bbox 295 572 394 611; x_wconf 85' lang='lat' dir='ltr'>adeo,</span> <span class='ocrx_word' id='word_1_67' title='bbox 419 581 514 615; x_wconf 89' lang='lat' dir='ltr'>atque</span> <span class='ocrx_word' id='word_1_68' title='bbox 537 572 670 609; x_wconf 74' lang='lat' dir='ltr'>afficiuus</span> <span class='ocrx_word' id='word_1_69' title='bbox 693 575 788 609; x_wconf 89' lang='lat' dir='ltr'>rediit</span> <span class='ocrx_word' id='word_1_70' title='bbox 803 600 810 613; x_wconf 92' lang='lat'>,</span> <span class='ocrx_word' id='word_1_71' title='bbox 834 585 869 609; x_wconf 89' lang='lat' dir='ltr'>ut</span> <span class='ocrx_word' id='word_1_72' title='bbox 892 578 1054 610; x_wconf 89' lang='lat' dir='ltr'>totumil-</span> 
     </span>
     <span class='ocr_line' id='line_1_10' title="bbox 53 614 1053 662; baseline 0.007 -16"><span class='ocrx_word' id='word_1_73' title='bbox 53 614 120 648; x_wconf 90' lang='lat' dir='ltr'>lum</span> <span class='ocrx_word' id='word_1_74' title='bbox 141 616 224 649; x_wconf 89' lang='lat' dir='ltr'>diem</span> <span class='ocrx_word' id='word_1_75' title='bbox 249 618 365 649; x_wconf 88' lang='lat' dir='ltr'>acriter</span> <span class='ocrx_word' id='word_1_76' title='bbox 389 617 535 655; x_wconf 83' lang='lat' dir='ltr'>vexarit,</span> <span class='ocrx_word' id='word_1_77' title='bbox 559 627 616 650; x_wconf 90' lang='lat' dir='ltr'>nec</span> <span class='ocrx_word' id='word_1_78' title='bbox 639 617 696 650; x_wconf 77' lang='lat' dir='ltr'>nisi</span> <span class='ocrx_word' id='word_1_79' title='bbox 720 620 798 660; x_wconf 90' lang='lat' dir='ltr'>opio</span> <span class='ocrx_word' id='word_1_80' title='bbox 821 619 898 652; x_wconf 88' lang='lat' dir='ltr'>dato</span> <span class='ocrx_word' id='word_1_81' title='bbox 921 623 1053 662; x_wconf 83' lang='lat' dir='ltr'>quieve-</span> 
     </span>
     <span class='ocr_line' id='line_1_11' title="bbox 53 657 1050 700; baseline 0.008 -11"><span class='ocrx_word' id='word_1_82' title='bbox 53 659 116 689; x_wconf 86' lang='lat' dir='ltr'>rit.</span> <span class='ocrx_word' id='word_1_83' title='bbox 140 657 321 700; x_wconf 80' lang='lat' dir='ltr'>Insequenti</span> <span class='ocrx_word' id='word_1_84' title='bbox 346 659 397 692; x_wconf 90' lang='lat' dir='ltr'>die</span> <span class='ocrx_word' id='word_1_85' title='bbox 422 659 484 692; x_wconf 85' lang='lat' dir='ltr'>fine</span> <span class='ocrx_word' id='word_1_86' title='bbox 507 660 638 698; x_wconf 89' lang='lat' dir='ltr'>dolore,</span> <span class='ocrx_word' id='word_1_87' title='bbox 663 665 693 694; x_wconf 75' lang='grc' dir='ltr'>δι</span> <span class='ocrx_word' id='word_1_88' title='bbox 720 661 801 694; x_wconf 87' lang='lat' dir='ltr'>febri</span> <span class='ocrx_word' id='word_1_89' title='bbox 826 661 911 699; x_wconf 81' lang='lat' dir='ltr'>fuit3</span> <span class='ocrx_word' id='word_1_90' title='bbox 936 674 971 696; x_wconf 90' lang='lat' dir='ltr'>ut</span> <span class='ocrx_word' id='word_1_91' title='bbox 996 665 1050 697; x_wconf 86' lang='lat' dir='ltr'>be-</span> 
     </span>
     <span class='ocr_line' id='line_1_12' title="bbox 54 701 1051 746; baseline 0.007 -13"><span class='ocrx_word' id='word_1_92' title='bbox 54 711 93 733; x_wconf 87' lang='lat' dir='ltr'>ne</span> <span class='ocrx_word' id='word_1_93' title='bbox 118 701 236 735; x_wconf 84' lang='lat' dir='ltr'>habens</span> <span class='ocrx_word' id='word_1_94' title='bbox 259 713 276 735; x_wconf 91' lang='lat' dir='ltr'>e</span> <span class='ocrx_word' id='word_1_95' title='bbox 300 702 380 735; x_wconf 67' lang='lat' dir='ltr'>sesto</span> <span class='ocrx_word' id='word_1_96' title='bbox 397 702 584 737; x_wconf 82' lang='lat' dir='ltr'>surrexerit.</span> <span class='ocrx_word' id='word_1_97' title='bbox 610 705 670 737; x_wconf 91' lang='lat' dir='ltr'>Die</span> <span class='ocrx_word' id='word_1_98' title='bbox 681 715 786 738; x_wconf 88' lang='lat' dir='ltr'>autem</span> <span class='ocrx_word' id='word_1_99' title='bbox 812 707 961 746; x_wconf 84' lang='lat' dir='ltr'>proximo</span> <span class='ocrx_word' id='word_1_100' title='bbox 973 719 1051 740; x_wconf 87' lang='lat' dir='ltr'>con-</span> 
     </span>
     <span class='ocr_line' id='line_1_13' title="bbox 51 742 1049 790; baseline 0.008 -16"><span class='ocrx_word' id='word_1_101' title='bbox 51 742 193 778; x_wconf 86' lang='lat' dir='ltr'>vulsione</span> <span class='ocrx_word' id='word_1_102' title='bbox 218 745 356 786; x_wconf 50' lang='lat' dir='ltr'>pastoris</span> <span class='ocrx_word' id='word_1_103' title='bbox 383 771 392 784; x_wconf 93' lang='lat'><em>‚</em></span> <span class='ocrx_word' id='word_1_104' title='bbox 426 748 456 778; x_wconf 64' lang='grc' dir='ltr'>δέ</span> <span class='ocrx_word' id='word_1_105' title='bbox 487 747 564 779; x_wconf 90' lang='lat' dir='ltr'>colli</span> <span class='ocrx_word' id='word_1_106' title='bbox 590 746 768 782; x_wconf 86' lang='lat' dir='ltr'>vehementi</span> <span class='ocrx_word' id='word_1_107' title='bbox 803 759 948 790; x_wconf 87' lang='lat' dir='ltr'>correpta</span> <span class='ocrx_word' id='word_1_108' title='bbox 973 750 1018 786; x_wconf 90' lang='lat' dir='ltr'>est</span> <span class='ocrx_word' id='word_1_109' title='bbox 1042 775 1049 782; x_wconf 91' lang='lat'>.</span> 
     </span>
     <span class='ocr_line' id='line_1_14' title="bbox 52 787 1057 835; baseline 0.009 -17"><span class='ocrx_word' id='word_1_110' title='bbox 52 788 214 831; x_wconf 85' lang='lat' dir='ltr'>Deinceps</span> <span class='ocrx_word' id='word_1_111' title='bbox 260 800 274 821; x_wconf 92' lang='lat' dir='ltr'>a</span> <span class='ocrx_word' id='word_1_112' title='bbox 320 787 400 821; x_wconf 84' lang='lat' dir='ltr'>febri</span> <span class='ocrx_word' id='word_1_113' title='bbox 423 812 431 828; x_wconf 91' lang='lat'><strong>‚</strong></span> <span class='ocrx_word' id='word_1_114' title='bbox 476 792 508 823; x_wconf 86' lang='lat'>&amp;</span> <span class='ocrx_word' id='word_1_115' title='bbox 541 790 652 824; x_wconf 86' lang='lat' dir='ltr'>dolore</span> <span class='ocrx_word' id='word_1_116' title='bbox 675 813 684 829; x_wconf 87' lang='lat'>,</span> <span class='ocrx_word' id='word_1_117' title='bbox 728 792 846 833; x_wconf 84' lang='lat' dir='ltr'>quibus</span> <span class='ocrx_word' id='word_1_118' title='bbox 878 792 907 825; x_wconf 88' lang='lat' dir='ltr'>se</span> <span class='ocrx_word' id='word_1_119' title='bbox 944 804 1057 835; x_wconf 81' lang='lat' dir='ltr'>magua</span> 
     </span>
     <span class='ocr_line' id='line_1_15' title="bbox 53 830 1057 871; baseline 0.009 -9"><span class='ocrx_word' id='word_1_120' title='bbox 53 830 188 864; x_wconf 78' lang='lat' dir='ltr'>addebat</span> <span class='ocrx_word' id='word_1_121' title='bbox 219 830 384 866; x_wconf 74' lang='lat' dir='ltr'>convulsio</span> <span class='ocrx_word' id='word_1_122' title='bbox 408 855 415 868; x_wconf 89' lang='lat'>,</span> <span class='ocrx_word' id='word_1_123' title='bbox 451 832 530 865; x_wconf 86' lang='lat' dir='ltr'>male</span> <span class='ocrx_word' id='word_1_124' title='bbox 565 833 674 867; x_wconf 85' lang='lat' dir='ltr'>habita</span> <span class='ocrx_word' id='word_1_125' title='bbox 707 834 749 867; x_wconf 84' lang='lat' dir='ltr'>est</span> <span class='ocrx_word' id='word_1_126' title='bbox 771 856 780 871; x_wconf 88' lang='lat'>‚</span> <span class='ocrx_word' id='word_1_127' title='bbox 815 838 1057 871; x_wconf 84' lang='lat' dir='ltr'>remittentibus</span> 
     </span>
     <span class='ocr_line' id='line_1_16' title="bbox 51 874 1054 922; baseline 0.004 -17"><span class='ocrx_word' id='word_1_128' title='bbox 51 874 183 915; x_wconf 87' lang='lat' dir='ltr'>quidem</span> <span class='ocrx_word' id='word_1_129' title='bbox 205 874 366 908; x_wconf 89' lang='lat' dir='ltr'>interdum</span> <span class='ocrx_word' id='word_1_130' title='bbox 393 876 441 910; x_wconf 90' lang='lat' dir='ltr'>vel</span> <span class='ocrx_word' id='word_1_131' title='bbox 468 876 504 909; x_wconf 90' lang='lat' dir='ltr'>ad</span> <span class='ocrx_word' id='word_1_132' title='bbox 530 877 697 914; x_wconf 81' lang='lat' dir='ltr'>triduum,</span> <span class='ocrx_word' id='word_1_133' title='bbox 723 879 797 911; x_wconf 83' lang='lat' dir='ltr'>alias</span> <span class='ocrx_word' id='word_1_134' title='bbox 821 889 895 911; x_wconf 88' lang='lat' dir='ltr'>vero</span> <span class='ocrx_word' id='word_1_135' title='bbox 920 880 1054 922; x_wconf 84' lang='lat' dir='ltr'>perstan.</span> 
     </span>
     <span class='ocr_line' id='line_1_17' title="bbox 53 917 1055 963; baseline 0.009 -14"><span class='ocrx_word' id='word_1_136' title='bbox 53 917 161 958; x_wconf 86' lang='lat' dir='ltr'>tibus,</span> <span class='ocrx_word' id='word_1_137' title='bbox 187 928 240 953; x_wconf 89' lang='lat' dir='ltr'>aut</span> <span class='ocrx_word' id='word_1_138' title='bbox 263 918 530 955; x_wconf 82' lang='lat' dir='ltr'>invalescentibus</span> <span class='ocrx_word' id='word_1_139' title='bbox 554 920 631 954; x_wconf 88' lang='lat' dir='ltr'>adeo</span> <span class='ocrx_word' id='word_1_140' title='bbox 651 943 664 961; x_wconf 91' lang='lat'>,</span> <span class='ocrx_word' id='word_1_141' title='bbox 686 930 719 954; x_wconf 86' lang='lat' dir='ltr'>ut</span> <span class='ocrx_word' id='word_1_142' title='bbox 743 922 798 954; x_wconf 86' lang='lat' dir='ltr'>vix</span> <span class='ocrx_word' id='word_1_143' title='bbox 822 922 972 963; x_wconf 88' lang='lat' dir='ltr'>spiritum</span> <span class='ocrx_word' id='word_1_144' title='bbox 996 925 1055 958; x_wconf 78' lang='lat' dir='ltr'>du·</span> 
     </span>
     <span class='ocr_line' id='line_1_18' title="bbox 51 961 1054 1008; baseline 0.007 -15"><span class='ocrx_word' id='word_1_145' title='bbox 51 971 120 994; x_wconf 90' lang='lat' dir='ltr'>cere</span> <span class='ocrx_word' id='word_1_146' title='bbox 140 961 252 995; x_wconf 87' lang='lat' dir='ltr'>liceret</span> <span class='ocrx_word' id='word_1_147' title='bbox 275 984 285 1000; x_wconf 92' lang='lat'>‚</span> <span class='ocrx_word' id='word_1_148' title='bbox 309 964 339 996; x_wconf 68' lang='grc' dir='ltr'>ὅ(</span> <span class='ocrx_word' id='word_1_149' title='bbox 362 962 499 1004; x_wconf 85' lang='lat' dir='ltr'>denique</span> <span class='ocrx_word' id='word_1_150' title='bbox 522 974 619 1004; x_wconf 85' lang='lat' dir='ltr'>caput</span> <span class='ocrx_word' id='word_1_151' title='bbox 643 966 732 1005; x_wconf 74' lang='lat' dir='ltr'>gravi</span> <span class='ocrx_word' id='word_1_152' title='bbox 758 965 869 1005; x_wconf 92' lang='lat' dir='ltr'>sopore</span> <span class='ocrx_word' id='word_1_153' title='bbox 892 977 1054 1008; x_wconf 89' lang='lat' dir='ltr'>premere—</span> 
     </span>
     <span class='ocr_line' id='line_1_19' title="bbox 49 1006 1054 1047; baseline 0.006 -10"><span class='ocrx_word' id='word_1_154' title='bbox 49 1013 121 1038; x_wconf 87' lang='lat' dir='ltr'>tur.</span> <span class='ocrx_word' id='word_1_155' title='bbox 147 1006 178 1038; x_wconf 91' lang='lat' dir='ltr'>A</span> <span class='ocrx_word' id='word_1_156' title='bbox 203 1006 306 1047; x_wconf 90' lang='lat' dir='ltr'>prima</span> <span class='ocrx_word' id='word_1_157' title='bbox 331 1006 384 1038; x_wconf 89' lang='lat' dir='ltr'>illa</span> <span class='ocrx_word' id='word_1_158' title='bbox 399 1007 607 1041; x_wconf 77' lang='lat' dir='ltr'>convulsione</span> <span class='ocrx_word' id='word_1_159' title='bbox 631 1008 696 1041; x_wconf 91' lang='lat' dir='ltr'>dies</span> <span class='ocrx_word' id='word_1_160' title='bbox 709 1008 857 1042; x_wconf 88' lang='lat' dir='ltr'>undecim</span> <span class='ocrx_word' id='word_1_161' title='bbox 881 1020 954 1043; x_wconf 91' lang='lat' dir='ltr'>cum</span> <span class='ocrx_word' id='word_1_162' title='bbox 967 1021 1054 1043; x_wconf 87' lang='lat' dir='ltr'>mor-</span> 
     </span>
     <span class='ocr_line' id='line_1_20' title="bbox 48 1047 1052 1095; baseline 0.006 -15"><span class='ocrx_word' id='word_1_163' title='bbox 48 1047 101 1088; x_wconf 73' lang='lat' dir='ltr'>bo,</span> <span class='ocrx_word' id='word_1_164' title='bbox 117 1058 294 1091; x_wconf 80' lang='lat' dir='ltr'>pugnatum</span> <span class='ocrx_word' id='word_1_165' title='bbox 318 1047 360 1084; x_wconf 90' lang='lat' dir='ltr'>est</span> <span class='ocrx_word' id='word_1_166' title='bbox 383 1050 458 1083; x_wconf 87' lang='lat' dir='ltr'>alias</span> <span class='ocrx_word' id='word_1_167' title='bbox 481 1050 559 1083; x_wconf 89' lang='lat' dir='ltr'>dato</span> <span class='ocrx_word' id='word_1_168' title='bbox 583 1051 657 1083; x_wconf 89' lang='lat' dir='ltr'>oleo</span> <span class='ocrx_word' id='word_1_169' title='bbox 682 1063 719 1084; x_wconf 80' lang='lat' dir='ltr'>ex</span> <span class='ocrx_word' id='word_1_170' title='bbox 741 1052 887 1085; x_wconf 84' lang='lat' dir='ltr'>dulcibus</span> <span class='ocrx_word' id='word_1_171' title='bbox 901 1054 1052 1095; x_wconf 77' lang='lat' dir='ltr'>amygda-</span> 
     </span>
     <span class='ocr_line' id='line_1_21' title="bbox 47 1091 1051 1136; baseline 0.007 -13"><span class='ocrx_word' id='word_1_172' title='bbox 47 1091 86 1124; x_wconf 86' lang='lat' dir='ltr'>lis</span> <span class='ocrx_word' id='word_1_173' title='bbox 111 1103 217 1125; x_wconf 86' lang='lat' dir='ltr'>recens</span> <span class='ocrx_word' id='word_1_174' title='bbox 241 1091 384 1134; x_wconf 81' lang='lat' dir='ltr'>expresso</span> <span class='ocrx_word' id='word_1_175' title='bbox 411 1119 419 1133; x_wconf 91' lang='lat'>‚</span> <span class='ocrx_word' id='word_1_176' title='bbox 455 1094 532 1128; x_wconf 89' lang='lat' dir='ltr'>alias</span> <span class='ocrx_word' id='word_1_177' title='bbox 557 1093 835 1134; x_wconf 86' lang='lat' dir='ltr'>antispasmodicis</span> <span class='ocrx_word' id='word_1_178' title='bbox 867 1097 1051 1136; x_wconf 70' lang='lat' dir='ltr'>pulveribus</span> 
     </span>
    </p>
   </div>
   <div class='ocr_carea' id='block_1_5' title="bbox 49 1133 1067 1180">
    <p class='ocr_par' dir='ltr' id='par_1_5' title="bbox 49 1133 1067 1180">
     <span class='ocr_line' id='line_1_22' title="bbox 49 1133 1067 1180; baseline 0.006 -13"><span class='ocrx_word' id='word_1_179' title='bbox 49 1133 189 1176; x_wconf 87' lang='lat' dir='ltr'>ejusdem</span> <span class='ocrx_word' id='word_1_180' title='bbox 216 1137 338 1177; x_wconf 84' lang='lat' dir='ltr'>generis</span> <span class='ocrx_word' id='word_1_181' title='bbox 373 1148 406 1169; x_wconf 91' lang='lat' dir='ltr'>ac</span> <span class='ocrx_word' id='word_1_182' title='bbox 430 1138 486 1178; x_wconf 88' lang='lat' dir='ltr'>qui</span> <span class='ocrx_word' id='word_1_183' title='bbox 511 1149 526 1170; x_wconf 88' lang='lat' dir='ltr'>a</span> <span class='ocrx_word' id='word_1_184' title='bbox 553 1137 746 1171; x_wconf 86' lang='lat' dir='ltr'>Marchione</span> <span class='ocrx_word' id='word_1_185' title='bbox 781 1149 894 1172; x_wconf 85' lang='lat' dir='ltr'>nomen</span> <span class='ocrx_word' id='word_1_186' title='bbox 919 1138 1016 1173; x_wconf 79' lang='lat' dir='ltr'>habet</span> <span class='ocrx_word' id='word_1_187' title='bbox 1039 1151 1067 1180; x_wconf 69' lang='lat'>‚¹</span> 
     </span>
    </p>
   </div>
   <div class='ocr_carea' id='block_1_6' title="bbox 38 1179 1053 2353">
    <p class='ocr_par' dir='ltr' id='par_1_6' title="bbox 38 1179 1053 2353">
     <span class='ocr_line' id='line_1_23' title="bbox 47 1179 1051 1225; baseline 0.006 -15"><span class='ocrx_word' id='word_1_188' title='bbox 47 1179 218 1212; x_wconf 85' lang='lat' dir='ltr'>cinnabari</span> <span class='ocrx_word' id='word_1_189' title='bbox 242 1179 404 1214; x_wconf 87' lang='lat' dir='ltr'>interdum</span> <span class='ocrx_word' id='word_1_190' title='bbox 430 1201 439 1216; x_wconf 86' lang='lat'>‚</span> <span class='ocrx_word' id='word_1_191' title='bbox 475 1192 706 1222; x_wconf 82' lang='lat' dir='ltr'>nonnunquam</span> <span class='ocrx_word' id='word_1_192' title='bbox 734 1184 810 1224; x_wconf 92' lang='lat' dir='ltr'>opio</span> <span class='ocrx_word' id='word_1_193' title='bbox 837 1205 846 1218; x_wconf 86' lang='lat'>‚</span> <span class='ocrx_word' id='word_1_194' title='bbox 893 1185 978 1225; x_wconf 84' lang='lat' dir='ltr'>quod</span> <span class='ocrx_word' id='word_1_195' title='bbox 1016 1185 1051 1216; x_wconf 90' lang='lat' dir='ltr'>in</span> 
     </span>
     <span class='ocr_line' id='line_1_24' title="bbox 47 1221 1052 1265; baseline 0.004 -9"><span class='ocrx_word' id='word_1_196' title='bbox 47 1221 156 1256; x_wconf 87' lang='lat' dir='ltr'>medio</span> <span class='ocrx_word' id='word_1_197' title='bbox 181 1223 284 1257; x_wconf 86' lang='lat' dir='ltr'>morbi</span> <span class='ocrx_word' id='word_1_198' title='bbox 309 1222 401 1256; x_wconf 88' lang='lat' dir='ltr'>cursu</span> <span class='ocrx_word' id='word_1_199' title='bbox 425 1223 584 1257; x_wconf 87' lang='lat' dir='ltr'>desertum</span> <span class='ocrx_word' id='word_1_200' title='bbox 604 1222 674 1265; x_wconf 86' lang='lat' dir='ltr'>est,</span> <span class='ocrx_word' id='word_1_201' title='bbox 698 1237 772 1258; x_wconf 90' lang='lat' dir='ltr'>cum</span> <span class='ocrx_word' id='word_1_202' title='bbox 796 1226 910 1259; x_wconf 89' lang='lat' dir='ltr'>inutile</span> <span class='ocrx_word' id='word_1_203' title='bbox 924 1227 970 1260; x_wconf 91' lang='lat' dir='ltr'>vel</span> <span class='ocrx_word' id='word_1_204' title='bbox 995 1227 1052 1260; x_wconf 92' lang='lat' dir='ltr'>da-</span> 
     </span>
     <span class='ocr_line' id='line_1_25' title="bbox 47 1266 1052 1311; baseline 0.003 -11"><span class='ocrx_word' id='word_1_205' title='bbox 47 1276 119 1300; x_wconf 84' lang='lat' dir='ltr'>tum</span> <span class='ocrx_word' id='word_1_206' title='bbox 142 1266 177 1299; x_wconf 89' lang='lat' dir='ltr'>ad</span> <span class='ocrx_word' id='word_1_207' title='bbox 201 1267 266 1309; x_wconf 86' lang='lat' dir='ltr'>duo</span> <span class='ocrx_word' id='word_1_208' title='bbox 289 1276 383 1308; x_wconf 82' lang='lat' dir='ltr'>grana</span> <span class='ocrx_word' id='word_1_209' title='bbox 397 1266 685 1308; x_wconf 81' lang='lat' dir='ltr'>deprehenderetur</span> <span class='ocrx_word' id='word_1_210' title='bbox 700 1292 710 1308; x_wconf 90' lang='lat'>,</span> <span class='ocrx_word' id='word_1_211' title='bbox 735 1268 846 1311; x_wconf 79' lang='lat' dir='ltr'>saepius</span> <span class='ocrx_word' id='word_1_212' title='bbox 868 1280 974 1303; x_wconf 86' lang='lat' dir='ltr'>autem</span> <span class='ocrx_word' id='word_1_213' title='bbox 1000 1283 1052 1303; x_wconf 72' lang='lat' dir='ltr'>ve·</span> 
     </span>
     <span class='ocr_line' id='line_1_26' title="bbox 46 1309 1051 1350; baseline 0.002 -7"><span class='ocrx_word' id='word_1_214' title='bbox 46 1322 105 1347; x_wconf 86' lang='lat' dir='ltr'>na,</span> <span class='ocrx_word' id='word_1_215' title='bbox 133 1309 225 1343; x_wconf 87' lang='lat' dir='ltr'>semel</span> <span class='ocrx_word' id='word_1_216' title='bbox 250 1309 398 1343; x_wconf 87' lang='lat' dir='ltr'>videlicet</span> <span class='ocrx_word' id='word_1_217' title='bbox 423 1311 455 1343; x_wconf 87' lang='lat' dir='ltr'>in</span> <span class='ocrx_word' id='word_1_218' title='bbox 482 1310 635 1349; x_wconf 84' lang='lat' dir='ltr'>brachio,</span> <span class='ocrx_word' id='word_1_219' title='bbox 660 1313 708 1345; x_wconf 89' lang='lat' dir='ltr'>bis</span> <span class='ocrx_word' id='word_1_220' title='bbox 731 1313 764 1344; x_wconf 92' lang='lat' dir='ltr'>in</span> <span class='ocrx_word' id='word_1_221' title='bbox 791 1322 887 1346; x_wconf 86' lang='lat' dir='ltr'>manu</span> <span class='ocrx_word' id='word_1_222' title='bbox 912 1336 919 1350; x_wconf 89' lang='lat'>,</span> <span class='ocrx_word' id='word_1_223' title='bbox 946 1325 993 1347; x_wconf 85' lang='lat' dir='ltr'>ter</span> <span class='ocrx_word' id='word_1_224' title='bbox 1017 1316 1051 1346; x_wconf 86' lang='lat' dir='ltr'>in</span> 
     </span>
     <span class='ocr_line' id='line_1_27' title="bbox 47 1352 1052 1401; baseline 0.002 -14"><span class='ocrx_word' id='word_1_225' title='bbox 47 1354 123 1395; x_wconf 87' lang='lat' dir='ltr'>pede</span> <span class='ocrx_word' id='word_1_226' title='bbox 148 1354 245 1388; x_wconf 86' lang='lat' dir='ltr'>incisa</span> <span class='ocrx_word' id='word_1_227' title='bbox 271 1374 281 1391; x_wconf 89' lang='lat'><em>‚</em></span> <span class='ocrx_word' id='word_1_228' title='bbox 305 1352 389 1387; x_wconf 91' lang='lat' dir='ltr'>unde</span> <span class='ocrx_word' id='word_1_229' title='bbox 413 1353 579 1401; x_wconf 80' lang='lat' dir='ltr'>novissime</span> <span class='ocrx_word' id='word_1_230' title='bbox 603 1353 728 1389; x_wconf 85' lang='lat' dir='ltr'>emissus</span> <span class='ocrx_word' id='word_1_231' title='bbox 751 1354 877 1397; x_wconf 81' lang='lat' dir='ltr'>sanguis</span> <span class='ocrx_word' id='word_1_232' title='bbox 901 1359 930 1389; x_wconf 89' lang='lat'>&amp;</span> <span class='ocrx_word' id='word_1_233' title='bbox 957 1358 1052 1399; x_wconf 82' lang='lat' dir='ltr'>sopo-</span> 
     </span>
     <span class='ocr_line' id='line_1_28' title="bbox 46 1397 1052 1437; baseline 0.004 -7"><span class='ocrx_word' id='word_1_234' title='bbox 46 1409 112 1431; x_wconf 87' lang='lat' dir='ltr'>rem</span> <span class='ocrx_word' id='word_1_235' title='bbox 138 1397 253 1437; x_wconf 88' lang='lat' dir='ltr'>illum,</span> <span class='ocrx_word' id='word_1_236' title='bbox 275 1398 305 1429; x_wconf 77' lang='lat' dir='ltr'>Sc</span> <span class='ocrx_word' id='word_1_237' title='bbox 327 1398 571 1430; x_wconf 85' lang='lat' dir='ltr'>convulsionem</span> <span class='ocrx_word' id='word_1_238' title='bbox 598 1397 697 1432; x_wconf 77' lang='lat' dir='ltr'>ferme</span> <span class='ocrx_word' id='word_1_239' title='bbox 725 1398 869 1436; x_wconf 85' lang='lat' dir='ltr'>sustulit,</span> <span class='ocrx_word' id='word_1_240' title='bbox 897 1399 977 1433; x_wconf 86' lang='lat' dir='ltr'>febri</span> <span class='ocrx_word' id='word_1_241' title='bbox 1003 1401 1052 1434; x_wconf 89' lang='lat' dir='ltr'>su-</span> 
     </span>
     <span class='ocr_line' id='line_1_29' title="bbox 47 1441 1053 1485; baseline 0.003 -11"><span class='ocrx_word' id='word_1_242' title='bbox 47 1441 199 1483; x_wconf 87' lang='lat' dir='ltr'>perstite,</span> <span class='ocrx_word' id='word_1_243' title='bbox 223 1451 293 1482; x_wconf 83' lang='lat' dir='ltr'>quae</span> <span class='ocrx_word' id='word_1_244' title='bbox 319 1451 408 1473; x_wconf 89' lang='lat' dir='ltr'>mane</span> <span class='ocrx_word' id='word_1_245' title='bbox 433 1441 580 1484; x_wconf 81' lang='lat' dir='ltr'>quotidie</span> <span class='ocrx_word' id='word_1_246' title='bbox 604 1442 632 1474; x_wconf 91' lang='lat' dir='ltr'>se</span> <span class='ocrx_word' id='word_1_247' title='bbox 659 1442 813 1485; x_wconf 80' lang='lat' dir='ltr'>prodebat</span> <span class='ocrx_word' id='word_1_248' title='bbox 833 1443 883 1475; x_wconf 87' lang='lat' dir='ltr'>siti</span> <span class='ocrx_word' id='word_1_249' title='bbox 901 1469 908 1480; x_wconf 88' lang='lat'><strong><em>‚</em></strong></span> <span class='ocrx_word' id='word_1_250' title='bbox 934 1455 968 1477; x_wconf 89' lang='lat' dir='ltr'>ac</span> <span class='ocrx_word' id='word_1_251' title='bbox 991 1444 1053 1477; x_wconf 87' lang='lat' dir='ltr'>do·</span> 
     </span>
     <span class='ocr_line' id='line_1_30' title="bbox 45 1484 1053 1527; baseline 0 -9"><span class='ocrx_word' id='word_1_252' title='bbox 45 1486 114 1525; x_wconf 63' lang='lat' dir='ltr'>lore</span> <span class='ocrx_word' id='word_1_253' title='bbox 136 1485 274 1527; x_wconf 74' lang='lat' dir='ltr'>capitis,</span> <span class='ocrx_word' id='word_1_254' title='bbox 297 1486 328 1515; x_wconf 88' lang='lat'><strong>&amp;</strong></span> <span class='ocrx_word' id='word_1_255' title='bbox 353 1484 506 1517; x_wconf 83' lang='lat' dir='ltr'>stomachi</span> <span class='ocrx_word' id='word_1_256' title='bbox 534 1484 683 1519; x_wconf 67' lang='lat' dir='ltr'>haetenus</span> <span class='ocrx_word' id='word_1_257' title='bbox 708 1485 821 1527; x_wconf 82' lang='lat' dir='ltr'>stipata</span> <span class='ocrx_word' id='word_1_258' title='bbox 845 1485 920 1520; x_wconf 89' lang='lat' dir='ltr'>dum</span> <span class='ocrx_word' id='word_1_259' title='bbox 943 1487 978 1520; x_wconf 86' lang='lat' dir='ltr'>ad</span> <span class='ocrx_word' id='word_1_260' title='bbox 1004 1489 1053 1518; x_wconf 92' lang='lat' dir='ltr'>vi-</span> 
     </span>
     <span class='ocr_line' id='line_1_31' title="bbox 46 1528 1051 1570; baseline 0.003 -10"><span class='ocrx_word' id='word_1_261' title='bbox 46 1539 160 1570; x_wconf 78' lang='lat' dir='ltr'>gorem</span> <span class='ocrx_word' id='word_1_262' title='bbox 188 1530 370 1570; x_wconf 84' lang='lat' dir='ltr'>perveniret</span> <span class='ocrx_word' id='word_1_263' title='bbox 395 1552 402 1565; x_wconf 86' lang='lat'><strong><em>‚</em></strong></span> <span class='ocrx_word' id='word_1_264' title='bbox 438 1528 502 1561; x_wconf 90' lang='lat' dir='ltr'>illis</span> <span class='ocrx_word' id='word_1_265' title='bbox 525 1528 639 1562; x_wconf 86' lang='lat' dir='ltr'>deinde</span> <span class='ocrx_word' id='word_1_266' title='bbox 665 1528 857 1563; x_wconf 77' lang='lat' dir='ltr'>cessantibus</span> <span class='ocrx_word' id='word_1_267' title='bbox 879 1552 890 1567; x_wconf 83' lang='lat'>,</span> <span class='ocrx_word' id='word_1_268' title='bbox 916 1533 945 1563; x_wconf 65' lang='grc' dir='ltr'>ὃ(</span> <span class='ocrx_word' id='word_1_269' title='bbox 967 1529 1051 1564; x_wconf 86' lang='lat' dir='ltr'>febri</span> 
     </span>
     <span class='ocr_line' id='line_1_32' title="bbox 45 1570 1051 1613; baseline 0.002 -9"><span class='ocrx_word' id='word_1_270' title='bbox 45 1571 111 1613; x_wconf 84' lang='lat' dir='ltr'>ipsa</span> <span class='ocrx_word' id='word_1_271' title='bbox 137 1571 213 1605; x_wconf 86' lang='lat' dir='ltr'>adeo</span> <span class='ocrx_word' id='word_1_272' title='bbox 236 1571 266 1604; x_wconf 87' lang='lat' dir='ltr'>se</span> <span class='ocrx_word' id='word_1_273' title='bbox 291 1571 481 1604; x_wconf 85' lang='lat' dir='ltr'>remittente</span> <span class='ocrx_word' id='word_1_274' title='bbox 504 1594 516 1610; x_wconf 88' lang='lat'><em>‚</em></span> <span class='ocrx_word' id='word_1_275' title='bbox 549 1582 585 1605; x_wconf 92' lang='lat' dir='ltr'>ut</span> <span class='ocrx_word' id='word_1_276' title='bbox 609 1570 732 1613; x_wconf 88' lang='lat' dir='ltr'>vespere</span> <span class='ocrx_word' id='word_1_277' title='bbox 757 1573 843 1606; x_wconf 88' lang='lat' dir='ltr'>nulla</span> <span class='ocrx_word' id='word_1_278' title='bbox 874 1572 949 1607; x_wconf 80' lang='lat' dir='ltr'>esset</span> <span class='ocrx_word' id='word_1_279' title='bbox 974 1585 1051 1611; x_wconf 89' lang='lat' dir='ltr'>pro-</span> 
     </span>
     <span class='ocr_line' id='line_1_33' title="bbox 45 1615 1052 1658; baseline 0.001 -10"><span class='ocrx_word' id='word_1_280' title='bbox 45 1616 218 1658; x_wconf 79' lang='lat' dir='ltr'>pemodum</span> <span class='ocrx_word' id='word_1_281' title='bbox 243 1637 253 1652; x_wconf 85' lang='lat'>,</span> <span class='ocrx_word' id='word_1_282' title='bbox 284 1617 314 1646; x_wconf 87' lang='lat'>&amp;</span> <span class='ocrx_word' id='word_1_283' title='bbox 337 1624 419 1655; x_wconf 80' lang='lat' dir='ltr'>aegra</span> <span class='ocrx_word' id='word_1_284' title='bbox 444 1615 541 1647; x_wconf 64' lang='lat' dir='ltr'>noem</span> <span class='ocrx_word' id='word_1_285' title='bbox 567 1616 610 1648; x_wconf 78' lang='lat' dir='ltr'>sic</span> <span class='ocrx_word' id='word_1_286' title='bbox 644 1616 717 1649; x_wconf 89' lang='lat' dir='ltr'>satis</span> <span class='ocrx_word' id='word_1_287' title='bbox 739 1616 897 1650; x_wconf 74' lang='lat' dir='ltr'>dormiret</span> <span class='ocrx_word' id='word_1_288' title='bbox 923 1641 930 1649; x_wconf 90' lang='lat'><strong>.</strong></span> <span class='ocrx_word' id='word_1_289' title='bbox 966 1617 1052 1656; x_wconf 77' lang='lat' dir='ltr'>Qae</span> 
     </span>
     <span class='ocr_line' id='line_1_34' title="bbox 46 1657 1049 1702; baseline -0.001 -9"><span class='ocrx_word' id='word_1_290' title='bbox 46 1659 144 1693; x_wconf 83' lang='lat' dir='ltr'>febris</span> <span class='ocrx_word' id='word_1_291' title='bbox 167 1670 240 1693; x_wconf 88' lang='lat' dir='ltr'>cum</span> <span class='ocrx_word' id='word_1_292' title='bbox 263 1657 329 1691; x_wconf 87' lang='lat' dir='ltr'>dies</span> <span class='ocrx_word' id='word_1_293' title='bbox 353 1658 482 1698; x_wconf 78' lang='lat' dir='ltr'>aliquot</span> <span class='ocrx_word' id='word_1_294' title='bbox 507 1657 544 1691; x_wconf 87' lang='lat' dir='ltr'>ad</span> <span class='ocrx_word' id='word_1_295' title='bbox 569 1658 704 1692; x_wconf 86' lang='lat' dir='ltr'>eundem</span> <span class='ocrx_word' id='word_1_296' title='bbox 725 1658 855 1693; x_wconf 90' lang='lat' dir='ltr'>modum</span> <span class='ocrx_word' id='word_1_297' title='bbox 879 1660 1049 1702; x_wconf 85' lang='lat' dir='ltr'>perstaret,</span> 
     </span>
     <span class='ocr_line' id='line_1_35' title="bbox 44 1700 1050 1744; baseline 0.002 -10"><span class='ocrx_word' id='word_1_298' title='bbox 44 1703 226 1736; x_wconf 76' lang='lat' dir='ltr'>Peruviano</span> <span class='ocrx_word' id='word_1_299' title='bbox 258 1701 383 1733; x_wconf 86' lang='lat' dir='ltr'>cortice</span> <span class='ocrx_word' id='word_1_300' title='bbox 408 1700 463 1733; x_wconf 84' lang='lat' dir='ltr'>vix</span> <span class='ocrx_word' id='word_1_301' title='bbox 495 1701 531 1734; x_wconf 83' lang='lat' dir='ltr'>ad</span> <span class='ocrx_word' id='word_1_302' title='bbox 568 1703 699 1735; x_wconf 81' lang='lat' dir='ltr'>unciam</span> <span class='ocrx_word' id='word_1_303' title='bbox 734 1706 851 1743; x_wconf 86' lang='lat' dir='ltr'>partite</span> <span class='ocrx_word' id='word_1_304' title='bbox 887 1703 1015 1744; x_wconf 82' lang='lat' dir='ltr'>sumpto</span> <span class='ocrx_word' id='word_1_305' title='bbox 1042 1728 1050 1740; x_wconf 88' lang='lat'>,</span> 
     </span>
     <span class='ocr_line' id='line_1_36' title="bbox 41 1744 1050 1789; baseline 0 -10"><span class='ocrx_word' id='word_1_306' title='bbox 41 1745 211 1779; x_wconf 85' lang='lat' dir='ltr'>mulierem</span> <span class='ocrx_word' id='word_1_307' title='bbox 234 1744 431 1777; x_wconf 85' lang='lat' dir='ltr'>incolumem</span> <span class='ocrx_word' id='word_1_308' title='bbox 457 1745 610 1786; x_wconf 88' lang='lat' dir='ltr'>reliquit.</span> <span class='ocrx_word' id='word_1_309' title='bbox 639 1748 691 1778; x_wconf 88' lang='lat' dir='ltr'>Ab</span> <span class='ocrx_word' id='word_1_310' title='bbox 715 1758 752 1778; x_wconf 89' lang='lat' dir='ltr'>eo</span> <span class='ocrx_word' id='word_1_311' title='bbox 778 1756 923 1789; x_wconf 86' lang='lat' dir='ltr'>tempore</span> <span class='ocrx_word' id='word_1_312' title='bbox 949 1751 1050 1779; x_wconf 87' lang='lat' dir='ltr'>trien-</span> 
     </span>
     <span class='ocr_line' id='line_1_37' title="bbox 39 1788 1053 1830; baseline 0.001 -9"><span class='ocrx_word' id='word_1_313' title='bbox 39 1791 131 1823; x_wconf 83' lang='lat' dir='ltr'>nium</span> <span class='ocrx_word' id='word_1_314' title='bbox 156 1788 219 1823; x_wconf 81' lang='lat' dir='ltr'>fine</span> <span class='ocrx_word' id='word_1_315' title='bbox 242 1788 309 1822; x_wconf 88' lang='lat' dir='ltr'>ullo</span> <span class='ocrx_word' id='word_1_316' title='bbox 333 1788 544 1821; x_wconf 66' lang='lat' dir='ltr'>incommodi</span> <span class='ocrx_word' id='word_1_317' title='bbox 572 1788 757 1822; x_wconf 71' lang='lat' dir='ltr'>t1·adu6‘ct1m</span> <span class='ocrx_word' id='word_1_318' title='bbox 780 1791 824 1823; x_wconf 82' lang='lat' dir='ltr'>est</span> <span class='ocrx_word' id='word_1_319' title='bbox 848 1813 856 1827; x_wconf 92' lang='lat'>,</span> <span class='ocrx_word' id='word_1_320' title='bbox 895 1791 983 1830; x_wconf 88' lang='lat' dir='ltr'>quod</span> <span class='ocrx_word' id='word_1_321' title='bbox 1008 1789 1053 1822; x_wconf 88' lang='lat' dir='ltr'>es-</span> 
     </span>
     <span class='ocr_line' id='line_1_38' title="bbox 39 1831 1049 1872; baseline 0 -6"><span class='ocrx_word' id='word_1_322' title='bbox 39 1833 83 1867; x_wconf 88' lang='lat' dir='ltr'>set</span> <span class='ocrx_word' id='word_1_323' title='bbox 107 1833 317 1866; x_wconf 81' lang='lat' dir='ltr'>adnotatione</span> <span class='ocrx_word' id='word_1_324' title='bbox 340 1831 477 1872; x_wconf 80' lang='lat' dir='ltr'>dignum</span> <span class='ocrx_word' id='word_1_325' title='bbox 501 1856 509 1864; x_wconf 90' lang='lat'><strong>.</strong></span> <span class='ocrx_word' id='word_1_326' title='bbox 547 1831 654 1864; x_wconf 79' lang='lat' dir='ltr'>Postea</span> <span class='ocrx_word' id='word_1_327' title='bbox 681 1842 785 1865; x_wconf 90' lang='lat' dir='ltr'>autem</span> <span class='ocrx_word' id='word_1_328' title='bbox 809 1834 937 1866; x_wconf 90' lang='lat' dir='ltr'>dolores</span> <span class='ocrx_word' id='word_1_329' title='bbox 962 1854 971 1869; x_wconf 89' lang='lat'><em>‚</em></span> <span class='ocrx_word' id='word_1_330' title='bbox 1006 1833 1049 1866; x_wconf 88' lang='lat' dir='ltr'>fe—</span> 
     </span>
     <span class='ocr_line' id='line_1_39' title="bbox 38 1872 1051 1914; baseline -0.001 -4"><span class='ocrx_word' id='word_1_331' title='bbox 38 1877 108 1910; x_wconf 88' lang='lat' dir='ltr'>bres</span> <span class='ocrx_word' id='word_1_332' title='bbox 133 1901 142 1914; x_wconf 87' lang='lat'>,</span> <span class='ocrx_word' id='word_1_333' title='bbox 173 1872 393 1909; x_wconf 84' lang='lat' dir='ltr'>convulsiones</span> <span class='ocrx_word' id='word_1_334' title='bbox 419 1895 427 1910; x_wconf 89' lang='lat'>,</span> <span class='ocrx_word' id='word_1_335' title='bbox 474 1874 536 1907; x_wconf 88' lang='lat' dir='ltr'>alia</span> <span class='ocrx_word' id='word_1_336' title='bbox 559 1873 721 1914; x_wconf 81' lang='lat' dir='ltr'>ejusmodi</span> <span class='ocrx_word' id='word_1_337' title='bbox 748 1875 913 1910; x_wconf 68' lang='lat' dir='ltr'>redierunt</span> <span class='ocrx_word' id='word_1_338' title='bbox 942 1901 950 1914; x_wconf 84' lang='lat'><strong>‚</strong></span> <span class='ocrx_word' id='word_1_339' title='bbox 1001 1875 1051 1910; x_wconf 88' lang='lat' dir='ltr'>sed</span> 
     </span>
     <span class='ocr_line' id='line_1_40' title="bbox 39 1916 1053 1965; baseline 0 -12"><span class='ocrx_word' id='word_1_340' title='bbox 39 1920 206 1963; x_wconf 78' lang='lat' dir='ltr'>prioribus</span> <span class='ocrx_word' id='word_1_341' title='bbox 240 1918 360 1951; x_wconf 89' lang='lat' dir='ltr'>leviora</span> <span class='ocrx_word' id='word_1_342' title='bbox 387 1916 506 1958; x_wconf 84' lang='lat' dir='ltr'>semper</span> <span class='ocrx_word' id='word_1_343' title='bbox 531 1943 540 1958; x_wconf 89' lang='lat'><strong>‚</strong></span> <span class='ocrx_word' id='word_1_344' title='bbox 574 1920 605 1950; x_wconf 72' lang='grc' dir='ltr'>δε</span> <span class='ocrx_word' id='word_1_345' title='bbox 627 1919 726 1952; x_wconf 79' lang='lat' dir='ltr'>citius</span> <span class='ocrx_word' id='word_1_346' title='bbox 760 1921 857 1965; x_wconf 75' lang='lat' dir='ltr'>largis</span> <span class='ocrx_word' id='word_1_347' title='bbox 888 1919 1053 1960; x_wconf 73' lang='lat' dir='ltr'>sanguinis</span> 
     </span>
     <span class='ocr_line' id='line_1_41' title="bbox 42 1960 1052 2004; baseline -0.001 -8"><span class='ocrx_word' id='word_1_348' title='bbox 42 1962 242 1996; x_wconf 78' lang='lat' dir='ltr'>missionibus</span> <span class='ocrx_word' id='word_1_349' title='bbox 274 1960 441 1994; x_wconf 88' lang='lat' dir='ltr'>cedentia.</span> <span class='ocrx_word' id='word_1_350' title='bbox 579 1961 629 1994; x_wconf 80' lang='lat' dir='ltr'>Ad</span> <span class='ocrx_word' id='word_1_351' title='bbox 654 1973 724 2003; x_wconf 82' lang='lat' dir='ltr'>quae</span> <span class='ocrx_word' id='word_1_352' title='bbox 755 1973 822 2004; x_wconf 84' lang='lat' dir='ltr'>jam</span> <span class='ocrx_word' id='word_1_353' title='bbox 848 1963 927 1995; x_wconf 82' lang='lat' dir='ltr'>olim</span> <span class='ocrx_word' id='word_1_354' title='bbox 952 1974 967 1994; x_wconf 90' lang='lat' dir='ltr'>a</span> <span class='ocrx_word' id='word_1_355' title='bbox 1003 1974 1052 1996; x_wconf 90' lang='lat' dir='ltr'>me</span> 
     </span>
     <span class='ocr_line' id='line_1_42' title="bbox 38 2004 1052 2048; baseline -0.003 -8"><span class='ocrx_word' id='word_1_356' title='bbox 38 2008 156 2040; x_wconf 88' lang='lat' dir='ltr'>litteris</span> <span class='ocrx_word' id='word_1_357' title='bbox 182 2005 332 2039; x_wconf 83' lang='lat' dir='ltr'>mandata</span> <span class='ocrx_word' id='word_1_358' title='bbox 359 2029 366 2041; x_wconf 85' lang='lat'>,</span> <span class='ocrx_word' id='word_1_359' title='bbox 390 2004 457 2037; x_wconf 86' lang='lat' dir='ltr'>haec</span> <span class='ocrx_word' id='word_1_360' title='bbox 480 2004 601 2044; x_wconf 87' lang='lat' dir='ltr'>placuit</span> <span class='ocrx_word' id='word_1_361' title='bbox 627 2005 738 2038; x_wconf 79' lang='lat' dir='ltr'>addere</span> <span class='ocrx_word' id='word_1_362' title='bbox 763 2029 772 2043; x_wconf 93' lang='lat'>‚</span> <span class='ocrx_word' id='word_1_363' title='bbox 808 2017 879 2048; x_wconf 82' lang='lat' dir='ltr'>quae</span> <span class='ocrx_word' id='word_1_364' title='bbox 903 2017 976 2040; x_wconf 86' lang='lat' dir='ltr'>cum</span> <span class='ocrx_word' id='word_1_365' title='bbox 1004 2006 1052 2040; x_wconf 77' lang='lat' dir='ltr'>hae</span> 
     </span>
     <span class='ocr_line' id='line_1_43' title="bbox 39 2048 1049 2092; baseline 0 -9"><span class='ocrx_word' id='word_1_366' title='bbox 39 2049 189 2092; x_wconf 82' lang='lat' dir='ltr'>Epistolae</span> <span class='ocrx_word' id='word_1_367' title='bbox 215 2049 271 2082; x_wconf 87' lang='lat' dir='ltr'>sub</span> <span class='ocrx_word' id='word_1_368' title='bbox 294 2048 426 2081; x_wconf 80' lang='lat' dir='ltr'>initium</span> <span class='ocrx_word' id='word_1_369' title='bbox 451 2048 497 2081; x_wconf 86' lang='lat' dir='ltr'>A.</span> <span class='ocrx_word' id='word_1_370' title='bbox 526 2051 620 2091; x_wconf 85' lang='lat'>1760.</span> <span class='ocrx_word' id='word_1_371' title='bbox 645 2049 901 2083; x_wconf 83' lang='lat' dir='ltr'>describerentur</span> <span class='ocrx_word' id='word_1_372' title='bbox 923 2071 931 2086; x_wconf 90' lang='lat'><strong>‚</strong></span> <span class='ocrx_word' id='word_1_373' title='bbox 957 2048 1049 2083; x_wconf 90' lang='lat' dir='ltr'>sedu-</span> 
     </span>
     <span class='ocr_line' id='line_1_44' title="bbox 38 2090 1048 2135; baseline -0.003 -8"><span class='ocrx_word' id='word_1_374' title='bbox 38 2096 72 2127; x_wconf 85' lang='lat' dir='ltr'>lo</span> <span class='ocrx_word' id='word_1_375' title='bbox 94 2105 110 2126; x_wconf 92' lang='lat' dir='ltr'>a</span> <span class='ocrx_word' id='word_1_376' title='bbox 135 2104 184 2126; x_wconf 88' lang='lat' dir='ltr'>me</span> <span class='ocrx_word' id='word_1_377' title='bbox 206 2092 337 2135; x_wconf 69' lang='lat' dir='ltr'>quaesita</span> <span class='ocrx_word' id='word_1_378' title='bbox 363 2091 403 2124; x_wconf 83' lang='lat' dir='ltr'>de</span> <span class='ocrx_word' id='word_1_379' title='bbox 426 2090 534 2124; x_wconf 85' lang='lat' dir='ltr'>eadem</span> <span class='ocrx_word' id='word_1_380' title='bbox 561 2092 693 2125; x_wconf 88' lang='lat' dir='ltr'>muliere</span> <span class='ocrx_word' id='word_1_381' title='bbox 717 2094 822 2133; x_wconf 83' lang='lat' dir='ltr'>accepi</span> <span class='ocrx_word' id='word_1_382' title='bbox 848 2116 854 2123; x_wconf 96' lang='lat'>.</span> <span class='ocrx_word' id='word_1_383' title='bbox 883 2096 982 2125; x_wconf 83' lang='lat' dir='ltr'>Anno</span> <span class='ocrx_word' id='word_1_384' title='bbox 1009 2094 1048 2125; x_wconf 92' lang='lat' dir='ltr'>il-</span> 
     </span>
     <span class='ocr_line' id='line_1_45' title="bbox 38 2133 1047 2179; baseline -0.001 -9"><span class='ocrx_word' id='word_1_385' title='bbox 38 2138 103 2170; x_wconf 84' lang='lat' dir='ltr'>lam</span> <span class='ocrx_word' id='word_1_386' title='bbox 141 2136 234 2179; x_wconf 79' lang='lat'>1758.</span> <span class='ocrx_word' id='word_1_387' title='bbox 260 2136 318 2177; x_wconf 88' lang='lat' dir='ltr'>qui</span> <span class='ocrx_word' id='word_1_388' title='bbox 357 2133 426 2176; x_wconf 85' lang='lat' dir='ltr'>ejus</span> <span class='ocrx_word' id='word_1_389' title='bbox 461 2135 565 2167; x_wconf 81' lang='lat' dir='ltr'>aetatis</span> <span class='ocrx_word' id='word_1_390' title='bbox 601 2136 887 2178; x_wconf 78' lang='lat' dir='ltr'>quinquagefimus</span> <span class='ocrx_word' id='word_1_391' title='bbox 923 2139 1047 2177; x_wconf 87' lang='lat' dir='ltr'>primus</span> 
     </span>
     <span class='ocr_line' id='line_1_46' title="bbox 38 2177 1047 2220; baseline -0.004 -5"><span class='ocrx_word' id='word_1_392' title='bbox 38 2179 127 2220; x_wconf 85' lang='lat' dir='ltr'>fuit,</span> <span class='ocrx_word' id='word_1_393' title='bbox 153 2178 323 2214; x_wconf 82' lang='lat' dir='ltr'>menstruis</span> <span class='ocrx_word' id='word_1_394' title='bbox 348 2178 484 2220; x_wconf 83' lang='lat' dir='ltr'>denique</span> <span class='ocrx_word' id='word_1_395' title='bbox 507 2180 754 2220; x_wconf 81' lang='lat' dir='ltr'>purgationibus</span> <span class='ocrx_word' id='word_1_396' title='bbox 778 2190 882 2212; x_wconf 85' lang='lat' dir='ltr'>carere</span> <span class='ocrx_word' id='word_1_397' title='bbox 895 2177 1047 2218; x_wconf 79' lang='lat' dir='ltr'>coepisse,</span> 
     </span>
     <span class='ocr_line' id='line_1_47' title="bbox 38 2221 1048 2267; baseline -0.004 -9"><span class='ocrx_word' id='word_1_398' title='bbox 38 2236 112 2267; x_wconf 86' lang='lat' dir='ltr'>quae</span> <span class='ocrx_word' id='word_1_399' title='bbox 138 2224 176 2257; x_wconf 88' lang='lat' dir='ltr'>ad</span> <span class='ocrx_word' id='word_1_400' title='bbox 200 2223 234 2256; x_wconf 88' lang='lat' dir='ltr'>id</span> <span class='ocrx_word' id='word_1_401' title='bbox 259 2232 388 2263; x_wconf 87' lang='lat' dir='ltr'>tempus</span> <span class='ocrx_word' id='word_1_402' title='bbox 411 2223 442 2253; x_wconf 74' lang='grc' dir='ltr'>δε</span> <span class='ocrx_word' id='word_1_403' title='bbox 465 2221 651 2259; x_wconf 68' lang='lat' dir='ltr'>uberrimae,</span> <span class='ocrx_word' id='word_1_404' title='bbox 673 2224 704 2254; x_wconf 73' lang='grc' dir='ltr'>δι</span> <span class='ocrx_word' id='word_1_405' title='bbox 724 2225 882 2255; x_wconf 66' lang='lat' dir='ltr'>coccineae</span> <span class='ocrx_word' id='word_1_406' title='bbox 906 2222 964 2255; x_wconf 75' lang='lat' dir='ltr'>esse</span> <span class='ocrx_word' id='word_1_407' title='bbox 977 2233 1048 2263; x_wconf 90' lang='lat' dir='ltr'>per-</span> 
     </span>
     <span class='ocr_line' id='line_1_48' title="bbox 40 2262 1043 2305; baseline -0.004 -4"><span class='ocrx_word' id='word_1_408' title='bbox 40 2267 190 2301; x_wconf 71' lang='lat' dir='ltr'>rexissent</span> <span class='ocrx_word' id='word_1_409' title='bbox 207 2291 214 2300; x_wconf 95' lang='lat'>.</span> <span class='ocrx_word' id='word_1_410' title='bbox 238 2264 466 2299; x_wconf 85' lang='lat' dir='ltr'>Nihilominus</span> <span class='ocrx_word' id='word_1_411' title='bbox 492 2262 533 2297; x_wconf 91' lang='lat' dir='ltr'>sic</span> <span class='ocrx_word' id='word_1_412' title='bbox 558 2263 631 2297; x_wconf 85' lang='lat' dir='ltr'>satis</span> <span class='ocrx_word' id='word_1_413' title='bbox 656 2264 785 2299; x_wconf 89' lang='lat' dir='ltr'>valuisse</span> <span class='ocrx_word' id='word_1_414' title='bbox 809 2287 818 2302; x_wconf 90' lang='lat'>,</span> <span class='ocrx_word' id='word_1_415' title='bbox 852 2268 882 2298; x_wconf 69' lang='grc' dir='ltr'>δε</span> <span class='ocrx_word' id='word_1_416' title='bbox 908 2265 1010 2298; x_wconf 88' lang='lat' dir='ltr'>valere</span> <span class='ocrx_word' id='word_1_417' title='bbox 1034 2293 1043 2305; x_wconf 86' lang='lat'>‚</span> 
     </span>
     <span class='ocr_line' id='line_1_49' title="bbox 41 2306 1045 2353; baseline -0.001 -9"><span class='ocrx_word' id='word_1_418' title='bbox 41 2310 100 2344; x_wconf 86' lang='lat' dir='ltr'>nili</span> <span class='ocrx_word' id='word_1_419' title='bbox 134 2310 223 2353; x_wconf 91' lang='lat' dir='ltr'>quod</span> <span class='ocrx_word' id='word_1_420' title='bbox 247 2306 314 2341; x_wconf 87' lang='lat' dir='ltr'>fere</span> <span class='ocrx_word' id='word_1_421' title='bbox 347 2307 482 2341; x_wconf 80' lang='lat' dir='ltr'>affiduus</span> <span class='ocrx_word' id='word_1_422' title='bbox 506 2309 539 2340; x_wconf 86' lang='lat' dir='ltr'>in</span> <span class='ocrx_word' id='word_1_423' title='bbox 564 2318 674 2341; x_wconf 88' lang='lat' dir='ltr'>ventre</span> <span class='ocrx_word' id='word_1_424' title='bbox 697 2309 741 2341; x_wconf 79' lang='lat' dir='ltr'>est</span> <span class='ocrx_word' id='word_1_425' title='bbox 774 2309 886 2351; x_wconf 82' lang='lat' dir='ltr'>glaciei</span> <span class='ocrx_word' id='word_1_426' title='bbox 910 2308 1013 2342; x_wconf 89' lang='lat' dir='ltr'>sensus</span> <span class='ocrx_word' id='word_1_427' title='bbox 1038 2322 1045 2343; x_wconf 92' lang='lat'>.·</span> 
     </span>
    </p>
   </div>
   <div class='ocr_carea' id='block_1_7' title="bbox 37 2350 1059 2397">
    <p class='ocr_par' dir='ltr' id='par_1_7' title="bbox 37 2350 1059 2397">
     <span class='ocr_line' id='line_1_50' title="bbox 37 2350 1059 2397; baseline 0.001 -12"><span class='ocrx_word' id='word_1_428' title='bbox 37 2355 94 2397; x_wconf 82' lang='lat' dir='ltr'>qui</span> <span class='ocrx_word' id='word_1_429' title='bbox 119 2365 192 2388; x_wconf 83' lang='lat' dir='ltr'>cun</span> <span class='ocrx_word' id='word_1_430' title='bbox 215 2353 288 2386; x_wconf 76' lang='lat' dir='ltr'>inde</span> <span class='ocrx_word' id='word_1_431' title='bbox 312 2351 349 2385; x_wconf 89' lang='lat' dir='ltr'>ad</span> <span class='ocrx_word' id='word_1_432' title='bbox 374 2352 483 2393; x_wconf 71' lang='lat' dir='ltr'>peetus</span> <span class='ocrx_word' id='word_1_433' title='bbox 507 2350 668 2388; x_wconf 78' lang='lat' dir='ltr'>ascendit,</span> <span class='ocrx_word' id='word_1_434' title='bbox 695 2364 761 2385; x_wconf 90' lang='lat' dir='ltr'>eam</span> <span class='ocrx_word' id='word_1_435' title='bbox 778 2350 868 2386; x_wconf 86' lang='lat' dir='ltr'>affert</span> <span class='ocrx_word' id='word_1_436' title='bbox 893 2352 1059 2394; x_wconf 64' lang='lat' dir='ltr'>respiran-&gt;</span> 
     </span>
    </p>
   </div>
   <div class='ocr_carea' id='block_1_8' title="bbox 34 2394 1049 3522">
    <p class='ocr_par' dir='ltr' id='par_1_8' title="bbox 37 2394 1049 2563">
     <span class='ocr_line' id='line_1_51' title="bbox 38 2394 792 2437; baseline -0.004 -5"><span class='ocrx_word' id='word_1_437' title='bbox 38 2399 70 2432; x_wconf 90' lang='lat' dir='ltr'>di</span> <span class='ocrx_word' id='word_1_438' title='bbox 94 2396 318 2431; x_wconf 87' lang='lat' dir='ltr'>difficultatem</span> <span class='ocrx_word' id='word_1_439' title='bbox 345 2419 354 2435; x_wconf 93' lang='lat'>,</span> <span class='ocrx_word' id='word_1_440' title='bbox 385 2406 421 2428; x_wconf 88' lang='lat' dir='ltr'>ut</span> <span class='ocrx_word' id='word_1_441' title='bbox 445 2396 602 2429; x_wconf 88' lang='lat' dir='ltr'>continuo</span> <span class='ocrx_word' id='word_1_442' title='bbox 635 2394 759 2437; x_wconf 76' lang='lat' dir='ltr'>sanguis</span> <span class='ocrx_word' id='word_1_443' title='bbox 785 2422 792 2434; x_wconf 92' lang='lat'>,</span> 
     </span>
     <span class='ocr_line' id='line_1_52' title="bbox 39 2437 1049 2481; baseline -0.004 -7"><span class='ocrx_word' id='word_1_444' title='bbox 39 2440 166 2475; x_wconf 88' lang='lat' dir='ltr'>modica</span> <span class='ocrx_word' id='word_1_445' title='bbox 194 2462 203 2477; x_wconf 86' lang='lat'>‚</span> <span class='ocrx_word' id='word_1_446' title='bbox 239 2438 413 2472; x_wconf 87' lang='lat' dir='ltr'>mittendus</span> <span class='ocrx_word' id='word_1_447' title='bbox 437 2437 475 2470; x_wconf 93' lang='lat' dir='ltr'>sit</span> <span class='ocrx_word' id='word_1_448' title='bbox 498 2463 508 2471; x_wconf 90' lang='lat'><strong>.</strong></span> <span class='ocrx_word' id='word_1_449' title='bbox 532 2438 604 2472; x_wconf 90' lang='lat' dir='ltr'>Nec</span> <span class='ocrx_word' id='word_1_450' title='bbox 627 2437 726 2472; x_wconf 87' lang='lat' dir='ltr'>deesse</span> <span class='ocrx_word' id='word_1_451' title='bbox 750 2451 821 2481; x_wconf 79' lang='lat' dir='ltr'>quae</span> <span class='ocrx_word' id='word_1_452' title='bbox 847 2441 879 2472; x_wconf 90' lang='lat' dir='ltr'>id</span> <span class='ocrx_word' id='word_1_453' title='bbox 905 2438 1008 2472; x_wconf 87' lang='lat' dir='ltr'>ferant</span> <span class='ocrx_word' id='word_1_454' title='bbox 1035 2462 1049 2478; x_wconf 92' lang='lat'>,</span> 
     </span>
     <span class='ocr_line' id='line_1_53' title="bbox 39 2480 1047 2525; baseline -0.004 -7"><span class='ocrx_word' id='word_1_455' title='bbox 39 2486 122 2518; x_wconf 88' lang='lat' dir='ltr'>vires</span> <span class='ocrx_word' id='word_1_456' title='bbox 148 2483 275 2517; x_wconf 88' lang='lat' dir='ltr'>mulieri</span> <span class='ocrx_word' id='word_1_457' title='bbox 302 2509 311 2523; x_wconf 91' lang='lat'>‚</span> <span class='ocrx_word' id='word_1_458' title='bbox 346 2483 466 2514; x_wconf 84' lang='lat' dir='ltr'>bonurn</span> <span class='ocrx_word' id='word_1_459' title='bbox 492 2480 595 2516; x_wconf 86' lang='lat' dir='ltr'>adhuc</span> <span class='ocrx_word' id='word_1_460' title='bbox 626 2485 656 2515; x_wconf 88' lang='lat'>&amp;</span> <span class='ocrx_word' id='word_1_461' title='bbox 680 2484 829 2525; x_wconf 85' lang='lat' dir='ltr'>corporis</span> <span class='ocrx_word' id='word_1_462' title='bbox 862 2483 1011 2516; x_wconf 77' lang='lat' dir='ltr'>habitum</span> <span class='ocrx_word' id='word_1_463' title='bbox 1034 2505 1047 2522; x_wconf 98' lang='lat'>,</span> 
     </span>
     <span class='ocr_line' id='line_1_54' title="bbox 37 2523 541 2563; baseline -0.012 0"><span class='ocrx_word' id='word_1_464' title='bbox 37 2532 68 2563; x_wconf 87' lang='lat'>&amp;</span> <span class='ocrx_word' id='word_1_465' title='bbox 81 2523 189 2562; x_wconf 66' lang='lat' dir='ltr'>‘faciei</span> <span class='ocrx_word' id='word_1_466' title='bbox 213 2527 357 2560; x_wconf 89' lang='lat' dir='ltr'>colorem</span> <span class='ocrx_word' id='word_1_467' title='bbox 382 2525 541 2559; x_wconf 86' lang='lat' dir='ltr'>servanti.</span> 
     </span>
    </p>

    <p class='ocr_par' dir='ltr' id='par_1_9' title="bbox 34 2567 1049 3522">
     <span class='ocr_line' id='line_1_55' title="bbox 82 2567 1044 2611; baseline -0.003 -6"><span class='ocrx_word' id='word_1_468' title='bbox 82 2572 131 2605; x_wconf 87' lang='lat'>28.</span> <span class='ocrx_word' id='word_1_469' title='bbox 157 2571 265 2604; x_wconf 75' lang='lat' dir='ltr'>Habes</span> <span class='ocrx_word' id='word_1_470' title='bbox 288 2570 326 2603; x_wconf 90' lang='lat' dir='ltr'>de</span> <span class='ocrx_word' id='word_1_471' title='bbox 351 2568 520 2603; x_wconf 65' lang='lat' dir='ltr'>affectione</span> <span class='ocrx_word' id='word_1_472' title='bbox 555 2569 716 2611; x_wconf 78' lang='lat' dir='ltr'>sanguinis</span> <span class='ocrx_word' id='word_1_473' title='bbox 740 2567 823 2601; x_wconf 90' lang='lat' dir='ltr'>haud</span> <span class='ocrx_word' id='word_1_474' title='bbox 848 2569 954 2602; x_wconf 86' lang='lat' dir='ltr'>minus</span> <span class='ocrx_word' id='word_1_475' title='bbox 977 2568 1044 2603; x_wconf 90' lang='lat' dir='ltr'>for-</span> 
     </span>
     <span class='ocr_line' id='line_1_56' title="bbox 38 2613 1043 2655; baseline -0.005 -5"><span class='ocrx_word' id='word_1_476' title='bbox 38 2614 114 2649; x_wconf 86' lang='lat' dir='ltr'>tasse</span> <span class='ocrx_word' id='word_1_477' title='bbox 148 2614 330 2648; x_wconf 85' lang='lat' dir='ltr'>admiranda</span> <span class='ocrx_word' id='word_1_478' title='bbox 354 2624 452 2655; x_wconf 86' lang='lat' dir='ltr'>quam</span> <span class='ocrx_word' id='word_1_479' title='bbox 491 2623 565 2645; x_wconf 86' lang='lat' dir='ltr'>cum</span> <span class='ocrx_word' id='word_1_480' title='bbox 590 2613 672 2655; x_wconf 74' lang='lat' dir='ltr'>apud</span> <span class='ocrx_word' id='word_1_481' title='bbox 700 2614 873 2646; x_wconf 85' lang='lat' dir='ltr'>Lowerurn</span> <span class='ocrx_word' id='word_1_482' title='bbox 899 2616 912 2651; x_wconf 96' lang='lat'>(</span> <span class='ocrx_word' id='word_1_483' title='bbox 935 2624 951 2645; x_wconf 90' lang='lat' dir='ltr'>c</span> <span class='ocrx_word' id='word_1_484' title='bbox 972 2617 986 2652; x_wconf 89' lang='lat'>)</span> <span class='ocrx_word' id='word_1_485' title='bbox 1009 2615 1043 2645; x_wconf 91' lang='lat' dir='ltr'>in</span> 
     </span>
     <span class='ocr_line' id='line_1_57' title="bbox 34 2652 1043 2698; baseline -0.005 -5"><span class='ocrx_word' id='word_1_486' title='bbox 34 2660 169 2693; x_wconf 86' lang='lat' dir='ltr'>immani</span> <span class='ocrx_word' id='word_1_487' title='bbox 195 2656 431 2698; x_wconf 80' lang='lat' dir='ltr'>haemorrhagia</span> <span class='ocrx_word' id='word_1_488' title='bbox 457 2664 546 2688; x_wconf 87' lang='lat' dir='ltr'>totus</span> <span class='ocrx_word' id='word_1_489' title='bbox 571 2655 808 2698; x_wconf 86' lang='lat' dir='ltr'>propemodum</span> <span class='ocrx_word' id='word_1_490' title='bbox 831 2652 947 2688; x_wconf 85' lang='lat' dir='ltr'>effusus</span> <span class='ocrx_word' id='word_1_491' title='bbox 970 2678 979 2693; x_wconf 91' lang='lat'>‚</span> <span class='ocrx_word' id='word_1_492' title='bbox 1006 2655 1043 2688; x_wconf 85' lang='lat' dir='ltr'>fi-</span> 
     </span>
     <span class='ocr_line' id='line_1_58' title="bbox 36 2697 1040 2743; baseline -0.004 -8"><span class='ocrx_word' id='word_1_493' title='bbox 36 2704 104 2736; x_wconf 90' lang='lat' dir='ltr'>mul</span> <span class='ocrx_word' id='word_1_494' title='bbox 139 2710 247 2736; x_wconf 84' lang='lat' dir='ltr'>autem</span> <span class='ocrx_word' id='word_1_495' title='bbox 274 2700 405 2742; x_wconf 80' lang='lat' dir='ltr'>jusculis</span> <span class='ocrx_word' id='word_1_496' title='bbox 437 2699 616 2743; x_wconf 40' lang='lat' dir='ltr'>iden-tidem</span> <span class='ocrx_word' id='word_1_497' title='bbox 643 2698 777 2740; x_wconf 87' lang='lat' dir='ltr'>sumptis</span> <span class='ocrx_word' id='word_1_498' title='bbox 812 2697 1007 2732; x_wconf 77' lang='lat' dir='ltr'>instauratus</span> <span class='ocrx_word' id='word_1_499' title='bbox 1031 2722 1040 2736; x_wconf 92' lang='lat'>,</span> 
     </span>
     <span class='ocr_line' id='line_1_59' title="bbox 39 2742 1042 2787; baseline -0.004 -8"><span class='ocrx_word' id='word_1_500' title='bbox 39 2747 89 2779; x_wconf 88' lang='lat' dir='ltr'>his</span> <span class='ocrx_word' id='word_1_501' title='bbox 113 2755 211 2787; x_wconf 89' lang='lat' dir='ltr'>quam</span> <span class='ocrx_word' id='word_1_502' title='bbox 235 2743 293 2776; x_wconf 84' lang='lat' dir='ltr'>sibi</span> <span class='ocrx_word' id='word_1_503' title='bbox 317 2743 449 2776; x_wconf 89' lang='lat' dir='ltr'>similior</span> <span class='ocrx_word' id='word_1_504' title='bbox 473 2743 618 2775; x_wconf 81' lang='lat' dir='ltr'>efflueret</span> <span class='ocrx_word' id='word_1_505' title='bbox 642 2765 655 2782; x_wconf 92' lang='lat'>,</span> <span class='ocrx_word' id='word_1_506' title='bbox 689 2742 819 2775; x_wconf 88' lang='lat' dir='ltr'>homine</span> <span class='ocrx_word' id='word_1_507' title='bbox 842 2751 949 2774; x_wconf 88' lang='lat' dir='ltr'>tamen</span> <span class='ocrx_word' id='word_1_508' title='bbox 978 2754 1042 2775; x_wconf 86' lang='lat' dir='ltr'>non</span> 
     </span>
     <span class='ocr_line' id='line_1_60' title="bbox 38 2785 1043 2827; baseline -0.002 -6"><span class='ocrx_word' id='word_1_509' title='bbox 38 2791 168 2822; x_wconf 88' lang='lat' dir='ltr'>vivente</span> <span class='ocrx_word' id='word_1_510' title='bbox 191 2787 309 2822; x_wconf 83' lang='lat' dir='ltr'>modo,</span> <span class='ocrx_word' id='word_1_511' title='bbox 334 2787 383 2819; x_wconf 91' lang='lat' dir='ltr'>sed</span> <span class='ocrx_word' id='word_1_512' title='bbox 409 2786 537 2818; x_wconf 87' lang='lat' dir='ltr'>sanitati</span> <span class='ocrx_word' id='word_1_513' title='bbox 551 2786 718 2824; x_wconf 79' lang='lat' dir='ltr'>restituto5</span> <span class='ocrx_word' id='word_1_514' title='bbox 743 2785 863 2824; x_wconf 77' lang='lat' dir='ltr'>habes,</span> <span class='ocrx_word' id='word_1_515' title='bbox 887 2787 1043 2827; x_wconf 85' lang='lat' dir='ltr'>inquam,</span> 
     </span>
     <span class='ocr_line' id='line_1_61' title="bbox 40 2828 1045 2870; baseline -0.004 -4"><span class='ocrx_word' id='word_1_516' title='bbox 40 2833 152 2866; x_wconf 78' lang='lat' dir='ltr'>omnia</span> <span class='ocrx_word' id='word_1_517' title='bbox 176 2841 216 2864; x_wconf 88' lang='lat' dir='ltr'>ex</span> <span class='ocrx_word' id='word_1_518' title='bbox 240 2828 409 2863; x_wconf 84' lang='lat' dir='ltr'>Mediaviae</span> <span class='ocrx_word' id='word_1_519' title='bbox 434 2828 530 2863; x_wconf 85' lang='lat' dir='ltr'>nostri</span> <span class='ocrx_word' id='word_1_520' title='bbox 559 2830 686 2862; x_wconf 79' lang='lat' dir='ltr'>Medica</span> <span class='ocrx_word' id='word_1_521' title='bbox 710 2828 910 2870; x_wconf 84' lang='lat' dir='ltr'>ephemeride</span> <span class='ocrx_word' id='word_1_522' title='bbox 937 2855 944 2868; x_wconf 93' lang='lat'>,</span> <span class='ocrx_word' id='word_1_523' title='bbox 971 2841 1045 2870; x_wconf 88' lang='lat' dir='ltr'>pro·</span> 
     </span>
     <span class='ocr_line' id='line_1_62' title="bbox 40 2872 1045 2914; baseline -0.004 -5"><span class='ocrx_word' id='word_1_524' title='bbox 40 2877 105 2909; x_wconf 90' lang='lat' dir='ltr'>lixe</span> <span class='ocrx_word' id='word_1_525' title='bbox 128 2888 144 2909; x_wconf 85' lang='lat' dir='ltr'>a</span> <span class='ocrx_word' id='word_1_526' title='bbox 169 2885 218 2907; x_wconf 91' lang='lat' dir='ltr'>me</span> <span class='ocrx_word' id='word_1_527' title='bbox 241 2872 395 2914; x_wconf 87' lang='lat' dir='ltr'>quidem,</span> <span class='ocrx_word' id='word_1_528' title='bbox 418 2873 494 2913; x_wconf 86' lang='lat' dir='ltr'>sed,</span> <span class='ocrx_word' id='word_1_529' title='bbox 518 2882 553 2906; x_wconf 92' lang='lat' dir='ltr'>ut</span> <span class='ocrx_word' id='word_1_530' title='bbox 578 2882 677 2912; x_wconf 87' lang='lat' dir='ltr'>puto,</span> <span class='ocrx_word' id='word_1_531' title='bbox 704 2872 964 2906; x_wconf 82' lang='lat' dir='ltr'>baudinutiliter</span> <span class='ocrx_word' id='word_1_532' title='bbox 989 2885 1045 2905; x_wconf 79' lang='lat' dir='ltr'>ex-</span> 
     </span>
     <span class='ocr_line' id='line_1_63' title="bbox 40 2915 1046 2960; baseline -0.004 -7"><span class='ocrx_word' id='word_1_533' title='bbox 40 2928 151 2960; x_wconf 87' lang='lat' dir='ltr'>cerpta</span> <span class='ocrx_word' id='word_1_534' title='bbox 174 2942 181 2950; x_wconf 93' lang='lat'><em>.</em></span> <span class='ocrx_word' id='word_1_535' title='bbox 215 2916 353 2960; x_wconf 79' lang='lat' dir='ltr'>Quanto</span> <span class='ocrx_word' id='word_1_536' title='bbox 376 2918 459 2950; x_wconf 89' lang='lat' dir='ltr'>enim</span> <span class='ocrx_word' id='word_1_537' title='bbox 483 2915 678 2959; x_wconf 68' lang='lat' dir='ltr'>difficiliores</span> <span class='ocrx_word' id='word_1_538' title='bbox 703 2915 885 2956; x_wconf 79' lang='lat' dir='ltr'>hujusmodi</span> <span class='ocrx_word' id='word_1_539' title='bbox 919 2927 966 2948; x_wconf 82' lang='lat' dir='ltr'>res</span> <span class='ocrx_word' id='word_1_540' title='bbox 991 2918 1046 2949; x_wconf 73' lang='lat' dir='ltr'>lia-</span> 
     </span>
     <span class='ocr_line' id='line_1_64' title="bbox 41 2958 1044 3003; baseline -0.004 -6"><span class='ocrx_word' id='word_1_541' title='bbox 41 2963 96 2996; x_wconf 90' lang='lat' dir='ltr'>bet</span> <span class='ocrx_word' id='word_1_542' title='bbox 121 2960 300 3003; x_wconf 84' lang='lat' dir='ltr'>explicatus</span> <span class='ocrx_word' id='word_1_543' title='bbox 322 2982 333 2998; x_wconf 85' lang='lat'><em>‚</em></span> <span class='ocrx_word' id='word_1_544' title='bbox 356 2969 447 2992; x_wconf 85' lang='lat' dir='ltr'>tanto</span> <span class='ocrx_word' id='word_1_545' title='bbox 468 2959 659 2997; x_wconf 64' lang='lat' dir='ltr'>diligentius</span> <span class='ocrx_word' id='word_1_546' title='bbox 682 2958 783 2992; x_wconf 82' lang='lat' dir='ltr'>danda</span> <span class='ocrx_word' id='word_1_547' title='bbox 797 2970 892 3000; x_wconf 86' lang='lat' dir='ltr'>opera</span> <span class='ocrx_word' id='word_1_548' title='bbox 917 2959 982 2999; x_wconf 83' lang='lat' dir='ltr'>est,</span> <span class='ocrx_word' id='word_1_549' title='bbox 1009 2970 1044 2993; x_wconf 90' lang='lat' dir='ltr'>ut</span> 
     </span>
     <span class='ocr_line' id='line_1_65' title="bbox 44 3002 1046 3046; baseline -0.004 -6"><span class='ocrx_word' id='word_1_550' title='bbox 44 3007 84 3040; x_wconf 86' lang='lat' dir='ltr'>ab</span> <span class='ocrx_word' id='word_1_551' title='bbox 106 3006 147 3039; x_wconf 91' lang='lat' dir='ltr'>iis</span> <span class='ocrx_word' id='word_1_552' title='bbox 172 3005 228 3046; x_wconf 88' lang='lat' dir='ltr'>qui</span> <span class='ocrx_word' id='word_1_553' title='bbox 254 3002 475 3045; x_wconf 84' lang='lat' dir='ltr'>explicandam</span> <span class='ocrx_word' id='word_1_554' title='bbox 499 3002 585 3036; x_wconf 90' lang='lat' dir='ltr'>forte</span> <span class='ocrx_word' id='word_1_555' title='bbox 608 3002 803 3044; x_wconf 83' lang='lat' dir='ltr'>suscipiant,</span> <span class='ocrx_word' id='word_1_556' title='bbox 827 3002 907 3035; x_wconf 89' lang='lat' dir='ltr'>nihil</span> <span class='ocrx_word' id='word_1_557' title='bbox 933 3014 971 3036; x_wconf 86' lang='lat' dir='ltr'>ex</span> <span class='ocrx_word' id='word_1_558' title='bbox 994 3002 1046 3036; x_wconf 89' lang='lat' dir='ltr'>hi-</span> 
     </span>
     <span class='ocr_line' id='line_1_66' title="bbox 43 3045 1045 3092; baseline -0.007 -9"><span class='ocrx_word' id='word_1_559' title='bbox 43 3050 140 3083; x_wconf 87' lang='lat' dir='ltr'>storia</span> <span class='ocrx_word' id='word_1_560' title='bbox 165 3046 379 3086; x_wconf 82' lang='lat' dir='ltr'>desideretur,</span> <span class='ocrx_word' id='word_1_561' title='bbox 402 3046 486 3079; x_wconf 84' lang='lat' dir='ltr'>secus</span> <span class='ocrx_word' id='word_1_562' title='bbox 511 3057 606 3089; x_wconf 88' lang='lat' dir='ltr'>atque</span> <span class='ocrx_word' id='word_1_563' title='bbox 629 3046 663 3078; x_wconf 87' lang='lat' dir='ltr'>in</span> <span class='ocrx_word' id='word_1_564' title='bbox 688 3046 757 3092; x_wconf 83' lang='lat' dir='ltr'>aliis</span> <span class='ocrx_word' id='word_1_565' title='bbox 782 3045 898 3078; x_wconf 85' lang='lat' dir='ltr'>accidit</span> <span class='ocrx_word' id='word_1_566' title='bbox 922 3046 1045 3088; x_wconf 70' lang='lat' dir='ltr'>inquas</span> 
     </span>
     <span class='ocr_line' id='line_1_67' title="bbox 43 3088 1043 3131; baseline -0.003 -5"><span class='ocrx_word' id='word_1_567' title='bbox 43 3092 198 3126; x_wconf 60' lang='lat' dir='ltr'>haeftenus</span> <span class='ocrx_word' id='word_1_568' title='bbox 220 3089 322 3123; x_wconf 87' lang='lat' dir='ltr'>incidi</span> <span class='ocrx_word' id='word_1_569' title='bbox 345 3111 354 3126; x_wconf 85' lang='lat'>‚</span> <span class='ocrx_word' id='word_1_570' title='bbox 388 3089 679 3123; x_wconf 80' lang='lat' dir='ltr'>Observationibus</span> <span class='ocrx_word' id='word_1_571' title='bbox 714 3088 856 3130; x_wconf 77' lang='lat' dir='ltr'>ejusdem</span> <span class='ocrx_word' id='word_1_572' title='bbox 890 3091 1012 3131; x_wconf 78' lang='lat' dir='ltr'>generis</span> <span class='ocrx_word' id='word_1_573' title='bbox 1036 3116 1043 3123; x_wconf 87' lang='lat'>.</span> 
     </span>
     <span class='ocr_line' id='line_1_68' title="bbox 45 3131 1046 3175; baseline -0.005 -6"><span class='ocrx_word' id='word_1_574' title='bbox 45 3137 96 3169; x_wconf 84' lang='lat' dir='ltr'>Ut</span> <span class='ocrx_word' id='word_1_575' title='bbox 119 3131 205 3168; x_wconf 89' lang='lat' dir='ltr'>enim</span> <span class='ocrx_word' id='word_1_576' title='bbox 229 3133 317 3175; x_wconf 90' lang='lat' dir='ltr'>quod</span> <span class='ocrx_word' id='word_1_577' title='bbox 342 3133 498 3174; x_wconf 78' lang='lat' dir='ltr'>Spigelius</span> <span class='ocrx_word' id='word_1_578' title='bbox 521 3132 624 3166; x_wconf 87' lang='lat' dir='ltr'>noster</span> <span class='ocrx_word' id='word_1_579' title='bbox 648 3136 658 3171; x_wconf 97' lang='lat'>(</span> <span class='ocrx_word' id='word_1_580' title='bbox 681 3133 701 3164; x_wconf 88' lang='lat' dir='ltr'>d</span> <span class='ocrx_word' id='word_1_581' title='bbox 724 3135 736 3170; x_wconf 92' lang='lat'>)</span> <span class='ocrx_word' id='word_1_582' title='bbox 770 3131 892 3173; x_wconf 82' lang='lat' dir='ltr'>scripsit</span> <span class='ocrx_word' id='word_1_583' title='bbox 916 3134 953 3165; x_wconf 90' lang='lat' dir='ltr'>de</span> <span class='ocrx_word' id='word_1_584' title='bbox 969 3133 1046 3174; x_wconf 69' lang='lat' dir='ltr'>sim-</span> 
     </span>
     <span class='ocr_line' id='line_1_69' title="bbox 42 3172 1049 3223; baseline -0.005 -12"><span class='ocrx_word' id='word_1_585' title='bbox 42 3180 137 3221; x_wconf 77' lang='lat' dir='ltr'>guine</span> <span class='ocrx_word' id='word_1_586' title='bbox 161 3176 254 3221; x_wconf 75' lang='lat' dir='ltr'>craffo</span> <span class='ocrx_word' id='word_1_587' title='bbox 277 3187 312 3208; x_wconf 80' lang='lat' dir='ltr'>ac</span> <span class='ocrx_word' id='word_1_588' title='bbox 328 3172 449 3217; x_wconf 76' lang='lat' dir='ltr'>frigido</span> <span class='ocrx_word' id='word_1_589' title='bbox 473 3203 481 3217; x_wconf 89' lang='lat'>,</span> <span class='ocrx_word' id='word_1_590' title='bbox 515 3188 610 3218; x_wconf 85' lang='lat' dir='ltr'>quem</span> <span class='ocrx_word' id='word_1_591' title='bbox 635 3189 650 3209; x_wconf 90' lang='lat' dir='ltr'>e</span> <span class='ocrx_word' id='word_1_592' title='bbox 674 3175 753 3209; x_wconf 60' lang='lat' dir='ltr'>secta</span> <span class='ocrx_word' id='word_1_593' title='bbox 787 3188 863 3223; x_wconf 70' lang='lat' dir='ltr'>vena</span> <span class='ocrx_word' id='word_1_594' title='bbox 888 3178 975 3222; x_wconf 48' lang='lat' dir='ltr'>post⁸</span> <span class='ocrx_word' id='word_1_595' title='bbox 990 3175 1049 3211; x_wconf 82' lang='lat' dir='ltr'>fri..</span> 
     </span>
     <span class='ocr_line' id='line_1_70' title="bbox 44 3219 1046 3263; baseline -0.003 -8"><span class='ocrx_word' id='word_1_596' title='bbox 44 3222 155 3263; x_wconf 71' lang='lat' dir='ltr'>gidarn</span> <span class='ocrx_word' id='word_1_597' title='bbox 181 3221 220 3254; x_wconf 85' lang='lat' dir='ltr'>ab</span> <span class='ocrx_word' id='word_1_598' title='bbox 242 3219 448 3253; x_wconf 75' lang='lat' dir='ltr'>aestuantibus</span> <span class='ocrx_word' id='word_1_599' title='bbox 470 3231 596 3260; x_wconf 86' lang='lat' dir='ltr'>epotam</span> <span class='ocrx_word' id='word_1_600' title='bbox 624 3220 730 3259; x_wconf 90' lang='lat' dir='ltr'>vidit,</span> <span class='ocrx_word' id='word_1_601' title='bbox 756 3231 811 3252; x_wconf 85' lang='lat' dir='ltr'>nec</span> <span class='ocrx_word' id='word_1_602' title='bbox 836 3219 1046 3253; x_wconf 77' lang='lat' dir='ltr'>{medis-licul-</span> 
     </span>
     <span class='ocr_line' id='line_1_71' title="bbox 44 3259 1046 3306; baseline -0.001 -9"><span class='ocrx_word' id='word_1_603' title='bbox 44 3259 112 3298; x_wconf 72' lang='lat' dir='ltr'>tate</span> <span class='ocrx_word' id='word_1_604' title='bbox 128 3290 137 3304; x_wconf 90' lang='lat'><strong>‚</strong></span> <span class='ocrx_word' id='word_1_605' title='bbox 159 3264 391 3306; x_wconf 84' lang='lat' dir='ltr'>prodeuntem,</span> <span class='ocrx_word' id='word_1_606' title='bbox 416 3266 567 3297; x_wconf 88' lang='lat' dir='ltr'>omittam</span> <span class='ocrx_word' id='word_1_607' title='bbox 590 3287 602 3303; x_wconf 94' lang='lat'>,</span> <span class='ocrx_word' id='word_1_608' title='bbox 634 3264 754 3306; x_wconf 88' lang='lat' dir='ltr'>quippe</span> <span class='ocrx_word' id='word_1_609' title='bbox 777 3274 851 3295; x_wconf 90' lang='lat' dir='ltr'>cum</span> <span class='ocrx_word' id='word_1_610' title='bbox 877 3264 983 3304; x_wconf 81' lang='lat' dir='ltr'>potius</span> <span class='ocrx_word' id='word_1_611' title='bbox 1007 3265 1046 3296; x_wconf 91' lang='lat' dir='ltr'>ab</span> 
     </span>
     <span class='ocr_line' id='line_1_72' title="bbox 44 3306 1045 3350; baseline -0.005 -8"><span class='ocrx_word' id='word_1_612' title='bbox 44 3306 208 3350; x_wconf 80' lang='lat' dir='ltr'>aesophagi</span> <span class='ocrx_word' id='word_1_613' title='bbox 233 3306 355 3347; x_wconf 72' lang='lat' dir='ltr'>frigore</span> <span class='ocrx_word' id='word_1_614' title='bbox 378 3307 463 3340; x_wconf 88' lang='lat' dir='ltr'>intra</span> <span class='ocrx_word' id='word_1_615' title='bbox 478 3306 608 3339; x_wconf 85' lang='lat' dir='ltr'>adfitam</span> <span class='ocrx_word' id='word_1_616' title='bbox 631 3309 779 3340; x_wconf 84' lang='lat' dir='ltr'>arteriam</span> <span class='ocrx_word' id='word_1_617' title='bbox 794 3307 947 3348; x_wconf 81' lang='lat' dir='ltr'>Magnam</span> <span class='ocrx_word' id='word_1_618' title='bbox 972 3307 1045 3340; x_wconf 89' lang='lat' dir='ltr'>den.</span> 
     </span>
     <span class='ocr_line' id='line_1_73' title="bbox 44 3348 1048 3392; baseline -0.001 -8"><span class='ocrx_word' id='word_1_619' title='bbox 44 3350 158 3384; x_wconf 82' lang='lat' dir='ltr'>florem</span> <span class='ocrx_word' id='word_1_620' title='bbox 193 3349 438 3390; x_wconf 76' lang='lat' dir='ltr'>craffiorcmque</span> <span class='ocrx_word' id='word_1_621' title='bbox 471 3350 593 3383; x_wconf 57' lang='lat' dir='ltr'>factum</span> <span class='ocrx_word' id='word_1_622' title='bbox 618 3375 626 3388; x_wconf 95' lang='lat'><strong>‚</strong></span> <span class='ocrx_word' id='word_1_623' title='bbox 658 3363 754 3392; x_wconf 87' lang='lat' dir='ltr'>quam</span> <span class='ocrx_word' id='word_1_624' title='bbox 787 3351 857 3383; x_wconf 74' lang='lat' dir='ltr'>ac&#39;tu</span> <span class='ocrx_word' id='word_1_625' title='bbox 891 3348 1048 3391; x_wconf 79' lang='lat' dir='ltr'>frigidum</span> 
     </span>
     <span class='ocr_line' id='line_1_74' title="bbox 43 3393 1048 3435; baseline 0.001 -9"><span class='ocrx_word' id='word_1_626' title='bbox 43 3394 191 3428; x_wconf 84' lang='lat' dir='ltr'>videatur</span> <span class='ocrx_word' id='word_1_627' title='bbox 214 3393 419 3434; x_wconf 76' lang='lat' dir='ltr'>intelligere3</span> <span class='ocrx_word' id='word_1_628' title='bbox 443 3403 528 3426; x_wconf 90' lang='lat' dir='ltr'>certe</span> <span class='ocrx_word' id='word_1_629' title='bbox 551 3405 622 3435; x_wconf 84' lang='lat' dir='ltr'>quae</span> <span class='ocrx_word' id='word_1_630' title='bbox 641 3393 838 3426; x_wconf 87' lang='lat' dir='ltr'>Observatio</span> <span class='ocrx_word' id='word_1_631' title='bbox 860 3393 941 3426; x_wconf 93' lang='lat' dir='ltr'>olim</span> <span class='ocrx_word' id='word_1_632' title='bbox 965 3396 1048 3434; x_wconf 83' lang='lat' dir='ltr'>apud</span> 
     </span>
     <span class='ocr_line' id='line_1_75' title="bbox 44 3434 1048 3478; baseline -0.001 -7"><span class='ocrx_word' id='word_1_633' title='bbox 44 3434 218 3472; x_wconf 82' lang='lat' dir='ltr'>Riverium</span> <span class='ocrx_word' id='word_1_634' title='bbox 249 3438 334 3475; x_wconf 85' lang='lat' dir='ltr'>(e)</span> <span class='ocrx_word' id='word_1_635' title='bbox 366 3436 529 3478; x_wconf 87' lang='lat' dir='ltr'>proposita</span> <span class='ocrx_word' id='word_1_636' title='bbox 562 3437 604 3469; x_wconf 81' lang='lat' dir='ltr'>est</span> <span class='ocrx_word' id='word_1_637' title='bbox 638 3438 670 3469; x_wconf 92' lang='lat' dir='ltr'>in</span> <span class='ocrx_word' id='word_1_638' title='bbox 705 3440 840 3470; x_wconf 88' lang='lat' dir='ltr'>muliere</span> <span class='ocrx_word' id='word_1_639' title='bbox 874 3436 1048 3471; x_wconf 76' lang='lat' dir='ltr'>admodum</span> 
     </span>
     <span class='ocr_line' id='line_1_76' title="bbox 45 3480 1048 3522; baseline -0.002 -8"><span class='ocrx_word' id='word_1_640' title='bbox 45 3481 198 3516; x_wconf 87' lang='lat' dir='ltr'>iracunda</span> <span class='ocrx_word' id='word_1_641' title='bbox 218 3504 229 3521; x_wconf 92' lang='lat'>,</span> <span class='ocrx_word' id='word_1_642' title='bbox 251 3491 323 3522; x_wconf 77' lang='lat' dir='ltr'>quae</span> <span class='ocrx_word' id='word_1_643' title='bbox 346 3480 430 3512; x_wconf 86' lang='lat' dir='ltr'>intra</span> <span class='ocrx_word' id='word_1_644' title='bbox 453 3480 620 3522; x_wconf 68' lang='lat' dir='ltr'>quinstam</span> <span class='ocrx_word' id='word_1_645' title='bbox 645 3491 659 3511; x_wconf 86' lang='lat' dir='ltr'>a</span> <span class='ocrx_word' id='word_1_646' title='bbox 683 3480 762 3514; x_wconf 44' lang='lat' dir='ltr'>secia</span> <span class='ocrx_word' id='word_1_647' title='bbox 788 3492 866 3514; x_wconf 90' lang='lat' dir='ltr'>vena</span> <span class='ocrx_word' id='word_1_648' title='bbox 889 3481 974 3514; x_wconf 86' lang='lat' dir='ltr'>diem</span> <span class='ocrx_word' id='word_1_649' title='bbox 998 3484 1048 3513; x_wconf 86' lang='lat' dir='ltr'>in-</span> 
     </span>
    </p>
   </div>
   <div class='ocr_carea' id='block_1_9' title="bbox 828 2399 1048 2438">
    <p class='ocr_par' dir='ltr' id='par_1_10' title="bbox 828 2399 1048 2438">
     <span class='ocr_line' id='line_1_77' title="bbox 828 2399 1048 2438; baseline 0.005 -10"><span class='ocrx_word' id='word_1_650' title='bbox 828 2407 927 2438; x_wconf 89' lang='lat' dir='ltr'>neque</span> <span class='ocrx_word' id='word_1_651' title='bbox 953 2399 1048 2436; x_wconf 74' lang='lat' dir='ltr'>copia</span> 
     </span>
    </p>
   </div>
   <div class='ocr_carea' id='block_1_10' title="bbox 1948 201 2042 262">
    <p class='ocr_par' dir='ltr' id='par_1_11' title="bbox 1948 201 2042 262">
     <span class='ocr_line' id='line_1_78' title="bbox 1948 201 2042 262; baseline 0.043 -14"><span class='ocrx_word' id='word_1_652' title='bbox 1948 201 2042 262; x_wconf 83' lang='lat'>263</span> 
     </span>
    </p>
   </div>
   <div class='ocr_carea' id='block_1_11' title="bbox 1099 272 2131 2100">
    <p class='ocr_par' dir='ltr' id='par_1_12' title="bbox 1099 272 2131 2100">
     <span class='ocr_line' id='line_1_79' title="bbox 1107 272 2108 318; baseline 0.003 -11"><span class='ocrx_word' id='word_1_653' title='bbox 1107 274 1200 307; x_wconf 89' lang='lat' dir='ltr'>teriit</span> <span class='ocrx_word' id='word_1_654' title='bbox 1223 297 1233 312; x_wconf 93' lang='lat'>‚</span> <span class='ocrx_word' id='word_1_655' title='bbox 1266 283 1394 308; x_wconf 83' lang='lat' dir='ltr'>tantum</span> <span class='ocrx_word' id='word_1_656' title='bbox 1419 273 1503 309; x_wconf 81' lang='lat' dir='ltr'>abest</span> <span class='ocrx_word' id='word_1_657' title='bbox 1537 283 1574 308; x_wconf 91' lang='lat' dir='ltr'>ut</span> <span class='ocrx_word' id='word_1_658' title='bbox 1596 272 1729 308; x_wconf 85' lang='lat' dir='ltr'>sciamus</span> <span class='ocrx_word' id='word_1_659' title='bbox 1750 298 1761 315; x_wconf 89' lang='lat'>,</span> <span class='ocrx_word' id='word_1_660' title='bbox 1794 274 1914 318; x_wconf 86' lang='lat' dir='ltr'>quibus</span> <span class='ocrx_word' id='word_1_661' title='bbox 1936 276 2108 317; x_wconf 79' lang='lat' dir='ltr'>praegreffi⁵</span> 
     </span>
     <span class='ocr_line' id='line_1_80' title="bbox 1107 316 2110 359; baseline 0.004 -9"><span class='ocrx_word' id='word_1_662' title='bbox 1107 316 1203 351; x_wconf 86' lang='lat' dir='ltr'>causis</span> <span class='ocrx_word' id='word_1_663' title='bbox 1225 339 1234 354; x_wconf 91' lang='lat'><em>‚</em></span> <span class='ocrx_word' id='word_1_664' title='bbox 1265 327 1321 350; x_wconf 87' lang='lat' dir='ltr'>aut</span> <span class='ocrx_word' id='word_1_665' title='bbox 1353 317 1588 352; x_wconf 88' lang='lat' dir='ltr'>comitantibus</span> <span class='ocrx_word' id='word_1_666' title='bbox 1619 316 1889 359; x_wconf 85' lang='lat' dir='ltr'>symptomatibus</span> <span class='ocrx_word' id='word_1_667' title='bbox 1923 318 2023 352; x_wconf 88' lang='lat' dir='ltr'>febris</span> <span class='ocrx_word' id='word_1_668' title='bbox 2053 319 2110 354; x_wconf 76' lang='lat' dir='ltr'>ffla</span> 
     </span>
     <span class='ocr_line' id='line_1_81' title="bbox 1107 360 2109 402; baseline 0.001 -7"><span class='ocrx_word' id='word_1_669' title='bbox 1107 360 1182 395; x_wconf 86' lang='lat' dir='ltr'>esiet</span> <span class='ocrx_word' id='word_1_670' title='bbox 1205 372 1268 402; x_wconf 90' lang='lat' dir='ltr'>qua</span> <span class='ocrx_word' id='word_1_671' title='bbox 1293 371 1371 396; x_wconf 85' lang='lat' dir='ltr'>tunc</span> <span class='ocrx_word' id='word_1_672' title='bbox 1395 362 1511 396; x_wconf 78' lang='lat' dir='ltr'>affidua</span> <span class='ocrx_word' id='word_1_673' title='bbox 1533 361 1725 400; x_wconf 83' lang='lat' dir='ltr'>laborabat,</span> <span class='ocrx_word' id='word_1_674' title='bbox 1750 371 1786 395; x_wconf 90' lang='lat' dir='ltr'>ut</span> <span class='ocrx_word' id='word_1_675' title='bbox 1811 362 1953 397; x_wconf 84' lang='lat' dir='ltr'>Thomae</span> <span class='ocrx_word' id='word_1_676' title='bbox 1967 361 2109 396; x_wconf 82' lang='lat' dir='ltr'>Bartho·</span> 
     </span>
     <span class='ocr_line' id='line_1_82' title="bbox 1107 401 2109 448; baseline 0.002 -12"><span class='ocrx_word' id='word_1_677' title='bbox 1107 405 1176 437; x_wconf 88' lang='lat' dir='ltr'>lino</span> <span class='ocrx_word' id='word_1_678' title='bbox 1201 401 1282 446; x_wconf 88' lang='lat' dir='ltr'>(f)</span> <span class='ocrx_word' id='word_1_679' title='bbox 1308 416 1362 447; x_wconf 87' lang='lat' dir='ltr'>per</span> <span class='ocrx_word' id='word_1_680' title='bbox 1383 405 1619 439; x_wconf 89' lang='lat' dir='ltr'>divinationem</span> <span class='ocrx_word' id='word_1_681' title='bbox 1641 427 1655 445; x_wconf 90' lang='lat'><em>‚</em></span> <span class='ocrx_word' id='word_1_682' title='bbox 1687 414 1724 438; x_wconf 91' lang='lat' dir='ltr'>ut</span> <span class='ocrx_word' id='word_1_683' title='bbox 1748 406 1793 439; x_wconf 88' lang='lat' dir='ltr'>ita</span> <span class='ocrx_word' id='word_1_684' title='bbox 1824 405 1931 441; x_wconf 89' lang='lat' dir='ltr'>dicam</span> <span class='ocrx_word' id='word_1_685' title='bbox 1955 428 1967 445; x_wconf 84' lang='lat'><em>‚</em></span> <span class='ocrx_word' id='word_1_686' title='bbox 2001 405 2109 448; x_wconf 67' lang='lat' dir='ltr'>conji-</span> 
     </span>
     <span class='ocr_line' id='line_1_83' title="bbox 1105 446 2108 490; baseline 0.003 -11"><span class='ocrx_word' id='word_1_687' title='bbox 1105 446 1254 481; x_wconf 89' lang='lat' dir='ltr'>ciendum</span> <span class='ocrx_word' id='word_1_688' title='bbox 1278 447 1377 481; x_wconf 88' lang='lat' dir='ltr'>fuerit</span> <span class='ocrx_word' id='word_1_689' title='bbox 1402 470 1411 485; x_wconf 93' lang='lat'><em>‚</em></span> <span class='ocrx_word' id='word_1_690' title='bbox 1445 449 1615 483; x_wconf 88' lang='lat' dir='ltr'>horrorem</span> <span class='ocrx_word' id='word_1_691' title='bbox 1642 457 1830 490; x_wconf 86' lang='lat' dir='ltr'>perpetuum</span> <span class='ocrx_word' id='word_1_692' title='bbox 1861 450 1912 483; x_wconf 87' lang='lat' dir='ltr'>illi</span> <span class='ocrx_word' id='word_1_693' title='bbox 1935 448 2017 483; x_wconf 82' lang='lat' dir='ltr'>febri</span> <span class='ocrx_word' id='word_1_694' title='bbox 2049 458 2108 482; x_wconf 85' lang='lat' dir='ltr'>co·</span> 
     </span>
     <span class='ocr_line' id='line_1_84' title="bbox 1104 490 2108 536; baseline 0.002 -12"><span class='ocrx_word' id='word_1_695' title='bbox 1104 492 1218 524; x_wconf 90' lang='lat' dir='ltr'>mitem</span> <span class='ocrx_word' id='word_1_696' title='bbox 1240 490 1332 525; x_wconf 84' lang='lat' dir='ltr'>fuisse</span> <span class='ocrx_word' id='word_1_697' title='bbox 1355 516 1363 525; x_wconf 85' lang='lat'><em>.</em></span> <span class='ocrx_word' id='word_1_698' title='bbox 1398 494 1507 527; x_wconf 84' lang='lat' dir='ltr'>Petrus</span> <span class='ocrx_word' id='word_1_699' title='bbox 1529 500 1636 525; x_wconf 90' lang='lat' dir='ltr'>autem</span> <span class='ocrx_word' id='word_1_700' title='bbox 1660 491 1804 526; x_wconf 84' lang='lat' dir='ltr'>Borellus</span> <span class='ocrx_word' id='word_1_701' title='bbox 1825 495 1881 536; x_wconf 82' lang='lat' dir='ltr'>(g</span> <span class='ocrx_word' id='word_1_702' title='bbox 1901 497 1915 533; x_wconf 97' lang='lat'>)</span> <span class='ocrx_word' id='word_1_703' title='bbox 1939 492 2013 526; x_wconf 81' lang='lat' dir='ltr'>satis</span> <span class='ocrx_word' id='word_1_704' title='bbox 2045 492 2108 526; x_wconf 85' lang='lat' dir='ltr'>hoc</span> 
     </span>
     <span class='ocr_line' id='line_1_85' title="bbox 1103 533 2107 580; baseline 0.003 -12"><span class='ocrx_word' id='word_1_705' title='bbox 1103 534 1218 568; x_wconf 85' lang='lat' dir='ltr'>habuit</span> <span class='ocrx_word' id='word_1_706' title='bbox 1243 534 1398 571; x_wconf 87' lang='lat' dir='ltr'>scribere,</span> <span class='ocrx_word' id='word_1_707' title='bbox 1424 539 1569 578; x_wconf 88' lang='lat' dir='ltr'>equitum</span> <span class='ocrx_word' id='word_1_708' title='bbox 1592 535 1708 569; x_wconf 88' lang='lat' dir='ltr'>ducem</span> <span class='ocrx_word' id='word_1_709' title='bbox 1725 533 1908 578; x_wconf 80' lang='lat' dir='ltr'>sanguinem</span> <span class='ocrx_word' id='word_1_710' title='bbox 1923 534 2107 580; x_wconf 74' lang='lat' dir='ltr'>frigidum,</span> 
     </span>
     <span class='ocr_line' id='line_1_86' title="bbox 1103 576 2105 624; baseline 0 -12"><span class='ocrx_word' id='word_1_711' title='bbox 1103 579 1136 612; x_wconf 86' lang='lat' dir='ltr'>in</span> <span class='ocrx_word' id='word_1_712' title='bbox 1170 576 1273 611; x_wconf 86' lang='lat' dir='ltr'>morbo</span> <span class='ocrx_word' id='word_1_713' title='bbox 1294 577 1560 621; x_wconf 75' lang='lat' dir='ltr'>phlebotomatum</span> <span class='ocrx_word' id='word_1_714' title='bbox 1584 600 1597 618; x_wconf 84' lang='lat'><em>‚</em></span> <span class='ocrx_word' id='word_1_715' title='bbox 1629 577 1754 624; x_wconf 78' lang='lat' dir='ltr'>emzfisse</span> <span class='ocrx_word' id='word_1_716' title='bbox 1778 591 1789 617; x_wconf 70' lang='grc' dir='ltr'><strong><em>ς</em></strong></span> <span class='ocrx_word' id='word_1_717' title='bbox 1829 589 1866 612; x_wconf 88' lang='lat' dir='ltr'>ut</span> <span class='ocrx_word' id='word_1_718' title='bbox 1890 591 1928 613; x_wconf 87' lang='lat' dir='ltr'>ne</span> <span class='ocrx_word' id='word_1_719' title='bbox 1955 581 2105 614; x_wconf 78' lang='lat' dir='ltr'>morbum</span> 
     </span>
     <span class='ocr_line' id='line_1_87' title="bbox 1103 620 2111 664; baseline 0.003 -12"><span class='ocrx_word' id='word_1_720' title='bbox 1103 620 1233 664; x_wconf 83' lang='lat' dir='ltr'>quidem</span> <span class='ocrx_word' id='word_1_721' title='bbox 1256 633 1322 662; x_wconf 87' lang='lat' dir='ltr'>quo</span> <span class='ocrx_word' id='word_1_722' title='bbox 1345 622 1532 659; x_wconf 87' lang='lat' dir='ltr'>tenebatur,</span> <span class='ocrx_word' id='word_1_723' title='bbox 1561 630 1614 655; x_wconf 88' lang='lat' dir='ltr'>aut</span> <span class='ocrx_word' id='word_1_724' title='bbox 1640 624 1712 663; x_wconf 90' lang='lat' dir='ltr'>quis</span> <span class='ocrx_word' id='word_1_725' title='bbox 1735 622 1768 655; x_wconf 91' lang='lat' dir='ltr'>id</span> <span class='ocrx_word' id='word_1_726' title='bbox 1793 622 1941 657; x_wconf 84' lang='lat' dir='ltr'>retulerit</span> <span class='ocrx_word' id='word_1_727' title='bbox 1958 646 1970 662; x_wconf 88' lang='lat'>,</span> <span class='ocrx_word' id='word_1_728' title='bbox 1993 622 2111 657; x_wconf 90' lang='lat' dir='ltr'>docea-</span> 
     </span>
     <span class='ocr_line' id='line_1_88' title="bbox 1104 664 2111 707; baseline 0.001 -9"><span class='ocrx_word' id='word_1_729' title='bbox 1104 675 1195 698; x_wconf 88' lang='lat' dir='ltr'>mur.</span> <span class='ocrx_word' id='word_1_730' title='bbox 1221 665 1279 699; x_wconf 88' lang='lat' dir='ltr'>Sed</span> <span class='ocrx_word' id='word_1_731' title='bbox 1303 667 1333 698; x_wconf 91' lang='lat'>&amp;</span> <span class='ocrx_word' id='word_1_732' title='bbox 1356 665 1606 707; x_wconf 81' lang='lat' dir='ltr'>explicationem</span> <span class='ocrx_word' id='word_1_733' title='bbox 1619 665 1712 698; x_wconf 89' lang='lat' dir='ltr'>addit</span> <span class='ocrx_word' id='word_1_734' title='bbox 1735 664 1918 707; x_wconf 81' lang='lat' dir='ltr'>ejusmodi,</span> <span class='ocrx_word' id='word_1_735' title='bbox 1945 676 1977 699; x_wconf 90' lang='lat' dir='ltr'>ut</span> <span class='ocrx_word' id='word_1_736' title='bbox 1989 667 2111 699; x_wconf 87' lang='lat' dir='ltr'>mirum</span> 
     </span>
     <span class='ocr_line' id='line_1_89' title="bbox 1103 706 2112 752; baseline 0.003 -12"><span class='ocrx_word' id='word_1_737' title='bbox 1103 706 1164 746; x_wconf 82' lang='lat' dir='ltr'>sit,</span> <span class='ocrx_word' id='word_1_738' title='bbox 1187 718 1250 740; x_wconf 90' lang='lat' dir='ltr'>non</span> <span class='ocrx_word' id='word_1_739' title='bbox 1275 706 1342 750; x_wconf 85' lang='lat' dir='ltr'>jam</span> <span class='ocrx_word' id='word_1_740' title='bbox 1361 708 1532 750; x_wconf 83' lang='lat' dir='ltr'>contigisse</span> <span class='ocrx_word' id='word_1_741' title='bbox 1554 708 1588 741; x_wconf 93' lang='lat' dir='ltr'>id</span> <span class='ocrx_word' id='word_1_742' title='bbox 1611 718 1843 751; x_wconf 85' lang='lat' dir='ltr'>nonnunquam</span> <span class='ocrx_word' id='word_1_743' title='bbox 1867 731 1876 746; x_wconf 88' lang='lat'>,</span> <span class='ocrx_word' id='word_1_744' title='bbox 1913 709 1965 743; x_wconf 91' lang='lat' dir='ltr'>sed</span> <span class='ocrx_word' id='word_1_745' title='bbox 2001 711 2112 752; x_wconf 85' lang='lat' dir='ltr'>potius</span> 
     </span>
     <span class='ocr_line' id='line_1_90' title="bbox 1109 751 2115 794; baseline 0.001 -9"><span class='ocrx_word' id='word_1_746' title='bbox 1109 762 1173 785; x_wconf 88' lang='lat' dir='ltr'>non</span> <span class='ocrx_word' id='word_1_747' title='bbox 1199 751 1348 793; x_wconf 80' lang='lat' dir='ltr'>semper,</span> <span class='ocrx_word' id='word_1_748' title='bbox 1372 763 1426 786; x_wconf 87' lang='lat' dir='ltr'>aut</span> <span class='ocrx_word' id='word_1_749' title='bbox 1451 762 1515 785; x_wconf 90' lang='lat' dir='ltr'>non</span> <span class='ocrx_word' id='word_1_750' title='bbox 1540 751 1645 786; x_wconf 91' lang='lat' dir='ltr'>multo</span> <span class='ocrx_word' id='word_1_751' title='bbox 1669 751 1781 794; x_wconf 78' lang='lat' dir='ltr'>saepius</span> <span class='ocrx_word' id='word_1_752' title='bbox 1805 753 1996 794; x_wconf 84' lang='lat' dir='ltr'>contingere</span> <span class='ocrx_word' id='word_1_753' title='bbox 2012 776 2019 785; x_wconf 88' lang='lat'><strong>.</strong></span> <span class='ocrx_word' id='word_1_754' title='bbox 2045 754 2115 786; x_wconf 88' lang='lat' dir='ltr'>De-</span> 
     </span>
     <span class='ocr_line' id='line_1_91' title="bbox 1110 793 2114 839; baseline 0.001 -12"><span class='ocrx_word' id='word_1_755' title='bbox 1110 796 1206 836; x_wconf 89' lang='lat' dir='ltr'>nique</span> <span class='ocrx_word' id='word_1_756' title='bbox 1230 795 1363 829; x_wconf 85' lang='lat' dir='ltr'>Gabriel</span> <span class='ocrx_word' id='word_1_757' title='bbox 1400 795 1575 829; x_wconf 82' lang='lat' dir='ltr'>Clauderus</span> <span class='ocrx_word' id='word_1_758' title='bbox 1599 799 1610 834; x_wconf 89' lang='lat'><strong>(</strong></span> <span class='ocrx_word' id='word_1_759' title='bbox 1633 793 1653 827; x_wconf 88' lang='lat' dir='ltr'><em>h</em></span> <span class='ocrx_word' id='word_1_760' title='bbox 1674 796 1688 833; x_wconf 88' lang='lat'>)</span> <span class='ocrx_word' id='word_1_761' title='bbox 1711 796 1959 837; x_wconf 86' lang='lat' dir='ltr'>explicationem</span> <span class='ocrx_word' id='word_1_762' title='bbox 1992 795 2114 839; x_wconf 85' lang='lat' dir='ltr'>produ-</span> 
     </span>
     <span class='ocr_line' id='line_1_92' title="bbox 1108 838 2112 882; baseline 0 -12"><span class='ocrx_word' id='word_1_763' title='bbox 1108 849 1181 871; x_wconf 85' lang='lat' dir='ltr'>cens</span> <span class='ocrx_word' id='word_1_764' title='bbox 1205 839 1298 871; x_wconf 78' lang='lat' dir='ltr'>aliam</span> <span class='ocrx_word' id='word_1_765' title='bbox 1313 862 1323 876; x_wconf 93' lang='lat'><em>‚</em></span> <span class='ocrx_word' id='word_1_766' title='bbox 1347 838 1520 872; x_wconf 89' lang='lat' dir='ltr'>secundum</span> <span class='ocrx_word' id='word_1_767' title='bbox 1543 850 1642 881; x_wconf 85' lang='lat' dir='ltr'>quarn</span> <span class='ocrx_word' id='word_1_768' title='bbox 1664 840 1698 872; x_wconf 90' lang='lat' dir='ltr'>in</span> <span class='ocrx_word' id='word_1_769' title='bbox 1722 839 1911 881; x_wconf 75' lang='lat' dir='ltr'>gravisiimis</span> <span class='ocrx_word' id='word_1_770' title='bbox 1935 838 2112 882; x_wconf 81' lang='lat' dir='ltr'>apoplexiis</span> 
     </span>
     <span class='ocr_line' id='line_1_93' title="bbox 1108 881 2115 925; baseline 0.002 -11"><span class='ocrx_word' id='word_1_771' title='bbox 1108 883 1230 923; x_wconf 86' lang='lat' dir='ltr'>semper</span> <span class='ocrx_word' id='word_1_772' title='bbox 1254 903 1263 918; x_wconf 82' lang='lat'>,</span> <span class='ocrx_word' id='word_1_773' title='bbox 1298 891 1352 915; x_wconf 89' lang='lat' dir='ltr'>aut</span> <span class='ocrx_word' id='word_1_774' title='bbox 1377 882 1564 925; x_wconf 86' lang='lat' dir='ltr'>plerumque</span> <span class='ocrx_word' id='word_1_775' title='bbox 1596 881 1629 915; x_wconf 87' lang='lat' dir='ltr'>id</span> <span class='ocrx_word' id='word_1_776' title='bbox 1654 883 1797 916; x_wconf 84' lang='lat' dir='ltr'>accidere</span> <span class='ocrx_word' id='word_1_777' title='bbox 1830 883 1960 916; x_wconf 87' lang='lat' dir='ltr'>deberet</span> <span class='ocrx_word' id='word_1_778' title='bbox 1985 895 1995 922; x_wconf 82' lang='lat'>3</span> <span class='ocrx_word' id='word_1_779' title='bbox 2029 882 2115 916; x_wconf 89' lang='lat' dir='ltr'>idem</span> 
     </span>
     <span class='ocr_line' id='line_1_94' title="bbox 1106 924 2114 967; baseline 0 -9"><span class='ocrx_word' id='word_1_780' title='bbox 1106 924 1195 967; x_wconf 88' lang='lat' dir='ltr'>quod</span> <span class='ocrx_word' id='word_1_781' title='bbox 1221 925 1302 964; x_wconf 85' lang='lat' dir='ltr'>apud</span> <span class='ocrx_word' id='word_1_782' title='bbox 1327 926 1502 959; x_wconf 80' lang='lat' dir='ltr'>Riverium</span> <span class='ocrx_word' id='word_1_783' title='bbox 1526 928 1589 963; x_wconf 89' lang='lat' dir='ltr'>est,</span> <span class='ocrx_word' id='word_1_784' title='bbox 1613 927 1658 958; x_wconf 91' lang='lat' dir='ltr'>ait</span> <span class='ocrx_word' id='word_1_785' title='bbox 1684 948 1693 963; x_wconf 95' lang='lat'><strong><em>‚</em></strong></span> <span class='ocrx_word' id='word_1_786' title='bbox 1719 925 1747 959; x_wconf 89' lang='lat' dir='ltr'>se</span> <span class='ocrx_word' id='word_1_787' title='bbox 1772 928 1805 959; x_wconf 91' lang='lat' dir='ltr'>in</span> <span class='ocrx_word' id='word_1_788' title='bbox 1830 926 1955 960; x_wconf 88' lang='lat' dir='ltr'>duabus</span> <span class='ocrx_word' id='word_1_789' title='bbox 1979 926 2114 960; x_wconf 74' lang='lat' dir='ltr'>Matro-</span> 
     </span>
     <span class='ocr_line' id='line_1_95' title="bbox 1107 968 2118 1012; baseline 0.001 -11"><span class='ocrx_word' id='word_1_790' title='bbox 1107 972 1156 1001; x_wconf 81' lang='lat' dir='ltr'>nis</span> <span class='ocrx_word' id='word_1_791' title='bbox 1179 968 1323 1001; x_wconf 87' lang='lat' dir='ltr'>violento</span> <span class='ocrx_word' id='word_1_792' title='bbox 1348 969 1543 1010; x_wconf 75' lang='lat' dir='ltr'>paroxysmo</span> <span class='ocrx_word' id='word_1_793' title='bbox 1567 968 1770 1010; x_wconf 74' lang='lat' dir='ltr'>apopleffico</span> <span class='ocrx_word' id='word_1_794' title='bbox 1794 971 1951 1012; x_wconf 84' lang='lat' dir='ltr'>correptis</span> <span class='ocrx_word' id='word_1_795' title='bbox 1962 969 2118 1003; x_wconf 86' lang='lat' dir='ltr'>observa-</span> 
     </span>
     <span class='ocr_line' id='line_1_96' title="bbox 1108 1010 2116 1052; baseline 0.002 -8"><span class='ocrx_word' id='word_1_796' title='bbox 1108 1010 1205 1048; x_wconf 87' lang='lat' dir='ltr'>visse,</span> <span class='ocrx_word' id='word_1_797' title='bbox 1232 1012 1417 1052; x_wconf 87' lang='lat' dir='ltr'>prosiliente</span> <span class='ocrx_word' id='word_1_798' title='bbox 1442 1012 1594 1045; x_wconf 89' lang='lat' dir='ltr'>videlicet</span> <span class='ocrx_word' id='word_1_799' title='bbox 1616 1035 1624 1049; x_wconf 93' lang='lat'>‚</span> <span class='ocrx_word' id='word_1_800' title='bbox 1651 1013 1726 1046; x_wconf 91' lang='lat' dir='ltr'>dum</span> <span class='ocrx_word' id='word_1_801' title='bbox 1750 1024 1765 1045; x_wconf 91' lang='lat' dir='ltr'>e</span> <span class='ocrx_word' id='word_1_802' title='bbox 1790 1024 1867 1046; x_wconf 88' lang='lat' dir='ltr'>vena</span> <span class='ocrx_word' id='word_1_803' title='bbox 1890 1015 2116 1051; x_wconf 85' lang='lat' dir='ltr'>emitteretur,</span> 
     </span>
     <span class='ocr_line' id='line_1_97' title="bbox 1107 1054 2117 1098; baseline 0.001 -10"><span class='ocrx_word' id='word_1_804' title='bbox 1107 1057 1140 1088; x_wconf 88' lang='lat' dir='ltr'>in</span> <span class='ocrx_word' id='word_1_805' title='bbox 1177 1054 1263 1088; x_wconf 83' lang='lat' dir='ltr'>suam</span> <span class='ocrx_word' id='word_1_806' title='bbox 1289 1066 1416 1097; x_wconf 56' lang='lat' dir='ltr'>qunque</span> <span class='ocrx_word' id='word_1_807' title='bbox 1453 1066 1583 1088; x_wconf 90' lang='lat' dir='ltr'>manum</span> <span class='ocrx_word' id='word_1_808' title='bbox 1609 1055 1735 1097; x_wconf 80' lang='lat' dir='ltr'>frigido</span> <span class='ocrx_word' id='word_1_809' title='bbox 1767 1056 1952 1098; x_wconf 65' lang='lat' dir='ltr'>sanguines</span> <span class='ocrx_word' id='word_1_810' title='bbox 1986 1057 2117 1089; x_wconf 85' lang='lat' dir='ltr'>illarum</span> 
     </span>
     <span class='ocr_line' id='line_1_98' title="bbox 1107 1098 2119 1140; baseline 0.001 -9"><span class='ocrx_word' id='word_1_811' title='bbox 1107 1106 1215 1132; x_wconf 86' lang='lat' dir='ltr'>autem</span> <span class='ocrx_word' id='word_1_812' title='bbox 1250 1107 1421 1139; x_wconf 74' lang='lat' dir='ltr'>utramque</span> <span class='ocrx_word' id='word_1_813' title='bbox 1447 1109 1501 1140; x_wconf 82' lang='lat' dir='ltr'>per</span> <span class='ocrx_word' id='word_1_814' title='bbox 1533 1098 1678 1132; x_wconf 80' lang='lat' dir='ltr'>adhibita</span> <span class='ocrx_word' id='word_1_815' title='bbox 1704 1124 1712 1138; x_wconf 85' lang='lat'><em>‚</em></span> <span class='ocrx_word' id='word_1_816' title='bbox 1747 1111 1782 1132; x_wconf 88' lang='lat' dir='ltr'>ac</span> <span class='ocrx_word' id='word_1_817' title='bbox 1813 1100 1889 1134; x_wconf 82' lang='lat' dir='ltr'>data</span> <span class='ocrx_word' id='word_1_818' title='bbox 1926 1099 2119 1133; x_wconf 85' lang='lat' dir='ltr'>volatilibus</span> 
     </span>
     <span class='ocr_line' id='line_1_99' title="bbox 1106 1141 2119 1184; baseline 0 -10"><span class='ocrx_word' id='word_1_819' title='bbox 1106 1141 1187 1176; x_wconf 86' lang='lat' dir='ltr'>foeta</span> <span class='ocrx_word' id='word_1_820' title='bbox 1212 1142 1379 1184; x_wconf 86' lang='lat' dir='ltr'>particulis</span> <span class='ocrx_word' id='word_1_821' title='bbox 1407 1143 1638 1175; x_wconf 75' lang='lat' dir='ltr'>medicamenta</span> <span class='ocrx_word' id='word_1_822' title='bbox 1665 1142 1830 1176; x_wconf 74' lang='lat' dir='ltr'>restituisse</span> <span class='ocrx_word' id='word_1_823' title='bbox 1855 1170 1862 1177; x_wconf 96' lang='lat'>.</span> <span class='ocrx_word' id='word_1_824' title='bbox 1898 1144 1927 1176; x_wconf 88' lang='lat' dir='ltr'><strong>E</strong></span> <span class='ocrx_word' id='word_1_825' title='bbox 1950 1154 2029 1175; x_wconf 84' lang='lat' dir='ltr'>vena</span> <span class='ocrx_word' id='word_1_826' title='bbox 2061 1153 2119 1175; x_wconf 92' lang='lat' dir='ltr'>au-</span> 
     </span>
     <span class='ocr_line' id='line_1_100' title="bbox 1105 1184 2121 1230; baseline 0 -13"><span class='ocrx_word' id='word_1_827' title='bbox 1105 1195 1170 1218; x_wconf 85' lang='lat' dir='ltr'>tem</span> <span class='ocrx_word' id='word_1_828' title='bbox 1197 1185 1340 1217; x_wconf 84' lang='lat' dir='ltr'>mulieris</span> <span class='ocrx_word' id='word_1_829' title='bbox 1365 1185 1478 1218; x_wconf 82' lang='lat' dir='ltr'>nostrae</span> <span class='ocrx_word' id='word_1_830' title='bbox 1506 1184 1588 1217; x_wconf 86' lang='lat' dir='ltr'>haud</span> <span class='ocrx_word' id='word_1_831' title='bbox 1615 1184 1766 1223; x_wconf 84' lang='lat' dir='ltr'>prosiluit</span> <span class='ocrx_word' id='word_1_832' title='bbox 1791 1186 1919 1230; x_wconf 79' lang='lat' dir='ltr'>sanguis</span> <span class='ocrx_word' id='word_1_833' title='bbox 1942 1208 1951 1224; x_wconf 90' lang='lat'>,</span> <span class='ocrx_word' id='word_1_834' title='bbox 1976 1186 2027 1219; x_wconf 90' lang='lat' dir='ltr'>sed</span> <span class='ocrx_word' id='word_1_835' title='bbox 2053 1186 2121 1218; x_wconf 89' lang='lat' dir='ltr'>len-</span> 
     </span>
     <span class='ocr_line' id='line_1_101' title="bbox 1105 1227 2121 1272; baseline -0.002 -10"><span class='ocrx_word' id='word_1_836' title='bbox 1105 1238 1135 1262; x_wconf 91' lang='lat' dir='ltr'>te</span> <span class='ocrx_word' id='word_1_837' title='bbox 1159 1228 1320 1264; x_wconf 73' lang='lat' dir='ltr'>defluxit;</span> <span class='ocrx_word' id='word_1_838' title='bbox 1346 1238 1379 1261; x_wconf 92' lang='lat' dir='ltr'>ut</span> <span class='ocrx_word' id='word_1_839' title='bbox 1405 1230 1575 1270; x_wconf 87' lang='lat' dir='ltr'>aliquanto</span> <span class='ocrx_word' id='word_1_840' title='bbox 1601 1227 1726 1262; x_wconf 86' lang='lat' dir='ltr'>facilius</span> <span class='ocrx_word' id='word_1_841' title='bbox 1762 1229 1836 1263; x_wconf 91' lang='lat' dir='ltr'>huic</span> <span class='ocrx_word' id='word_1_842' title='bbox 1862 1230 1949 1264; x_wconf 90' lang='lat' dir='ltr'>suam</span> <span class='ocrx_word' id='word_1_843' title='bbox 1974 1255 1982 1269; x_wconf 94' lang='lat'>,</span> <span class='ocrx_word' id='word_1_844' title='bbox 2016 1228 2121 1272; x_wconf 85' lang='lat' dir='ltr'>qualis</span> 
     </span>
     <span class='ocr_line' id='line_1_102' title="bbox 1105 1271 2125 1313; baseline -0.001 -8"><span class='ocrx_word' id='word_1_845' title='bbox 1105 1284 1140 1305; x_wconf 88' lang='lat' dir='ltr'>ea</span> <span class='ocrx_word' id='word_1_846' title='bbox 1163 1282 1290 1313; x_wconf 88' lang='lat' dir='ltr'>cunque</span> <span class='ocrx_word' id='word_1_847' title='bbox 1314 1271 1378 1307; x_wconf 72' lang='lat' dir='ltr'>est,</span> <span class='ocrx_word' id='word_1_848' title='bbox 1407 1273 1587 1306; x_wconf 85' lang='lat' dir='ltr'>Clauderus</span> <span class='ocrx_word' id='word_1_849' title='bbox 1612 1273 1866 1313; x_wconf 74' lang='lat' dir='ltr'>explicationem</span> <span class='ocrx_word' id='word_1_850' title='bbox 1880 1271 2125 1308; x_wconf 89' lang='lat' dir='ltr'>accommodas-</span> 
     </span>
     <span class='ocr_line' id='line_1_103' title="bbox 1109 1314 2125 1359; baseline 0 -11"><span class='ocrx_word' id='word_1_851' title='bbox 1109 1315 1153 1349; x_wconf 88' lang='lat' dir='ltr'>set</span> <span class='ocrx_word' id='word_1_852' title='bbox 1179 1340 1185 1346; x_wconf 95' lang='lat'>.</span> <span class='ocrx_word' id='word_1_853' title='bbox 1221 1315 1310 1348; x_wconf 85' lang='lat' dir='ltr'>Idem</span> <span class='ocrx_word' id='word_1_854' title='bbox 1336 1314 1475 1355; x_wconf 80' lang='lat' dir='ltr'>subjicit</span> <span class='ocrx_word' id='word_1_855' title='bbox 1501 1317 1515 1357; x_wconf 92' lang='lat'><em>(</em></span> <span class='ocrx_word' id='word_1_856' title='bbox 1537 1317 1548 1348; x_wconf 80' lang='grc' dir='ltr'>ι’</span> <span class='ocrx_word' id='word_1_857' title='bbox 1571 1315 1765 1357; x_wconf 75' lang='lat' dir='ltr'>&gt;sanguinis</span> <span class='ocrx_word' id='word_1_858' title='bbox 1802 1317 1925 1359; x_wconf 73' lang='lat' dir='ltr'>frigidi</span> <span class='ocrx_word' id='word_1_859' title='bbox 1956 1330 1971 1350; x_wconf 91' lang='lat' dir='ltr'>e</span> <span class='ocrx_word' id='word_1_860' title='bbox 1995 1315 2125 1349; x_wconf 86' lang='lat' dir='ltr'>naribus</span> 
     </span>
     <span class='ocr_line' id='line_1_104' title="bbox 1106 1358 2127 1401; baseline -0.002 -9"><span class='ocrx_word' id='word_1_861' title='bbox 1106 1359 1279 1399; x_wconf 83' lang='lat' dir='ltr'>stillantis,</span> <span class='ocrx_word' id='word_1_862' title='bbox 1302 1361 1333 1391; x_wconf 87' lang='lat'>&amp;</span> <span class='ocrx_word' id='word_1_863' title='bbox 1358 1361 1457 1391; x_wconf 81' lang='lat' dir='ltr'>urinae</span> <span class='ocrx_word' id='word_1_864' title='bbox 1483 1358 1612 1400; x_wconf 66' lang='lat' dir='ltr'>frigidae</span> <span class='ocrx_word' id='word_1_865' title='bbox 1637 1360 1829 1401; x_wconf 88' lang='lat' dir='ltr'>prodeuntis</span> <span class='ocrx_word' id='word_1_866' title='bbox 1846 1361 2101 1394; x_wconf 86' lang='lat' dir='ltr'>Observationes</span> <span class='ocrx_word' id='word_1_867' title='bbox 2118 1382 2127 1390; x_wconf 90' lang='lat'>.</span> 
     </span>
     <span class='ocr_line' id='line_1_105' title="bbox 1108 1400 2128 1447; baseline 0.003 -13"><span class='ocrx_word' id='word_1_868' title='bbox 1108 1402 1209 1440; x_wconf 59' lang='lat' dir='ltr'>Quod</span> <span class='ocrx_word' id='word_1_869' title='bbox 1234 1401 1255 1433; x_wconf 84' lang='lat' dir='ltr'>ii</span> <span class='ocrx_word' id='word_1_870' title='bbox 1281 1400 1487 1443; x_wconf 76' lang='lat' dir='ltr'>contigisset,</span> <span class='ocrx_word' id='word_1_871' title='bbox 1514 1413 1547 1435; x_wconf 83' lang='lat' dir='ltr'>ut</span> <span class='ocrx_word' id='word_1_872' title='bbox 1574 1402 1672 1436; x_wconf 82' lang='lat' dir='ltr'>serius</span> <span class='ocrx_word' id='word_1_873' title='bbox 1697 1402 1871 1441; x_wconf 80' lang='lat' dir='ltr'>scriberet3</span> <span class='ocrx_word' id='word_1_874' title='bbox 1898 1404 2042 1447; x_wconf 81' lang='lat' dir='ltr'>adjicere</span> <span class='ocrx_word' id='word_1_875' title='bbox 2065 1413 2128 1446; x_wconf 89' lang='lat' dir='ltr'>po-</span> 
     </span>
     <span class='ocr_line' id='line_1_106' title="bbox 1107 1444 2126 1491; baseline 0.002 -14"><span class='ocrx_word' id='word_1_876' title='bbox 1107 1444 1217 1478; x_wconf 85' lang='lat' dir='ltr'>tuisset</span> <span class='ocrx_word' id='word_1_877' title='bbox 1241 1445 1319 1478; x_wconf 84' lang='lat' dir='ltr'>alias</span> <span class='ocrx_word' id='word_1_878' title='bbox 1343 1455 1412 1478; x_wconf 87' lang='lat' dir='ltr'>tum</span> <span class='ocrx_word' id='word_1_879' title='bbox 1438 1447 1511 1478; x_wconf 87' lang='lat' dir='ltr'>lotii</span> <span class='ocrx_word' id='word_1_880' title='bbox 1535 1444 1650 1487; x_wconf 80' lang='lat' dir='ltr'>frigidi</span> <span class='ocrx_word' id='word_1_881' title='bbox 1676 1448 1775 1480; x_wconf 82' lang='lat' dir='ltr'>emiffi</span> <span class='ocrx_word' id='word_1_882' title='bbox 1802 1471 1812 1486; x_wconf 86' lang='lat'>,</span> <span class='ocrx_word' id='word_1_883' title='bbox 1836 1458 1872 1482; x_wconf 92' lang='lat' dir='ltr'>ut</span> <span class='ocrx_word' id='word_1_884' title='bbox 1897 1460 1973 1491; x_wconf 89' lang='lat' dir='ltr'>puta</span> <span class='ocrx_word' id='word_1_885' title='bbox 1997 1460 2012 1480; x_wconf 85' lang='lat' dir='ltr'>a</span> <span class='ocrx_word' id='word_1_886' title='bbox 2036 1447 2126 1481; x_wconf 87' lang='lat' dir='ltr'>mili-</span> 
     </span>
     <span class='ocr_line' id='line_1_107' title="bbox 1108 1488 2126 1535; baseline -0.003 -7"><span class='ocrx_word' id='word_1_887' title='bbox 1108 1499 1138 1521; x_wconf 64' lang='lat' dir='ltr'>s?</span> <span class='ocrx_word' id='word_1_888' title='bbox 1163 1493 1175 1528; x_wconf 87' lang='grc'>(</span> <span class='ocrx_word' id='word_1_889' title='bbox 1198 1488 1216 1527; x_wconf 67' lang='lat' dir='ltr'>f&lt;</span> <span class='ocrx_word' id='word_1_890' title='bbox 1240 1491 1274 1526; x_wconf 84' lang='lat'>)›</span> <span class='ocrx_word' id='word_1_891' title='bbox 1301 1491 1331 1520; x_wconf 76' lang='grc' dir='ltr'>δι</span> <span class='ocrx_word' id='word_1_892' title='bbox 1354 1501 1369 1520; x_wconf 85' lang='lat' dir='ltr'>a</span> <span class='ocrx_word' id='word_1_893' title='bbox 1394 1501 1492 1530; x_wconf 80' lang='lat' dir='ltr'>puero</span> <span class='ocrx_word' id='word_1_894' title='bbox 1517 1489 1531 1531; x_wconf 87' lang='lat'><em>(</em></span> <span class='ocrx_word' id='word_1_895' title='bbox 1553 1488 1565 1521; x_wconf 90' lang='lat' dir='ltr'><em>l</em></span> <span class='ocrx_word' id='word_1_896' title='bbox 1586 1493 1600 1528; x_wconf 93' lang='lat'>)</span> <span class='ocrx_word' id='word_1_897' title='bbox 1624 1513 1632 1527; x_wconf 91' lang='lat'>‚</span> <span class='ocrx_word' id='word_1_898' title='bbox 1670 1500 1810 1534; x_wconf 88' lang='lat' dir='ltr'>utroque</span> <span class='ocrx_word' id='word_1_899' title='bbox 1835 1493 1976 1535; x_wconf 78' lang='lat' dir='ltr'>maligna</span> <span class='ocrx_word' id='word_1_900' title='bbox 2010 1490 2126 1525; x_wconf 86' lang='lat' dir='ltr'>lethali</span> 
     </span>
     <span class='ocr_line' id='line_1_108' title="bbox 1107 1531 2128 1577; baseline 0.005 -12"><span class='ocrx_word' id='word_1_901' title='bbox 1107 1532 1195 1566; x_wconf 80' lang='lat' dir='ltr'>febre</span> <span class='ocrx_word' id='word_1_902' title='bbox 1222 1542 1446 1577; x_wconf 74' lang='lat' dir='ltr'>praegravato,</span> <span class='ocrx_word' id='word_1_903' title='bbox 1472 1532 1532 1565; x_wconf 83' lang='lat' dir='ltr'>hoc</span> <span class='ocrx_word' id='word_1_904' title='bbox 1549 1531 1678 1575; x_wconf 87' lang='lat' dir='ltr'>insuper</span> <span class='ocrx_word' id='word_1_905' title='bbox 1703 1533 1767 1575; x_wconf 84' lang='lat' dir='ltr'>jam</span> <span class='ocrx_word' id='word_1_906' title='bbox 1792 1545 1864 1569; x_wconf 88' lang='lat' dir='ltr'>toto</span> <span class='ocrx_word' id='word_1_907' title='bbox 1878 1535 2028 1577; x_wconf 80' lang='lat' dir='ltr'>frigido,</span> <span class='ocrx_word' id='word_1_908' title='bbox 2052 1543 2128 1574; x_wconf 69' lang='lat' dir='ltr'>tum,</span> 
     </span>
     <span class='ocr_line' id='line_1_109' title="bbox 1108 1574 2127 1619; baseline 0.003 -11"><span class='ocrx_word' id='word_1_909' title='bbox 1108 1574 1208 1608; x_wconf 78' lang='lat' dir='ltr'>foetus</span> <span class='ocrx_word' id='word_1_910' title='bbox 1243 1575 1342 1617; x_wconf 71' lang='lat' dir='ltr'>gelidi</span> <span class='ocrx_word' id='word_1_911' title='bbox 1369 1577 1466 1616; x_wconf 59' lang='lat' dir='ltr'>ejecti</span> <span class='ocrx_word' id='word_1_912' title='bbox 1490 1599 1502 1615; x_wconf 89' lang='lat'>,</span> <span class='ocrx_word' id='word_1_913' title='bbox 1538 1586 1603 1608; x_wconf 88' lang='lat' dir='ltr'>non</span> <span class='ocrx_word' id='word_1_914' title='bbox 1629 1576 1731 1611; x_wconf 88' lang='lat' dir='ltr'>solum</span> <span class='ocrx_word' id='word_1_915' title='bbox 1763 1576 1829 1619; x_wconf 84' lang='lat' dir='ltr'>ja&#39;m</span> <span class='ocrx_word' id='word_1_916' title='bbox 1856 1580 1982 1613; x_wconf 86' lang='lat' dir='ltr'>mortui</span> <span class='ocrx_word' id='word_1_917' title='bbox 2009 1601 2017 1615; x_wconf 89' lang='lat'><em>‚</em></span> <span class='ocrx_word' id='word_1_918' title='bbox 2039 1581 2084 1611; x_wconf 61' lang='lat' dir='ltr'>r&amp;</span> <span class='ocrx_word' id='word_1_919' title='bbox 2111 1590 2127 1611; x_wconf 85' lang='lat' dir='ltr'>a</span> 
     </span>
     <span class='ocr_line' id='line_1_110' title="bbox 1108 1619 2126 1661; baseline 0.003 -10"><span class='ocrx_word' id='word_1_920' title='bbox 1108 1620 1214 1661; x_wconf 80' lang='lat' dir='ltr'>gelida</span> <span class='ocrx_word' id='word_1_921' title='bbox 1248 1619 1313 1660; x_wconf 82' lang='lat' dir='ltr'>jam</span> <span class='ocrx_word' id='word_1_922' title='bbox 1348 1629 1479 1656; x_wconf 82' lang='lat' dir='ltr'>matre,</span> <span class='ocrx_word' id='word_1_923' title='bbox 1515 1630 1549 1652; x_wconf 88' lang='lat' dir='ltr'>ac</span> <span class='ocrx_word' id='word_1_924' title='bbox 1583 1630 1658 1652; x_wconf 84' lang='lat' dir='ltr'>mox</span> <span class='ocrx_word' id='word_1_925' title='bbox 1694 1622 1780 1654; x_wconf 85' lang='lat' dir='ltr'>intra</span> <span class='ocrx_word' id='word_1_926' title='bbox 1816 1621 1929 1655; x_wconf 84' lang='lat' dir='ltr'>horam</span> <span class='ocrx_word' id='word_1_927' title='bbox 1966 1623 2126 1656; x_wconf 85' lang='lat' dir='ltr'>moritura</span> 
     </span>
     <span class='ocr_line' id='line_1_111' title="bbox 1105 1662 2128 1707; baseline 0.005 -14"><span class='ocrx_word' id='word_1_928' title='bbox 1105 1665 1119 1701; x_wconf 86' lang='lat'><strong>(</strong></span> <span class='ocrx_word' id='word_1_929' title='bbox 1142 1673 1172 1694; x_wconf 90' lang='lat' dir='ltr'>m</span> <span class='ocrx_word' id='word_1_930' title='bbox 1198 1665 1207 1698; x_wconf 90' lang='lat'>)</span> <span class='ocrx_word' id='word_1_931' title='bbox 1236 1688 1242 1697; x_wconf 78' lang='grc'>,</span> <span class='ocrx_word' id='word_1_932' title='bbox 1280 1662 1328 1694; x_wconf 87' lang='lat' dir='ltr'>sed</span> <span class='ocrx_word' id='word_1_933' title='bbox 1353 1665 1384 1695; x_wconf 74' lang='grc' dir='ltr'>δε</span> <span class='ocrx_word' id='word_1_934' title='bbox 1420 1663 1487 1697; x_wconf 88' lang='lat' dir='ltr'>vivi</span> <span class='ocrx_word' id='word_1_935' title='bbox 1513 1674 1526 1693; x_wconf 90' lang='lat' dir='ltr'>a</span> <span class='ocrx_word' id='word_1_936' title='bbox 1551 1664 1714 1703; x_wconf 57' lang='lat' dir='ltr'>victura&lt;</span> <span class='ocrx_word' id='word_1_937' title='bbox 1739 1674 1758 1696; x_wconf 84' lang='lat' dir='ltr'><em>n</em></span> <span class='ocrx_word' id='word_1_938' title='bbox 1781 1669 1794 1703; x_wconf 97' lang='lat'>)</span> <span class='ocrx_word' id='word_1_939' title='bbox 1818 1677 1852 1698; x_wconf 88' lang='lat' dir='ltr'>ea</span> <span class='ocrx_word' id='word_1_940' title='bbox 1892 1676 1969 1699; x_wconf 87' lang='lat' dir='ltr'>toto</span> <span class='ocrx_word' id='word_1_941' title='bbox 2005 1676 2128 1707; x_wconf 88' lang='lat' dir='ltr'>corpu-</span> 
     </span>
     <span class='ocr_line' id='line_1_112' title="bbox 1108 1703 2128 1751; baseline 0.002 -13"><span class='ocrx_word' id='word_1_942' title='bbox 1108 1706 1195 1738; x_wconf 85' lang='lat' dir='ltr'>sculo</span> <span class='ocrx_word' id='word_1_943' title='bbox 1212 1703 1398 1748; x_wconf 66' lang='lat' dir='ltr'>ftz‘gidjtate</span> <span class='ocrx_word' id='word_1_944' title='bbox 1421 1704 1621 1747; x_wconf 72' lang='lat' dir='ltr'>intentrffirrza</span> <span class='ocrx_word' id='word_1_945' title='bbox 1636 1732 1643 1746; x_wconf 85' lang='lat'><em>‚</em></span> <span class='ocrx_word' id='word_1_946' title='bbox 1668 1711 1700 1740; x_wconf 85' lang='lat'>&amp;</span> <span class='ocrx_word' id='word_1_947' title='bbox 1724 1720 1757 1741; x_wconf 90' lang='lat' dir='ltr'>ea</span> <span class='ocrx_word' id='word_1_948' title='bbox 1782 1710 1945 1751; x_wconf 72' lang='lat' dir='ltr'>rigiditate</span> <span class='ocrx_word' id='word_1_949' title='bbox 1966 1708 2059 1750; x_wconf 73' lang='lat' dir='ltr'>plane</span> <span class='ocrx_word' id='word_1_950' title='bbox 2077 1709 2128 1740; x_wconf 83' lang='lat' dir='ltr'>in-</span> 
     </span>
     <span class='ocr_line' id='line_1_113' title="bbox 1099 1748 2126 1795; baseline 0.005 -14"><span class='ocrx_word' id='word_1_951' title='bbox 1099 1748 1201 1791; x_wconf 73' lang='lat' dir='ltr'>solita</span> <span class='ocrx_word' id='word_1_952' title='bbox 1225 1750 1266 1782; x_wconf 72' lang='lat'><em>&amp;</em></span> <span class='ocrx_word' id='word_1_953' title='bbox 1290 1748 1375 1795; x_wconf 57' lang='lat' dir='ltr'>quasi</span> <span class='ocrx_word' id='word_1_954' title='bbox 1397 1748 1500 1790; x_wconf 70' lang='lat' dir='ltr'>lignea</span> <span class='ocrx_word' id='word_1_955' title='bbox 1526 1772 1537 1788; x_wconf 89' lang='lat'>,</span> <span class='ocrx_word' id='word_1_956' title='bbox 1570 1751 1671 1784; x_wconf 62' lang='lat' dir='ltr'>ut2&#39;ab</span> <span class='ocrx_word' id='word_1_957' title='bbox 1696 1762 1771 1784; x_wconf 88' lang='lat' dir='ltr'>ortu</span> <span class='ocrx_word' id='word_1_958' title='bbox 1797 1752 1835 1785; x_wconf 75' lang='lat' dir='ltr'>ad</span> <span class='ocrx_word' id='word_1_959' title='bbox 1859 1753 2008 1786; x_wconf 86' lang='lat' dir='ltr'>triduum</span> <span class='ocrx_word' id='word_1_960' title='bbox 2034 1751 2126 1795; x_wconf 86' lang='lat' dir='ltr'>quod</span> 
     </span>
     <span class='ocr_line' id='line_1_114' title="bbox 1110 1791 2128 1837; baseline 0.006 -15"><span class='ocrx_word' id='word_1_961' title='bbox 1110 1793 1217 1828; x_wconf 86' lang='lat' dir='ltr'>vixit,</span> <span class='ocrx_word' id='word_1_962' title='bbox 1242 1792 1298 1823; x_wconf 86' lang='lat' dir='ltr'>nili</span> <span class='ocrx_word' id='word_1_963' title='bbox 1327 1792 1500 1831; x_wconf 80' lang='lat' dir='ltr'>respirasset</span> <span class='ocrx_word' id='word_1_964' title='bbox 1524 1814 1532 1828; x_wconf 90' lang='lat'>‚</span> <span class='ocrx_word' id='word_1_965' title='bbox 1560 1791 1657 1834; x_wconf 68' lang='lat' dir='ltr'>idqu‘e</span> <span class='ocrx_word' id='word_1_966' title='bbox 1682 1794 1856 1829; x_wconf 86' lang='lat' dir='ltr'>admodum</span> <span class='ocrx_word' id='word_1_967' title='bbox 1881 1796 1997 1829; x_wconf 88' lang='lat' dir='ltr'>leviter</span> <span class='ocrx_word' id='word_1_968' title='bbox 2023 1819 2034 1835; x_wconf 87' lang='lat'>,</span> <span class='ocrx_word' id='word_1_969' title='bbox 2069 1807 2128 1837; x_wconf 84' lang='lat' dir='ltr'>pro</span> 
     </span>
     <span class='ocr_line' id='line_1_115' title="bbox 1110 1834 2126 1882; baseline 0.005 -14"><span class='ocrx_word' id='word_1_970' title='bbox 1110 1845 1241 1868; x_wconf 71' lang='lat' dir='ltr'>mortua</span> <span class='ocrx_word' id='word_1_971' title='bbox 1276 1837 1314 1868; x_wconf 80' lang='lat' dir='ltr'>ab</span> <span class='ocrx_word' id='word_1_972' title='bbox 1338 1835 1490 1868; x_wconf 78' lang='lat' dir='ltr'>omnibus</span> <span class='ocrx_word' id='word_1_973' title='bbox 1528 1834 1655 1869; x_wconf 74' lang='lat' dir='ltr'>habitus</span> <span class='ocrx_word' id='word_1_974' title='bbox 1681 1841 1819 1871; x_wconf 81' lang='lat' dir='ltr'>omnino</span> <span class='ocrx_word' id='word_1_975' title='bbox 1857 1838 1934 1873; x_wconf 83' lang='lat' dir='ltr'>esset</span> <span class='ocrx_word' id='word_1_976' title='bbox 1959 1864 1966 1873; x_wconf 90' lang='lat'><em>.</em></span> <span class='ocrx_word' id='word_1_977' title='bbox 2007 1840 2126 1882; x_wconf 86' lang='lat' dir='ltr'>Neque</span> 
     </span>
     <span class='ocr_line' id='line_1_116' title="bbox 1109 1878 2130 1922; baseline 0.005 -11"><span class='ocrx_word' id='word_1_978' title='bbox 1109 1878 1291 1919; x_wconf 86' lang='lat' dir='ltr'>exemplum</span> <span class='ocrx_word' id='word_1_979' title='bbox 1316 1878 1470 1911; x_wconf 83' lang='lat' dir='ltr'>omisisset</span> <span class='ocrx_word' id='word_1_980' title='bbox 1494 1879 1675 1913; x_wconf 71' lang='lat' dir='ltr'>Clauiems</span> <span class='ocrx_word' id='word_1_981' title='bbox 1700 1882 1828 1916; x_wconf 87' lang='lat' dir='ltr'>illustris</span> <span class='ocrx_word' id='word_1_982' title='bbox 1854 1885 2012 1916; x_wconf 72' lang='lat' dir='ltr'>Foeminae</span> <span class='ocrx_word' id='word_1_983' title='bbox 2039 1885 2130 1922; x_wconf 83' lang='lat' dir='ltr'>(o),</span> 
     </span>
     <span class='ocr_line' id='line_1_117' title="bbox 1110 1920 2131 1969; baseline 0.004 -14"><span class='ocrx_word' id='word_1_984' title='bbox 1110 1925 1163 1955; x_wconf 89' lang='lat' dir='ltr'>cui</span> <span class='ocrx_word' id='word_1_985' title='bbox 1187 1920 1308 1963; x_wconf 69' lang='lat' dir='ltr'>aliquot</span> <span class='ocrx_word' id='word_1_986' title='bbox 1331 1929 1402 1954; x_wconf 82' lang='lat' dir='ltr'>ante</span> <span class='ocrx_word' id='word_1_987' title='bbox 1426 1929 1556 1955; x_wconf 79' lang='lat' dir='ltr'>mortem</span> <span class='ocrx_word' id='word_1_988' title='bbox 1581 1923 1688 1956; x_wconf 68' lang='lat' dir='ltr'>diebus</span> <span class='ocrx_word' id='word_1_989' title='bbox 1712 1925 1882 1967; x_wconf 62' lang='lat' dir='ltr'>exspiratio</span> <span class='ocrx_word' id='word_1_990' title='bbox 1901 1926 2026 1969; x_wconf 76' lang='lat' dir='ltr'>semper</span> <span class='ocrx_word' id='word_1_991' title='bbox 2046 1924 2131 1968; x_wconf 79' lang='lat' dir='ltr'>fue-</span> 
     </span>
     <span class='ocr_line' id='line_1_118' title="bbox 1113 1963 2124 2011; baseline 0.005 -15"><span class='ocrx_word' id='word_1_992' title='bbox 1113 1973 1164 1997; x_wconf 73' lang='lat' dir='ltr'>rat</span> <span class='ocrx_word' id='word_1_993' title='bbox 1180 1963 1383 2006; x_wconf 69' lang='lat' dir='ltr'>frigidzffima</span> <span class='ocrx_word' id='word_1_994' title='bbox 1408 1988 1419 2004; x_wconf 89' lang='lat'>,</span> <span class='ocrx_word' id='word_1_995' title='bbox 1442 1966 1475 1997; x_wconf 90' lang='lat' dir='ltr'>in</span> <span class='ocrx_word' id='word_1_996' title='bbox 1500 1967 1642 1999; x_wconf 54' lang='lat' dir='ltr'>extinua</span> <span class='ocrx_word' id='word_1_997' title='bbox 1667 1977 1773 2001; x_wconf 91' lang='lat' dir='ltr'>autem</span> <span class='ocrx_word' id='word_1_998' title='bbox 1797 1981 1871 2003; x_wconf 90' lang='lat' dir='ltr'>cum</span> <span class='ocrx_word' id='word_1_999' title='bbox 1898 1970 2010 2011; x_wconf 92' lang='lat' dir='ltr'>pulmo</span> <span class='ocrx_word' id='word_1_1000' title='bbox 2035 1969 2124 2003; x_wconf 85' lang='lat' dir='ltr'>uter-</span> 
     </span>
     <span class='ocr_line' id='line_1_119' title="bbox 1107 2007 2129 2053; baseline 0.006 -15"><span class='ocrx_word' id='word_1_1001' title='bbox 1107 2020 1170 2048; x_wconf 89' lang='lat' dir='ltr'>que</span> <span class='ocrx_word' id='word_1_1002' title='bbox 1193 2007 1328 2049; x_wconf 76' lang='lat' dir='ltr'>copiosos</span> <span class='ocrx_word' id='word_1_1003' title='bbox 1352 2007 1482 2041; x_wconf 85' lang='lat' dir='ltr'>haberet</span> <span class='ocrx_word' id='word_1_1004' title='bbox 1500 2008 1638 2053; x_wconf 67' lang='lat' dir='ltr'>[cirrhos</span> <span class='ocrx_word' id='word_1_1005' title='bbox 1662 2013 1704 2046; x_wconf 56' lang='grc' dir='ltr'>Θ·</span> <span class='ocrx_word' id='word_1_1006' title='bbox 1726 2014 1866 2046; x_wconf 66' lang='lat' dir='ltr'>vomicas</span> <span class='ocrx_word' id='word_1_1007' title='bbox 1891 2040 1897 2052; x_wconf 80' lang='lat'>,</span> <span class='ocrx_word' id='word_1_1008' title='bbox 1928 2012 2047 2046; x_wconf 76' lang='lat' dir='ltr'>sinister</span> <span class='ocrx_word' id='word_1_1009' title='bbox 2072 2021 2129 2044; x_wconf 80' lang='lat' dir='ltr'>ta-</span> 
     </span>
     <span class='ocr_line' id='line_1_120' title="bbox 1107 2050 2123 2100; baseline 0.007 -18"><span class='ocrx_word' id='word_1_1010' title='bbox 1107 2051 1158 2098; x_wconf 62' lang='grc' dir='ltr'>ἑξκ</span> <span class='ocrx_word' id='word_1_1011' title='bbox 1183 2050 1323 2092; x_wconf 69' lang='lat' dir='ltr'>exceffive</span> <span class='ocrx_word' id='word_1_1012' title='bbox 1349 2050 1442 2089; x_wconf 77' lang='lat' dir='ltr'>instar</span> <span class='ocrx_word' id='word_1_1013' title='bbox 1460 2050 1575 2093; x_wconf 78' lang='lat' dir='ltr'>glaciei</span> <span class='ocrx_word' id='word_1_1014' title='bbox 1590 2053 1733 2096; x_wconf 77' lang='lat' dir='ltr'>frigidus</span> <span class='ocrx_word' id='word_1_1015' title='bbox 1757 2057 1906 2091; x_wconf 85' lang='lat' dir='ltr'>inventus</span> <span class='ocrx_word' id='word_1_1016' title='bbox 1932 2058 1974 2090; x_wconf 86' lang='lat' dir='ltr'>est</span> <span class='ocrx_word' id='word_1_1017' title='bbox 1997 2080 2006 2094; x_wconf 87' lang='lat'>,</span> <span class='ocrx_word' id='word_1_1018' title='bbox 2031 2056 2123 2100; x_wconf 73' lang='lat' dir='ltr'>quale</span> 
     </span>
    </p>
   </div>
   <div class='ocr_carea' id='block_1_12' title="bbox 1096 2093 2122 2142">
    <p class='ocr_par' dir='ltr' id='par_1_13' title="bbox 1096 2093 2122 2142">
     <span class='ocr_line' id='line_1_121' title="bbox 1096 2093 2122 2142; baseline 0.006 -16"><span class='ocrx_word' id='word_1_1019' title='bbox 1096 2093 1207 2136; x_wconf 77' lang='lat' dir='ltr'>frigus</span> <span class='ocrx_word' id='word_1_1020' title='bbox 1244 2104 1337 2135; x_wconf 80' lang='lat' dir='ltr'>neque</span> <span class='ocrx_word' id='word_1_1021' title='bbox 1370 2095 1402 2127; x_wconf 79' lang='lat' dir='ltr'>in</span> <span class='ocrx_word' id='word_1_1022' title='bbox 1426 2093 1524 2128; x_wconf 69' lang='lat' dir='ltr'>altero</span> <span class='ocrx_word' id='word_1_1023' title='bbox 1562 2097 1715 2137; x_wconf 90' lang='lat' dir='ltr'>pulmone</span> <span class='ocrx_word' id='word_1_1024' title='bbox 1742 2125 1751 2139; x_wconf 96' lang='lat'>,</span> <span class='ocrx_word' id='word_1_1025' title='bbox 1784 2111 1877 2142; x_wconf 76' lang='lat' dir='ltr'>neque</span> <span class='ocrx_word' id='word_1_1026' title='bbox 1900 2101 1932 2134; x_wconf 80' lang='lat' dir='ltr'>in</span> <span class='ocrx_word' id='word_1_1027' title='bbox 1967 2101 2032 2134; x_wconf 80' lang='lat' dir='ltr'>ulla</span> <span class='ocrx_word' id='word_1_1028' title='bbox 2057 2100 2122 2133; x_wconf 70' lang='lat' dir='ltr'>alia</span> 
     </span>
    </p>
   </div>
   <div class='ocr_carea' id='block_1_13' title="bbox 1097 2136 2127 3441">
    <p class='ocr_par' dir='ltr' id='par_1_14' title="bbox 1097 2136 2127 3441">
     <span class='ocr_line' id='line_1_122' title="bbox 1106 2136 2121 2181; baseline 0.009 -13"><span class='ocrx_word' id='word_1_1029' title='bbox 1106 2136 1241 2176; x_wconf 78' lang='lat' dir='ltr'>corporis</span> <span class='ocrx_word' id='word_1_1030' title='bbox 1263 2144 1354 2177; x_wconf 82' lang='lat' dir='ltr'>parte</span> <span class='ocrx_word' id='word_1_1031' title='bbox 1378 2136 1601 2179; x_wconf 67' lang='lat' dir='ltr'>observabatur</span> <span class='ocrx_word' id='word_1_1032' title='bbox 1624 2166 1631 2172; x_wconf 94' lang='lat'>.</span> <span class='ocrx_word' id='word_1_1033' title='bbox 1669 2142 1726 2175; x_wconf 89' lang='lat' dir='ltr'>Sed</span> <span class='ocrx_word' id='word_1_1034' title='bbox 1752 2153 1809 2176; x_wconf 82' lang='lat' dir='ltr'>nos</span> <span class='ocrx_word' id='word_1_1035' title='bbox 1833 2146 1865 2177; x_wconf 66' lang='grc' dir='ltr'>ὃς</span> <span class='ocrx_word' id='word_1_1036' title='bbox 1891 2153 2060 2181; x_wconf 84' lang='lat' dir='ltr'>mortuos,</span> <span class='ocrx_word' id='word_1_1037' title='bbox 2089 2147 2121 2177; x_wconf 83' lang='lat'><strong>&amp;</strong></span> 
     </span>
     <span class='ocr_line' id='line_1_123' title="bbox 1104 2181 2121 2231; baseline 0.011 -20"><span class='ocrx_word' id='word_1_1038' title='bbox 1104 2183 1174 2225; x_wconf 76' lang='lat' dir='ltr'>cito</span> <span class='ocrx_word' id='word_1_1039' title='bbox 1210 2181 1387 2213; x_wconf 88' lang='lat' dir='ltr'>morituros</span> <span class='ocrx_word' id='word_1_1040' title='bbox 1421 2181 1612 2222; x_wconf 85' lang='lat' dir='ltr'>seponamus</span> <span class='ocrx_word' id='word_1_1041' title='bbox 1638 2207 1646 2222; x_wconf 88' lang='lat'>‚</span> <span class='ocrx_word' id='word_1_1042' title='bbox 1681 2186 1798 2228; x_wconf 89' lang='lat' dir='ltr'>eosque</span> <span class='ocrx_word' id='word_1_1043' title='bbox 1832 2186 2003 2222; x_wconf 83' lang='lat' dir='ltr'>dumtaxat</span> <span class='ocrx_word' id='word_1_1044' title='bbox 2039 2199 2121 2231; x_wconf 82' lang='lat' dir='ltr'>quos</span> 
     </span>
     <span class='ocr_line' id='line_1_124' title="bbox 1107 2224 2122 2272; baseline 0.009 -18"><span class='ocrx_word' id='word_1_1045' title='bbox 1107 2225 1231 2255; x_wconf 84' lang='lat' dir='ltr'>servare</span> <span class='ocrx_word' id='word_1_1046' title='bbox 1256 2224 1365 2270; x_wconf 81' lang='lat' dir='ltr'>potuit</span> <span class='ocrx_word' id='word_1_1047' title='bbox 1390 2224 1588 2265; x_wconf 66' lang='lat' dir='ltr'>Chuderus,</span> <span class='ocrx_word' id='word_1_1048' title='bbox 1612 2230 1761 2269; x_wconf 85' lang='lat' dir='ltr'>quamvis</span> <span class='ocrx_word' id='word_1_1049' title='bbox 1784 2228 1925 2272; x_wconf 78' lang='lat' dir='ltr'>frigidus</span> <span class='ocrx_word' id='word_1_1050' title='bbox 1953 2244 1968 2264; x_wconf 92' lang='lat' dir='ltr'>e</span> <span class='ocrx_word' id='word_1_1051' title='bbox 1992 2232 2122 2266; x_wconf 81' lang='lat' dir='ltr'>naribus</span> 
     </span>
     <span class='ocr_line' id='line_1_125' title="bbox 1107 2265 2120 2315; baseline 0.013 -18"><span class='ocrx_word' id='word_1_1052' title='bbox 1107 2266 1233 2307; x_wconf 79' lang='lat' dir='ltr'>sanguis</span> <span class='ocrx_word' id='word_1_1053' title='bbox 1258 2265 1390 2314; x_wconf 78' lang='lat' dir='ltr'>stillaret</span> <span class='ocrx_word' id='word_1_1054' title='bbox 1407 2292 1415 2306; x_wconf 85' lang='lat'><em>‚</em></span> <span class='ocrx_word' id='word_1_1055' title='bbox 1440 2278 1494 2301; x_wconf 90' lang='lat' dir='ltr'>aut</span> <span class='ocrx_word' id='word_1_1056' title='bbox 1509 2271 1601 2303; x_wconf 83' lang='lat' dir='ltr'>urina</span> <span class='ocrx_word' id='word_1_1057' title='bbox 1626 2270 1747 2313; x_wconf 85' lang='lat' dir='ltr'>frigida</span> <span class='ocrx_word' id='word_1_1058' title='bbox 1762 2275 1906 2315; x_wconf 89' lang='lat' dir='ltr'>prodiret</span> <span class='ocrx_word' id='word_1_1059' title='bbox 1921 2297 1931 2313; x_wconf 93' lang='lat'>‚</span> <span class='ocrx_word' id='word_1_1060' title='bbox 1955 2286 2029 2308; x_wconf 86' lang='lat' dir='ltr'>curn</span> <span class='ocrx_word' id='word_1_1061' title='bbox 2047 2287 2120 2309; x_wconf 86' lang='lat' dir='ltr'>mu-</span> 
     </span>
     <span class='ocr_line' id='line_1_126' title="bbox 1105 2310 2127 2360; baseline 0.01 -19"><span class='ocrx_word' id='word_1_1062' title='bbox 1105 2310 1182 2341; x_wconf 85' lang='lat' dir='ltr'>liere</span> <span class='ocrx_word' id='word_1_1063' title='bbox 1207 2312 1336 2346; x_wconf 78' lang='lat' dir='ltr'>nostra,</span> <span class='ocrx_word' id='word_1_1064' title='bbox 1361 2322 1433 2352; x_wconf 87' lang='lat' dir='ltr'>quae</span> <span class='ocrx_word' id='word_1_1065' title='bbox 1459 2311 1526 2352; x_wconf 85' lang='lat' dir='ltr'>ipsa</span> <span class='ocrx_word' id='word_1_1066' title='bbox 1549 2324 1680 2357; x_wconf 88' lang='lat' dir='ltr'>quoque</span> <span class='ocrx_word' id='word_1_1067' title='bbox 1705 2315 1826 2349; x_wconf 82' lang='lat' dir='ltr'>servata</span> <span class='ocrx_word' id='word_1_1068' title='bbox 1852 2319 1894 2352; x_wconf 85' lang='lat' dir='ltr'>est</span> <span class='ocrx_word' id='word_1_1069' title='bbox 1916 2343 1925 2356; x_wconf 89' lang='lat'>,</span> <span class='ocrx_word' id='word_1_1070' title='bbox 1951 2330 2127 2360; x_wconf 46' lang='lat' dir='ltr'>compare,</span> 
     </span>
     <span class='ocr_line' id='line_1_127' title="bbox 1110 2354 2124 2405; baseline 0.012 -20"><span class='ocrx_word' id='word_1_1071' title='bbox 1110 2364 1179 2385; x_wconf 82' lang='lat' dir='ltr'>mus</span> <span class='ocrx_word' id='word_1_1072' title='bbox 1203 2376 1210 2383; x_wconf 91' lang='lat'>.</span> <span class='ocrx_word' id='word_1_1073' title='bbox 1249 2354 1345 2386; x_wconf 84' lang='lat' dir='ltr'>Certe</span> <span class='ocrx_word' id='word_1_1074' title='bbox 1368 2357 1399 2387; x_wconf 73' lang='grc' dir='ltr'>δι</span> <span class='ocrx_word' id='word_1_1075' title='bbox 1425 2365 1516 2396; x_wconf 76' lang='lat' dir='ltr'>aegrae</span> <span class='ocrx_word' id='word_1_1076' title='bbox 1541 2357 1652 2390; x_wconf 62' lang='lat' dir='ltr'>nostrae</span> <span class='ocrx_word' id='word_1_1077' title='bbox 1678 2359 1834 2394; x_wconf 89' lang='lat' dir='ltr'>menstrua</span> <span class='ocrx_word' id='word_1_1078' title='bbox 1858 2361 1980 2405; x_wconf 79' lang='lat' dir='ltr'>frigida</span> <span class='ocrx_word' id='word_1_1079' title='bbox 2005 2374 2124 2403; x_wconf 86' lang='lat' dir='ltr'>prove-</span> 
     </span>
     <span class='ocr_line' id='line_1_128' title="bbox 1107 2398 2123 2449; baseline 0.013 -22"><span class='ocrx_word' id='word_1_1080' title='bbox 1107 2405 1220 2428; x_wconf 85' lang='lat' dir='ltr'>nerant</span> <span class='ocrx_word' id='word_1_1081' title='bbox 1245 2408 1472 2445; x_wconf 33' lang='lat' dir='ltr'>[qu-anquam</span> <span class='ocrx_word' id='word_1_1082' title='bbox 1497 2398 1568 2432; x_wconf 83' lang='lat' dir='ltr'>satis</span> <span class='ocrx_word' id='word_1_1083' title='bbox 1591 2400 1792 2436; x_wconf 89' lang='lat' dir='ltr'>discriminis</span> <span class='ocrx_word' id='word_1_1084' title='bbox 1816 2404 1860 2438; x_wconf 87' lang='lat' dir='ltr'>est</span> <span class='ocrx_word' id='word_1_1085' title='bbox 1884 2407 1972 2440; x_wconf 89' lang='lat' dir='ltr'>inter</span> <span class='ocrx_word' id='word_1_1086' title='bbox 1995 2406 2123 2449; x_wconf 82' lang='lat' dir='ltr'>sangui-</span> 
     </span>
     <span class='ocr_line' id='line_1_129' title="bbox 1107 2440 2120 2492; baseline 0.015 -23"><span class='ocrx_word' id='word_1_1087' title='bbox 1107 2450 1178 2488; x_wconf 68' lang='lat' dir='ltr'>nem</span> <span class='ocrx_word' id='word_1_1088' title='bbox 1203 2450 1240 2488; x_wconf 55' lang='lat' dir='ltr'>eit</span> <span class='ocrx_word' id='word_1_1089' title='bbox 1263 2440 1362 2473; x_wconf 83' lang='lat' dir='ltr'>incisa</span> <span class='ocrx_word' id='word_1_1090' title='bbox 1389 2451 1469 2474; x_wconf 85' lang='lat' dir='ltr'>vena</span> <span class='ocrx_word' id='word_1_1091' title='bbox 1494 2440 1602 2476; x_wconf 82' lang='lat' dir='ltr'>statim</span> <span class='ocrx_word' id='word_1_1092' title='bbox 1628 2456 1813 2479; x_wconf 86' lang='lat' dir='ltr'>manantem</span> <span class='ocrx_word' id='word_1_1093' title='bbox 1837 2471 1847 2486; x_wconf 92' lang='lat'><em>‚</em></span> <span class='ocrx_word' id='word_1_1094' title='bbox 1873 2452 1902 2482; x_wconf 62' lang='grc' dir='ltr'>ὃς</span> <span class='ocrx_word' id='word_1_1095' title='bbox 1929 2449 2120 2492; x_wconf 78' lang='lat' dir='ltr'>sanguinem</span> 
     </span>
     <span class='ocr_line' id='line_1_130' title="bbox 1104 2487 2122 2529; baseline 0.013 -15"><span class='ocrx_word' id='word_1_1096' title='bbox 1104 2494 1139 2515; x_wconf 83' lang='lat' dir='ltr'>in</span> <span class='ocrx_word' id='word_1_1097' title='bbox 1163 2494 1317 2521; x_wconf 82' lang='lat' dir='ltr'>narium,</span> <span class='ocrx_word' id='word_1_1098' title='bbox 1341 2487 1490 2524; x_wconf 87' lang='lat' dir='ltr'>uterive,</span> <span class='ocrx_word' id='word_1_1099' title='bbox 1515 2497 1548 2518; x_wconf 89' lang='lat' dir='ltr'>ac</span> <span class='ocrx_word' id='word_1_1100' title='bbox 1575 2489 1699 2529; x_wconf 69' lang='lat' dir='ltr'>vaginae</span> <span class='ocrx_word' id='word_1_1101' title='bbox 1724 2500 1835 2524; x_wconf 78' lang='lat' dir='ltr'>caveas</span> <span class='ocrx_word' id='word_1_1102' title='bbox 1861 2493 2007 2526; x_wconf 86' lang='lat' dir='ltr'>stillatim</span> <span class='ocrx_word' id='word_1_1103' title='bbox 2033 2496 2122 2527; x_wconf 86' lang='lat' dir='ltr'>exci-</span> 
     </span>
     <span class='ocr_line' id='line_1_131' title="bbox 1101 2525 2118 2580; baseline 0.015 -23"><span class='ocrx_word' id='word_1_1104' title='bbox 1101 2526 1258 2564; x_wconf 85' lang='lat' dir='ltr'>dentem‚</span> <span class='ocrx_word' id='word_1_1105' title='bbox 1282 2525 1519 2570; x_wconf 89' lang='lat' dir='ltr'>humoremque</span> <span class='ocrx_word' id='word_1_1106' title='bbox 1543 2532 1673 2564; x_wconf 87' lang='lat' dir='ltr'>tandem</span> <span class='ocrx_word' id='word_1_1107' title='bbox 1696 2556 1704 2571; x_wconf 85' lang='lat'>‚</span> <span class='ocrx_word' id='word_1_1108' title='bbox 1728 2533 1897 2576; x_wconf 80' lang='lat' dir='ltr'>postquam</span> <span class='ocrx_word' id='word_1_1109' title='bbox 1924 2548 1940 2569; x_wconf 89' lang='lat' dir='ltr'>e</span> <span class='ocrx_word' id='word_1_1110' title='bbox 1964 2537 2118 2580; x_wconf 83' lang='lat' dir='ltr'>sanguine</span> 
     </span>
     <span class='ocr_line' id='line_1_132' title="bbox 1100 2569 2117 2619; baseline 0.015 -18"><span class='ocrx_word' id='word_1_1111' title='bbox 1100 2569 1238 2602; x_wconf 86' lang='lat' dir='ltr'>secretus</span> <span class='ocrx_word' id='word_1_1112' title='bbox 1263 2569 1305 2602; x_wconf 86' lang='lat' dir='ltr'>est</span> <span class='ocrx_word' id='word_1_1113' title='bbox 1336 2591 1345 2606; x_wconf 79' lang='lat'>‚</span> <span class='ocrx_word' id='word_1_1114' title='bbox 1375 2582 1429 2612; x_wconf 91' lang='lat' dir='ltr'>per</span> <span class='ocrx_word' id='word_1_1115' title='bbox 1448 2574 1540 2619; x_wconf 63' lang='lat' dir='ltr'>⁸viam</span> <span class='ocrx_word' id='word_1_1116' title='bbox 1574 2574 1789 2617; x_wconf 73' lang='lat' dir='ltr'>longissimam</span> <span class='ocrx_word' id='word_1_1117' title='bbox 1813 2578 2010 2614; x_wconf 81' lang='lat' dir='ltr'>desinentem</span> <span class='ocrx_word' id='word_1_1118' title='bbox 2036 2596 2044 2618; x_wconf 76' lang='lat'><em>3</em></span> <span class='ocrx_word' id='word_1_1119' title='bbox 2079 2593 2117 2615; x_wconf 81' lang='lat' dir='ltr'>nt</span> 
     </span>
     <span class='ocr_line' id='line_1_133' title="bbox 1099 2614 2119 2666; baseline 0.015 -22"><span class='ocrx_word' id='word_1_1120' title='bbox 1099 2614 1268 2662; x_wconf 69' lang='lat' dir='ltr'>aliquanto</span> <span class='ocrx_word' id='word_1_1121' title='bbox 1295 2614 1400 2646; x_wconf 86' lang='lat' dir='ltr'>minus</span> <span class='ocrx_word' id='word_1_1122' title='bbox 1435 2614 1565 2649; x_wconf 80' lang='lat' dir='ltr'>difficile</span> <span class='ocrx_word' id='word_1_1123' title='bbox 1590 2616 1629 2651; x_wconf 78' lang='lat' dir='ltr'>sit</span> <span class='ocrx_word' id='word_1_1124' title='bbox 1652 2642 1664 2659; x_wconf 85' lang='lat'>,</span> <span class='ocrx_word' id='word_1_1125' title='bbox 1699 2621 1882 2663; x_wconf 78' lang='lat' dir='ltr'>intelligere</span> <span class='ocrx_word' id='word_1_1126' title='bbox 1908 2648 1916 2663; x_wconf 89' lang='lat'>,</span> <span class='ocrx_word' id='word_1_1127' title='bbox 1951 2627 2119 2666; x_wconf 83' lang='lat' dir='ltr'>quomodo</span> 
     </span>
     <span class='ocr_line' id='line_1_134' title="bbox 1100 2655 2117 2711; baseline 0.013 -22"><span class='ocrx_word' id='word_1_1128' title='bbox 1100 2655 1167 2706; x_wconf 63' lang='lat' dir='ltr'>baec</span> <span class='ocrx_word' id='word_1_1129' title='bbox 1192 2656 1312 2698; x_wconf 68' lang='lat' dir='ltr'>frigida</span> <span class='ocrx_word' id='word_1_1130' title='bbox 1338 2659 1426 2690; x_wconf 85' lang='lat' dir='ltr'>exire</span> <span class='ocrx_word' id='word_1_1131' title='bbox 1454 2683 1464 2699; x_wconf 88' lang='lat'>,</span> <span class='ocrx_word' id='word_1_1132' title='bbox 1496 2671 1595 2702; x_wconf 78' lang='lat' dir='ltr'>quam</span> <span class='ocrx_word' id='word_1_1133' title='bbox 1619 2663 1787 2704; x_wconf 86' lang='lat' dir='ltr'>quomodo</span> <span class='ocrx_word' id='word_1_1134' title='bbox 1822 2667 1854 2698; x_wconf 91' lang='lat' dir='ltr'>in</span> <span class='ocrx_word' id='word_1_1135' title='bbox 1883 2678 1961 2700; x_wconf 86' lang='lat' dir='ltr'>vena</span> <span class='ocrx_word' id='word_1_1136' title='bbox 1989 2670 2117 2711; x_wconf 81' lang='lat' dir='ltr'>sanguis</span> 
     </span>
     <span class='ocr_line' id='line_1_135' title="bbox 1097 2699 2116 2749; baseline 0.015 -19"><span class='ocrx_word' id='word_1_1137' title='bbox 1097 2700 1238 2747; x_wconf 70' lang='lat' dir='ltr'>frigidus</span> <span class='ocrx_word' id='word_1_1138' title='bbox 1261 2699 1321 2749; x_wconf 65' lang='lat' dir='ltr'>esse</span> <span class='ocrx_word' id='word_1_1139' title='bbox 1346 2704 1487 2741; x_wconf 85' lang='lat' dir='ltr'>potuerit</span> <span class='ocrx_word' id='word_1_1140' title='bbox 1515 2704 1649 2746; x_wconf 79' lang='lat' dir='ltr'>.&#39;Qod</span> <span class='ocrx_word' id='word_1_1141' title='bbox 1674 2705 1696 2738; x_wconf 87' lang='lat' dir='ltr'>si</span> <span class='ocrx_word' id='word_1_1142' title='bbox 1722 2717 1757 2740; x_wconf 90' lang='lat' dir='ltr'>ut</span> <span class='ocrx_word' id='word_1_1143' title='bbox 1781 2707 1939 2744; x_wconf 84' lang='lat' dir='ltr'>inferiora</span> <span class='ocrx_word' id='word_1_1144' title='bbox 1957 2734 1965 2748; x_wconf 93' lang='lat'>,</span> <span class='ocrx_word' id='word_1_1145' title='bbox 1994 2712 2038 2744; x_wconf 87' lang='lat' dir='ltr'>ita</span> <span class='ocrx_word' id='word_1_1146' title='bbox 2063 2712 2116 2745; x_wconf 84' lang='lat' dir='ltr'>su-</span> 
     </span>
     <span class='ocr_line' id='line_1_136' title="bbox 1100 2747 2116 2798; baseline 0.015 -24"><span class='ocrx_word' id='word_1_1147' title='bbox 1100 2754 1226 2787; x_wconf 83' lang='lat' dir='ltr'>periora</span> <span class='ocrx_word' id='word_1_1148' title='bbox 1260 2753 1358 2791; x_wconf 55' lang='lat' dir='ltr'>etiarn</span> <span class='ocrx_word' id='word_1_1149' title='bbox 1383 2747 1531 2787; x_wconf 87' lang='lat' dir='ltr'>corporis</span> <span class='ocrx_word' id='word_1_1150' title='bbox 1569 2750 1602 2780; x_wconf 90' lang='lat' dir='ltr'>in</span> <span class='ocrx_word' id='word_1_1151' title='bbox 1627 2759 1710 2789; x_wconf 73' lang='lat' dir='ltr'>aegra</span> <span class='ocrx_word' id='word_1_1152' title='bbox 1746 2753 1849 2786; x_wconf 88' lang='lat' dir='ltr'>nostra</span> <span class='ocrx_word' id='word_1_1153' title='bbox 1875 2762 1952 2787; x_wconf 90' lang='lat' dir='ltr'>tunc</span> <span class='ocrx_word' id='word_1_1154' title='bbox 1978 2754 2116 2798; x_wconf 82' lang='lat' dir='ltr'>friguis-</span> 
     </span>
     <span class='ocr_line' id='line_1_137' title="bbox 1100 2784 2115 2838; baseline 0.017 -21"><span class='ocrx_word' id='word_1_1155' title='bbox 1100 2788 1191 2825; x_wconf 72' lang='lat' dir='ltr'>sent,·</span> <span class='ocrx_word' id='word_1_1156' title='bbox 1215 2784 1346 2819; x_wconf 82' lang='lat' dir='ltr'>fortalle</span> <span class='ocrx_word' id='word_1_1157' title='bbox 1371 2788 1467 2821; x_wconf 83' lang='lat' dir='ltr'>alicui</span> <span class='ocrx_word' id='word_1_1158' title='bbox 1494 2791 1619 2823; x_wconf 84' lang='lat' dir='ltr'>veniret</span> <span class='ocrx_word' id='word_1_1159' title='bbox 1644 2794 1677 2824; x_wconf 87' lang='lat' dir='ltr'>in</span> <span class='ocrx_word' id='word_1_1160' title='bbox 1703 2804 1840 2829; x_wconf 89' lang='lat' dir='ltr'>mentem</span> <span class='ocrx_word' id='word_1_1161' title='bbox 1862 2796 1969 2831; x_wconf 90' lang='lat' dir='ltr'>dicere</span> <span class='ocrx_word' id='word_1_1162' title='bbox 1992 2823 2002 2838; x_wconf 90' lang='lat'>,</span> <span class='ocrx_word' id='word_1_1163' title='bbox 2039 2811 2115 2834; x_wconf 87' lang='lat' dir='ltr'>cum</span> 
     </span>
     <span class='ocr_line' id='line_1_138' title="bbox 1099 2829 2114 2880; baseline 0.016 -20"><span class='ocrx_word' id='word_1_1164' title='bbox 1099 2830 1241 2870; x_wconf 88' lang='lat' dir='ltr'>reliquus</span> <span class='ocrx_word' id='word_1_1165' title='bbox 1271 2829 1402 2879; x_wconf 13' lang='lat' dir='ltr'>*sanguis</span> <span class='ocrx_word' id='word_1_1166' title='bbox 1425 2834 1481 2873; x_wconf 89' lang='lat' dir='ltr'>qui</span> <span class='ocrx_word' id='word_1_1167' title='bbox 1520 2845 1575 2874; x_wconf 84' lang='lat' dir='ltr'>pei·</span> <span class='ocrx_word' id='word_1_1168' title='bbox 1600 2835 1756 2871; x_wconf 86' lang='lat' dir='ltr'>viscerum</span> <span class='ocrx_word' id='word_1_1169' title='bbox 1791 2839 1964 2880; x_wconf 86' lang='lat' dir='ltr'>penetralia</span> <span class='ocrx_word' id='word_1_1170' title='bbox 1989 2836 2114 2878; x_wconf 79' lang='lat' dir='ltr'>interea</span> 
     </span>
     <span class='ocr_line' id='line_1_139' title="bbox 1101 2872 2115 2927; baseline 0.015 -22"><span class='ocrx_word' id='word_1_1171' title='bbox 1101 2872 1233 2910; x_wconf 70' lang='lat' dir='ltr'>flueret,</span> <span class='ocrx_word' id='word_1_1172' title='bbox 1259 2873 1298 2905; x_wconf 85' lang='lat' dir='ltr'>sic</span> <span class='ocrx_word' id='word_1_1173' title='bbox 1326 2877 1401 2907; x_wconf 81' lang='lat' dir='ltr'>satis</span> <span class='ocrx_word' id='word_1_1174' title='bbox 1423 2875 1544 2909; x_wconf 79' lang='lat' dir='ltr'>calidus</span> <span class='ocrx_word' id='word_1_1175' title='bbox 1565 2899 1576 2916; x_wconf 86' lang='lat'><em>‚</em></span> <span class='ocrx_word' id='word_1_1176' title='bbox 1602 2881 1741 2921; x_wconf 82' lang='lat' dir='ltr'>vitaeque</span> <span class='ocrx_word' id='word_1_1177' title='bbox 1766 2881 1927 2917; x_wconf 82' lang='lat' dir='ltr'>servandae</span> <span class='ocrx_word' id='word_1_1178' title='bbox 1952 2895 2043 2927; x_wconf 88' lang='lat' dir='ltr'>aptus</span> <span class='ocrx_word' id='word_1_1179' title='bbox 2066 2887 2115 2920; x_wconf 88' lang='lat' dir='ltr'>es-</span> 
     </span>
     <span class='ocr_line' id='line_1_140' title="bbox 1099 2915 2112 2972; baseline 0.016 -25"><span class='ocrx_word' id='word_1_1180' title='bbox 1099 2915 1166 2953; x_wconf 85' lang='lat' dir='ltr'>set,</span> <span class='ocrx_word' id='word_1_1181' title='bbox 1193 2927 1264 2961; x_wconf 78' lang='lat' dir='ltr'>eum</span> <span class='ocrx_word' id='word_1_1182' title='bbox 1289 2917 1458 2963; x_wconf 74' lang='lat' dir='ltr'>dumtaxat</span> <span class='ocrx_word' id='word_1_1183' title='bbox 1480 2921 1536 2960; x_wconf 89' lang='lat' dir='ltr'>qui</span> <span class='ocrx_word' id='word_1_1184' title='bbox 1561 2933 1616 2962; x_wconf 88' lang='lat' dir='ltr'>per</span> <span class='ocrx_word' id='word_1_1185' title='bbox 1641 2924 1813 2958; x_wconf 86' lang='lat' dir='ltr'>exteriores</span> <span class='ocrx_word' id='word_1_1186' title='bbox 1837 2938 1930 2960; x_wconf 83' lang='lat' dir='ltr'>venas</span> <span class='ocrx_word' id='word_1_1187' title='bbox 1958 2953 1967 2968; x_wconf 89' lang='lat'>,</span> <span class='ocrx_word' id='word_1_1188' title='bbox 1990 2930 2112 2972; x_wconf 85' lang='lat' dir='ltr'>ipsique</span> 
     </span>
     <span class='ocr_line' id='line_1_141' title="bbox 1097 2959 2112 3014; baseline 0.018 -25"><span class='ocrx_word' id='word_1_1189' title='bbox 1097 2962 1166 2992; x_wconf 85' lang='lat' dir='ltr'>cuti</span> <span class='ocrx_word' id='word_1_1190' title='bbox 1184 2959 1349 3009; x_wconf 28' lang='lat' dir='ltr'>&#39;lubjestas</span> <span class='ocrx_word' id='word_1_1191' title='bbox 1375 2962 1510 2994; x_wconf 78' lang='lat' dir='ltr'>serretur</span> <span class='ocrx_word' id='word_1_1192' title='bbox 1532 2985 1544 3001; x_wconf 93' lang='lat'>,</span> <span class='ocrx_word' id='word_1_1193' title='bbox 1578 2964 1617 2996; x_wconf 90' lang='lat' dir='ltr'>ab</span> <span class='ocrx_word' id='word_1_1194' title='bbox 1641 2964 1736 3007; x_wconf 79' lang='lat' dir='ltr'>hujus</span> <span class='ocrx_word' id='word_1_1195' title='bbox 1773 2967 1898 3011; x_wconf 76' lang='lat' dir='ltr'>frigore</span> <span class='ocrx_word' id='word_1_1196' title='bbox 1922 2970 2112 3014; x_wconf 84' lang='lat' dir='ltr'>refrigerari</span> 
     </span>
     <span class='ocr_line' id='line_1_142' title="bbox 1099 3002 2113 3054; baseline 0.014 -20"><span class='ocrx_word' id='word_1_1197' title='bbox 1099 3002 1232 3049; x_wconf 83' lang='lat' dir='ltr'>potuisse</span> <span class='ocrx_word' id='word_1_1198' title='bbox 1257 3028 1263 3034; x_wconf 92' lang='lat'>.</span> <span class='ocrx_word' id='word_1_1199' title='bbox 1294 3004 1426 3052; x_wconf 27' lang='lat' dir='ltr'>*Verum</span> <span class='ocrx_word' id='word_1_1200' title='bbox 1451 3016 1489 3037; x_wconf 88' lang='lat' dir='ltr'>ne</span> <span class='ocrx_word' id='word_1_1201' title='bbox 1511 3004 1588 3039; x_wconf 88' lang='lat' dir='ltr'>huic</span> <span class='ocrx_word' id='word_1_1202' title='bbox 1612 3010 1744 3050; x_wconf 87' lang='lat' dir='ltr'>quidem</span> <span class='ocrx_word' id='word_1_1203' title='bbox 1769 3015 1983 3054; x_wconf 85' lang='lat' dir='ltr'>explicationi</span> <span class='ocrx_word' id='word_1_1204' title='bbox 2009 3040 2019 3054; x_wconf 90' lang='lat'><em>‚</em></span> <span class='ocrx_word' id='word_1_1205' title='bbox 2056 3029 2113 3052; x_wconf 89' lang='lat' dir='ltr'>cu-</span> 
     </span>
     <span class='ocr_line' id='line_1_143' title="bbox 1097 3046 2112 3103; baseline 0.018 -27"><span class='ocrx_word' id='word_1_1206' title='bbox 1097 3046 1299 3089; x_wconf 82' lang='lat' dir='ltr'>Jusquernodi</span> <span class='ocrx_word' id='word_1_1207' title='bbox 1325 3059 1358 3079; x_wconf 90' lang='lat' dir='ltr'>ea</span> <span class='ocrx_word' id='word_1_1208' title='bbox 1384 3049 1444 3085; x_wconf 87' lang='lat' dir='ltr'>sit,</span> <span class='ocrx_word' id='word_1_1209' title='bbox 1468 3047 1521 3082; x_wconf 83' lang='lat' dir='ltr'>hic</span> <span class='ocrx_word' id='word_1_1210' title='bbox 1547 3051 1629 3084; x_wconf 83' lang='lat' dir='ltr'>ullus</span> <span class='ocrx_word' id='word_1_1211' title='bbox 1652 3053 1693 3086; x_wconf 85' lang='lat' dir='ltr'>est</span> <span class='ocrx_word' id='word_1_1212' title='bbox 1715 3055 1823 3088; x_wconf 88' lang='lat' dir='ltr'>locus.</span> <span class='ocrx_word' id='word_1_1213' title='bbox 1850 3057 1937 3091; x_wconf 85' lang='lat' dir='ltr'>Nam</span> <span class='ocrx_word' id='word_1_1214' title='bbox 1963 3061 1994 3091; x_wconf 83' lang='lat'>&amp;</span> <span class='ocrx_word' id='word_1_1215' title='bbox 2020 3060 2112 3103; x_wconf 88' lang='lat' dir='ltr'>supe-</span> 
     </span>
     <span class='ocr_line' id='line_1_144' title="bbox 1097 3090 2104 3142; baseline 0.017 -22"><span class='ocrx_word' id='word_1_1216' title='bbox 1097 3091 1184 3124; x_wconf 83' lang='lat' dir='ltr'>riora</span> <span class='ocrx_word' id='word_1_1217' title='bbox 1209 3090 1382 3123; x_wconf 75' lang='lat' dir='ltr'>aeltuabant</span> <span class='ocrx_word' id='word_1_1218' title='bbox 1407 3114 1419 3130; x_wconf 90' lang='lat'>,</span> <span class='ocrx_word' id='word_1_1219' title='bbox 1445 3103 1545 3134; x_wconf 85' lang='lat' dir='ltr'>neque</span> <span class='ocrx_word' id='word_1_1220' title='bbox 1570 3095 1684 3128; x_wconf 85' lang='lat' dir='ltr'>mulier</span> <span class='ocrx_word' id='word_1_1221' title='bbox 1706 3097 1744 3130; x_wconf 90' lang='lat' dir='ltr'>de</span> <span class='ocrx_word' id='word_1_1222' title='bbox 1770 3098 1931 3142; x_wconf 75' lang='lat' dir='ltr'>sanguinis</span> <span class='ocrx_word' id='word_1_1223' title='bbox 1955 3102 2104 3137; x_wconf 84' lang='lat' dir='ltr'>desinen-</span> 
     </span>
     <span class='ocr_line' id='line_1_145' title="bbox 1099 3132 2107 3188; baseline 0.016 -23"><span class='ocrx_word' id='word_1_1224' title='bbox 1099 3135 1140 3166; x_wconf 85' lang='lat' dir='ltr'>tis</span> <span class='ocrx_word' id='word_1_1225' title='bbox 1172 3132 1290 3178; x_wconf 78' lang='lat' dir='ltr'>frigore</span> <span class='ocrx_word' id='word_1_1226' title='bbox 1315 3136 1484 3176; x_wconf 64' lang='lat' dir='ltr'>conquesita</span> <span class='ocrx_word' id='word_1_1227' title='bbox 1520 3136 1624 3178; x_wconf 80' lang='lat' dir='ltr'>esset,</span> <span class='ocrx_word' id='word_1_1228' title='bbox 1662 3140 1719 3173; x_wconf 88' lang='lat' dir='ltr'>nisi</span> <span class='ocrx_word' id='word_1_1229' title='bbox 1755 3145 1839 3176; x_wconf 81' lang='lat' dir='ltr'>cutis</span> <span class='ocrx_word' id='word_1_1230' title='bbox 1863 3146 1968 3178; x_wconf 85' lang='lat' dir='ltr'>minus</span> <span class='ocrx_word' id='word_1_1231' title='bbox 2007 3157 2107 3188; x_wconf 83' lang='lat' dir='ltr'>quam</span> 
     </span>
     <span class='ocr_line' id='line_1_146' title="bbox 1098 3176 2110 3225; baseline 0.014 -15"><span class='ocrx_word' id='word_1_1232' title='bbox 1098 3176 1243 3219; x_wconf 79' lang='lat' dir='ltr'>sanguis,</span> <span class='ocrx_word' id='word_1_1233' title='bbox 1272 3177 1377 3210; x_wconf 81' lang='lat' dir='ltr'>suisset</span> <span class='ocrx_word' id='word_1_1234' title='bbox 1390 3177 1526 3219; x_wconf 76' lang='lat' dir='ltr'>frigida.</span> <span class='ocrx_word' id='word_1_1235' title='bbox 1661 3183 1737 3220; x_wconf 79' lang='lat' dir='ltr'>Qua</span> <span class='ocrx_word' id='word_1_1236' title='bbox 1762 3187 1864 3225; x_wconf 67' lang='lat' dir='ltr'>igitur</span> <span class='ocrx_word' id='word_1_1237' title='bbox 1889 3190 2014 3222; x_wconf 79' lang='lat' dir='ltr'>ratione</span> <span class='ocrx_word' id='word_1_1238' title='bbox 2038 3188 2110 3224; x_wconf 87' lang='lat' dir='ltr'>san-</span> 
     </span>
     <span class='ocr_line' id='line_1_147' title="bbox 1098 3220 2107 3271; baseline 0.014 -19"><span class='ocrx_word' id='word_1_1239' title='bbox 1098 3222 1168 3270; x_wconf 71' lang='lat' dir='ltr'>guis</span> <span class='ocrx_word' id='word_1_1240' title='bbox 1194 3220 1281 3269; x_wconf 70' lang='lat' dir='ltr'>possit</span> <span class='ocrx_word' id='word_1_1241' title='bbox 1303 3232 1371 3270; x_wconf 70' lang='lat' dir='ltr'>¹non</span> <span class='ocrx_word' id='word_1_1242' title='bbox 1397 3221 1495 3271; x_wconf 77' lang='lat' dir='ltr'>modo</span> <span class='ocrx_word' id='word_1_1243' title='bbox 1520 3225 1623 3265; x_wconf 81' lang='lat' dir='ltr'>qualis</span> <span class='ocrx_word' id='word_1_1244' title='bbox 1647 3227 1680 3259; x_wconf 88' lang='lat' dir='ltr'>in</span> <span class='ocrx_word' id='word_1_1245' title='bbox 1704 3223 1847 3270; x_wconf 84' lang='lat' dir='ltr'>piscibus</span> <span class='ocrx_word' id='word_1_1246' title='bbox 1870 3230 1912 3264; x_wconf 83' lang='lat' dir='ltr'>est</span> <span class='ocrx_word' id='word_1_1247' title='bbox 1936 3256 1944 3270; x_wconf 96' lang='lat'>‚</span> <span class='ocrx_word' id='word_1_1248' title='bbox 1969 3230 2019 3265; x_wconf 89' lang='lat' dir='ltr'>sed</span> <span class='ocrx_word' id='word_1_1249' title='bbox 2045 3232 2107 3266; x_wconf 86' lang='lat' dir='ltr'>fri-</span> 
     </span>
     <span class='ocr_line' id='line_1_148' title="bbox 1099 3264 2106 3314; baseline 0.018 -22"><span class='ocrx_word' id='word_1_1250' title='bbox 1099 3264 1263 3312; x_wconf 35' lang='lat' dir='ltr'>gidior-&#39;in</span> <span class='ocrx_word' id='word_1_1251' title='bbox 1278 3266 1488 3314; x_wconf 74' lang='lat' dir='ltr'>viventibus,</span> <span class='ocrx_word' id='word_1_1252' title='bbox 1514 3270 1707 3310; x_wconf 59' lang='lat' dir='ltr'>victurisque</span> <span class='ocrx_word' id='word_1_1253' title='bbox 1733 3271 1924 3307; x_wconf 85' lang='lat' dir='ltr'>hominibus</span> <span class='ocrx_word' id='word_1_1254' title='bbox 1938 3275 2106 3313; x_wconf 82' lang='lat' dir='ltr'>interdum</span> 
     </span>
     <span class='ocr_line' id='line_1_149' title="bbox 1100 3305 2103 3358; baseline 0.013 -18"><span class='ocrx_word' id='word_1_1255' title='bbox 1100 3307 1184 3347; x_wconf 82' lang='lat' dir='ltr'>esse,</span> <span class='ocrx_word' id='word_1_1256' title='bbox 1209 3305 1272 3355; x_wconf 70' lang='lat' dir='ltr'>ipse</span> <span class='ocrx_word' id='word_1_1257' title='bbox 1296 3319 1360 3353; x_wconf 87' lang='lat' dir='ltr'>quo</span> <span class='ocrx_word' id='word_1_1258' title='bbox 1384 3311 1515 3349; x_wconf 78' lang='lat' dir='ltr'>ingenio</span> <span class='ocrx_word' id='word_1_1259' title='bbox 1538 3322 1590 3350; x_wconf 75' lang='grc' dir='ltr'>ες,</span> <span class='ocrx_word' id='word_1_1260' title='bbox 1614 3313 1793 3355; x_wconf 85' lang='lat' dir='ltr'>disquires.</span> <span class='ocrx_word' id='word_1_1261' title='bbox 1820 3316 1908 3349; x_wconf 84' lang='lat' dir='ltr'>Mihi</span> <span class='ocrx_word' id='word_1_1262' title='bbox 1926 3329 2024 3358; x_wconf 87' lang='lat' dir='ltr'>vero,</span> <span class='ocrx_word' id='word_1_1263' title='bbox 2050 3322 2103 3353; x_wconf 90' lang='lat' dir='ltr'>cui</span> 
     </span>
     <span class='ocr_line' id='line_1_150' title="bbox 1101 3351 2105 3403; baseline 0.016 -22"><span class='ocrx_word' id='word_1_1264' title='bbox 1101 3351 1268 3384; x_wconf 80' lang='lat' dir='ltr'>historiam</span> <span class='ocrx_word' id='word_1_1265' title='bbox 1296 3352 1414 3400; x_wconf 69' lang='lat' dir='ltr'>summa</span> <span class='ocrx_word' id='word_1_1266' title='bbox 1442 3352 1502 3386; x_wconf 83' lang='lat' dir='ltr'>fide</span> <span class='ocrx_word' id='word_1_1267' title='bbox 1526 3356 1743 3398; x_wconf 82' lang='lat' dir='ltr'>proposuisse,</span> <span class='ocrx_word' id='word_1_1268' title='bbox 1768 3370 1842 3392; x_wconf 82' lang='lat' dir='ltr'>cum</span> <span class='ocrx_word' id='word_1_1269' title='bbox 1866 3361 2000 3403; x_wconf 90' lang='lat' dir='ltr'>aliisque</span> <span class='ocrx_word' id='word_1_1270' title='bbox 2014 3374 2105 3396; x_wconf 91' lang='lat' dir='ltr'>com-</span> 
     </span>
     <span class='ocr_line' id='line_1_151' title="bbox 1101 3393 2103 3441; baseline 0.014 -16"><span class='ocrx_word' id='word_1_1271' title='bbox 1101 3393 1220 3435; x_wconf 79' lang='lat' dir='ltr'>parasse</span> <span class='ocrx_word' id='word_1_1272' title='bbox 1245 3397 1318 3438; x_wconf 31' lang='lat' dir='ltr'>sat-13</span> <span class='ocrx_word' id='word_1_1273' title='bbox 1343 3394 1384 3427; x_wconf 83' lang='lat' dir='ltr'>est</span> <span class='ocrx_word' id='word_1_1274' title='bbox 1412 3418 1420 3432; x_wconf 86' lang='lat'>‚</span> <span class='ocrx_word' id='word_1_1275' title='bbox 1456 3396 1493 3429; x_wconf 88' lang='lat' dir='ltr'>ad</span> <span class='ocrx_word' id='word_1_1276' title='bbox 1521 3398 1582 3430; x_wconf 87' lang='lat' dir='ltr'>alia</span> <span class='ocrx_word' id='word_1_1277' title='bbox 1607 3411 1679 3441; x_wconf 85' lang='lat' dir='ltr'>quae</span> <span class='ocrx_word' id='word_1_1278' title='bbox 1715 3402 1838 3436; x_wconf 87' lang='lat' dir='ltr'>tametsi</span> <span class='ocrx_word' id='word_1_1279' title='bbox 1863 3405 2012 3439; x_wconf 84' lang='lat' dir='ltr'>miranda</span> <span class='ocrx_word' id='word_1_1280' title='bbox 2037 3417 2103 3439; x_wconf 88' lang='lat' dir='ltr'>non</span> 
     </span>
    </p>
   </div>
   <div class='ocr_carea' id='block_1_14' title="bbox 1101 3437 2104 3514">
    <p class='ocr_par' dir='ltr' id='par_1_15' title="bbox 1101 3437 2104 3514">
     <span class='ocr_line' id='line_1_152' title="bbox 1101 3437 2104 3514; baseline 0.014 -44"><span class='ocrx_word' id='word_1_1281' title='bbox 1101 3441 1173 3514; x_wconf 54' lang='lat' dir='ltr'>{ium</span> <span class='ocrx_word' id='word_1_1282' title='bbox 1198 3459 1206 3474; x_wconf 87' lang='lat'>,</span> <span class='ocrx_word' id='word_1_1283' title='bbox 1241 3437 1306 3478; x_wconf 70' lang='lat' dir='ltr'>ipra</span> <span class='ocrx_word' id='word_1_1284' title='bbox 1331 3440 1370 3471; x_wconf 86' lang='lat' dir='ltr'>ad</span> <span class='ocrx_word' id='word_1_1285' title='bbox 1403 3441 1592 3476; x_wconf 88' lang='lat' dir='ltr'>memoriam</span> <span class='ocrx_word' id='word_1_1286' title='bbox 1626 3447 1792 3479; x_wconf 81' lang='lat' dir='ltr'>revocavit</span> <span class='ocrx_word' id='word_1_1287' title='bbox 1816 3470 1826 3487; x_wconf 93' lang='lat'>,</span> <span class='ocrx_word' id='word_1_1288' title='bbox 1859 3446 1902 3480; x_wconf 91' lang='lat' dir='ltr'>est</span> <span class='ocrx_word' id='word_1_1289' title='bbox 1935 3450 2104 3484; x_wconf 82' lang='lat' dir='ltr'>transeun—</span> 
     </span>
     <span class='ocr_line' id='line_1_153' title="bbox 1127 3492 1201 3514; baseline 0 0"><span class='ocrx_word' id='word_1_1290' title='bbox 1127 3492 1201 3514; x_wconf 87' lang='lat' dir='ltr'>um.</span> 
     </span>
    </p>
   </div>
   <div class='ocr_carea' id='block_1_15' title="bbox 1905 3537 2066 3575">
    <p class='ocr_par' dir='ltr' id='par_1_16' title="bbox 1905 3537 2066 3575">
     <span class='ocr_line' id='line_1_154' title="bbox 1905 3537 2066 3575; baseline 0.031 -9"><span class='ocrx_word' id='word_1_1291' title='bbox 1905 3544 1956 3575; x_wconf 89' lang='lat'>29.</span> <span class='ocrx_word' id='word_1_1292' title='bbox 1978 3537 2066 3571; x_wconf 87' lang='lat' dir='ltr'>Cum</span> 
     </span>
    </p>
   </div>
   <div class='ocr_carea' id='block_1_16' title="bbox 46 3628 2107 3650">
    <p class='ocr_par' dir='ltr' id='par_1_17' title="bbox 46 3628 2107 3650">
     <span class='ocr_line' id='line_1_155' title="bbox 46 3628 2107 3650; baseline 0.006 -13"><span class='ocrx_word' id='word_1_1293' title='bbox 46 3628 2107 3650; x_wconf 49' lang='grc' dir='ltr'><em>Ἦ</em></span> 
     </span>
    </p>
   </div>
   <div class='ocr_carea' id='block_1_17' title="bbox 163 3704 745 3826">
    <p class='ocr_par' dir='ltr' id='par_1_18' title="bbox 163 3704 491 3733">
     <span class='ocr_line' id='line_1_156' title="bbox 163 3704 491 3733; baseline 0 -4"><span class='ocrx_word' id='word_1_1294' title='bbox 163 3705 177 3733; x_wconf 84' lang='grc'>)</span> <span class='ocrx_word' id='word_1_1295' title='bbox 192 3705 275 3729; x_wconf 65' lang='lat' dir='ltr'>Trae&#39;t.</span> <span class='ocrx_word' id='word_1_1296' title='bbox 292 3705 322 3729; x_wconf 85' lang='lat' dir='ltr'>de</span> <span class='ocrx_word' id='word_1_1297' title='bbox 340 3704 417 3728; x_wconf 81' lang='lat' dir='ltr'>Corde</span> <span class='ocrx_word' id='word_1_1298' title='bbox 432 3712 451 3728; x_wconf 84' lang='lat' dir='ltr'>c.</span> <span class='ocrx_word' id='word_1_1299' title='bbox 470 3713 491 3729; x_wconf 88' lang='lat'>2.</span> 
     </span>
    </p>

    <p class='ocr_par' dir='ltr' id='par_1_19' title="bbox 168 3735 745 3826">
     <span class='ocr_line' id='line_1_157' title="bbox 168 3735 604 3766; baseline 0 -7"><span class='ocrx_word' id='word_1_1300' title='bbox 168 3736 176 3764; x_wconf 92' lang='lat'>)</span> <span class='ocrx_word' id='word_1_1301' title='bbox 192 3736 262 3759; x_wconf 76' lang='lat' dir='ltr'>Cent.</span> <span class='ocrx_word' id='word_1_1302' title='bbox 279 3743 301 3759; x_wconf 76' lang='lat'>2.</span> <span class='ocrx_word' id='word_1_1303' title='bbox 320 3735 386 3759; x_wconf 85' lang='lat' dir='ltr'>Med.</span> <span class='ocrx_word' id='word_1_1304' title='bbox 406 3735 474 3765; x_wconf 80' lang='lat' dir='ltr'>Phys.</span> <span class='ocrx_word' id='word_1_1305' title='bbox 492 3735 549 3760; x_wconf 89' lang='lat' dir='ltr'>Obs.</span> <span class='ocrx_word' id='word_1_1306' title='bbox 569 3746 604 3766; x_wconf 71' lang='lat'>5¹-</span> 
     </span>
     <span class='ocr_line' id='line_1_158' title="bbox 172 3767 745 3794; baseline 0.002 -3"><span class='ocrx_word' id='word_1_1307' title='bbox 172 3769 179 3793; x_wconf 79' lang='lat'><strong><em>}</em></strong></span> <span class='ocrx_word' id='word_1_1308' title='bbox 199 3768 302 3791; x_wconf 75' lang='lat' dir='ltr'>Earun-i.</span> <span class='ocrx_word' id='word_1_1309' title='bbox 320 3768 373 3790; x_wconf 88' lang='lat' dir='ltr'>Dec.</span> <span class='ocrx_word' id='word_1_1310' title='bbox 393 3772 417 3794; x_wconf 86' lang='lat'>3-</span> <span class='ocrx_word' id='word_1_1311' title='bbox 434 3769 464 3790; x_wconf 78' lang='lat' dir='ltr'>A.</span> <span class='ocrx_word' id='word_1_1312' title='bbox 484 3774 505 3793; x_wconf 80' lang='grc'>9.</span> <span class='ocrx_word' id='word_1_1313' title='bbox 524 3767 545 3790; x_wconf 68' lang='grc' dir='ltr'><strong>ἃ</strong></span> <span class='ocrx_word' id='word_1_1314' title='bbox 567 3775 600 3791; x_wconf 83' lang='lat'>10.</span> <span class='ocrx_word' id='word_1_1315' title='bbox 618 3768 672 3791; x_wconf 88' lang='lat' dir='ltr'>Obs</span> <span class='ocrx_word' id='word_1_1316' title='bbox 692 3772 745 3792; x_wconf 79' lang='lat'>20⁶.</span> 
     </span>
     <span class='ocr_line' id='line_1_159' title="bbox 170 3796 558 3826; baseline 0.005 -6"><span class='ocrx_word' id='word_1_1317' title='bbox 170 3797 297 3824; x_wconf 81' lang='lat' dir='ltr'>)Earund.</span> <span class='ocrx_word' id='word_1_1318' title='bbox 316 3799 386 3821; x_wconf 83' lang='lat' dir='ltr'>Cent.</span> <span class='ocrx_word' id='word_1_1319' title='bbox 407 3804 427 3825; x_wconf 80' lang='lat'>9·</span> <span class='ocrx_word' id='word_1_1320' title='bbox 446 3796 503 3821; x_wconf 87' lang='lat' dir='ltr'>Obs.</span> <span class='ocrx_word' id='word_1_1321' title='bbox 520 3804 558 3826; x_wconf 80' lang='grc' dir='ltr'>3ο-</span> 
     </span>
    </p>
   </div>
   <div class='ocr_carea' id='block_1_18' title="bbox 554 3706 1326 3830">
    <p class='ocr_par' dir='ltr' id='par_1_20' title="bbox 554 3706 1260 3768">
     <span class='ocr_line' id='line_1_160' title="bbox 554 3706 1072 3737; baseline 0.006 -8"><span class='ocrx_word' id='word_1_1322' title='bbox 554 3707 567 3735; x_wconf 77' lang='grc'>(</span> <span class='ocrx_word' id='word_1_1323' title='bbox 582 3706 598 3729; x_wconf 81' lang='lat' dir='ltr'>d</span> <span class='ocrx_word' id='word_1_1324' title='bbox 614 3707 622 3737; x_wconf 88' lang='lat'>)</span> <span class='ocrx_word' id='word_1_1325' title='bbox 640 3709 674 3731; x_wconf 89' lang='lat' dir='ltr'>De</span> <span class='ocrx_word' id='word_1_1326' title='bbox 692 3707 759 3732; x_wconf 85' lang='lat' dir='ltr'>hum.</span> <span class='ocrx_word' id='word_1_1327' title='bbox 774 3714 837 3736; x_wconf 80' lang='lat' dir='ltr'>corp.</span> <span class='ocrx_word' id='word_1_1328' title='bbox 855 3706 916 3731; x_wconf 80' lang='lat' dir='ltr'>sabr.</span> <span class='ocrx_word' id='word_1_1329' title='bbox 935 3710 950 3731; x_wconf 91' lang='grc'>1.</span> <span class='ocrx_word' id='word_1_1330' title='bbox 969 3711 992 3731; x_wconf 83' lang='grc'>6.</span> <span class='ocrx_word' id='word_1_1331' title='bbox 1010 3715 1029 3731; x_wconf 87' lang='lat' dir='ltr'>c.</span> <span class='ocrx_word' id='word_1_1332' title='bbox 1050 3715 1072 3732; x_wconf 73' lang='grc' dir='ltr'>ι.</span> 
     </span>
     <span class='ocr_line' id='line_1_161' title="bbox 669 3737 1260 3768; baseline 0 -7"><span class='ocrx_word' id='word_1_1333' title='bbox 669 3738 711 3766; x_wconf 82' lang='lat' dir='ltr'>(h</span> <span class='ocrx_word' id='word_1_1334' title='bbox 727 3738 739 3764; x_wconf 86' lang='lat'>)</span> <span class='ocrx_word' id='word_1_1335' title='bbox 757 3737 814 3766; x_wconf 85' lang='lat' dir='ltr'>Eph.</span> <span class='ocrx_word' id='word_1_1336' title='bbox 833 3741 864 3763; x_wconf 89' lang='lat' dir='ltr'>N.</span> <span class='ocrx_word' id='word_1_1337' title='bbox 885 3740 912 3762; x_wconf 67' lang='lat' dir='ltr'>Cv</span> <span class='ocrx_word' id='word_1_1338' title='bbox 933 3741 989 3762; x_wconf 84' lang='lat' dir='ltr'>Dec.</span> <span class='ocrx_word' id='word_1_1339' title='bbox 1006 3745 1027 3760; x_wconf 85' lang='lat'>2.</span> <span class='ocrx_word' id='word_1_1340' title='bbox 1046 3741 1074 3761; x_wconf 82' lang='lat' dir='ltr'>A.</span> <span class='ocrx_word' id='word_1_1341' title='bbox 1093 3747 1114 3766; x_wconf 69' lang='lat'>4.</span> <span class='ocrx_word' id='word_1_1342' title='bbox 1131 3739 1189 3763; x_wconf 87' lang='lat' dir='ltr'>Obs.</span> <span class='ocrx_word' id='word_1_1343' title='bbox 1210 3742 1260 3768; x_wconf 76' lang='lat'>138.</span> 
     </span>
    </p>

    <p class='ocr_par' dir='ltr' id='par_1_21' title="bbox 620 3768 1326 3830">
     <span class='ocr_line' id='line_1_162' title="bbox 809 3768 1305 3799; baseline -0.002 -6"><span class='ocrx_word' id='word_1_1344' title='bbox 809 3768 815 3793; x_wconf 92' lang='lat' dir='ltr'>s</span> <span class='ocrx_word' id='word_1_1345' title='bbox 834 3770 844 3792; x_wconf 83' lang='lat'><em>1</em></span> <span class='ocrx_word' id='word_1_1346' title='bbox 862 3771 869 3798; x_wconf 76' lang='lat' dir='ltr'>J</span> <span class='ocrx_word' id='word_1_1347' title='bbox 888 3769 939 3793; x_wconf 64' lang='grc' dir='ltr'>Αᾶ.</span> <span class='ocrx_word' id='word_1_1348' title='bbox 960 3770 994 3792; x_wconf 88' lang='grc' dir='ltr'>Ν.</span> <span class='ocrx_word' id='word_1_1349' title='bbox 1012 3771 1039 3792; x_wconf 70' lang='grc' dir='ltr'>ΕΔ</span> <span class='ocrx_word' id='word_1_1350' title='bbox 1056 3770 1132 3793; x_wconf 81' lang='lat' dir='ltr'>Tom.</span> <span class='ocrx_word' id='word_1_1351' title='bbox 1155 3779 1172 3794; x_wconf 76' lang='grc' dir='ltr'>ι.</span> <span class='ocrx_word' id='word_1_1352' title='bbox 1192 3770 1249 3794; x_wconf 90' lang='lat' dir='ltr'>Obs.</span> <span class='ocrx_word' id='word_1_1353' title='bbox 1270 3778 1305 3799; x_wconf 75' lang='lat'>34.</span> 
     </span>
     <span class='ocr_line' id='line_1_163' title="bbox 620 3799 1326 3830; baseline 0.004 -8"><span class='ocrx_word' id='word_1_1354' title='bbox 620 3800 634 3828; x_wconf 64' lang='grc' dir='ltr'>ζ</span> <span class='ocrx_word' id='word_1_1355' title='bbox 650 3808 662 3822; x_wconf 82' lang='grc' dir='ltr'><em>α</em></span> <span class='ocrx_word' id='word_1_1356' title='bbox 679 3799 691 3827; x_wconf 89' lang='grc'>)</span> <span class='ocrx_word' id='word_1_1357' title='bbox 709 3801 845 3824; x_wconf 81' lang='lat' dir='ltr'>Commerc.</span> <span class='ocrx_word' id='word_1_1358' title='bbox 864 3800 952 3824; x_wconf 79' lang='lat' dir='ltr'>Litter.</span> <span class='ocrx_word' id='word_1_1359' title='bbox 971 3803 1000 3822; x_wconf 85' lang='lat' dir='ltr'>A.</span> <span class='ocrx_word' id='word_1_1360' title='bbox 1020 3807 1085 3828; x_wconf 75' lang='lat'>²743·</span> <span class='ocrx_word' id='word_1_1361' title='bbox 1104 3801 1185 3828; x_wconf 78' lang='lat' dir='ltr'>Hebd,</span> <span class='ocrx_word' id='word_1_1362' title='bbox 1204 3809 1241 3825; x_wconf 78' lang='lat'>21.</span> <span class='ocrx_word' id='word_1_1363' title='bbox 1260 3809 1284 3827; x_wconf 80' lang='lat' dir='ltr'>n.</span> <span class='ocrx_word' id='word_1_1364' title='bbox 1303 3811 1326 3830; x_wconf 67' lang='lat'>4.</span> 
     </span>
    </p>
   </div>
   <div class='ocr_carea' id='block_1_19' title="bbox 1133 3708 1985 3747">
    <p class='ocr_par' dir='ltr' id='par_1_22' title="bbox 1133 3708 1985 3747">
     <span class='ocr_line' id='line_1_164' title="bbox 1133 3708 1985 3747; baseline 0.013 -15"><span class='ocrx_word' id='word_1_1365' title='bbox 1133 3709 1147 3738; x_wconf 86' lang='lat'>(</span> <span class='ocrx_word' id='word_1_1366' title='bbox 1164 3717 1176 3733; x_wconf 81' lang='lat' dir='ltr'>e</span> <span class='ocrx_word' id='word_1_1367' title='bbox 1193 3710 1202 3739; x_wconf 85' lang='lat'><strong><em>)</em></strong></span> <span class='ocrx_word' id='word_1_1368' title='bbox 1219 3708 1276 3733; x_wconf 87' lang='lat' dir='ltr'>Obs&#39;.</span> <span class='ocrx_word' id='word_1_1369' title='bbox 1293 3709 1443 3734; x_wconf 81' lang='lat' dir='ltr'>communic.</span> <span class='ocrx_word' id='word_1_1370' title='bbox 1459 3715 1499 3738; x_wconf 73' lang='grc'>46.</span> <span class='ocrx_word' id='word_1_1371' title='bbox 1563 3711 1626 3742; x_wconf 62' lang='grc' dir='ltr'>(Γ)</span> <span class='ocrx_word' id='word_1_1372' title='bbox 1644 3715 1714 3738; x_wconf 88' lang='lat' dir='ltr'>Cent.</span> <span class='ocrx_word' id='word_1_1373' title='bbox 1731 3723 1752 3743; x_wconf 76' lang='lat'>4.</span> <span class='ocrx_word' id='word_1_1374' title='bbox 1771 3716 1843 3745; x_wconf 83' lang='lat' dir='ltr'>Epist.</span> <span class='ocrx_word' id='word_1_1375' title='bbox 1863 3717 1931 3741; x_wconf 77' lang='lat' dir='ltr'>Med.</span> <span class='ocrx_word' id='word_1_1376' title='bbox 1948 3727 1985 3747; x_wconf 70' lang='lat'>47.</span> 
     </span>
    </p>
   </div>
   <div class='ocr_carea' id='block_1_20' title="bbox 1323 3740 2031 3807">
    <p class='ocr_par' dir='ltr' id='par_1_23' title="bbox 1323 3740 2031 3807">
     <span class='ocr_line' id='line_1_165' title="bbox 1323 3740 1727 3773; baseline 0.012 -10"><span class='ocrx_word' id='word_1_1377' title='bbox 1323 3740 1391 3769; x_wconf 80' lang='lat' dir='ltr'>(i)</span> <span class='ocrx_word' id='word_1_1378' title='bbox 1411 3742 1469 3764; x_wconf 50' lang='lat' dir='ltr'>Ibit-i⁴</span> <span class='ocrx_word' id='word_1_1379' title='bbox 1491 3741 1547 3766; x_wconf 69' lang='lat' dir='ltr'>obs.</span> <span class='ocrx_word' id='word_1_1380' title='bbox 1571 3751 1618 3772; x_wconf 79' lang='lat'>139.</span> <span class='ocrx_word' id='word_1_1381' title='bbox 1637 3746 1657 3767; x_wconf 69' lang='grc' dir='ltr'><strong>ἃ</strong></span> <span class='ocrx_word' id='word_1_1382' title='bbox 1677 3752 1727 3773; x_wconf 76' lang='lat'>¹40·</span> 
     </span>
     <span class='ocr_line' id='line_1_166' title="bbox 1369 3770 2031 3807; baseline 0.015 -13"><span class='ocrx_word' id='word_1_1383' title='bbox 1369 3770 1418 3801; x_wconf 71' lang='lat' dir='ltr'>(nx</span> <span class='ocrx_word' id='word_1_1384' title='bbox 1436 3773 1448 3800; x_wconf 91' lang='lat'>)</span> <span class='ocrx_word' id='word_1_1385' title='bbox 1466 3774 1526 3801; x_wconf 65' lang='lat' dir='ltr'>Eph,</span> <span class='ocrx_word' id='word_1_1386' title='bbox 1546 3776 1576 3797; x_wconf 86' lang='lat' dir='ltr'>N.</span> <span class='ocrx_word' id='word_1_1387' title='bbox 1596 3777 1622 3798; x_wconf 89' lang='lat' dir='ltr'>C.</span> <span class='ocrx_word' id='word_1_1388' title='bbox 1642 3778 1697 3799; x_wconf 82' lang='lat' dir='ltr'>Dec.</span> <span class='ocrx_word' id='word_1_1389' title='bbox 1717 3785 1728 3805; x_wconf 77' lang='lat'>3</span> <span class='ocrx_word' id='word_1_1390' title='bbox 1758 3779 1787 3801; x_wconf 82' lang='grc' dir='ltr'>Α.</span> <span class='ocrx_word' id='word_1_1391' title='bbox 1808 3781 1860 3807; x_wconf 70' lang='grc' dir='ltr'>ς.8ι</span> <span class='ocrx_word' id='word_1_1392' title='bbox 1876 3782 1900 3804; x_wconf 89' lang='grc'>6.</span> <span class='ocrx_word' id='word_1_1393' title='bbox 1919 3779 1976 3804; x_wconf 89' lang='lat' dir='ltr'>Obs.</span> <span class='ocrx_word' id='word_1_1394' title='bbox 1995 3782 2031 3804; x_wconf 73' lang='lat'>20.</span> 
     </span>
    </p>
   </div>
  </div>
 </body>
</html>
