2498 4075
403 115 493 173 1238

325 207 360 230 re
382 208 458 233 nota
478 210 569 241 aeque
592 196 802 243 apertisxutar
815 196 940 230 Palfinii
964 200 977 235 (
999 206 1021 230 x
1036 199 1057 235 -)
1078 195 1201 228 verbis.
1227 198 1338 240 Atque

323 239 440 284 horum
463 243 610 284 pleraque
635 252 651 273 a
674 244 723 272 me
745 240 832 273 dieta
856 250 946 283 putes
967 263 979 280 ‚
1020 249 1084 274 non
1108 248 1174 272 tam
1197 240 1239 272 ob
1262 242 1337 274 Lit-

325 285 383 320 .trii
395 307 405 322 ,
418 289 524 328 'quam
537 285 579 317 ob
592 281 825 326 Dethardingii
852 286 891 326 (y
903 289 917 327 )
930 307 940 323 ,
963 282 1200 317 &Affeelarum
1213 282 1336 319 senten-

324 329 405 363 tia-m
420 353 427 360 .
452 330 501 361 Hi
521 330 607 362 enim
630 327 668 360 ab
693 326 842 363 adstrieta
865 328 903 360 ad
924 325 1090 362 orificium
1115 326 1258 369 laryngis
1271 329 1339 368 epi-

323 371 466 413 glottide
488 374 519 405 δι
536 370 780 414 respirationem
802 371 981 412 intercipi,
1006 373 1163 414 &aquam
1185 370 1338 409 excludi,

324 414 409 456 quasi
420 426 495 448 vero
506 414 573 448 haec
591 415 625 451 in
639 414 791 449 omnibus
802 412 1044 454 excluderetur-3
1069 426 1133 447 non
1152 414 1301 448 dubitant
1329 427 1336 445 :

323 469 424 501 neque
439 468 545 496 tamen
557 470 667 495 eornm
677 457 837 500 quispiam
849 456 890 489 est
911 459 967 499 qui
979 459 1012 490 in
1030 457 1263 493 submersorum
1273 456 1337 489 dis-

320 500 461 536 sectione
472 502 702 546 epiglottidern
714 499 885 543 depressam
897 512 912 533 a
927 502 968 541 se,
980 511 1034 539 aut
1046 502 1086 535 ab
1093 502 1167 535 aliis
1179 510 1335 543 repertam

318 545 409 581 ,dicat
432 558 440 579 ι
471 555 584 580 contra
609 554 714 578 autern
747 555 810 577 non
835 545 920 577 secus
952 553 1045 587 atque
1069 556 1129 587 ego
1153 566 1162 581 ,
1192 553 1334 586 apertam

319 588 518 632 glottidem,
539 590 658 622 elatam
681 587 911 631 epiglottidem
932 589 1031 622 Evers
1050 600 1179 631 quoque
1205 591 1277 630 (z)
1300 589 1334 620 in

318 642 370 671 tot
393 633 455 667 suis
478 633 705 675 experimentis
729 631 849 674 semper
873 631 1043 673 conspexit
1066 655 1078 673 ,
1110 641 1146 669 ut
1171 633 1267 664 etiam
1301 632 1334 663 in

318 687 421 719 puero
443 678 507 720 (a)
531 675 623 718 cujus
647 676 814 720 pulmones
839 686 919 717 aqua
942 675 1081 709 subierat
1096 699 1107 714 ,
1128 677 1178 709 uti
1202 678 1235 709 δε
1259 686 1335 707 ven-

318 721 493 756 triculum.
519 720 579 752 Illa
604 728 709 752 tamen
732 730 830 760 quam
855 720 948 756 dixi,
974 730 1005 751 re
1030 718 1134 761 posita
1158 741 1167 756 ‚
1193 717 1336 753 Dethar-

317 764 448 806 dingius
472 764 632 806 praecipua
656 762 766 795 statuit
790 761 1021 796 submersorum
1052 762 1173 795 auxilia
1199 761 1256 796 effe
1280 762 1336 795 illa

316 819 373 852 per
396 818 467 850 quae
492 806 666 848 ‚epiglottis
690 804 887 844 attollatur,
910 814 992 845 aut,
1013 804 1036 838 si
1059 805 1092 837 id
1117 817 1180 838 non
1207 805 1298 849 possit
1321 828 1334 845 ,

315 853 402 886 viam
424 850 520 882 aliam
544 850 606 881 aeri
631 860 690 891 pro
722 859 756 880 ea
780 859 875 890 quam
898 849 1055 890 cartilago
1088 848 1156 882 haec
1179 849 1334 883 interclu-

311 894 385 932 dit,
411 895 587 936 aperiamus
611 916 618 923 .
655 894 768 934 Itaque
793 893 875 925 hanc
907 891 1047 927 immisso
1070 902 1141 925 tum
1170 893 1277 927 statim
1300 894 1333 925 in

311 939 420 977 :fauces
441 936 574 979 digito,
597 944 650 968 aut
675 945 775 977 penna
787 937 915 979 potius,
941 936 1129 979 peniculove
1141 948 1180 970 ex
1203 937 1276 971 seris
1291 937 1334 970 ir-

310 980 492 1023 ritandam,
514 989 586 1013 turn
608 977 811 1012 excitandam
826 1022 830 1025 Δ
845 980 942 1013 etiam
968 980 1170 1022 posteaquam
1205 980 1262 1015 sub
1286 980 1331 1015 la-

310 1037 412 1070 rynge
435 1025 549 1057 arteria
573 1022 694 1066 Aspera
718 1024 844 1065 pertusa
869 1022 994 1064 fuerit,
1016 1023 1148 1058 subinde
1171 1023 1210 1058 ad
1232 1023 1328 1068 hujus

309 1070 424 1106 vulnus
446 1067 555 1110 digito
579 1064 728 1142 apposito
745 1088 755 1104 ‚
780 1077 834 1100 aut
859 1067 928 1103 ¹tuffi
952 1069 1110 1110 imperata
1125 1090 1134 1105 ‚
1159 1077 1195 1101 ut
1208 1068 1328 1101 alteru-

309 1124 365 1148 tro
388 1112 488 1146 modo
508 1113 600 1153 impu
617 1111 645 1143 sa
670 1109 708 1142 ab
722 1121 809 1149 aere,
835 1111 1003 1153 epiglottis
1016 1110 1202 1145 attollatur.
1230 1113 1327 1153 Qo-

306 1168 402 1195 rum5
427 1155 449 1189 si
473 1154 507 1188 id
530 1153 616 1197 quod
642 1153 748 1195 posuit
769 1177 779 1191 ,
811 1165 914 1189 revera
938 1153 1010 1188 esset
1031 1167 1044 1196 ;
1075 1155 1221 1198 pleraque
1245 1164 1326 1188 certe

309 1204 341 1236 &
360 1206 423 1242 ego
447 1198 615 1241 probarem
637 1209 647 1235 3
682 1196 740 1233 nisi
762 1208 802 1233 ex
837 1199 877 1232 iis
899 1210 971 1241 quae
1006 1198 1103 1240 paulo
1127 1208 1199 1232 ante
1235 1198 1323 1232 diffisa

305 1244 402 1284 sunt,
427 1242 534 1276 multo
557 1241 764 1283 promptius,
786 1240 936 1284 idemque
959 1241 1097 1275 validius
1120 1241 1159 1275 ad
1181 1253 1250 1275 eam
1274 1253 1323 1274 re-

306 1286 472 1325 levandam
506 1285 729 1326 cartilaginem
754 1285 913 1322 auxilium
937 1295 1057 1326 pateret
1076 1308 1089 1325 ,
1122 1296 1235 1328 nempe
1261 1286 1323 1319 lin-

306 1342 402 1374 guam
425 1329 574 1373 protinus
599 1329 716 1371 digitis
739 1327 965 1370 apprehensam
992 1327 1174 1365 antrorsum
1198 1339 1325 1371 protra-

302 1375 400 1414 here,
426 1376 428 1379 ’
535 1374 658 1406 Verum
690 1370 746 1404 etsi
771 1373 942 1415 epiglottis
973 1370 1116 1417 depressa
1148 1384 1213 1406 non
1246 1372 1323 1412 est,-

303 1419 363 1454 effe
387 1427 491 1451 tamen
516 1415 644 1460 potest,
665 1416 768 1449 irritis
791 1414 943 1458 praesidiis
966 1417 1115 1456 caeteris,
1138 1427 1208 1458 quae
1231 1418 1322 1460 plura

305 1461 436 1496 laudato
459 1460 525 1500 (b)
550 1461 686 1494 Monito
696 1469 1014 1498 commemorantur,
1040 1458 1211 1502 propositae
1227 1463 1322 1495 aDe-

302 1505 491 1547 thardingio
514 1503 777 1541 bronchotomiae
813 1504 900 1549 locus
925 1503 971 1536 vel
1003 1504 1048 1536 ob
1072 1514 1138 1535 cam
1162 1515 1233 1546 quae
1267 1516 1322 1537 eo...

299 1551 374 1585 dem
398 1549 534 1584 Monito
558 1547 700 1584 indicata
724 1547 786 1585 est,
811 1547 956 1587 causam,
980 1547 1076 1581 calidi
1103 1548 1180 1580 aeris
1205 1559 1259 1589 per
1283 1546 1321 1580 si-

300 1594 416 1628 stulam
440 1593 583 1634 aliquam
608 1593 740 1632 propius
765 1591 798 1623 in
822 1590 991 1633 pulmones
1014 1590 1239 1632 immittendi,
1265 1601 1320 1625 aut

300 1636 324 1670 fi
348 1648 422 1671 cum
446 1633 680 1673 Recentiffimis
705 1634 818 1667 sentire
843 1634 944 1666 mavis
969 1656 978 1671 ‚
1004 1644 1040 1668 ut
1066 1645 1170 1678 aqua,
1193 1636 1226 1667 in
1250 1636 1321 1677 pul-

298 1691 408 1719 mones
431 1677 568 1722 illapsa,
593 1678 724 1710 alteram
745 1689 874 1720 quoque
896 1676 1010 1710 habeat
1032 1678 1120 1710 viam
1144 1689 1198 1721 per
1220 1690 1319 1721 quam

299 1725 396 1761 citius
421 1721 625 1766 egrediatur:
651 1732 836 1766 quanquam
859 1723 891 1753 ὃς
914 1720 980 1758 hoc
996 1745 1009 1762 ,
1035 1723 1229 1762 &caeteris,
1252 1734 1317 1756 non

301 1768 427 1803 usitatis
452 1766 576 1807 modo,
601 1763 943 1810 sed'exquisitioribus
977 1767 1076 1811 etiam
1097 1777 1168 1808 quae
1193 1778 1208 1798 a
1232 1777 1319 1809 quo..

300 1814 349 1849 vis
372 1810 476 1848 adhuc
500 1808 665 1853 proposita
689 1809 785 1850 sunt,
808 1808 939 1842 auxiliis
962 1807 991 1841 se
1015 1808 1128 1843 srustra
1143 1809 1214 1846 usos
1239 1809 1318 1846 adeo

304 1855 447 1895 fatentur
470 1854 510 1887 ad
533 1865 624 1886 canes
648 1853 776 1895 plures,
799 1851 855 1895 sub
867 1863 946 1895 aqua
970 1852 1048 1889 ouo
1072 1851 1158 1890 haud
1180 1854 1318 1895 amplius

300 1903 424 1936 minuta
451 1897 635 1940 demersos,
661 1898 693 1930 in
717 1898 818 1932 vitam
841 1895 1035 1942 revocandos
1054 1921 1062 1935 ,
1087 1905 1124 1931 ut
1148 1895 1234 1939 spem
1258 1907 1317 1929 no..-

297 1946 348 1980 bis
371 1945 437 1982 fere
460 1954 588 1978 ornnem
612 1941 754 1976 adimant
779 1938 944 1977 submersis
968 1937 1159 1979 hominibus
1183 1939 1314 1975 succur-

295 1989 407 2027 rendi.
434 1989 468 2025 Si
492 1985 763 2031 quemadmodum
784 1985 926 2027 partite,
950 1983 1098 2023 nervose,
1123 1983 1243 2022 dode,
1266 1985 1317 2016 in..

290 2032 420 2077 geniose
444 2033 668 2075 argumentum
692 2029 870 2066 tractarunt
892 2026 1004 2064 suum,
1030 2028 1077 2060 ita
1101 2026 1242 2070 spatium
1255 2026 1313 2060 ha-

289 2076 449 2117 buissent,
470 2074 559 2119 quod
580 2083 664 2109 certe
688 2083 752 2106 non
774 2071 867 2105 breve
890 2069 948 2107 esse
958 2072 1151 2117 oportebat,
1175 2082 1310 2113 perpen-

290 2122 385 2156 dendi
409 2119 530 2157 singula
556 2128 666 2152 eorum
689 2115 924 2150 submersorum
943 2138 956 2155 ,
980 2116 1037 2157 qui
1061 2117 1095 2148 in
1119 2116 1248 2154 vitam,
1272 2123 1309 2147 ut

291 2155 492 2208 loquuntur}
518 2161 660 2197 revocati
683 2159 837 2199 fuerunt,
860 2157 1027 2200 exempla,
1062 2159 1153 2201 plura
1178 2157 1306 2193 fortasse

290 2220 389 2252 quam
423 2206 573 2242 videntur
605 2202 759 2244 credere,
793 2200 980 2239 invenissent
1017 2213 1087 2245 quae
1119 2201 1309 2246 opitulandi

287 2253 374 2295 spem
398 2251 519 2284 faciant
543 2248 640 2282 etiam
664 2259 720 2290 per
745 2245 884 2288 remedia
908 2245 1072 2280 interdum
1107 2257 1172 2279 non
1197 2247 1309 2289 exqui-

286 2296 371 2338 sita,
395 2296 494 2331 etiam
517 2293 572 2330 ubi
598 2289 770 2325 submersio
794 2301 858 2325 non
881 2290 1054 2332 contingat
1089 2290 1123 2322 in
1149 2301 1230 2332 aqua
1253 2301 1308 2331 ge-

287 2340 353 2374 lida
375 2363 387 2379 ,
423 2347 477 2373 aut
500 2336 603 2380 glacie
629 2333 777 2378 permista
802 2357 815 2374 „-
841 2335 924 2367 unde
947 2333 1103 2375 impedita
1129 2333 1221 2376 poffit
1243 2334 1311 2369 dici

289 2393 442 2426 aquarum
453 2391 524 2415 tum
535 2379 712 2421 deglutitio
727 2400 735 2414 ‚
759 2376 1012 2418 tuminspiratio
1025 2400 1032 2406 .
1060 2378 1158 2418 Leges
1171 2399 1181 2412 ‚
1205 2387 1311 2411 exem-

288 2427 336 2470 pli
359 2425 476 2469 causa,
499 2425 532 2457 in
556 2423 611 2456 Cl.
639 2418 835 2464 Langhansii
868 2418 1016 2461 Epistola
1041 2419 1108 2461 (c)
1132 2420 1306 2461 Gottingae

288 2471 377 2506 edita
399 2471 442 2502 A.
470 2467 566 2514 1748,-
590 2464 758 2500 hominem
788 2473 846 2505 per
868 2463 1033 2497 dimidium
1064 2462 1192 2496 circiter
1227 2464 1309 2498 diem

290 2512 489 2551 submersum
505 2535 517 2552 ,
540 2518 576 2544 ut
601 2508 729 2543 nullum
755 2506 882 2550 prorsus
907 2503 979 2541 esset
1002 2506 1079 2538 vitae
1103 2504 1251 2548 superstes
1275 2506 1314 2539 si-

292 2570 417 2598 gnum,
440 2555 534 2590 brevi
551 2552 718 2597 pristinam
741 2547 928 2598 recuperasse.³
950 2550 1055 2584 vitam
1075 2571 1088 2588 ,
1107 2548 1174 2592 solo
1191 2549 1314 2599 spiriru

286 2596 370 2646 salis
393 2598 566 2634 armoniaci
586 2594 717 2629 naribus
739 2604 807 2634 elus
831 2594 956 2627 admoto
970 2618 978 2625 .
1002 2593 1103 2634 Leges
1126 2603 1252 2635 quoque
1278 2604 1313 2627 in

295 2646 459 2680 Actorum
481 2640 633 2675 Caesareae
657 2639 704 2672 N.
731 2640 771 2671 C.
797 2635 980 2671 Academiae
1014 2635 1194 2671 Volumine
1228 2638 1309 2670 VII.

294 2689 360 2731 (d)
384 2700 423 2721 ex
445 2685 533 2720 cauti
557 2682 682 2718 Medici
696 2678 958 2716 Vratislaviensis
971 2678 1182 2715 Kundmanni
1207 2680 1313 2713 obser-

291 2733 420 2767 vatione
434 2755 444 2771 ‚
467 2730 548 2764 duos
562 2748 572 2766 ‚
597 2737 736 2769 quorum
748 2732 871 2766 caput,
895 2722 1025 2768 alterius
1048 2721 1145 2756 ferme
1155 2723 1312 2766 quadran-

293 2786 361 2810 tem
376 2801 383 2815 ‚
407 2773 539 2809 alterius
562 2770 663 2806 ferme
684 2768 861 2805 dimidium
885 2765 973 2800 horae
997 2766 1054 2800 iub
1076 2778 1156 2809 aqua
1168 2766 1313 2800 fluminis

293 2819 472 2854 demersum
496 2814 601 2849 fuerat
622 2837 636 2854 ,
668 2825 723 2856 per
745 2811 866 2846 auxilia
889 2821 955 2845 non
979 2811 1024 2843 ita
1050 2809 1204 2852 exquisita
1227 2810 1314 2844 brevi

294 2873 436 2906 tempore
460 2856 553 2894 fuisse
576 2858 755 2890 excitatos.
770 2856 828 2902 *Et
845 2878 857 2894 ,
881 2864 918 2890 ne
941 2854 1032 2896 plura
1045 2864 1236 2896 congeram,
1264 2854 1313 2888 fac

295 2907 417 2949 relegas
437 2913 536 2947 quam
559 2899 650 2934 facili
674 2910 735 2941 ope
758 2899 797 2931 s1t
819 2899 929 2934 morti,
943 2907 1070 2939 ereptus
1090 2898 1213 2940 puellus
1236 2898 1315 2938 ille,

296 2960 393 2994 quem
417 2947 509 2990 supra
530 2947 596 2985 (e)
621 2955 660 2976 ex
684 2941 862 2976 Borrichio
884 2943 1153 2975 memoravimus.
1176 2942 1268 2976 Num
1278 2953 1314 2974 o-

297 3004 408 3032 mnes,
431 2990 575 3025 dicemus
590 3012 602 3028 ,
625 2989 659 3022 in
683 2997 764 3029 aqua
785 2983 892 3027 gelida
916 2983 1007 3018 fuisse
1030 3008 1039 3023 ,
1064 2984 1200 3028 ideoque
1223 2986 1313 3019 illam

299 3048 364 3070 non
391 3029 570 3078 ingessisse?
595 3030 740 3065 Puellum
757 3028 841 3062 hunc
864 3038 947 3063 certe
958 3039 1022 3063 non
1046 3028 1211 3069 dicemus,
1234 3031 1314 3071 qui,

296 3077 424 3114 tametsi
462 3078 498 3112 in
521 3075 653 3118 regione
676 3071 798 3115 frigida
820 3073 939 3104 viveret
959 3097 968 3110 ‚
1006 3072 1064 3105 nisi
1089 3074 1162 3105 anni
1186 3081 1313 3115 tempus

297 3123 404 3159 fuisset
429 3119 610 3164 ejusmodi,
632 3126 670 3151 ut
692 3127 771 3160 aqua
794 3114 858 3159 jam
868 3115 988 3158 egelida
1010 3114 1107 3157 esset,
1130 3127 1202 3149 cum
1216 3115 1312 3149 sociis

297 3166 423 3201 natatui
444 3175 511 3198 non
534 3158 724 3205 indulsiffiet,
748 3170 884 3193 neceam
899 3182 908 3196 ,
934 3159 1111 3197 demersus,
1137 3158 1254 3202 copiose
1277 3162 1311 3193 in

297 3209 534 3244 ventriculum,
559 3205 592 3239 id
614 3203 704 3248 quod
726 3203 765 3238 de
787 3202 892 3245 gelida
908 3212 1048 3246 negant;
1071 3203 1240 3237 demittere
1251 3214 1311 3245 po-

298 3251 427 3289 tuisset.
453 3251 661 3293 Reliquitres
672 3259 739 3291 quo
762 3248 990 3289 annitempore
1014 3248 1047 3279 in
1058 3259 1138 3289 aqua
1163 3245 1306 3284 fuerint,

301 3296 492 3331 adnotatum
517 3305 581 3327 non
604 3293 724 3331 video,
747 3288 805 3324 nisi
829 3291 914 3332 quod
938 3290 975 3324 de
996 3302 1062 3327 uno
1073 3291 1308 3324 Kundmannus

300 3339 433 3379 scribit,
459 3336 550 3372 fuisse
572 3335 686 3379 vigilia
707 3333 848 3377 paschali
873 3346 882 3366 .·
916 3333 954 3366 de
979 3335 1078 3367 altero
1101 3344 1207 3368 autem
1231 3346 1309 3367 mox

302 3383 416 3417 affidua
439 3382 509 3417 tuffi
533 3380 671 3418 oborta,
685 3379 768 3421 saepe
782 3376 969 3423 sanguinem
989 3376 1167 3421 grumosum
1177 3388 1215 3411 ex
1232 3377 1309 3424 pu]-

301 3425 444 3462 monibus
469 3422 606 3470 ejecisse,
629 3422 716 3467 quod
740 3433 800 3466 pro
824 3421 949 3456 indicio
973 3432 1060 3464 aquae
1072 3420 1186 3456 habere
1210 3422 1309 3466 polles

921 117 1093 175 Liber
1113 117 1179 169 ΙΙ.
1216 117 1303 171 De
1337 117 1542 171 Morbis
1575 118 1843 175 Thoracis
2349 125 2358 143 ¹

1389 207 1461 239 quse
1483 197 1635 240 inspirata
1657 201 1724 231 vim
1746 197 1900 233 attulisset
1923 199 2109 233 tenuissimis
2122 211 2234 235 eorum
2245 202 2401 240 vasculis.

1388 240 1512 280 Vides,
1536 253 1585 277 me
1608 253 1709 286 neque
1731 241 1787 274 illa
1807 244 1917 278 minus
1938 242 2106 277 credibilia
2120 265 2129 280 ,
2153 255 2252 287 neque
2275 249 2402 289 multa,

1391 284 1558 327 minusque
1569 294 1668 324 nota,
1692 283 1743 317 sed
1759 296 1858 327 pauca
1874 308 1886 325 ,
1907 285 2066 329 obviaque
2076 287 2227 321 omnibus
2240 311 2251 329 ‚
2274 302 2402 324 memo-

1389 339 1456 360 rare
1478 330 1650 371 exempla,
1671 327 1759 361 nulla
1784 339 1888 363 autem
1902 340 1943 362 ex
1965 329 2200 371 calidioribus,
2222 343 2277 366 aut
2291 336 2395 376 magis

1389 373 1575 414 temperatis
1600 371 1785 417 regionibus
1810 374 1932 414 petita,
1957 374 1991 406 in
2012 372 2133 417 quibus
2156 384 2191 407 ut
2206 377 2312 410 multo
2336 378 2400 413 fre-

1388 416 1542 457 quentior
1563 415 1627 456 est,
1654 414 1830 456 praesertirn
1852 415 1979 457 aestate,
2005 417 2135 451 natandi
2160 418 2363 455 consuetudo
2388 447 2399 463 ‚

1388 458 1428 491 sic
1454 459 1614 500 plurima,
1639 458 1662 492 si
1683 457 1862 500 ‘quaesiveris
1883 484 1892 499 ‚
1925 469 1956 492 te
1978 471 2043 494 non
2067 459 2187 495 dubito
2208 461 2265 497 esse
2287 466 2400 499 inven-

1387 511 1496 536 turum
1517 528 1525 535 .
1560 504 1651 536 Hinc
1680 503 1767 534 enirn
1800 501 1926 536 videtur
1948 504 2113 538 Romanus
2146 505 2296 541 Medicus
2319 511 2399 542 Zac-

1386 546 1460 578 chia
1482 543 1541 589 (f)
1565 558 1603 579 eo
1625 544 1754 582 facilius
1776 545 1957 586 adduecus,
1979 556 2016 580 ut
2029 546 2067 581 de
2089 546 2257 590 submersi,
2283 551 2398 595 &post

1387 590 1500 623 horam
1524 602 1539 622 e
1563 590 1695 627 flumine
1718 591 1858 632 exempti
1881 589 2005 633 juvenis
2029 590 2229 625 restitutione
2264 593 2396 633 fidenter

1376 633 1537 666 >scriberet
1550 659 1561 674 ‚
1585 641 1707 668 ,certum
1729 630 1785 676 effe
1805 631 1912 666 debere
1925 655 1935 670 ,
1954 641 2018 668 non·
2037 636 2125 668 modo
2148 634 2204 668 hoc
2226 638 2396 673 miraculo-

1381 678 1456 720 snm
1478 686 1539 709 non
1561 676 1618 722 effe
1632 700 1645 717 ,
1661 676 1717 718 scd
1737 686 1832 717 neque
1855 676 1936 724 infer
1971 685 2005 712 en
2028 686 2138 714 eventa
2175 690 2396 716 connumeran-

1388 722 1461 760 dum
1494 730 1558 762 quae
1580 719 1716 757 multam
1746 720 1990 754 admiratzonem
2022 721 2222 756 audientibus
2254 726 2395 760 excitare

1388 763 1628 805 consueverunt.
1708 789 1710 791 v
1759 761 1820 797 Sed
1852 760 1893 794 ab
1914 761 1966 796 his
1997 766 2124 806 quaein
2157 777 2190 799 re
2213 768 2394 808 graviffima

1383 809 1449 840 veri
1471 806 1638 843 dumtaxat
1653 804 1863 849 inquirendi,
1886 816 1949 840 non
1965 806 2230 849 contradicendi,
2255 810 2394 847 studium

1384 850 1554 893 expreffit,
1576 850 1614 884 ad
1637 847 1984 896 superiorajedeundo
2006 873 2019 891 ,
2050 862 2106 885 cur
2128 864 2205 895 ergo
2229 854 2357 890 tandem
2380 880 2390 895 ,

1385 895 1531 937 inquies,
1555 893 1577 928 fi
1601 896 1635 927 in
1658 893 1820 928 submerhs
1842 893 1992 927 omnibus
2016 905 2070 935 per
2094 906 2254 937 apertam,
2278 902 2309 932 δε
2330 901 2392 933 mi-

1384 939 1468 971 nime
1493 938 1670 980 proteuam
1693 936 1871 979 glottidem
1895 945 1982 979 patet
2005 935 2110 971 aditus
2134 940 2166 972 in
2191 942 2356 982 pulmones
2381 969 2391 984 ,

1384 979 1444 1015 hos
1468 992 1533 1015 non
1557 983 1677 1024 pariter
1699 984 1732 1013 in
1755 980 1905 1013 omnibus
1936 981 2062 1023 egelida
2085 981 2194 1015 saltem
2227 996 2307 1027 aqua
2339 986 2391 1021 su-

1383 1024 1458 1061 bit?
1481 1024 1626 1060 Docebit
1650 1024 1683 1057 id
1707 1024 1776 1057 Cel.
1804 1024 1950 1057 Senacius
1973 1027 2028 1066 (g
2050 1028 2086 1065 )‚
2110 1026 2252 1068 adquem
2276 1037 2327 1070 te,
2351 1031 2391 1064 ad

1381 1070 1441 1102 alia
1467 1079 1635 1112 properans
1654 1092 1667 1109 ,
1699 1068 1836 1101 libenter
1859 1065 1970 1109 rejicio
1992 1093 1999 1102 .
2035 1069 2175 1102 Docebit
2198 1069 2290 1104 simul
2315 1098 2324 1113 ‚
2354 1074 2391 1108 id

1376 1111 1465 1155 quod
1486 1112 1696 1155 consequitur
1717 1135 1730 1152 ,
1763 1120 1874 1147 notam
1894 1134 1909 1152 ,
1936 1110 1975 1144 ab
1999 1113 2124 1146 Littrio
2146 1125 2274 1157 quoque
2298 1119 2310 1156 (
2333 1115 2353 1149 h
2375 1121 2391 1159 )

1377 1155 1538 1192 laudatam
1557 1181 1564 1193 ‚
1589 1155 1626 1189 ad
1648 1167 1701 1188 eos
1722 1156 1778 1196 qui
1803 1156 1867 1187 vivi
1890 1153 1929 1187 ab
1953 1155 1993 1187 iis
2005 1156 2061 1198 qui
2085 1158 2204 1193 mortui
2229 1159 2261 1190 in
2276 1171 2389 1202 aquarn

1376 1199 1512 1242 projeffi
1537 1200 1620 1240 sint,
1646 1210 1684 1231 ex
1708 1198 1821 1241 illapsa
1845 1199 1935 1230 intro
1960 1223 1968 1236 ‚
2005 1208 2058 1233 aut
2082 1211 2145 1233 non
2170 1200 2281 1243 illapsa
2307 1215 2387 1246 aqua

1373 1242 1658 1282 internoscendos,
1681 1241 1808 1275 facilem
1833 1242 1977 1285 alioquin
1998 1265 2012 1282 ,
2046 1245 2077 1275 δε
2101 1245 2135 1276 in
2160 1244 2390 1286 quaestionibus

1378 1287 1678 1329 medico-legalibus
1702 1285 1787 1320 haud
1811 1284 1959 1320 inutilem
1979 1308 1992 1328 ,
2025 1296 2088 1319 non
2111 1289 2201 1320 omni
2235 1300 2274 1322 ex
2297 1300 2389 1335 parte

1378 1344 1439 1376 pro
1464 1341 1614 1376 perpetua
1638 1328 1695 1364 esse
1720 1327 1962 1371 accipiendam.

1418 1386 1471 1420 45.
1499 1377 1621 1412 Verum
1648 1373 1700 1407 hic
1725 1372 1810 1409 scio,
1835 1384 1884 1406 me
1912 1372 1966 1406 abs
1989 1381 2020 1406 te
2045 1374 2284 1417 interpellatum
2307 1378 2348 1410 iri
2376 1401 2388 1416 ‚

1373 1420 1423 1453 vel
1448 1429 1694 1462 properantem,
1717 1417 1756 1451 de
1779 1415 1869 1459 signo
1892 1417 1952 1462 illo
1976 1416 2075 1449 altero
2096 1442 2104 1456 ,
2137 1417 2230 1452 simul
2255 1419 2292 1453 ad
2323 1422 2389 1457 eas.

1374 1463 1447 1496 dem
1470 1462 1683 1506 quaestiones,
1706 1461 1798 1494 simul
1823 1459 1860 1493 ad
1886 1460 2152 1499 suffocationem,
2176 1475 2238 1505 qua
2258 1463 2296 1499 de
2317 1466 2388 1507 agi-

1373 1519 1466 1547 mus,
1489 1508 1668 1545 attinente,
1690 1505 1778 1547 quod
1802 1516 1840 1537 ex
1863 1503 2069 1546 pulmonibus
2092 1504 2228 1540 infantis
2263 1510 2386 1550 petitur

1372 1553 1406 1584 in
1430 1562 1544 1595 aquam
1567 1548 1722 1591 conjee‘cis
1738 1572 1749 1588 ‚
1775 1557 1811 1582 ut
1834 1559 1872 1581 ex
1894 1548 1960 1580 illis
1984 1548 2032 1579 vel
2056 1548 2096 1581 ad
2119 1548 2256 1586 fundum
2279 1552 2388 1586 laben-

1373 1594 1479 1631 tibus,
1501 1595 1549 1627 vel
1576 1595 1609 1627 in
1634 1592 1759 1629 summo
1783 1591 1967 1625 natantibus
1990 1589 2045 1624 hic
2068 1602 2217 1627 mortuus
2240 1617 2248 1632 ‚
2273 1607 2310 1628 an
2335 1597 2386 1628 vi.

1371 1650 1445 1671 vens
1470 1637 1576 1672 editus
1602 1636 1723 1674 fuerit,
1746 1635 1977 1681 dignoscatur.
2001 1634 2096 1677 Qid
2120 1639 2236 1679 quaeris
2262 1636 2275 1671 ?
2297 1641 2386 1673 Cum

1370 1683 1411 1715 iis
1435 1681 1524 1714 facio
1546 1683 1601 1724 qui
1627 1678 1715 1721 signo
1740 1678 1825 1718 hoc,
1851 1678 1900 1713 sed
1922 1686 2034 1718 caute,
2057 1680 2089 1713 &c
2116 1681 2285 1722 prudenter
2308 1708 2317 1722 ‚
2349 1695 2386 1717 u-

1370 1734 1505 1759 tuntur.
1530 1725 1623 1758 Novi
1646 1723 1732 1757 enim
1754 1745 1764 1760 ‚
1799 1730 1880 1764 quot
1904 1722 2108 1763 exceptiones
2139 1723 2200 1756 sint
2224 1725 2385 1760 adnotatae

1370 1772 1454 1803 intra
1479 1779 1543 1801 non
1567 1764 1780 1809 longissimam
1803 1775 1958 1798 annorum
1971 1765 2103 1798 seriem.
2128 1767 2218 1801 Nam
2243 1767 2298 1802 etfi
2312 1770 2383 1804 Ga-

1369 1815 1459 1851 lenus
1482 1815 1495 1851 (
1519 1812 1530 1848 ,ι’
1550 1814 1565 1851 >
1589 1810 1781 1854 pulmonum
1806 1807 2013 1845 substanti-am
2037 1819 2102 1842 non
2124 1810 2227 1845 modo
2249 1812 2385 1854 rubram

1369 1869 1403 1893 ac
1428 1855 1554 1890 densam
1573 1879 1582 1894 ,
1609 1853 1659 1887 sed
1682 1856 1715 1887 Sc
1736 1863 1867 1896 gravem
1891 1852 1925 1885 in
1948 1850 2083 1886 foetibus
2106 1863 2219 1887 contra
2244 1864 2339 1899 atque
2349 1857 2385 1890 in

1370 1898 1599 1942 respirantibus
1614 1923 1622 1936 ‚
1646 1897 1703 1930 elle
1727 1894 2080 1945 indicavit„idemque
2102 1897 2161 1931 alii
2185 1898 2292 1941 postea
2316 1912 2327 1938 5
2351 1903 2384 1934 δε

1368 1945 1403 1977 in
1427 1942 1478 1976 his
1502 1941 1664 1984 Spigelius
1688 1939 1793 1974 noster
1818 1939 1872 1981 (k
1893 1942 1906 1977 )
1929 1941 2115 1973 iteraverint
2144 1953 2154 1979 3
2203 1942 2289 1978 haud
2315 1943 2384 1976 scio

1368 1998 1498 2025 tamen,
1520 1996 1560 2020 an
1584 1985 1728 2026 cuipiam
1753 1993 1921 2026 propterea
1944 1984 1979 2016 in
2003 1992 2143 2017 mentem
2167 1988 2289 2019 venerit
2311 2009 2323 2027 ,
2346 1996 2384 2021 ut

1366 2043 1407 2064 ex
1432 2030 1491 2064 hac
1524 2039 1556 2061 re
1580 2029 1835 2070 experimentum
1866 2025 1949 2062 illud
1973 2037 2037 2061 non
2071 2026 2129 2061 nisi
2163 2031 2273 2070 paucis
2308 2039 2382 2064 ante

1365 2085 1470 2109 meam
1488 2081 1621 2109 >aetatem
1643 2069 1747 2104 lustris
1773 2071 1989 2112 excogitaret.
2015 2071 2113 2103 Certe
2126 2082 2164 2104 ne
2190 2073 2277 2115 apud
2301 2075 2384 2110 Zac.

1360 2116 1467 2151 chiam
1489 2114 1622 2157 quidem
1644 2136 1657 2153 ,
1680 2112 1797 2148 nedum
1824 2114 1909 2157 apud
1932 2112 2075 2147 Fidelem
2096 2137 2107 2152 ‚
2141 2117 2172 2148 δε
2198 2118 2343 2152 Paraeum
2367 2141 2379 2157 ,

1359 2162 1457 2198 ullam
1481 2159 1547 2201 ejus
1570 2157 1768 2193 mentionem
1790 2158 1932 2191 invenire
1954 2157 2068 2191 datum
2101 2156 2143 2191 est
2165 2159 2207 2193 iis
2238 2161 2274 2193 in
2298 2160 2380 2194 locis

1360 2207 1394 2238 in
1429 2204 1548 2248 quibus
1580 2202 1681 2243 magis
1712 2198 1926 2234 convenisset.
2065 2199 2243 2246 Objeelum
2274 2205 2381 2246 igitur

1360 2248 1457 2281 video
1479 2272 1492 2288 ,
1523 2244 1659 2279 infantis
1682 2246 1739 2287 qui
1764 2245 1871 2276 vivens
1908 2242 2066 2287 prodierit
2095 2271 2103 2284 ‚
2138 2246 2305 2287 pulmones
2330 2258 2382 2282 ta-

1365 2303 1436 2325 men
1458 2293 1492 2326 in
1517 2300 1599 2332 aqua
1625 2288 1709 2332 poss'e
1735 2287 1890 2333 subsidere
1910 2310 1918 2324 ‚
1954 2287 1976 2321 si
1997 2289 2046 2322 vel
2083 2287 2215 2323 distenti
2237 2289 2313 2330 satis
2337 2291 2382 2326 ob

1365 2336 1487 2372 virium
1512 2332 1713 2368 debilitatem
1738 2342 1811 2376 nonn
1826 2333 1947 2368 suerint
1969 2355 1980 2371 ,
2015 2332 2063 2364 vel
2085 2332 2248 2373 graviores
2280 2344 2335 2369 aut
2360 2347 2379 2369 a

1364 2379 1482 2412 morbo
1504 2377 1589 2416 sint,
1613 2385 1671 2409 aut
1696 2374 1735 2409 ab
1758 2376 1825 2417 ipsa
1849 2377 1948 2407 etiam
1973 2374 2181 2408 suffocatione
2201 2390 2211 2409 .·
2236 2379 2268 2410 δε
2293 2378 2380 2419 posse
2424 2381 2428 2384 ’

1363 2432 1495 2460 contra,
1517 2420 1584 2463 ejus
1606 2420 1664 2462 qui
1688 2427 1836 2454 mortuus
1859 2419 1995 2456 exierit,
2018 2419 2186 2460 pulmones
2209 2421 2352 2455 innatare
2366 2447 2377 2463 ‚

1365 2465 1388 2499 si
1412 2465 1542 2499 distenti
1566 2463 1628 2497 sint
1653 2462 1692 2496 ab
1715 2473 1781 2495 aere
1799 2484 1809 2499 ,
1835 2472 1930 2504 quem
1953 2470 2007 2506 aut
2028 2463 2183 2496 evolverit
2207 2464 2343 2505 putredo
2367 2488 2378 2504 ‚

1366 2519 1420 2543 aut
1442 2507 1537 2552 ipse,
1560 2515 1730 2548 antequam
1756 2507 1857 2538 exiret
1879 2527 1888 2543 ‚
1915 2506 2116 2546 inspiraverit
2137 2530 2150 2547 ,
2184 2515 2237 2540 aut
2262 2509 2379 2550 aliquis

1368 2552 1475 2597 postea
1490 2577 1498 2591 ,
1522 2561 1558 2584 ut
1584 2549 1829 2591 respirationem
1851 2550 2028 2589 excitaret,
2050 2561 2104 2593 per
2126 2561 2162 2583 os
2184 2551 2355 2586 immiserit
2369 2578 2379 2587 .

1499 2596 1579 2628 Haec
1607 2603 1712 2626 autem
1726 2617 1736 2633 ‚
1759 2594 1793 2624 δε
1815 2590 1902 2634 siqua
1925 2592 1985 2625 alia
2010 2602 2160 2634 praeterea
2183 2593 2301 2631 subsint
2323 2596 2380 2630 de-

1364 2641 1552 2683 ceptionum
1577 2637 1717 2681 pericula
1740 2644 1811 2668 tum
1834 2634 2038 2677 praenovisse,
2063 2645 2133 2670 tum
2158 2637 2195 2671 ad
2218 2650 2290 2672 eum
2313 2639 2378 2676 >fere

1365 2684 1500 2720 modum
1526 2692 1635 2715 cavere
1657 2687 1810 2722 oportet,
1833 2680 1889 2724 qui
1914 2680 2062 2721 protinus
2086 2680 2307 2717 indicabitur.

1406 2731 1459 2770 46.
1485 2728 1531 2759 Et
1566 2727 1707 2767 primum
1738 2722 1776 2755 de
1808 2733 1845 2754 eo
1878 2723 2010 2757 minime
2041 2723 2254 2760 dubitandum
2300 2726 2342 2761 est
2363 2752 2378 2770 ‚

1365 2770 1454 2813 quod
1480 2770 1508 2805 se
1532 2767 1643 2802 vidiffe
1669 2791 1678 2805 ‚
1710 2765 1919 2800 Gravisfimus
1943 2767 2008 2799 Vir
2031 2767 2159 2801 testatur
2182 2769 2377 2806 Laurentius

1368 2813 1532 2848 Heisterus
1556 2815 1570 2852 (
1591 2812 1604 2846 l
1625 2816 1637 2851 )
1660 2814 1766 2850 (nam
1789 2809 1941 2853 quasdam
1966 2810 2065 2851 alias,
2086 2814 2284 2856 caeteroquin
2310 2825 2378 2850 non

1369 2856 1548 2894 absimiles,
1574 2855 1837 2893 observationes,
1860 2853 1948 2896 quod
1974 2853 2012 2887 ad
2034 2853 2190 2898 ejulatum
2221 2856 2343 2899 speetat
2365 2881 2377 2897 ,

1367 2901 1604 2943 desperantium
1637 2898 1894 2933 muliercularum
1926 2896 2112 2932 testimonio
2145 2909 2208 2932 non
2249 2899 2379 2942 sponta-

1366 2957 1426 2977 neo
1449 2945 1532 2981 niti,
1555 2941 1649 2976 video
1671 2945 1684 2983 >
1708 2940 1777 2984 post
1796 2941 1895 2973 vitam
1919 2939 2217 2983 horarumnovem,
2237 2942 2376 2979 debilem

1366 2987 1518 3030 quidem,
1542 2989 1574 3020 ἃ
1598 2985 1697 3019 debili
1721 2995 1794 3018 cum
1817 2985 1929 3029 vagitu
1954 2986 2056 3019 aetam
2077 3009 2090 3027 ,
2129 2987 2317 3027 pulmones,
2342 3001 2376 3022 a-

1368 3032 1495 3074 lioquin
1520 3031 1631 3069 sanos,
1656 3039 1719 3061 non
1743 3028 1838 3074 aliter
1858 3034 1886 3059 se
1911 3026 2049 3074 babuisse
2073 3041 2170 3072 quarn
2194 3030 2227 3064 in
2251 3031 2294 3064 iis
2317 3035 2375 3075 qui

1366 3086 1529 3118 nunquam
1539 3072 1750 3115 respit-arunt,
1773 3072 1910 3103 &sicuti
1933 3072 2092 3107 iniiidem
2104 3072 2204 3107 solent
2220 3097 2232 3114 ,
2252 3075 2286 3109 in
2297 3087 2376 3120 aqua

1364 3117 1553 3153 subsedisse:
1576 3116 1665 3159 quod
1688 3125 1750 3149 non
1765 3116 1808 3147 ita
1821 3114 1938 3147 mirum
1950 3114 2201 3156 videridebet,si
2222 3120 2374 3154 cumlau-

1361 3162 1439 3195 dato
1453 3163 1597 3197 Auctore
1608 3163 1666 3200 (m)
1679 3158 1948 3198 animadverteris,
1964 3170 2065 3193 aerem
2079 3159 2113 3192 in
2134 3160 2286 3204 cujusque
2310 3162 2375 3196 foe-

1361 3215 1413 3239 tus
1437 3206 1626 3248 pulmones,
1649 3201 1865 3244 pauciffimum
1889 3224 1899 3239 ‚
1923 3205 1956 3235 ἅτ
1977 3203 2041 3236 leni
2065 3214 2099 3237 ac
2122 3202 2222 3237 debili
2237 3208 2374 3242 omnino

1361 3259 1477 3283 conatu
1491 3248 1610 3282 anobis
1622 3244 1795 3291 immissum
1808 3269 1820 3284 ,
1843 3246 1999 3289 imparem
2010 3245 2066 3282 esse
2078 3255 2137 3286 ‚ut
2149 3251 2372 3290 experimento

1360 3293 1440 3334 saepe
1453 3292 1632 3334 comperit‚·
1653 3297 1704 3321 tot
1726 3289 1870 3323 vesiculis
1882 3289 2097 3332 expandendis
2112 3313 2124 3330 ,
2145 3301 2224 3333 quot
2236 3295 2373 3328 omnino

1359 3335 1494 3373 debeat,
1517 3344 1553 3368 ut
1566 3334 1732 3376 pulmones
1754 3333 1788 3364 in
1802 3344 1879 3375 aqua
1898 3343 2025 3366 natent.
2045 3335 2128 3374 Qae
2140 3346 2214 3369 cum
2230 3337 2372 3377 itasint3

1359 3379 1546 3422 priusquam
1567 3389 1605 3410 ex
1628 3376 1745 3409 horum
1765 3374 1958 3411 subsidentia
1981 3388 2151 3419 arguamus
2168 3401 2177 3416 ‚
2205 3389 2373 3414 mortuum

1360 3423 1520 3457 infantem
1538 3420 1663 3456 editum
1674 3418 1745 3460 esse,
1768 3419 1888 3456 indicia
1909 3432 2029 3465 magnae
2041 3419 2110 3463 ejus
2132 3422 2372 3460 imbecillitatis

2237 3479 2326 3510 quae-

447 3617 518 3641 Anat.
536 3617 568 3641 du
583 3623 655 3645 eoi-ps
671 3617 736 3641 hum.
755 3620 784 3640 tr.
804 3623 826 3645 3.
843 3615 881 3639 ch.
900 3615 924 3637 8·
989 3615 997 3647 (
1017 3623 1031 3646 y
1046 3617 1060 3647 )
1076 3615 1160 3640 Sched.
1176 3616 1204 3640 de
1221 3615 1319 3639 subven.

361 3620 406 3679 {ii
452 3646 475 3676 §.
492 3655 515 3675 7.
581 3649 595 3675 (
610 3645 623 3670 b
640 3647 653 3675 )
669 3655 694 3671 n.
710 3654 748 3682 43.
811 3646 825 3675 (
841 3653 852 3669 c
870 3646 882 3673 )
900 3647 936 3669 De
951 3648 1027 3672 Causa
1043 3655 1057 3671 a
1073 3646 1138 3676 pastu
1153 3646 1319 3672 somnolentiae

361 3678 428 3714 es)
445 3678 532 3707 Quaest.
550 3677 619 3700 Med.
639 3677 720 3707 Legal.
741 3679 812 3701 som.
829 3684 850 3707 3.
868 3675 960 3700 Consil.
977 3686 1018 3708 79.
1035 3686 1058 3701 n.
1078 3686 1113 3702 xi.
1177 3678 1221 3708 (g
1237 3677 1250 3705 )
1270 3678 1318 3701 Hm

363 3709 372 3771 ξ
390 3707 633 3769 3n))]]l{i‘11J·s=¹1hPii6rt.
650 3708 666 3732 l.
687 3715 720 3737 ις.
738 3715 760 3733 c,
777 3711 802 3732 6.
868 3712 877 3738 s
894 3706 910 3731 k
928 3710 938 3734 )
956 3710 990 3733 De
1005 3708 1078 3733 form.
1098 3709 1169 3732 Foetu
1185 3715 1206 3731 c.
1227 3709 1265 3731 18.

1322 3695 1327 3700 .
1344 3677 1387 3701 cit.
1405 3676 1488 3705 supra,
1504 3675 1533 3701 ad
1550 3684 1573 3699 n.
1590 3684 1628 3703 ⁴0·

1336 3614 1461 3641 srabmerfis
1479 3622 1518 3644 per
1534 3614 1698 3644 laryngotom.
1764 3615 1778 3644 ζ
1793 3623 1811 3643 z
1825 3614 1840 3643 )
1856 3612 1952 3639 Differt.
1971 3615 2016 3645 cit.
2034 3614 2116 3646 (upra,
2133 3616 2162 3641 ad
2181 3625 2204 3641 n.
2220 3624 2260 3646 43.

1329 3663 1335 3668 .
1398 3646 1439 3676 (d
1458 3645 1466 3674 )
1482 3645 1543 3669 Obs.
1563 3652 1611 3673 ¹24·
1675 3647 1716 3674 (e
1731 3646 1745 3675 )
1763 3654 1786 3669 n.
1802 3654 1840 3674 43.

1691 3678 1701 3701 (
1718 3677 1732 3700 h
1751 3677 1763 3704 )
1781 3677 1839 3701 Hist-
1858 3677 1903 3699 hoc
1920 3683 1946 3699 n·
1961 3676 2003 3702 cic.

1328 3708 1341 3736 ζ
1358 3709 1367 3731 Ι
1383 3708 1391 3738 j
1408 3707 1503 3732 Differt.
1519 3708 1549 3731 de
1566 3706 1617 3733 sall.
1638 3707 1715 3735 pulm.
1733 3708 1822 3732 infant.
1837 3714 1920 3736 expet.
1938 3714 1963 3731 n.
1983 3714 2020 3732 10.
2038 3707 2061 3732 ἃ
2078 3705 2139 3737 seqq.
