2498 4075
463 176 614 242 Epist.
651 175 810 227 Anat.
845 172 1058 226 Medica
1094 168 1248 222 XVI.
1286 164 1834 232 Art.7.8.9110.&11.

172 270 203 301 7.
235 259 303 291 Hic
338 267 466 300 quoque
497 267 570 290 cum
602 255 640 288 de
673 252 826 297 polyposa
858 256 892 287 in
924 251 1019 287 corde
1051 262 1129 299 con-

128 302 270 335 cretione
292 299 633 342 Valsalvaloqueretur
645 320 654 335 ‚
678 307 842 338 negantem
855 298 1044 339 particulam
1060 298 1128 328 sor-

129 346 218 378 tuito
240 341 374 376 omififfe
396 342 495 375 videri
520 341 643 384 potest,
665 351 794 383 eamque
820 352 884 373 rem
906 339 992 374 haud
1024 351 1123 371 raram

128 387 236 421 dicere
260 383 389 419 voluisse
404 410 415 425 2
439 385 565 428 quando
587 384 626 416 de
649 381 702 417 his
724 394 836 416 novem
848 383 1004 426 hydropis
1014 384 1124 416 thora-

129 432 175 463 cis
200 430 487 463 Observationibus
508 429 565 460 vix
586 427 656 461 duae
681 427 776 467 sunt,
798 427 958 468 inquibus
971 427 1058 459 illam
1071 426 1125 459 de-

130 471 222 507 fm'ss‘e
239 497 249 512 ,
273 472 491 505 adnotaverit.
628 471 731 514 Qod
752 482 829 504 vero
852 471 992 512 lymphae
1012 470 1126 503 dusius

129 528 243 548 vacuos
269 515 495 548 animadvertit
518 514 552 545 in
576 513 638 546 hoc
650 513 818 552 cadavere,
844 512 968 546 sortasse
979 513 1038 545 alia
1051 511 1125 545 hinc

129 559 218 594 caula
242 558 436 602 significatur
457 568 528 598 quae
552 556 735 600 hydropem
759 557 869 591 fecerit
885 580 897 596 ‚
922 569 955 589 ac
1014 568 1061 589 uae
1093 557 1127 587 in

130 602 263 636 foemina
289 602 434 645 proxima
458 600 637 642 superiore.
663 603 754 634 Num
778 613 851 634 vero
873 611 906 632 ea
930 612 987 633 cau
1003 599 1128 631 afuerit

131 646 294 687 disruptio
317 645 447 679 illorum
465 642 620 678 ductuum
632 668 645 685 ,
670 643 801 678 forsitan
816 657 853 677 ex
865 655 912 675 me
923 654 1040 684 quaeres
1053 667 1060 674 .
1080 643 1128 674 Ut

129 691 215 723 enim
238 688 427 729 suspiceris,
448 686 581 720 inducet
594 698 664 722 tum
675 693 785 721 eorum
796 689 936 721 vacuitas
950 709 958 723 ‚
971 696 1041 719 turn
1053 683 1131 717 effu-

131 733 180 766 sus
204 731 358 770 limpidus
381 731 524 771 humor,
549 735 580 764 δε
599 744 695 773 pauca
706 731 887 773 deponens,
912 729 1132 770 tumjunioris

133 776 272 817 Verneyi
297 773 364 814 (b).
384 773 567 807 observatio
590 777 623 807 in
648 774 808 813 asciticis‚
830 773 946 817 quibus
970 772 990 805 fi
1004 783 1067 805 non
1080 772 1132 805 ab·

131 819 265 852 similem
289 817 461 850 humorem
484 817 671 860 Chirurgus
693 818 830 856 educat;
854 815 1132 850 venterbreviite-

133 874 202 896 rum
226 861 435 894 extumescere
451 883 460 898 ,
482 865 513 894 &
536 862 625 895 nulla
648 861 711 894 fere
726 861 790 903 spes
802 862 877 893 vitae
890 859 947 894 ess‘e
960 858 1057 892 solet.
1074 858 1134 892 Sed

135 917 209 938 num
235 903 301 937 haec
327 902 524 945 necessario,
547 916 583 938 an
609 904 821 938 verisimiliter
843 903 1010 937 dumtaxat
1047 902 1135 934 indi-

134 957 206 981 cent
218 959 328 981 eorum
338 948 494 982 du&uum
505 946 833 990 disruptionem,haud
846 947 920 980 satis
932 954 1005 979 tuto
1015 946 1051 992 iq
1060 957 1141 987 quo-

135 993 184 1025 vis
194 990 269 1024 casu
280 992 489 1025 determinari
507 990 590 1035 posse
606 1017 613 1030 ‚
635 992 768 1025 censeo:
794 995 827 1024 in
842 989 904 1024 hoc
916 998 1020 1023 autem
1031 989 1051 1020 h
1066 989 1140 1021 illo-

137 1046 209 1069 rum
220 1037 361 1068 inanitas
373 1034 606 1077 disruptionem
619 1035 833 1076 significarem
850 1043 957 1066 venter
969 1056 982 1072 ‚
996 1031 1053 1065 ubi
1065 1033 1136 1064 ina-

133 1089 187 1111 nes
200 1078 272 1111 sunt
286 1078 507 1118 animadversi,
521 1077 585 1120 ipse
595 1089 721 1121 quoque
733 1077 839 1112 fuisset
851 1075 1136 1118 hydropicus-Cre-

137 1131 244 1155 terum
256 1133 329 1156 cum
347 1121 490 1163 hydrope
506 1121 563 1154 hoc
579 1120 724 1155 thoracis
736 1145 748 1161 ‚
759 1128 872 1164 praeter
886 1119 996 1152 cordis
1008 1122 1135 1160 magni-

134 1165 283 1199 tudinem
299 1191 307 1205 ,
333 1164 501 1207 pericardii
524 1163 664 1207 hydrops
678 1188 689 1204 ‚
712 1174 748 1198 ut
773 1166 808 1197 in
821 1164 951 1197 muliere
968 1163 1022 1195 illa
1035 1174 1138 1195 recens

135 1219 236 1251 nupta
249 1210 290 1252 (c
301 1213 328 1248 >,
341 1207 545 1250 conjuncTtus,
556 1210 587 1239 in
601 1208 769 1251 eademque
783 1208 973 1250 pulmonum
988 1205 1135 1244 durities,

135 1264 194 1294 qua
210 1264 266 1285 nec
281 1253 452 1291 altera(a')
479 1252 612 1283 omnino
623 1253 724 1285 caruit
737 1274 746 1288 ‚
757 1251 847 1294 cujus
859 1261 1005 1292 praeterea
1019 1248 1141 1290 septum

136 1295 364 1339 Transversum
379 1305 543 1337 tantopere
555 1306 569 1326 a
583 1294 730 1337 subjeetis
746 1294 916 1328 visceribus
928 1295 960 1326 in
974 1293 1142 1326 thoracem

138 1338 316 1381 urgebatur
328 1362 338 1378 ,
362 1338 428 1372 haec
442 1362 453 1378 ,
477 1340 607 1380 inquam
618 1362 631 1379 ,
652 1339 760 1371 omnia
783 1338 901 1371 facient
915 1360 923 1374 ‚
947 1346 984 1371 ut
998 1336 1117 1377 opinor
1128 1360 1142 1376 ‚

135 1393 208 1415 eam
231 1383 403 1425 gratiorem
417 1380 680 1415 Observationem
694 1382 727 1414 in
740 1379 987 1425 quanihil-unde
1001 1379 1074 1412 laedi
1095 1390 1144 1412 re-

139 1425 278 1469 spiratio
302 1427 467 1468 potuerit,
491 1423 547 1457 nisi
571 1423 710 1457 thoracis
722 1424 888 1467 hydrops,
910 1422 1022 1466 dequo
1032 1425 1145 1464 praeci-

136 1479 199 1512 pue
210 1472 333 1512 agimus
347 1493 359 1509 ,
382 1477 580 1511 proponatur
593 1489 603 1504 ,
627 1468 714 1502 velut
728 1467 794 1501 haec
807 1468 867 1500 erit
880 1478 974 1510 quam
986 1465 1122 1508 subjicio
1135 1490 1147 1499 .

183 1513 211 1545 8.
238 1514 367 1546 ANUS
394 1512 590 1553 septuaginta
615 1522 771 1545 annorum
808 1510 981 1544 difficulter
1015 1510 1111 1551 spirat
1131 1533 1145 1550 ,

139 1566 207 1588 non
231 1555 287 1588 nisi
313 1557 347 1589 in
370 1554 499 1589 dorsum
522 1554 643 1592 cubat,
666 1554 728 1586 levi
755 1554 823 1587 tuffi
847 1551 1060 1586 catarrhalem
1077 1564 1147 1585 ma-

137 1600 253 1631 teriam
278 1598 427 1640 exspuit,
450 1597 587 1630 multum
611 1595 680 1629 sitit
705 1608 712 1629 ;
738 1596 846 1639 pulsus
879 1595 1055 1640 aliquando
1086 1598 1144 1629 vix

137 1643 339 1685 percipitur:
364 1641 473 1674 dexter
497 1651 550 1682 pes
572 1640 731 1673 oedemate
754 1639 904 1673 nonnihil
928 1649 1051 1673 tumet.
1075 1640 1144 1672 An-

137 1695 267 1728 tequam
289 1685 444 1717 moriatur
457 1706 465 1720 ‚
492 1695 545 1724 per
561 1683 646 1717 hora:
659 1683 868 1726 quadrantem
880 1682 1047 1717 humorem
1064 1682 1150 1717 mul..

139 1738 233 1768 turn>
256 1727 424 1769 aeruginoii
449 1727 570 1760 coloris
587 1752 595 1766 ‚
619 1729 746 1761 vomitu
770 1725 882 1770 ejicit.
1026 1727 1144 1760 VEN-

139 1773 239 1805 TRE
264 1781 394 1814 aperto,
418 1769 603 1803 intestinum
625 1771 735 1803 Colon
758 1780 917 1813 repertum
940 1771 983 1805 est
996 1781 1058 1813 qua
1081 1768 1150 1812 jam

137 1815 322 1848 ventriculo
345 1813 465 1848 suberat
480 1836 492 1852 ,
516 1813 661 1847 deorsum
685 1812 723 1847 ad
746 1815 863 1857 pubem
886 1815 981 1857 usque
1005 1815 1032 1848 se
1054 1813 1148 1846 infle-

137 1859 249 1898 ctens,
273 1856 349 1891 hinc
373 1869 447 1890 vero
471 1856 591 1890 sursum
613 1856 712 1890 donec
738 1856 775 1890 ad
785 1857 970 1892 consuetam
983 1857 1084 1891 sedem
1100 1867 1151 1889 re-

88 1904 89 1911 *
138 1901 225 1935 diret
239 1925 246 1932 .
272 1901 484 1935 Ventriculus
506 1898 736 1942 ejusdemmodi
747 1902 934 1934 continebat
947 1902 1117 1935 humorem
1131 1923 1144 1936 ,

136 1945 241 1989 qualis
264 1956 320 1987 per
341 1946 501 1978 vomitum
524 1943 641 1985 ejectus
663 1943 788 1981 fuerat,
814 1945 847 1977 in
870 1954 1151 1988 eoquenatantem÷

139 1996 324 2022 concretam
346 1986 487 2030 ejusdem
512 1987 632 2019 coloris
659 1989 842 2021 materiam.
869 1988 950 2029 Ejus
964 1990 1073 2031 portio
1086 1987 1149 2021 liu-⁷

140 2032 242 2065 moris
268 2030 423 2074 sepofita,
449 2031 617 2063 materiam
640 2031 800 2073 quandam
825 2031 976 2073 postridie
999 2029 1038 2064 ad
1073 2029 1152 2064 suno

140 2076 219 2109 dum
243 2075 477 2117 praecipitatam
501 2073 670 2107 exhibuit.
696 2076 864 2108 Portiones
889 2085 993 2109 autem
1018 2073 1152 2108 duaere‘

139 2120 257 2162 liquae,
282 2129 356 2152 cum
378 2119 469 2151 alteri
495 2117 626 2163 spiritus
650 2140 661 2156 ,
684 2129 776 2160 quem
810 2128 925 2152 vocant
948 2141 957 2154 ‚
989 2118 1115 2150 vitrioli
1137 2140 1154 2156 ,.

138 2163 234 2196 alteri
260 2171 364 2195 antem
390 2161 522 2203 spiritus
545 2160 754 2193 asttrnderetur
768 2161 839 2193 salis
852 2160 1149 2198 ammoniaci,nul-

140 2207 205 2239 lam
228 2215 304 2239 tunc
328 2204 458 2247 quidem
483 2205 694 2235 mutationem
705 2202 928 2242 ostenderunt3
954 2215 1031 2236 mox
1043 2212 1151 2236 tamen]

142 2250 246 2292 prima
270 2247 481 2281 sedimentum
503 2245 663 2286 quoddam
688 2247 720 2277 in
735 2245 838 2279 fundo
850 2246 987 2283 habuit,
1011 2245 1144 2279 secunda

143 2293 289 2325 nullum.
426 2292 464 2322 In
490 2287 649 2321 Thoracis
671 2300 762 2321 cavea
787 2299 919 2333 utraque
930 2290 1090 2332 stagnabat
1104 2288 1149 2321 se-

142 2346 215 2368 rum
237 2334 277 2367 ad
300 2334 396 2367 libras
418 2342 500 2365 tres.
527 2333 670 2374 Uterque
693 2333 803 2374 pulmo
826 2332 868 2366 ad
890 2336 1049 2366 anteriora
1073 2332 1149 2365 alli-

144 2377 296 2421 gabatur.
323 2379 359 2409 In
383 2376 492 2409 cordis
515 2375 695 2408 ventriculo
717 2375 848 2408 dextero
874 2377 1046 2409 mediocris
1081 2384 1148 2408 erat

144 2422 310 2456 concretio
323 2419 491 2462 polyposa,
503 2429 572 2459 qufe
584 2429 638 2460 per
648 2418 794 2452 vasorum
804 2420 880 2453 ostia
895 2423 922 2452 le
935 2419 1148 2461 producebat.

188 2477 218 2505 9.
244 2466 275 2497 Si
299 2474 369 2506 quae
394 2461 432 2494 ad
457 2462 583 2494 vomitu
606 2460 763 2496 redditam
788 2465 953 2496 materiam
981 2465 1120 2496 attinent
1138 2484 1146 2498 ‚

144 2507 223 2542 hinc
247 2516 406 2539 removeas
425 2527 436 2544 ,
457 2506 577 2547 quippe
603 2506 667 2537 alio
693 2507 925 2547 pertinentem,
951 2509 983 2539 &
1006 2507 1085 2539 Coli
1100 2508 1149 2538 in-

124 2551 254 2591 ·‘testini
278 2549 383 2583 minus
408 2547 540 2591 quidem
563 2546 758 2591 frequentem
783 2549 902 2591 situm,
925 2548 979 2583 sed
1004 2549 1148 2583 haudita

146 2606 251 2629 rarum
262 2601 368 2626 tamen
379 2615 392 2633 ,
415 2595 446 2625 ἃ
459 2592 590 2624 minime
602 2616 615 2632 ‚
639 2593 727 2634 quod
740 2593 1058 2627 animadvertendum
1070 2617 1081 2633 ,
1096 2593 1150 2626 hic

146 2647 311 2676 nocuum,
337 2638 368 2669 &
393 2635 584 2677 pulmonum
599 2635 842 2678 alligationem,
866 2640 1150 2670 &concretionem

146 2683 236 2716 illam
260 2679 472 2722 polyposam‚
497 2678 679 2725 quae-duo,
703 2688 826 2716 certum
848 2680 916 2722 est,
939 2681 973 2713 in
1009 2681 1049 2714 iis
1072 2691 1152 2722 quo-

147 2734 207 2769 que
220 2723 324 2766 paffim
337 2722 526 2765 deprehensa
539 2722 596 2755 esse
609 2746 621 2762 ,
637 2724 692 2765 qui
705 2723 798 2757 facile
813 2724 961 2768 spiritum
972 2723 1128 2757 ducebant
1142 2735 1153 2761 3

149 2779 262 2810 nempe
286 2777 347 2800 una
369 2766 496 2800 restabit
522 2768 643 2807 aquain
655 2765 819 2801 thoracem
835 2766 929 2801 effusa
944 2790 955 2807 ,
978 2766 1153 2810 quaeillum

149 2811 313 2846 difficilem
337 2809 495 2843 redderet.
523 2810 597 2842 Hoc
617 2808 764 2851 signum,
786 2815 818 2844 &
843 2811 958 2854 pedum
971 2820 1156 2851 tumorem,

150 2859 182 2889 δι
206 2854 311 2893 sitim,
335 2862 388 2887 aut
409 2853 551 2887 faucium
575 2852 880 2889 siccitatemcumin
902 2855 1005 2888 tribus
1028 2865 1156 2897 quoque

152 2897 370 2941 superioribus
396 2896 586 2939 hydropicis
611 2897 871 2938 animadvertas;
894 2899 926 2930 in
953 2897 1077 2931 duobus
1103 2910 1156 2932 au·

151 2952 216 2976 tem
242 2940 345 2983 pulsus
369 2940 609 2981 humilitatem,
633 2944 663 2974 &
688 2941 792 2975 tuffim
814 2943 1096 2977 autirritam‚aut
1108 2940 1156 2974 fe-

153 2999 184 3019 re
208 2985 354 3024 irritam,
377 2985 409 3016 δι
432 2996 505 3018 cum
530 2985 589 3017 hac
613 2996 683 3026 quae
707 2984 960 3028 nffiildenique,
985 2983 1156 3018 nificatar-

153 3028 276 3064 rhalem
299 3027 463 3060 materiam
473 3028 648 3068 educebat,
671 3028 937 3072 comparandam3
961 3028 1024 3070 jam
1039 3038 1153 3071 potes,

152 3074 295 3115 opinor,
319 3072 351 3103 in
376 3070 444 3109 illis
466 3083 594 3114 quoque
617 3072 723 3105 tribus
745 3072 826 3116 quid
850 3071 888 3105 ad
912 3071 1055 3105 thoracis
1087 3072 1155 3115 spe-

155 3118 254 3150 &taret
279 3113 480 3156 hydropem,
503 3115 582 3158 quid
609 3115 647 3148 ad
671 3116 730 3148 alia
745 3139 756 3156 ,
778 3127 852 3150 cum
876 3115 936 3149 hoc
961 3114 1132 3158 conjuneta
1147 3139 1155 3152 ,

155 3158 328 3202 suspicari.
355 3157 437 3199 Qae
460 3167 564 3192 tamen
589 3170 697 3201 augere
720 3160 895 3201 praesertim
920 3168 1066 3201 poterant
1092 3159 1156 3201 spi-

160 3205 242 3236 ritus
267 3200 488 3235 difficultatem
503 3225 514 3241 ,
539 3211 573 3235 ut
597 3204 718 3235 cervice
742 3205 843 3237 erecta
867 3202 1028 3236 ducendus
1049 3201 1120 3236 esset
1147 3227 1154 3233 .

155 3249 267 3290 Itaque
289 3255 352 3277 non
375 3244 538 3279 miraberis
560 3245 649 3289 quod
672 3258 747 3280 anus
773 3250 804 3280 in
818 3246 947 3280 dorsum
962 3246 1074 3280 cubare
1089 3245 1160 3287 pos-

157 3292 228 3331 set;
249 3287 337 3333 quod
361 3296 466 3321 autem
489 3290 522 3321 in
546 3299 692 3324 neutrum
716 3291 820 3330 latus,
845 3292 1000 3323 nimirum
1023 3288 1057 3322 id
1082 3300 1162 3332 aqua

157 3337 191 3368 in
215 3341 356 3380 utroque
380 3333 499 3374 pariter
519 3344 596 3365 cavo
619 3333 763 3377 aggesta,
786 3333 835 3368 sed
849 3343 996 3368 neutrum
1009 3333 1084 3365 adeo
1098 3334 1160 3365 irn-

157 3378 267 3421 plens,
289 3375 464 3408 efficiebat.
489 3376 583 3416 Hoc,
605 3377 637 3410 ἃ
661 3379 764 3420 aliqua
790 3389 900 3411 eorum
923 3388 994 3420 quae
1018 3376 1069 3409 hic
1082 3377 1159 3408 atti-

158 3423 283 3463 gimus,
311 3429 346 3453 ut
371 3420 500 3464 planius
520 3420 680 3463 intelligas
697 3447 705 3458 .
730 3420 878 3454 historias
903 3418 1064 3454 attendito
1087 3431 1156 3461 quae

159 3466 352 3507 sequuntur,
375 3467 408 3496 <Sc
431 3474 504 3497 cum
529 3462 610 3502 hac,
632 3469 662 3498 δι
687 3464 903 3508 superioribus
926 3472 1130 3506 comparato.

205 3519 252 3541 10.
272 3506 511 3551 JUVENEM
535 3507 698 3540 mulierem
722 3508 828 3547 tuliis,
853 3508 942 3544 sitis,
981 3505 1155 3549 respirandi

158 3551 331 3587 difficultas
354 3561 427 3586 ctu'n
452 3550 507 3584 diu
529 3548 686 3583 vexassent
701 3575 713 3592 ,
736 3560 808 3585 tum
840 3553 997 3595 praecipue
1029 3550 1155 3583 ultimis

157 3598 232 3629 vitae
256 3595 367 3628 diebus
389 3594 486 3627 nociti
510 3593 712 3636 premebant.
739 3595 882 3628 Tuffiens
892 3593 1159 3627 catarrhalemin-

249 3639 414 3680 Morgagni
425 3639 460 3671 de
469 3638 537 3670 Sed.
549 3637 688 3680 &caus
703 3638 805 3671 Morb.
820 3640 920 3671 Tom.
938 3640 964 3671 I.

2028 175 2117 227 ι37

1177 248 1303 283 terdum
1327 250 1482 291 expuebat
1507 249 1690 281 materiam:
1712 249 1746 279 in
1769 246 1924 280 sinistrum
1947 246 2029 278 latus
2041 242 2082 276 ob
2094 251 2175 284 prze-

1178 291 1365 326 cordiorum
1390 292 1562 335 angustiam
1587 291 1771 325 decumbere
1795 302 1858 323 nou
1885 297 2008 332 poterat
2030 299 2042 326 ,·
2065 287 2172 334 ita-que

1178 335 1299 379 jacebat
1324 337 1357 368 in
1379 333 1564 369 dexterum.
1592 334 1686 368 Pedes
1719 333 1873 366 oedemate
1906 341 1995 365 erant
2028 329 2173 369 turgidi:

1177 379 1273 412 facies
1299 390 1424 421 quoque
1442 401 1450 414 ,
1474 382 1504 411 ἃ
1529 388 1636 411 venter
1652 401 1661 415 ,
1684 378 1732 411 sed
1759 376 1811 409 hic
1834 376 1945 408 leviter
1969 400 1978 415 ‚
2013 375 2176 420 intumue-

1178 431 1267 455 rant.
1293 423 1375 455 Tres
1398 423 1526 454 circiter
1551 431 1620 454 ante
1643 430 1779 454 mortem
1803 418 1869 452 dies
1881 428 1946 451 erat
1957 418 2041 461 quasi
2056 415 2176 447 somni-

1176 464 1306 503 culosa,
1329 463 1478 506 tardeque
1501 464 1728 507 respondebat:
1752 461 1886 495 biduum
1910 463 2062 508 ultimum
2073 455 2179 499 pulsus

1179 509 1306 552 penitus
1319 507 1541 541 delitescebant
1557 532 1563 538 .
1685 508 1739 540 IN
1757 506 1959 549 VENTRE
1971 502 2179 548 effusumerat

1181 552 1281 586 serum
1304 551 1341 585 ad
1354 562 1415 585 tres
1426 560 1600 593 quatuorve
1613 550 1726 584 libras.
1751 550 1860 590 Hepar
1873 546 2086 587 subpallidum
2099 567 2106 581 ,
2121 544 2182 592 lien

1182 596 1314 637 exiguus
1336 606 1349 634 ;
1382 602 1533 628 caeterum
1556 603 1725 636 utrumque
1748 591 1856 626 sanum
1880 616 1887 623 .
1913 590 1982 624 Vix
2015 589 2116 622 ullum
2148 596 2181 617 in

1183 648 1291 671 ventre
1304 639 1449 682 apparuit
1462 637 1607 670 vasorum
1618 636 1896 680 lymphaticorum
1906 632 2074 678 vestigium
2088 657 2110 680 ·.

1184 685 1221 716 In
1248 681 1409 715 Thoracis
1433 680 1583 715 ambabus
1605 682 1708 715 caveis
1733 680 1901 722 pulmones
1926 676 2011 711 sani;
2038 670 2186 708 sediufi-

1184 726 1279 759 nistra
1303 726 1421 766 liberi,
1443 726 1477 758 in
1500 722 1628 757 dextera
1651 724 1766 766 pleurae
1791 722 1947 755 tenaciter
1970 718 2184 767 adhaerentes:

1186 769 1290 802 rursus
1314 770 1347 802 in
1370 768 1426 801 illa
1451 778 1587 811 paucum
1610 767 1737 805 serum3
1761 767 1794 798 in
1831 765 1889 798 hac
1922 774 1995 796 vero
2027 757 2186 804 quidquid

1186 813 1251 845 loci
1275 813 1358 845 iuter
1382 812 1545 855 pleuram,
1568 813 1602 844 &
1625 811 1793 852 pulmones
1816 806 2077 851 relinquebatur,
2101 803 2187 852 flavo

1185 864 1250 888 erat
1274 855 1342 888 sero
1365 855 1551 898 oppletum.
1578 856 1615 886 In
1640 852 1743 886 cordis
1766 853 1951 886 ventriculis
1976 849 2100 893 sanguis
2115 847 2189 881 flui-

1186 900 1265 938 dus,
1288 898 1350 932 sine
1373 899 1441 932 ullo
1465 897 1628 940 polyposae
1650 898 1867 930 concretionis
1890 895 2012 929 iudicio
2027 918 2034 926 .
2145 892 2185 923 In

1191 943 1307 984 Capite
1330 942 1465 985 denique
1490 941 1597 974 sanum
1619 940 1780 974 cerebrum
1798 966 1806 978 ,
1830 939 1887 973 nisi
1911 938 1998 981 quod
2033 934 2191 984 Laterales

1191 986 1359 1019 ventriculi
1383 985 1485 1018 serum
1508 984 1737 1020 continebant,
1761 982 1855 1026 idque
1878 983 1938 1015 levi
1955 981 2114 1023 sanguinis
2126 987 2192 1011 tin*

1190 1030 1278 1063 crura
1292 1029 1450 1061 infectum
1464 1052 1471 1059 .
1492 1028 1569 1059 Hoc
1582 1028 1650 1067 igni
1668 1026 1855 1065 impositum
1868 1049 1880 1066 ,
1900 1023 1995 1058 crassa
2007 1023 2137 1056 materia
2153 1019 2190 1053 ad

1187 1071 1265 1105 vasis
1277 1071 1413 1106 fundum
1425 1068 1553 1104 demissa
1566 1093 1578 1109 ,
1589 1069 1692 1111 ipsum
1705 1079 1816 1103 totum
1827 1071 1859 1102 in
1871 1080 1959 1102 auras
1970 1069 2053 1100 abiit
2067 1091 2074 1097 .
2089 1063 2190 1103 Quod

1188 1125 1293 1149 autem
1318 1114 1419 1148 serum
1443 1115 1476 1146 in
1499 1122 1608 1145 ventre
1624 1136 1636 1152 ,
1660 1116 1690 1145 ὃ(
1718 1114 1750 1144 in
1775 1123 1854 1145 cavo
1867 1114 1945 1145 item
1956 1109 2101 1144 thoracis
2114 1108 2191 1141 dex-

1190 1169 1261 1192 tero
1284 1157 1375 1192 fuisse
1391 1184 1398 1197 ,
1422 1156 1586 1193 diximus,
1612 1155 1780 1189 turbidum
1805 1156 1945 1197 primum
1970 1155 2008 1187 ab
2042 1154 2114 1193 igne
2149 1149 2193 1183 est

1191 1203 1339 1242 fastum,
1363 1200 1477 1235 deiude
1500 1199 1609 1232 sensim
1633 1200 1694 1233 hoc
1714 1197 1844 1239 quidem
1868 1208 1978 1231 totum
1993 1221 2002 1236 ‚
2024 1194 2107 1229 illud
2139 1204 2193 1226 au-

1195 1255 1261 1279 tem
1285 1245 1348 1279 fere
1371 1254 1502 1283 totum,
1524 1243 1634 1277 reliffita
1657 1243 1690 1275 in
1714 1241 1817 1275 fundo
1842 1239 1993 1275 nonnihil
2028 1236 2191 1284 glutinosa

1194 1290 1368 1333 pellicula,
1388 1287 1550 1321 avolavit.

1244 1343 1290 1365 11.
1318 1329 1446 1366 Omisso
1467 1330 1554 1374 quod
1578 1330 1617 1364 ad
1640 1330 1825 1374 soporosam
1839 1329 2041 1365 affestioncm
2055 1330 2195 1366 attinet,

1198 1376 1275 1409 alibi
1299 1387 1314 1407 a
1339 1375 1431 1408 nobis
1454 1375 1645 1414 nauatam,
1667 1373 1757 1416 cujus
1781 1376 1835 1408 hic
1860 1376 1984 1408 causam
1996 1374 2119 1411 serum;
2144 1381 2200 1404 nec

1197 1421 1316 1452 mirum
1340 1420 1373 1452 in
1396 1419 1454 1452 tali
1475 1429 1632 1459 corpore3
1659 1419 1692 1450 in
1717 1419 1846 1451 cerebro
1878 1431 2005 1462 quoque
2040 1415 2201 1451 noviffime

1196 1462 1327 1495 effusum
1351 1460 1460 1501 fuiss'e,
1482 1461 1589 1494 vides:
1614 1470 1707 1504 atque
1731 1461 1808 1495 adeo
1832 1461 1948 1495 omiffis
1959 1474 2029 1504 quae
2042 1460 2079 1494 ad
2091 1468 2202 1493 caetera

1198 1509 1358 1549 pertinent
1381 1505 1488 1548 signa,
1513 1515 1568 1537 ate
1582 1504 1677 1538 facile
1700 1517 1774 1539 cum
1799 1505 2015 1547 superioribus
2038 1502 2206 1537 conferen-

1199 1550 1235 1583 da
1251 1573 1258 1587 ,
1283 1553 1313 1582 &a
1340 1549 1446 1582 eadem
1473 1548 1683 1587 invenienda3
1707 1547 1771 1582 duo
1793 1560 1862 1590 quae
1886 1547 2028 1590 spectant
2051 1546 2089 1579 ad
2120 1544 2206 1578 diffi-

1198 1594 1295 1626 cilem
1317 1593 1560 1635 respirationem
1588 1603 1652 1624 non
1675 1593 1882 1625 omittemus.
1906 1592 2079 1628 Alterum,
2118 1586 2208 1632 quod

1197 1637 1316 1670 mulier
1338 1638 1371 1669 in
1395 1634 1553 1668 sinistrum
1577 1635 1658 1668 latus
1682 1635 1797 1667 cubare
1822 1646 1885 1668 non
1910 1643 2038 1677 poterat
2055 1656 2064 1672 ,
2088 1634 2209 1675 quippe

1199 1692 1289 1723 qim,
1312 1679 1444 1712 dextero
1467 1679 1594 1720 penitus
1617 1690 1704 1721 aquae
1720 1679 1812 1720 pleno
1827 1701 1834 1713 ,
1860 1678 2057 1721 potiffimum
2072 1677 2208 1719 respira-

1199 1724 1278 1762 bat;
1301 1724 1409 1766 itaque
1431 1721 1452 1755 ii
1474 1721 1598 1754 dexteri
1613 1734 1690 1765 aqua
1705 1720 2091 1755 mediastinoincumbeus
2106 1744 2117 1759 >
2142 1719 2206 1752 hoc.

1198 1769 1233 1800 :in
1259 1765 1412 1799 sinistrum
1437 1764 1577 1798 thoracis
1609 1777 1722 1799 cavum
1746 1774 1897 1808 urgerem
1922 1765 1986 1807 jam
2011 1776 2066 1807 per
2090 1763 2117 1796 se
2143 1773 2208 1795 non

1200 1811 1336 1843 omnino
1361 1809 1427 1842 sero
1451 1820 1609 1848 vacuum,
1633 1811 1664 1841 ἃ
1688 1808 1821 1842 dextero
1846 1809 1990 1852 alioquin
2015 1808 2134 1849 semper
2148 1806 2211 1838 mi-

1202 1865 1282 1892 nus3
1306 1852 1456 1896 angustiae
1484 1852 1736 1893 praecordiorum
1758 1852 1800 1885 ob
1823 1853 1923 1894 magis
1949 1851 2138 1894 impeditam
2161 1860 2212 1881 re-

1202 1898 1411 1939 spirationem
1436 1895 1608 1928 vexabant.
1631 1896 1805 1937 Alterum,
1828 1896 1915 1938 quod
1940 1896 2005 1929 haec
2017 1895 2113 1928 noeto
2130 1904 2210 1935 prm-

1203 1942 1312 1975 sertim
1335 1950 1402 1972 erat
1426 1938 1613 1972 difficilior.
1640 1940 1678 1973 Id
1701 1950 1777 1972 vero
1799 1939 1820 1972 fi
1833 1937 1905 1972 esset
1918 1938 2040 1981 signum
2054 1939 2212 1978 hvdropis

1202 1984 1372 2023 thoracis,
1396 1991 1431 2016 ut
1445 1982 1540 2015 nostri
1558 1983 1756 2026 loquuntur,
1782 1981 2212 2025 pathognomonicumsmi-

1202 2029 1269 2061 rari
1293 2027 1418 2060 deberes
1442 2027 1566 2068 magis,
1592 2027 1626 2058 in
1651 2034 1700 2059 tot
1724 2027 1795 2060 aliis
1820 2026 1871 2060 seu
1883 2025 2065 2067 Valsalvae‚
2088 2024 2140 2058 seu
2152 2035 2217 2057 nn<

1203 2071 1275 2105 stris
1299 2069 1590 2103 Observationibus
1613 2068 1733 2109 deesse,
1757 2081 1851 2112 quam
1877 2070 1910 2102 in
1935 2068 1995 2104 hac
2017 2080 2078 2103 una
2093 2080 2218 2103 mem0‹

1204 2115 1290 2147 rari.
1318 2114 1383 2151 Qui
1408 2122 1512 2145 tamen
1537 2111 1619 2146 illud
1641 2113 1830 2151 docuerint,
1859 2114 1963 2156 plures
1974 2113 2219 2147 acervatimno«

1204 2158 1318 2190 minari
1331 2156 1546 2189 videbisaCl.
1563 2157 1745 2190 Reimanno
1768 2159 1852 2197 (e),
1876 2157 2066 2200 &egregios
2077 2154 2211 2200 quidem

1204 2201 1373 2234 Medicos.
1399 2201 1527 2233 Primus
1549 2209 1658 2234 autem
1682 2211 1720 2233 ex
1744 2201 1784 2233 iis
1808 2200 1873 2234 fuit
1895 2201 2035 2234 Carolus
2060 2200 2151 2239 Piso,
2175 2208 2214 2232 ut

1206 2243 1449 2286 Sepulchretum
1464 2243 1569 2285 ipsum
1593 2241 1652 2284 (f)
1676 2243 1889 2283 monstrabit,
1912 2245 1991 2287 qui,
2017 2246 2048 2276 ἅν
2063 2243 2214 2286 posteum

1207 2288 1262 2319 alii
1275 2286 1307 2319 id
1320 2286 1605 2320 Observationibus
1614 2287 1864 2329 comprobarunt
1878 2286 1939 2320 suis
1949 2310 1960 2327 ,
1973 2286 2090 2320 ibidem
2105 2287 2214 2320 relatis

1205 2334 1272 2373 (g)
1289 2356 1296 2363 .
1321 2331 1391 2363 Nec
1416 2342 1490 2362 vero
1514 2331 1618 2372 negari
1645 2329 1767 2372 potest,
1791 2329 1813 2363 si
1840 2329 1876 2363 ad
1887 2329 2213 2364 caeteraindiciahoc

1204 2386 1332 2416 quoque
1357 2372 1539 2414 accesserit,
1565 2384 1599 2406 ut
1625 2373 1791 2407 hominem
1817 2374 1951 2416 aprimo
1967 2373 2074 2408 somno
2086 2384 2213 2418 repente

1206 2418 1323 2449 excitet
1348 2418 1477 2460 gravior
1501 2416 1639 2459 spirandi
1664 2416 1837 2451 difficultas
1858 2440 1869 2456 ‚
1907 2429 2012 2451 veram
2045 2419 2122 2460 saepe
2153 2417 2214 2451 esse

1206 2460 1427 2502 conje&uram
1442 2483 1453 2499 ‚
1477 2459 1619 2493 thoracis
1644 2459 1787 2502 hydrope
1809 2461 1950 2494 laborare
1965 2485 1975 2502 ‚
1999 2462 2061 2495 sive
2084 2462 2172 2503 quod
2197 2475 2211 2495 a

1205 2503 1279 2536 letti
1303 2503 1405 2536 calore
1429 2502 1554 2544 sanguis
1578 2513 1707 2544 turgens
1730 2504 1805 2538 satis
1830 2503 1975 2545 spatiind
1987 2505 2211 2540 transeundum

1209 2558 1261 2589 per
1287 2547 1452 2588 pulmones
1478 2559 1555 2591 aqua
1580 2545 1795 2588 compressos,
1818 2556 1852 2580 ut
1878 2547 2039 2583 W‘illisius
2071 2549 2142 2589 (h)
2165 2551 2214 2582 in*

1208 2591 1318 2629 dicat,
1342 2590 1594 2636 noninveniat,
1619 2589 1677 2622 {ive
1700 2589 1744 2623 ob
1768 2592 1864 2624 aliam
1881 2594 1988 2634 potius
2000 2594 2211 2632 causamme*

1208 2645 1269 2677 que
1292 2635 1377 2666 enim
1403 2633 1465 2667 sola
1492 2645 1569 2676 aqua
1593 2633 1635 2667 est
1656 2645 1726 2676 quae
1751 2635 1915 2677 pulmones
1949 2637 2040 2678 poffit
2071 2639 2212 2680 compri-

1210 2689 1313 2717 mere,
1338 2686 1390 2711 aut
1415 2675 1592 2720 sauguifera
1616 2689 1670 2720 per
1692 2677 1779 2719 ipsos
1803 2677 1871 2711 vasa
1883 2679 2089 2714 contrahere:
2112 2692 2211 2724 quana

1207 2731 1305 2764 quam
1328 2723 1391 2753 veri
1416 2720 1516 2754 simile
1539 2720 1598 2760 cst,
1625 2731 1711 2760 rem,
1734 2719 1755 2754 si
1781 2724 1955 2764 generatim
1978 2725 2134 2767 accipias,
2158 2725 2213 2758 be-

1210 2776 1247 2796 ne
1275 2765 1450 2798 Willilium
1475 2763 1663 2806 explicasse,
1684 2776 1758 2797 cum
1783 2766 1816 2797 in
1842 2766 1962 2800 morbis
1984 2779 2110 2810 quoque
2141 2769 2212 2802 aliis

1210 2807 1297 2841 idem
1320 2808 1382 2842 fere
1407 2808 1546 2841 accidere
1567 2831 1579 2848 ,
1612 2807 1811 2842 adnotaverit
1845 2808 1987 2843 laudatus
2018 2812 2212 2846 Reimannus

1210 2855 1224 2890 (
1248 2852 1259 2884 i
1284 2856 1316 2890 )‚
1340 2853 1457 2895 quibus
1481 2851 1513 2883 in
1539 2851 1660 2884 morbis
1694 2851 1912 2885 animadverto
1944 2855 2111 2896 pulmones
2143 2867 2212 2898 pre-

1210 2896 1281 2935 mi,
1306 2898 1338 2928 &
1363 2896 1522 2938 sanguinis
1547 2905 1600 2936 per
1621 2905 1673 2927 eos
1695 2895 1761 2928 vias
1785 2895 1959 2939 constringi
1974 2921 1986 2937 ,
2010 2899 2211 2941 autimpedi-

1211 2941 1237 2972 ri
1265 2938 1426 2980 potuisse,
1449 2946 1484 2971 ut
1509 2938 1562 2971 hic
1586 2950 1602 2971 a
1625 2938 1701 2971 lecti
1724 2938 1830 2971 calore
1854 2951 1917 2973 non
1952 2941 2036 2975 secus
2069 2952 2161 2985 atque
2195 2955 2211 2976 a

1207 2983 1358 3024 corporis
1382 2983 1612 3014 exercitatione
1635 2991 1765 3023 turgens
1780 3004 1789 3019 ,
1815 2983 2001 3025 pulmones,
2024 2986 2057 3018 in
2081 2998 2120 3018 eo
2132 2998 2212 3029 prae-

1210 3026 1316 3058 i-'ertim
1339 3026 1484 3067 corporis
1508 3024 1589 3065 situ,
1612 3036 1772 3068 permeare
1796 3037 1859 3059 non
1883 3027 2039 3061 valuerit.
2065 3029 2164 3071 Qod
2187 3030 2211 3063 fi

1207 3068 1298 3102 causa
1322 3079 1490 3110 premens,
1515 3079 1568 3102 aut
1591 3069 1804 3110 constringens
1829 3095 1837 3109 ,
1861 3071 1906 3103 vel
1941 3071 1962 3104 fi
1994 3074 2146 3106 arciandae
2178 3075 2210 3107 in

1208 3111 1413 3159 pulmonibus
1436 3114 1514 3150 viae,
1540 3112 1588 3145 vel
1612 3111 1747 3155 denique
1779 3112 1801 3147 si
1835 3113 2019 3150 transiturus
2053 3115 2178 3154 sanguis
2201 3142 2209 3155 ‚

1209 3157 1230 3188 si
1255 3155 1346 3195 haec,
1366 3156 1519 3198 inquam,
1543 3158 1673 3196 omnia,
1696 3166 1750 3190 aut
1776 3157 1922 3201 pleraque
1945 3170 2007 3192 non
2032 3160 2076 3192 ita
2101 3155 2130 3194 se
2154 3160 2212 3194 ha-

1210 3201 1330 3237 beant,
1354 3208 1388 3231 ut
1412 3199 1446 3233 id
1469 3200 1554 3241 sequi
1579 3199 1712 3240 debeat3
1740 3212 1801 3234 non
1825 3201 1922 3235 modo
1946 3203 1978 3236 iu
2002 3204 2042 3236 iis
2065 3204 2211 3245 morbis,

1213 3241 1265 3289 sed
1289 3253 1387 3291 neque
1412 3244 1444 3275 in
1477 3242 1619 3277 thoracis
1655 3244 1800 3286 hydrope
1833 3246 1950 3279 cubans
1982 3258 2065 3289 aeger
2099 3249 2211 3290 primis

1214 3288 1317 3319 somni
1341 3287 1427 3318 horis
1452 3284 1490 3319 ab
1514 3289 1682 3329 ingruente
1706 3287 1925 3322 suffocationis
1949 3292 2093 3332 periculo
2125 3294 2212 3325 exci-

1214 3330 1368 3362 rabitur.
1404 3332 1515 3376 ltaque
1563 3332 1752 3372 intelligis,
1787 3332 1868 3363 reete
1899 3333 1953 3365 CI.
1987 3333 2211 3368 Helwichium

1211 3376 1225 3412 (
1246 3372 1263 3414 l<
1287 3376 1297 3410 )
1330 3374 1484 3406 monuisse
1507 3397 1518 3413 ,
1552 3386 1589 3407 ex
1611 3386 1648 3406 eo
1669 3374 1755 3415 quod
1778 3386 1859 3416 aeger
1881 3386 1946 3409 non
1970 3375 2010 3409 sic
2034 3378 2210 3417 excitetur,

1210 3418 1343 3449 minime
1365 3416 1513 3460 consequi
1528 3416 1672 3460 hydrope
1683 3417 1826 3451 thoracis
1836 3429 1899 3452 non
1909 3419 2075 3452 laborare.-
2100 3421 2213 3455 &sane

1209 3458 1247 3493 ad
1270 3459 1515 3494 Observationes
1526 3472 1601 3503 quas
1615 3459 1812 3500 ipseindicat
1823 3462 1892 3496 aliae
1906 3462 1979 3496 addi
1992 3461 2139 3505 possunt,
2161 3465 2212 3498 in-

1213 3503 1386 3547 primisque
1398 3504 1535 3538 Nobilis
1546 3503 1800 3538 Adolescentulae
1812 3505 1850 3545 (l)
1861 3505 2048 3548 cuisomnus
2065 3507 2212 3548 prolixus

1213 3556 1302 3587 erat,
1315 3549 1346 3579 &
1360 3549 1392 3579 in
1402 3547 1532 3581 multam
1545 3547 1815 3589 lucemproduc‘sus
1828 3572 1838 3587 ‚
1862 3552 1893 3581 δε
1918 3550 2082 3584 Senatoris
2094 3551 2212 3584 Poloni

1209 3592 1269 3635 (m)
1280 3590 1331 3623 cui
1348 3590 1434 3624 nulla
1447 3590 1624 3632 eratsomm'
1635 3589 2068 3636 cumpericulosuffocationis
2078 3595 2218 3629 interru-
2267 3612 2268 3615 ¹

2078 3639 2148 3679 prs’o
2160 3662 2172 3678 ‚

220 3737 234 3765 (
251 3737 264 3760 b
285 3737 292 3763 )
309 3739 390 3761 Mem.
408 3735 436 3759 de
456 3734 551 3759 l'Acad.
571 3737 601 3760 R.
618 3736 658 3760 des
675 3737 711 3760 Sc.
728 3740 758 3762 A.
778 3746 846 3768 1703.

220 3768 234 3796 (
247 3766 264 3796 f
281 3768 320 3795 )1.
338 3776 358 3790 ι.
378 3768 400 3790 S.
420 3774 439 3790 1.
458 3766 536 3790 Schol.
554 3765 591 3789 ad.
610 3766 666 3790 Obs.
684 3775 736 3796 ¹37-

223 3799 237 3828 (
254 3797 269 3821 k
286 3798 299 3827 )
315 3800 374 3826 Eph.
394 3799 426 3821 N.
445 3799 473 3821 C.
493 3798 554 3821 Cent
584 3804 618 3821 ιο.
637 3797 695 3822 Obs.
712 3805 748 3827 3⁷--

825 3777 844 3799 g
859 3769 874 3798 )
890 3736 944 3793 εεςάι.ἱ
960 3737 1064 3792 ἔποζῐ.
1081 3737 1172 3792 8583.

811 3800 826 3829 (
841 3801 851 3824 l
866 3800 880 3828 )
898 3799 1020 3828 Sepulchr.
1038 3799 1053 3822 l.
1072 3806 1091 3822 z.
1116 3801 1139 3823 S.
1158 3808 1180 3823 2.

1179 3739 1232 3767 )n.
1252 3746 1274 3767 4.
1337 3739 1351 3765 ζ
1365 3746 1376 3761 e
1392 3741 1402 3763 )
1422 3738 1472 3762 Ast.
1492 3739 1524 3762 N.
1542 3738 1571 3761 Cv
1589 3738 1663 3760 Torn.
1680 3744 1702 3761 1.
1718 3735 1778 3760 ΟΜ.
1796 3742 1849 3762 170.

1236 3769 1250 3796 <
1268 3770 1282 3793 h
1301 3767 1308 3797 )
1326 3768 1385 3791 ibici.
1405 3769 1484 3793 Schol.
1502 3767 1529 3791 ari
1549 3767 1604 3790 Ob(
1626 3771 1663 3795 76.

1726 3769 1740 3798 ς
1759 3768 1767 3789 17
1786 3769 1796 3792 >
1812 3764 1871 3790 ons.
1889 3772 1941 3793 170-
1959 3764 2001 3789 cit.

1198 3799 1255 3823 ΟΜ.
1275 3807 1294 3828 3,
1313 3799 1336 3822 in
1354 3801 1433 3824 Senot.

1495 3800 1507 3828 ς
1525 3807 1546 3821 m
1566 3799 1575 3830 J
1594 3800 1730 3823 Commerc.
1748 3798 1833 3823 Litter.
1854 3799 1884 3820 A.
1904 3802 1971 3824 1733-
1996 3794 2072 3820 Hebd-
2092 3800 2129 3819 ¹¹-
2154 3803 2177 3820 ¹¹¹-
2194 3799 2218 3820 ἰ)
