2498 4075
1051 93 1062 109 ἱ

514 210 663 278 Epist-
703 214 1108 273 Anat4³Medica
1143 213 1265 266 XII.
1299 213 1417 268 Art.
1458 212 1531 268 ro.
1568 217 1622 270 ὅτ
1659 234 1733 268 11·

95 284 209 321 diebus
231 286 492 329 insequentibus,
515 298 624 322 narrat
636 293 647 328 ,⁴
670 290 786 324 interea
809 301 903 334 caput
907 292 1016 334 sensim
1019 292 1092 335 sen-

85 328 204 372 fimque
227 331 259 362 in
282 331 392 364 molem
413 332 700 372 praeternatiiralenz
722 334 879 376 extensum
904 334 993 369 fuiss'e
1021 348 1032 374 3
1055 345 1090 369 ut

91 371 235 404 videatur
260 385 360 416 aqua,
384 375 436 407 cui
460 375 547 408 locus
572 376 603 406 in
629 376 731 417 Spinae
756 388 834 410 cavo
858 389 920 410 non
953 380 1090 420 amplius

93 413 280 455 superesset,
304 418 336 448 in
360 419 458 449 cranii
489 428 570 450 cavo
600 417 787 452 i‘ub'fistendo
810 443 821 460 ,
854 420 915 454 hoc
951 421 987 454 ad
1019 433 1092 455 eum

94 458 226 491 modum
251 459 468 504 amplificasse.
587 461 685 498 ,Quas
710 461 858 496 haetenus
884 464 986 506 scripsi
1018 476 1091 510 cum

94 500 320 542 perpenderis,
344 506 375 536 &
399 502 525 535 fortasse
560 515 623 536 non
657 506 917 547 improbaveris,
949 507 972 542 fi
1006 509 1091 541 forte

93 544 128 576 in
151 544 365 588 Hippocratis
390 546 496 579 locum
520 546 693 588 incideris,
716 550 772 591 qui
795 547 837 582 fic
860 548 955 584 habet
979 553 993 589 (
1013 562 1031 583 a
1054 555 1088 589 ):

91 586 201 620 Alius
225 587 349 622 morbus
371 590 471 623 oritur
494 599 532 622 ex
554 588 723 632 defluxione
753 593 873 634 capitis
902 603 961 636 per
991 603 1090 627 venas

94 632 128 664 in
152 631 308 672 Spinalem
332 631 518 670 medullam.
544 634 616 666 Inde
640 642 744 667 antem
767 635 799 668 in
815 634 943 676 sacrum
966 648 999 669 os
1031 636 1090 670 im-

87 682 200 716 petum
218 671 305 716 facit
329 688 336 706 =
364 685 421 715 quo
454 674 586 721 medulla
619 677 685 718 ipsa
713 674 898 722 fluxionem:
913 680 1057 720 perducit
1078 691 1091 719 ‚·

93 726 187 749 tanto
203 717 329 752 facilius
341 718 426 751 idem
438 717 497 751 tibi
513 716 643 751 forsitan
656 719 742 762 quod
754 723 865 757 Docto
879 724 972 762 Viro,
984 725 1090 755 veniet

92 761 127 799 in
141 769 299 799 mentem,
323 758 374 794 his
386 762 487 795 verbis
503 763 651 798 morbum
664 762 701 795 de
712 775 776 805 quo
788 765 961 807 loquimur.
975 764 1090 799 descri-

56 829 69 845 „
94 812 187 846 ptum
206 803 328 845 videri,
352 814 474 846 quanto
492 807 592 846 magis
609 817 719 840 eorum
732 819 877 847 omnium
895 820 968 850 vquae
993 810 1091 843 modo

7 855 52 885 a(
63 852 75 881 μ
93 846 179 883 dicta
206 845 299 888 sunt,
322 847 532 881 recordaberis
548 873 560 883 ..
584 851 703 882 Verum
717 861 814 893 neque
827 851 910 885 hunc
921 878 928 890 ‚
940 864 1040 895 neque
1051 853 1089 886 ad

93 888 267 923 infantium
293 892 424 925 morbos
447 903 518 926 eum
543 893 651 926 iocum
675 895 1043 938 attinere,‚c0gnosccs,
1066 895 1087 929 fi

93 945 126 966 ea
151 934 316 975 perlegeris
339 946 407 977 quae
430 936 586 968 continuo
609 935 805 979 sequuntur,
827 939 868 971 eff
891 940 923 971 in
946 940 1089 973 coxendi-

93 986 163 1009 cum
185 977 346 1010 aiei-abula
360 1001 369 1015 ,
387 977 456 1020 five
475 979 639 1020 juncturas
663 981 809 1021 deponit,
832 981 874 1015 &
889 980 1091 1025 simbemfe-

93 1019 193 1057 terit,
215 1020 304 1054 homo
326 1021 505 1063 marcescit,
529 1030 622 1063 atque
643 1022 698 1056 hoc
721 1025 808 1057 modo
830 1024 1034 1066 contabescit,
1051 1028 1093 1059 ei*

92 1063 200 1096 vivere
223 1073 280 1096 non
303 1067 446 1106 expetit5
458 1066 568 1105 statim
590 1066 672 1099 enim
687 1066 821 1109 scapula
836 1066 967 1105 dolent,
991 1069 1095 1102 ambo-

95 1115 154 1146 que
172 1106 286 1147 pedes,
310 1119 346 1140 ac
369 1118 460 1141 crura
483 1108 707 1151 consequuntur
721 1132 733 1149 ‚
757 1111 797 1143 Θ
822 1109 944 1152 semper
974 1113 1095 1146 tandem

86 1157 220 1188 pereant
244 1149 344 1186 multo
367 1158 501 1193 tempore
522 1153 644 1185 curati.
671 1153 846 1191 Quomodo
869 1155 954 1187 enim
989 1155 1092 1189 infan-

93 1201 140 1224 tes
164 1193 267 1225 vivere
289 1203 467 1235 expetunt,
491 1205 544 1227 aut
568 1206 631 1227 non
654 1195 839 1238 expetunt?v
857 1206 950 1240 atque
975 1208 1009 1232 ut
1033 1200 1093 1231 alia

96 1244 307 1276 praeteream3
332 1238 497 1279 quomodo
519 1237 574 1271 hic
600 1238 730 1272 morbus
752 1239 809 1273 effe
833 1241 926 1274 multi
941 1243 1092 1284 temporis

91 1280 292 1313 curationem
317 1278 418 1313 linit?
443 1281 534 1317 Quin
556 1283 654 1315 etiam
669 1306 680 1322 ,
702 1281 725 1316 si
747 1284 820 1327 quis
844 1284 926 1317 forte
952 1288 984 1318 in
1018 1285 1096 1319 dua-

91 1321 151 1354 bus
175 1323 338 1362 novissime
361 1326 621 1358 commemoratis
645 1326 937 1361 observationibus
971 1336 1060 1371 putet
1085 1352 1094 1367 ,

96 1376 162 1398 non
187 1378 304 1409 aquam·
325 1378 341 1399 e
364 1370 473 1400 cranio
497 1370 529 1401 in
554 1369 659 1411 Spinae
683 1370 797 1404 tubum
818 1369 1002 1412 defluxiss'c,
1025 1373 1096 1406 imo

90 1418 205 1444 contra
233 1411 265 1443 in
290 1411 396 1452 Spinae
419 1411 499 1445 tubo
524 1424 539 1444 a
563 1412 726 1455 principio
760 1414 940 1456 congestam
968 1439 980 1455 ,
1015 1415 1099 1457 post·

93 1463 190 1495 quam
212 1454 250 1488 ad
272 1466 340 1489 eam
366 1456 509 1495 pervenit
529 1456 680 1497 copiam,
704 1465 740 1490 ut
763 1458 845 1490 intra
857 1457 963 1498 hunc,
988 1460 1035 1492 vel
1048 1459 1100 1492 di-

93 1496 250 1533 latarum,
278 1499 439 1530 contineri
465 1499 601 1541 amplius
626 1510 689 1532 non
712 1498 811 1542 posset
832 1524 844 1540 ‚
869 1510 939 1535 turn
971 1500 1098 1536 demum

93 1540 127 1571 in
151 1542 294 1574 cranium
319 1539 520 1580 redundass'efi
543 1541 700 1583 ejusmodi
722 1544 872 1586 cogitato
895 1543 949 1578 etsi
974 1547 1096 1580 nonita

95 1581 205 1618 favent
229 1596 298 1626 quae
324 1586 356 1616 in
380 1583 565 1617 disseaef'tione
588 1585 751 1628 utriusque
775 1586 908 1621 infantis
931 1588 1094 1622 observata

95 1632 348 1669 p1·oponiintur;
374 1636 480 1660 tamen
504 1628 670 1663 nonnullis
705 1630 776 1665 aliis
808 1632 841 1663 in
873 1630 991 1666 casibus
1025 1632 1094 1666 sane

96 1668 182 1702 haud
207 1669 299 1709 video
322 1668 399 1713 quid
423 1681 613 1713 magnopere
636 1672 833 1708 adversetur.

145 1723 192 1746 10.
218 1714 333 1756 Neque
355 1715 443 1747 enim
463 1725 573 1748 omnes
596 1718 651 1758 qui
678 1718 782 1759 Spinae
799 1741 807 1756 ,
832 1718 951 1759 iidem,
975 1728 1011 1755 ut
1022 1721 1094 1764 qui-

91 1754 224 1790 busdam
249 1757 351 1799 placet
367 1780 379 1797 ,
402 1758 519 1803 capitis
541 1769 668 1802 quoque
690 1760 834 1802 hydrope
847 1771 992 1797 tenentur
1006 1776 1094 1803 3cer-

93 1809 125 1831 te
149 1801 182 1832 in
209 1799 269 1834 suis
295 1811 375 1843 quos
400 1803 490 1844 supra
503 1800 685 1844 designavi,
708 1805 894 1847 Ruyschius
909 1810 1095 1841 nonmemi-

91 1844 143 1876 nit
167 1842 255 1884 (la),
278 1855 401 1887 neque5
426 1854 461 1877 ut
485 1845 567 1879 alios
589 1845 687 1880 sciens
712 1849 887 1890 omittam;
918 1852 1061 1894 Tulpius
1087 1865 1094 1884 :

91 1885 181 1929 cujus
205 1895 267 1920 tres
291 1887 386 1929 hujus
409 1890 529 1928 generis
555 1890 805 1931 observationes,
830 1904 893 1926 non
919 1895 951 1926 in
976 1896 1100 1929 Sestio·

91 1941 165 1963 nem
189 1928 268 1963 hanc
294 1930 515 1973 Sepulchreti,
539 1933 590 1968 sed
613 1934 646 1967 in
669 1935 714 1969 II.
737 1936 811 1969 libri
835 1939 941 1979 quarti
965 1940 1026 1979 (c)
1052 1950 1099 1972 re-

92 1974 176 2006 latas
199 1974 303 2016 legem
329 1985 533 2018 quanquam,
556 1987 591 2011 ut
617 1978 649 2010 in
675 1980 857 2013 anatomica
871 1980 1015 2015 sanarum
1029 1993 1098 2024 par-

90 2018 177 2051 tium
199 2016 410 2060 descriptione
435 2020 592 2062 Spinalem
618 2020 790 2056 medullam
814 2036 830 2057 a
854 2023 982 2057 cerebro
1009 2050 1017 2064 ,
1046 2026 1100 2059 cui

94 2070 206 2094 natura
229 2063 454 2102 continuavit,
478 2074 540 2096 non
565 2064 796 2108 disjungimus,
822 2067 862 2101 sic
888 2070 920 2101 in
933 2069 1097 2103 morbida-

92 2116 189 2144 rum,
213 2114 305 2148 atque
329 2104 407 2139 adeo
431 2108 467 2153 in·
489 2107 673 2143 morborum
698 2110 841 2152 ipsorum
853 2113 1097 2146 tratffisationeil-

93 2148 156 2182 lius
180 2148 324 2191 hydrops
347 2150 386 2183 ab
410 2149 504 2193 hujus
529 2150 672 2194 hydrope
695 2164 758 2185 non
783 2154 912 2188 videtur
936 2154 1097 2199 sejungen-

92 2191 175 2232 dus,
198 2203 253 2225 nec
277 2192 418 2228 tumores
441 2195 497 2236 qui
523 2205 698 2238 utrumque
715 2195 893 2237 hydropem
905 2198 1097 2240 sequuntur,

92 2237 177 2268 inter
197 2232 503 2269 ¹externos*'caeteros
526 2237 711 2271 collocandi
745 2239 830 2273 haud
865 2244 967 2283 magis
1000 2255 1096 2285 quarn

92 2279 149 2321 qui
160 2281 282 2311 interna
295 2278 511 2320 aneurysmata
526 2303 537 2319 ‚
563 2280 740 2324 disruptis,
752 2284 995 2329 extrorsumque
1005 2298 1097 2319 com-

93 2320 189 2364 pule
212 2321 329 2360 costis,
353 2325 385 2355 &
411 2323 546 2364 pectoris
568 2325 815 2366 integumentis,
840 2328 1094 2370 consequuntur.

94 2363 197 2406 Qod
220 2363 266 2403 si,
289 2364 325 2397 ad
351 2366 515 2407 inceptum
538 2367 712 2401 sermonem
738 2378 772 2402 ut
797 2370 944 2408 redeam,
970 2370 1008 2405 ad
1041 2385 1095 2406 eos

93 2419 174 2449 quos
199 2407 253 2440 hic
281 2409 478 2448 traustarnus,
497 2418 636 2443 tumores
659 2410 724 2446 duo
751 2413 801 2445 illi
838 2415 974 2448 attinent
995 2439 1004 2453 ,
1023 2418 1094 2459 'qui

94 2451 128 2483 in
153 2450 260 2484 eadem
284 2452 428 2484 sectione
452 2453 498 2484 II.
532 2454 610 2486 alter
644 2453 699 2488 sub
734 2457 972 2490 Observatione
995 2460 1092 2493 Xffl.

93 2494 185 2534 (d)
218 2505 256 2527 ex
289 2494 429 2536 Casparo
464 2495 613 2541 Bauhino
633 2520 641 2534 ‚
675 2499 756 2532 alter
788 2502 821 2533 in
853 2501 1094 2536 Additamentis

94 2537 326 2570 observatione
351 2539 392 2570 V.
417 2549 507 2581 cnjus
528 2541 684 2574 Au&oris
718 2553 779 2575 non
816 2543 1003 2579 adscribitur
1036 2557 1095 2579 no-

92 2591 163 2615 men
181 2604 193 2620 ,
216 2591 460 2623 proponuntur3
485 2593 584 2625 neque
607 2587 639 2617 in
664 2585 714 2618 his
736 2586 834 2620 ullam
858 2586 1091 2631 hydrocephali

91 2625 287 2657 mentionem
310 2624 448 2658 videbis.
473 2626 622 2660 Attinere
645 2639 750 2662 autem
773 2628 837 2664 huc
859 2639 1029 2676 utrumque
1052 2635 1091 2666 il-

92 2667 159 2700 ]um
183 2677 364 2709 tumorem,
387 2667 512 2706 credes,
536 2671 692 2713 mollem,
716 2675 749 2706 δε
773 2673 879 2708 velicae
902 2675 1091 2717 instar-,hu-

92 2722 181 2744 more
206 2711 350 2752 plenum,
375 2712 408 2744 in
431 2712 567 2747 lumbari
593 2715 696 2757 Spinae
721 2718 825 2752 tractu
845 2740 854 2755 2
877 2730 916 2752 ex
948 2731 1013 2762 quo
1044 2719 1090 2753 fa-

93 2754 179 2787 &am
203 2753 260 2787 seri
283 2753 465 2789 effusionem
489 2769 595 2797 mors,
621 2770 676 2792 nec
699 2760 804 2794 multo
828 2761 919 2804 post,
943 2774 981 2796 ex
1014 2774 1091 2797 con-

91 2796 286 2830 vulfionibus
311 2797 410 2831 secuta
435 2799 494 2833 est.
520 2801 610 2834 Nam
631 2803 720 2846 quod
744 2802 844 2837 serum
867 2807 1092 2847 purulentum,

93 2852 127 2873 ac
153 2839 328 2878 foetidum,
354 2853 406 2875 aut
428 2842 600 2886 ssanguinis
631 2846 740 2878 colore
771 2848 920 2881 nonnihil
954 2851 1092 2885 tinftum

91 2883 272 2926 prodierit,·
295 2896 390 2926 neque
413 2883 473 2919 hoc
497 2887 678 2922 mirandum
706 2889 769 2928 est,
798 2891 853 2923 ubi
876 2893 958 2926 inter
989 2902 1092 2928 verte-

92 2926 181 2959 bram
203 2925 373 2961 lumborum
395 2931 675 2972 antepenultimam
695 2935 737 2966 (ζ’)
760 2933 905 2968 ultimam
928 2948 966 2969 ex
977 2935 1092 2969 erofio-

91 2981 130 3003 ne
154 2968 296 3003 foramen
319 2968 382 3003 fuit
405 2973 438 3004 in
461 2980 603 3008 ventrem
628 2977 790 3018 pertinens
810 3000 819 3014 ,
843 2989 943 3021 neque
975 2980 1053 3014 illud
1080 3005 1091 3021 ,

91 3024 165 3046 cum
189 3015 252 3047 dnae
273 3012 419 3048 vertebra
441 3016 618 3052 lumborum
651 3019 894 3062 defiderarentnr
912 3045 926 3061 ,
958 3024 1091 3067 integris

92 3056 244 3100 reliqui53
269 3067 401 3099 namque
426 3062 454 3094 δι
479 3061 512 3093 in
536 3062 576 3094 iis
600 3061 638 3094 de
661 3064 776 3106 quibus
802 3067 924 3106 agimus
946 3089 959 3105 ,
992 3079 1091 3108 aquo-

92 3097 130 3133 fis
154 3100 335 3133 tumoribus
359 3101 496 3136 multum
519 3104 556 3138 de
580 3106 729 3140 vertebris
752 3107 913 3148 interdum
937 3109 1058 3144 absumi
1078 3135 1089 3151 ,

91 3142 186 3176 docet
204 3145 259 3188 Jo.
294 3142 476 3179 Ludovicus
510 3149 638 3190 Apinus
674 3155 784 3190 (e),
817 3154 849 3184 δέ
883 3156 1090 3196 corruptione

43 3212 44 3215 ,
91 3186 201 3233 ipsos,
225 3198 259 3219 ac
283 3198 449 3230 gangraena
479 3189 574 3224 facile
597 3195 717 3235 corripi
741 3218 754 3234 ,
785 3196 931 3237 exemplo
965 3202 1091 3241 qunque

91 3241 159 3272 ejus
183 3241 275 3273 quern
298 3229 354 3275 dat
376 3231 517 3274 pictum,
539 3235 709 3269 confirmat
735 3237 870 3272 Bidlous
894 3237 978 3282 (f)
1001 3252 1009 3272 .·
1035 3252 1090 3273 nec

91 3275 165 3316 quia
190 3285 228 3307 ex
251 3273 468 3315 ejuscemodi,
499 3288 580 3319 quos
609 3279 837 3322 descripserunt
861 3305 872 3322 ‚
908 3283 1089 3318 tumoribus

90 3316 184 3350 ichor
206 3317 321 3350 exierit
346 3318 549 3359 purulentus,
578 3331 631 3355 aut
655 3326 785 3358 materia
819 3326 934 3368 aquosa
955 3351 964 3367 ‚
998 3326 1092 3360 foeti-

90 3360 130 3392 da
151 3383 160 3398 ,
195 3371 230 3393 ac
263 3361 465 3403 purulenta,
499 3362 620 3397 idcirco
647 3367 702 3411 Jo.
736 3369 844 3402 David
884 3370 1091 3404 Mauchartus

90 3407 145 3446 (g
166 3408 205 3444 >3
238 3406 270 3436 ὃ(
291 3405 343 3449 Jo.
371 3407 532 3439 Henricus
556 3408 713 3444 Linckius
745 3415 760 3450 (
782 3412 837 3454 h)
871 3411 1057 3447 dubitarunt
1079 3438 1092 3455 ‚

91 3448 169 3490 quin
193 3447 229 3479 acl
253 3446 316 3480 hoc
339 3459 438 3490 genus
461 3451 651 3484 attinerent.
676 3455 709 3486 Si
733 3466 856 3489 mecum
880 3457 981 3497 igitur
1006 3457 1090 3491 idem

179 3492 344 3533 Morgagni
355 3492 390 3525 de
403 3493 470 3524 Sed.
486 3494 526 3526 (φ
537 3493 621 3536 Caus.
634 3496 735 3530 Morb.
749 3499 846 3531 Tom.
861 3501 888 3532 Ι,

1139 291 1258 326 censeas
1280 291 1318 325 de
1350 293 1532 328 tumoribus
1562 293 1628 327 illis
1663 292 1786 328 duobus
1818 292 1856 327 de
1881 293 2006 339 'quibus
2041 295 2144 339 eiicere

1140 346 1358 377 coeperamus;
1380 337 1445 370 duo
1467 337 1720 381 consequentur,
1745 337 1901 377 alterum,
1931 338 2143 373 observatio.

1145 389 1216 411 nem
1240 379 1327 412 iilam
1362 379 1499 413 Bauhini
1534 378 1659 414 foi-tasse
1683 382 1819 421 primam
1854 380 1945 415 fuisse
1980 392 2145 418 tumorum

1144 419 1243 463 hujus
1261 423 1406 462 generis;
1429 434 1500 457 nam
1523 436 1593 468 quae
1617 422 1698 466 apud
1712 423 1874 457 For-estam
1898 429 1908 464 (
1933 425 1980 468 i)
2005 427 2145 468 legitur,

1143 463 1269 497 fortasse
1292 467 1324 499 δε
1349 465 1412 507 ipsa
1427 488 1438 504 ,
1464 466 1518 499 suo
1541 469 1574 499 in
1597 478 1707 508 genere
1731 467 1832 508 prima
1847 490 1858 506 ,
1883 469 1984 510 potest
2017 468 2053 503 ad
2092 479 2145 503 tu-

1143 519 1245 541 mores
1270 507 1434 549 spe&asse,
1457 520 1522 542 uon
1545 510 1702 544 diffimilis
1725 508 1855 552 quidem
1880 520 2022 551 naturae.³
2048 516 2146 556 &pe-

1141 552 1260 591 riculi,
1284 550 1333 584 sed
1356 561 1462 584 tamen
1484 564 1558 586 cum
1581 555 1692 586 cranio
1715 554 1837 594 magis,
1884 565 1955 586 uam
1978 567 2051 589 cum
2074 558 2148 599 Spi-

1140 605 1201 633 na,
1224 597 1524 635 communicantes,
1546 598 1653 639 quales
1678 608 1711 629 in
1745 597 1864 629 viventi
1894 609 1927 629 us
1965 597 2144 632 infantibus

1142 650 1157 669 a
1180 637 1289 674 nobis,
1314 640 1347 671 δε
1371 647 1459 670 antea
1483 639 1699 680 abRuyschio
1714 665 1722 679 ‚
1746 638 1848 676 visos,
1872 641 1947 673 alibi
1970 641 2034 683 (Ις)
2058 653 2149 675 com-

1141 676 1357 726 memorerm:
1382 682 1542 721 alterum,
1565 682 1598 715 id
1622 683 1707 725 quod
1722 684 1966 725 proposuimuS,
1991 697 2055 719 non
2067 685 2148 718 sem-

1144 735 1200 765 per
1223 726 1255 757 in
1279 736 1343 766 quo
1366 723 1605 766 hydrorachitis
1627 726 1735 766 est,iu
1751 725 1861 759 eodem
1875 727 2149 770 hydrocephalum

1143 766 1200 800 ell'e
1222 767 1354 808 debere,
1377 779 1439 812 qua
1462 768 1500 801 de
1523 780 1554 800 re
1568 792 1579 809 ‚
1601 780 1673 803 cum
1685 769 1757 816 haeq
1767 770 1993 811 relegeremus,
2017 772 2150 806 libenter

1142 810 1298 847 vidimus,
1324 822 1388 844 non
1410 811 1502 845 aliter
1525 824 1558 845 ac
1581 824 1659 852 nos,
1684 811 1798 845 sensisse
1814 814 1930 847 Virum
1945 815 2051 848 Praecl.
2066 814 2150 848 Tre-

1144 855 1242 886 wium
1267 853 1346 893 (l).
1372 855 1447 888 Huc
1469 855 1549 889 adde
1575 868 1688 897 aquam
1711 856 1749 889 de
1774 867 1834 900 qua
1858 857 2149 900 etiamsupra(m)

1144 896 1323 931 indicatum
1348 896 1408 934 est,
1431 899 1514 931 intra
1538 899 1641 932 imum
1666 902 1763 933 Durae
1788 900 1915 943 spinalis
1928 904 2086 946 meningis
2099 914 2151 935 ca-

1142 951 1216 974 vum
1241 940 1413 980 secretam,
1434 953 1504 984 quae
1528 941 1550 974 fi
1574 943 1751 976 naturalem
1775 944 2062 987 modumsupcret,
2086 945 2152 989 ipsa

1144 994 1200 1027 per
1224 984 1252 1016 se
1277 982 1538 1025 hydrorachitim
1560 985 1660 1018 facere
1672 986 1789 1028 potest.
1816 988 1908 1020 Hanc
1921 998 2024 1022 autem
2037 1000 2151 1031 aquam

1145 1026 1294 1060 nonnihil
1317 1026 1525 1061 'viscidulasn
1546 1051 1558 1067 ,
1590 1040 1663 1061 cave
1709 1028 1884 1063 confundas
1906 1054 1916 1069 ,
1949 1041 1984 1065 ut
2011 1034 2151 1066 nonnul-

1145 1072 1189 1107 li,
1209 1081 1281 1103 cum
1305 1069 1427 1103 viscoso
1450 1071 1510 1103 illo
1534 1070 1687 1109 humore,
1710 1071 1789 1105 ficut
1814 1075 1945 1107 Veteres
1968 1098 1981 1115 ‚
2006 1087 2022 1107 a
2045 1087 2093 1108 rne
2116 1078 2151 1109 in

1144 1113 1347 1148 Adversariis
1370 1116 1385 1152 (
1407 1124 1426 1145 n
1446 1117 1459 1152 )
1483 1115 1640 1154 indicati,
1665 1115 1872 1156 vocitabant,
1897 1128 1969 1159 quo
2000 1119 2152 1152 vertebrae

1145 1159 1232 1191 intus
1260 1157 1482 1190 obliniuntur:
1507 1160 1532 1190 is
1556 1159 1641 1190 enim
1665 1170 1761 1201 neque
1786 1170 1865 1202 aqua
1888 1161 1950 1200 est,
1975 1172 2072 1204 neque
2102 1163 2154 1194 in-

1144 1198 1261 1233 teriore
1284 1200 1435 1243 usquam,
1461 1211 1561 1244 neque
1587 1201 1739 1234 inferiore
1764 1201 1928 1236 dumtaxat
1953 1204 2155 1248 parteinhae-

1147 1253 1192 1277 ret
1216 1242 1331 1278 Crassae
1356 1245 1537 1285 meninffls,
1561 1244 1647 1278 velut
1673 1245 1762 1286 haec,
1795 1258 1891 1289 quam
1917 1247 2011 1281 video
2045 1261 2059 1281 a
2093 1248 2148 1282 Cl.

1148 1300 1275 1332 quoque
1295 1287 1430 1320 Hubero
1448 1290 1514 1326 (o)
1538 1287 1707 1322 secundum
1726 1298 1874 1324 naturam
1890 1292 2041 1332 agnosci,
2062 1292 2152 1332 imo,

1147 1341 1303 1374 quantum
1314 1330 1441 1374 quidem
1454 1331 1517 1373 ipse
1530 1332 1652 1373 tradit,
1676 1334 1773 1366 etiam
1794 1345 1811 1366 a
1835 1333 1910 1367 bono
1932 1335 2109 1379 Malpighio
2121 1336 2156 1369 ira

1151 1374 1250 1415 Pofih.
1273 1385 1367 1417 p.39-
1393 1375 1436 1408 ὅ*
1457 1386 1528 1408 cum
1549 1386 1583 1408 eo
1605 1386 1623 1407 a
1646 1375 1764 1409 Bellino
1785 1378 1816 1409 in
1827 1378 2039 1412 Lemmatibns
2066 1382 2153 1420 Opi-t-

1145 1416 1246 1459 sculis
1262 1419 1334 1461 suis
1353 1416 1537 1461 praemiffis,
1559 1420 1615 1461 qui
1630 1428 1732 1452 tamen
1755 1430 1814 1461 pro
1836 1420 1954 1461 liquido
1975 1422 2156 1456 nerveolm-

1150 1460 1296 1499 sinerint,
1319 1472 1419 1495 errore
1442 1468 1544 1499 certe,
1567 1472 1658 1505 quem
1682 1463 1829 1504 recensere
1845 1463 1917 1506 fere
1937 1465 2034 1510 pudet
2050 1490 2057 1497 .
2088 1466 2156 1497 Ve-

1150 1517 1221 1539 rum
1245 1516 1322 1539 num
1344 1505 1382 1537 de
1405 1503 1460 1537 ista
1484 1503 1521 1538 de
1544 1517 1607 1549 qua
1631 1516 1713 1546 n05‚
1738 1517 1816 1548 aqua
1841 1508 1942 1540 locuti
1964 1506 2026 1541 {int
2045 1529 2055 1544 ,
2088 1508 2157 1550 ipse

1148 1548 1264 1583 videris
1278 1572 1287 1588 ,
1310 1549 1452 1591 itemque
1473 1550 1538 1589 (p)
1563 1560 1647 1587 num(
1663 1560 1764 1582 revera
1787 1549 1908 1583 nullam
1931 1551 2071 1584 invenire
2082 1551 2156 1593 pos-

1146 1591 1185 1626 fis
1210 1591 1476 1634 observationem,
1501 1592 1640 1625 medullae
1657 1590 1794 1635 spinalis
1828 1591 1986 1635 defessum¹
2016 1595 2156 1628 indican-

1147 1644 1232 1672 tem.
1254 1634 1402 1678 praesente
1425 1632 1545 1668 cerebro
1564 1634 1620 1670 ,νεί
1641 1634 1808 1670 cerebello.
1834 1637 1923 1670 Mihi
1950 1639 2036 1670 enim
2058 1649 2097 1671 ex
2108 1638 2158 1671 bi·

1146 1680 1194 1713 nis
1214 1679 1326 1712 Caroli
1341 1678 1485 1720 Raygeri
1508 1680 1571 1720 (q)
1596 1677 1888 1714 Observationibus
1904 1680 1981 1714 bene
1992 1680 2154 1724 pensitatis

1144 1722 1271 1756 videtur
1282 1724 1315 1754 in
1327 1721 1452 1755 duobus
1465 1723 1599 1755 maturis
1612 1721 1748 1757 sentibus
1759 1724 1921 1758 cerebrum
1946 1725 2077 1767 quidem
2089 1738 2155 1759 ma-

1144 1767 1231 1802 xime
1256 1765 1471 1799 deformatum
1486 1788 1495 1803 ,
1521 1763 1571 1798 sed
1594 1777 1657 1798 uon
1681 1766 1873 1802 desti-netum
1896 1767 1988 1802 fuisse
2003 1791 2012 1806 ,
2037 1772 2156 1803 cumin

1145 1820 1281 1852 utroque
1298 1808 1434 1851 spinalis
1458 1807 1593 1842 medulla
1616 1806 1687 1852 esset
1709 1809 1817 1851 nulla,
1840 1821 1896 1846 'aut
1919 1821 2004 1845 certe
2027 1812 2074 1845 nil
2097 1813 2157 1857 nisi*

1142 1853 1273 1898 sangnis
1293 1859 1454 1885 concretas
1467 1875 1479 1891 ,
1502 1859 1556 1884 aut
1573 1851 1722 1894 sanguini
1743 1864 1879 1889 concreto
1897 1855 2001 1900 simile
2014 1881 2023 1891 ,

1198 1907 1247 1929 11.
1272 1897 1396 1930 Verum
1421 1894 1482 1929 five
1507 1906 1587 1942 aqua
1612 1896 1666 1929 illa
1688 1908 1751 1940 qua
1776 1896 1909 1940 spinales
1944 1899 1979 1933 lai
2013 1910 2158 1936 tumores

1151 1939 1395 1978 distenduntur,
1418 1937 1491 1971 inde
1515 1940 1574 1979 ht,
1598 1939 1678 1973 unde
1703 1940 1804 1974 modo
1826 1943 2067 1987 iudicabamus,
2091 1945 2157 1979 sive:

1153 1998 1169 2018 e
1192 1985 1303 2019 cranio
1326 1982 1465 2023 defluat,
1490 1980 1549 2016 {ive
1575 1985 1725 2028 utrinque
1748 1988 1942 2028 proveniat3
1965 1988 2048 2023 adeo
2067 1990 2160 2024 fimi-

1153 2030 1197 2062 les
1219 2030 1284 2061 veri
1309 2028 1356 2062 hae
1382 2027 1468 2061 illius
1491 2027 1631 2071 origines
1656 2028 1752 2070 sunt,
1776 2038 1810 2063 ut
1833 2042 1896 2064 non
1922 2031 2019 2067 fuerit
2031 2033 2162 2068 aliunde-

1153 2073 1310 2106 ordinario
1334 2072 1463 2115 quidem
1487 2071 1652 2116 repetenda
1671 2097 1678 2105 .
1705 2074 1852 2118 Namque
1876 2087 2012 2111 errorem
2034 2103 2044 2119 ‚
2075 2078 2161 2112 olinr

1148 2126 1308 2159 utcunque
1333 2115 1518 2160 ferendum,
1543 2116 1815 2158 existimantium,
1841 2119 1873 2153 in
1885 2123 2157 2166 tumorem,'qua-

1149 2160 1209 2192 lem
1236 2159 1397 2203 descripsit
1425 2160 1589 2195 Bauhinus
1613 2165 1676 2201 (r)
1699 2163 1793 2197 urinae
1811 2166 1987 2204 portionem
2008 2177 2045 2200 ex
2055 2165 2158 2208 vefica

1149 2202 1281 2244 deferri,
1305 2205 1376 2246 quis
1402 2203 1566 2248 postquam
1591 2208 1694 2247 magis
1717 2206 1880 2249 magisque
1898 2209 2049 2243 vinnotuit
2074 2210 2157 2243 mali

1149 2255 1280 2283 natura,
1305 2246 1368 2288 jam
1391 2246 1498 2279 ferat?
1522 2249 1566 2280 Et
1591 2257 1695 2281 tamen
1720 2251 1766 2282 vel
1782 2248 1869 2292 pejus
1882 2254 2003 2286 erravit
2015 2253 2157 2287 Chirur-

1148 2301 1206 2330 gus
1230 2290 1283 2322 ille
1297 2311 1307 2327 ,
1330 2302 1424 2333 quem
1447 2291 1565 2324 merito
1588 2291 1724 2334 explosit
1739 2294 1976 2329 Eruditiffimus
1991 2297 2154 2331 Platnerus

1147 2332 1207 2374 (s)
1219 2356 1231 2373 ‚
1255 2333 1474 2374 cogitantem,
1497 2333 1673 2368 eo‘veficam
1685 2338 1856 2370 urinariam
1868 2339 2157 2384 pertinuisse‚que

1149 2374 1341 2417 infanti-vei
1364 2377 1478 2419 duplex
1501 2377 1696 2421 contigiffet,
1718 2380 1769 2413 vel
1787 2380 1867 2422 justo
1880 2384 2042 2425 capacior:
2066 2384 2155 2427 quod

1149 2425 1209 2461 ego
1233 2428 1369 2452 erratum
1396 2419 1448 2453 hic
1470 2423 1740 2464 non-attingerem
1756 2446 1767 2462 ,
1792 2423 1849 2457 niti
1864 2423 1999 2466 scirem,
2025 2427 2155 2462 eandem

1148 2463 1335 2502 opinionem
1360 2463 1446 2496 haud
1467 2464 1577 2496 multis
1601 2474 1672 2497 ante
1697 2467 1785 2499 annis
1808 2465 1941 2504 alterius
1964 2482 2028 2503 non
2062 2472 2159 2515 igno-

1147 2505 1223 2538 bilis
1248 2506 1280 2537 in
1305 2508 1401 2539 Italia
1425 2505 1580 2549 Chirurgi
1605 2506 1719 2547 fuiss‘e3
1744 2519 1779 2543 ut
1801 2510 1867 2554 jam
1891 2515 1989 2547 tertio
2015 2519 2074 2556 (t)
2097 2521 2157 2560 qut

1149 2549 1267 2581 humor
1289 2560 1326 2582 ex
1350 2549 1403 2583 his
1425 2551 1606 2584 tumoribus
1629 2550 1783 2594 effluxit,
1807 2556 1897 2589 urina
1919 2556 1959 2591 fit
1993 2559 2151 2594 existima-

1147 2602 1219 2625 tus.
1246 2593 1453 2635 Sapientius,
1477 2593 1527 2627 sed
1552 2596 1656 2629 minus
1680 2596 1850 2631 necessario
1866 2625 1875 2639 ,
1898 2613 1936 2634 ex
1959 2601 2154 2646 hydropem-

1145 2636 1272 2669 terioris
1293 2638 1419 2671 corticis
1433 2638 1579 2671 'medulla
1595 2638 1732 2680 spinalis
1756 2652 1869 2684 aquam
1893 2643 1974 2678 hanc
1998 2648 2062 2680 Vir
2085 2659 2152 2682 ma-

1144 2680 1200 2720 gni
1224 2680 1364 2713 nominis
1387 2679 1544 2722 deduxit,
1565 2683 1622 2724 qui
1644 2692 1756 2717 cortex
1777 2686 1851 2720 dnm
1861 2695 2026 2731 eoturget,
2037 2692 2157 2726 medat-

1143 2722 1207 2755 lam
1223 2722 1377 2764 spinalem
1401 2723 1523 2766 ejusque
1548 2724 1669 2759 thecam
1700 2727 1826 2762 dividat
1846 2754 1853 2760 .
1887 2733 2054 2768 Credibile
2086 2735 2147 2772 est,

1145 2776 1256 2798 corum
1280 2766 1493 2800 traditionem
1519 2767 1683 2809 secutum,
1730 2772 1761 2803 ui
1786 2775 1855 2811 (u)
1885 2776 1919 2807 in
1951 2775 2006 2809 hoc
2038 2775 2151 2821 affefft'ic

1144 2808 1305 2842 vertebras
1328 2810 1375 2842 ita
1399 2810 1453 2853 effe
1476 2809 1651 2852 bifurcatas
1672 2823 1712 2844 νο
1728 2821 1819 2855 uere,
1842 2817 1925 2860 qnasi
1948 2819 2101 2853 totaliter·
2115 2833 2149 2855 in

1144 2852 1222 2884 duas
1240 2860 1350 2894 partes
1373 2854 1464 2897 effent
1486 2854 1611 2896 dimsae,
1636 2862 1673 2888 ut
1694 2853 1831 2891 laaiones
1845 2857 1954 2902 facere
1987 2861 2113 2906 assolent
2135 2889 2149 2906 ,

1146 2904 1239 2937 atque
1263 2895 1341 2928 adeo
1365 2898 1462 2940 ipsam
1486 2909 1612 2940 quoque
1637 2899 1813 2933 Medullam
1835 2914 1847 2940 3
1871 2904 2044 2946 praesertim
2076 2918 2149 2943 cum

1146 2939 1306 2980 Tulpium
1318 2950 1396 2972 citet
1414 2964 1421 2976 ‚
1445 2942 1500 2981 qui
1525 2943 1592 2983 (x)
1615 2942 1864 2986 dispefi·ebatur,
1888 2949 2021 2991 inquit,
2047 2951 2149 2985 vitia-

1142 2989 1177 3018 ta
1201 2981 1261 3015 hnc
1276 2982 1371 3025 spina
1393 2984 1425 3016 in
1447 2984 1522 3016 anas
1544 2985 1673 3027 aquales
1689 2995 1802 3027 partes
1822 2989 1863 3023 ab
1884 2991 1997 3027 ultima
2010 2994 2148 3029 thoracis

1142 3024 1286 3058 vertebra
1309 3025 1399 3068 usque
1423 3027 1455 3060 in
1477 3026 1575 3060 latera
1598 3028 1663 3070 offis
1686 3031 1898 3075 innominati,
1920 3043 2040 3079 tegente
2062 3038 2147 3072 hjul.

1143 3079 1212 3101 cum
1234 3068 1313 3101 hunc
1336 3069 1457 3103 hiatum
1478 3072 1642 3112 peritonceo
1659 3099 1667 3108 .
1694 3074 1776 3116 Qae
1801 3076 1892 3110 verba
1918 3078 2041 3113 idcirco
2067 3093 2145 3124 pro-

1143 3111 1228 3151 tuli,
1252 3112 1325 3154 quia
1349 3114 1382 3145 in
1407 3113 1620 3154 Sepulchreto
1636 3140 1644 3154 ‚
1667 3129 1733 3160 quo
1756 3116 1824 3151 dixi
1856 3125 1919 3162 (y)
1946 3123 2000 3156 has
2025 3125 2143 3167 Tulpii

1143 3155 1393 3188 Observationes
1417 3157 1550 3196 relatas,
1576 3159 1726 3194 incassum
1759 3173 1943 3204 quaereres,
1975 3167 2142 3211 multoque

1144 3199 1250 3232 minus
1272 3210 1320 3232 eas
1330 3200 1448 3242 quibus
1460 3201 1532 3233 illas
1541 3203 1694 3237 vertebras
1705 3204 1875 3239 delineavit
1886 3232 1894 3247 ,
1908 3210 2035 3251 Figuras
2051 3215 2098 3256 (z
2111 3216 2123 3251 )
2134 3240 2142 3245 .

1144 3242 1270 3283 Figurae
1293 3245 1379 3275 enirn
1402 3243 1439 3276 ab
1461 3242 1536 3286 ipfis
1559 3247 1755 3282 Auctoribus
1779 3248 1867 3283 fimul
1891 3262 1965 3285 cum
1997 3255 2144 3289 observa-

1145 3285 1188 3317 tis
1213 3284 1274 3319 suis
1298 3285 1412 3324 editae,
1437 3287 1512 3320 licet
1535 3288 1573 3322 ad
1596 3289 1662 3323 haec
1687 3293 1814 3334 penitus
1837 3293 2042 3338 intelligenda
2074 3311 2144 3341 per-

1145 3328 1224 3370 saepe
1268 3330 1361 3363 utiles
1383 3352 1393 3367 ,
1429 3330 1592 3365 interdum
1633 3333 1805 3368 necessariae
1858 3336 1918 3379 sint
1938 3350 1955 3378 ,·’
1984 3342 2139 3385 nusquam

1143 3381 1248 3405 tamen
1265 3373 1319 3405 ubi
1340 3382 1488 3415 poterant
1500 3397 1513 3414 ‚
1532 3377 1598 3409 imo
1607 3376 1759 3410 debebant
1770 3402 1782 3418 ‚
1803 3380 1835 3411 in
1850 3381 2056 3423 Sepulchrero
2068 3397 2142 3427 pro-

1144 3425 1324 3456 ponuntur.
1352 3417 1429 3449 Sane
1442 3418 1582 3461 Tulpius
1597 3420 1628 3451 in
1640 3421 1749 3462 primis
1762 3445 1774 3461 ‚
1797 3421 1880 3459 hunc
1895 3422 2043 3461 affectum
2065 3429 2142 3462 illu-

1142 3458 1275 3498 stravit5
1296 3458 1346 3493 sed
1372 3471 1447 3493 cum
1468 3460 1657 3505 diligentius
1684 3464 1850 3507 quaesivit,
1873 3468 1906 3500 in
1929 3480 1996 3504 rem
2015 3473 2142 3507 videtur

1658 3508 1697 3541 M
1743 3520 1760 3541 2
2020 3515 2102 3548 inci-

92 3583 2152 3620 mah—*Q*

822 3660 831 3688 (
849 3660 863 3684 b
880 3661 889 3693 )
905 3661 964 3686 ΟΜ.
981 3662 1021 3686 cit.
1038 3670 1076 3692 34.
1089 3670 1127 3693 35.
1145 3668 1171 3688 ut
1188 3671 1265 3694 neque
1283 3668 1319 3695 36.

1110 3724 1119 3754 (
1138 3723 1154 3748 k
1170 3725 1183 3754 )
1200 3726 1352 3755 Epist-Anat.
1361 3735 1397 3751 20.
1413 3738 1479 3760 ¹¹-57-
1542 3732 1567 3763 (l

146 3654 161 3683 (
176 3661 192 3677 a
207 3654 215 3684 )
231 3653 249 3678 l.
267 3653 280 3678 d
311 3654 441 3679 Glandulis
456 3663 481 3679 n.
502 3663 539 3681 ιο.
555 3657 617 3685 apud
634 3658 758 3684 Marinell.

148 3685 164 3713 ζ
177 3693 190 3708 e
205 3686 219 3714 )
236 3684 297 3712 Eph.
314 3687 347 3709 N.
366 3687 396 3710 C.
413 3688 472 3710 Dec.
489 3694 510 3716 3.
528 3687 559 3710 A.
578 3695 599 3713 9.
618 3687 676 3712 Obs.
696 3691 748 3713 180.
811 3691 880 3722 (f)
898 3694 955 3717 Dee.
973 3702 993 3717 2.
1014 3695 1101 3718 Exere.
1116 3695 1191 3718 Anat.
1208 3696 1274 3719 Chir.
1291 3706 1315 3725 7.

149 3716 158 3745 (
176 3715 191 3739 h
207 3716 221 3744 )
239 3715 291 3739 Ast.
308 3717 342 3739 N.
360 3718 387 3740 C.
406 3718 481 3741 Tom.
500 3725 522 3741 ι.
539 3716 598 3751 Qbs.
613 3726 651 3747 74.
715 3718 774 3751 (i)
791 3720 809 3745 1.
827 3730 848 3751 3.
866 3722 923 3746 Obs.
942 3724 1009 3748 Chir.
1026 3732 1050 3752 7.

151 3746 201 3773 (m
217 3746 230 3774 )
247 3753 270 3768 n.
290 3753 310 3775 9.
373 3748 436 3776 ln)
458 3748 492 3772 11.
508 3750 591 3781 Anun.
604 3756 644 3782 33.
663 3748 686 3772 ἃ
701 3756 740 3778 ²⁹·
802 3752 816 3781 (
830 3762 844 3776 a
859 3756 870 3782 )
887 3754 922 3777 De
940 3754 1007 3777 Med.
1026 3753 1115 3783 Spinal.
1134 3762 1156 3778 n.
1173 3760 1196 3780 6.

152 3776 167 3805 ζ
181 3783 192 3799 ν
210 3777 219 3805 )
235 3776 292 3799 Obs.
312 3782 346 3804 13.
365 3784 433 3802 num.
454 3777 573 3807 superiore
589 3784 643 3812 cit.⁸
698 3780 704 3807 (
721 3780 758 3811 s)
777 3781 857 3812 Progr.
875 3784 913 3806 M.
931 3786 996 3808 Nov.
1014 3786 1042 3808 A.
1060 3792 1128 3814 1754.

150 3808 156 3834 ζ
176 3813 191 3829 α
206 3806 219 3834 )
236 3807 296 3835 apud
313 3807 416 3836 Ruysch.
434 3808 491 3833 Obs.
510 3812 581 3833 Anat.
599 3810 662 3834 Clur-
681 3817 717 3840 34.
781 3810 791 3840 (
808 3818 847 3840 x)
865 3813 922 3837 obs.
943 3814 1011 3839 Med.
1027 3815 1044 3838 1.
1062 3822 1083 3843 3.
1100 3822 1120 3838 e.
1138 3817 1178 3845 3⁶·

1380 3665 1390 3695 (
1407 3675 1418 3691 c
1433 3668 1447 3696 )
1463 3669 1504 3694 sub
1520 3671 1577 3696 Obs.
1596 3679 1631 3701 13.
1647 3671 1722 3696 etiam
1740 3673 1765 3697 in
1783 3672 1862 3698 Schol.

1375 3700 1387 3722 <
1401 3705 1421 3729 g
1437 3702 1445 3730 J
1461 3701 1523 3730 Eph.
1541 3704 1574 3726 N.
1592 3704 1621 3726 C.
1639 3705 1710 3726 Ceut.
1728 3708 1750 3731 9,
1769 3703 1829 3737 Qbs.
1846 3706 1885 3733 38.
1992 3733 1997 3735 b

1379 3758 1383 3761 ¹
1578 3736 1588 3763 )
1605 3734 1740 3757 Commerc.
1750 3735 1836 3758 Litte‘r.
1846 3738 1876 3758 Α.
1888 3743 1953 3765 ιῃι.
1967 3737 2139 3764 Hebd.21.n.1,

1259 3759 1272 3787 (
1287 3764 1304 3787 p
1322 3759 1331 3788 )
1348 3758 1409 3782 ibid.
1426 3768 1481 3789 ¹¹·4-
1542 3762 1659 3794 (q)28o.
1668 3762 1692 3787 in
1702 3763 1762 3797 liph.
1773 3767 1803 3788 Ν.
1816 3766 1843 3789 C.
1853 3768 2135 3800 Dec-1.A.3.&64.A·8.

1189 3788 1203 3816 ζ
1220 3793 1230 3810 t
1249 3788 1256 3815 )
1273 3789 1326 3811 Huc
1343 3789 1402 3812 adde
1417 3793 1439 3814 δι
1456 3796 1542 3820 quarto
1557 3801 1586 3819 ex
1604 3801 1629 3817 n.
1646 3797 1683 3818 16.
1702 3791 1780 3818 unfra.

1601 3824 1616 3854 (
1632 3832 1652 3853 z,
1670 3824 1676 3854 >
1692 3824 1755 3850 Τὼ,
1774 3827 1822 3851 xt.

1926 3674 1993 3706 (d)
2016 3676 2081 3707 §·¹·

1240 3818 1253 3845 ζ
1266 3826 1284 3848 y
1302 3826 1310 3846 1*
1325 3826 1395 3843 num.
1411 3821 1541 3850 superiore.

1278 3898 1293 3907 ο

2238 665 2246 669 ,,
2300 680 2304 684 1
2380 671 2386 679 1

2206 692 2233 716 (a—
2250 678 2401 717 ‘'qff'rlda
