2498 4075
394 116 492 156 200

329 193 455 220 meatus
478 183 668 225 angustiam,
693 181 818 217 viderat
849 181 931 216 circa
963 176 1117 220 prostatas
1155 178 1268 212 miram
1293 179 1338 210 ci-

332 229 489 263 catricum
519 237 555 261 ex
599 224 756 257 ulceribus
794 223 933 264 antiquis
958 244 968 259 ‚
1001 221 1186 254 inveteratis
1212 244 1221 259 ,
1264 229 1338 255 tunc

331 271 508 315 persanatis
532 292 542 306 ,
571 265 689 310 faciem
726 267 919 308 conspicuam
952 260 1050 312 fhiffe
1074 286 1082 296 ,
1130 264 1230 301 Quod
1262 275 1338 296 vero

335 315 374 348 ad
404 313 593 348 Seminalem
617 311 821 344 carunculam
844 309 945 350 ipsam
969 315 1086 338 attinet
1107 330 1116 344 ‚
1141 318 1207 349 non
1229 308 1263 339 in
1288 308 1338 339 Se-

335 357 508 400 pulchreto
538 355 708 389 dumtaxat
729 353 823 386 habes
843 351 860 390 (
884 351 896 384 l
918 355 950 389 ),
975 360 1010 383 ut
1036 348 1182 383 Vesalius
1218 350 1277 385 hac
1302 351 1336 382 in

335 402 431 436 Urbe
453 406 610 432 extremos
634 398 744 429 ambos
766 395 845 429 fines
879 394 1028 431 vasorum
1062 392 1162 424 semen
1194 392 1338 428 deferen-

335 445 420 480 tium
443 444 499 484 qui
523 441 556 472 in
582 440 735 473 lateribus
758 438 933 473 carunculae
956 435 1161 478 conspefimm
1180 437 1338 478 quodam.

337 486 437 521 modo
461 484 628 517 incaeteris
652 482 783 524 fugiunt
799 503 808 517 ,
833 482 865 512 in
890 480 1052 521 quodam,
1078 478 1139 512 hoc
1164 479 1336 513 morbola-

336 529 471 564 borante
482 548 491 563 ‚
515 534 636 567 apertos
649 524 793 567 lentosque
804 523 996 560 offenderim
1021 533 1132 555 verum
1143 525 1241 555 etiam
1255 522 1337 565 apud

338 573 392 606 Cl.
417 569 616 604 Benevolum
640 569 706 610 (m
728 571 743 606 )
768 577 837 604 tum
861 566 928 607 ejus
949 564 1269 600 Observationcmin
1295 570 1342 598 vi-

336 625 373 649 ro
407 614 465 656 qui
497 612 723 653 duodeviginti
755 610 822 653 jam
865 620 965 649 annos
999 609 1133 643 cundem
1167 611 1341 650 pertulerat

337 658 516 697 morbum,
539 656 649 697 magni
674 658 705 687 eie
728 653 834 687 callosi
866 653 981 687 ulceris
1016 651 1056 684 fic
1090 655 1173 684 intra
1208 653 1343 693 glandu-

337 701 402 734 lam
436 700 611 733 Prostatam
635 699 764 731 latentis
795 719 805 735 ,
841 706 876 729 ut
903 706 959 737 pus
982 704 1087 727 tamen
1113 706 1167 737 per
1190 707 1344 729 caruncu-

338 745 403 782 lam
427 741 655 777 tantummodo
679 742 866 779 emitteret,
891 740 994 772 ulcere
1019 739 1139 780 pariter
1162 740 1249 772 intus
1272 752 1344 776 ero-

339 788 431 826 sam,
467 796 536 819 tum
571 784 821 818 Observationes
855 783 931 815 alias
964 783 1051 826 (n)
1088 783 1274 816 exulceratae
1311 785 1344 816 in

339 828 539 873 gonorrhoea
575 829 757 863 carunculae
779 825 919 867 ejusdem
942 847 956 864 ,
990 836 1029 859 ex
1052 827 1166 868 Genga
1200 836 1346 859 comme-

339 883 480 906 moratas
505 896 513 903 .
550 870 737 905 Caruncula
762 879 892 909 autem,
916 878 952 902 ut
988 869 1069 901 nosti
1094 892 1103 907 ‚
1137 880 1233 910 parva
1266 870 1344 903 adeo

340 918 384 950 est
409 940 419 955 ‚
456 917 513 948 vix
536 924 572 948 ut
598 913 687 947 ulcus
710 911 827 947 esselin
850 925 884 946 ea
910 911 1022 953 poffit,
1046 914 1125 954 quin
1151 917 1342 951 amborum,

339 970 394 994 aut
418 959 550 992 alterius
594 956 707 990 saltem
742 957 860 991 canalis
896 956 1023 989 seminis
1047 957 1144 990 finem
1166 957 1317 990 corrodat
1334 979 1343 994 ‚

338 1005 434 1045 eique
459 1002 579 1045 jugiter
602 1001 799 1034 distillaturo
833 1000 918 1033 viam
942 999 983 1032 sic
1008 1001 1056 1033 vel
1081 1001 1181 1041 magis
1204 1003 1345 1042 aperiat,

339 1057 438 1089 quam
462 1056 537 1079 cum
560 1044 736 1082 eorundem
764 1045 925 1078 canalium
961 1043 1031 1077 laxa
1066 1045 1230 1083 nimium,
1254 1054 1345 1084 patu-

338 1091 431 1132 laque
457 1088 682 1123 sunt-oscula.
707 1088 826 1122 Ulcera
851 1099 927 1121 vero
958 1098 1029 1129 quae
1053 1088 1087 1119 in
1108 1087 1246 1120 Prostata
1274 1085 1346 1119 sunt

338 1132 492 1175 glandula
517 1156 526 1172 ,
559 1143 623 1166 non
657 1134 767 1167 omnia
793 1132 826 1167 id
865 1132 1009 1167 faciunt3
1037 1130 1088 1164 sed
1112 1142 1145 1163 ea
1179 1130 1346 1164 dumtaxat

337 1188 409 1218 quae
441 1175 518 1209 hinc
553 1176 587 1209 in
621 1175 676 1208 illa
701 1174 768 1217 ejus
803 1184 892 1218 parte
928 1175 1000 1207 sunt
1034 1186 1089 1216 per
1123 1184 1223 1214 quam
1247 1173 1349 1210 alter,

338 1220 477 1255 ambove
504 1229 622 1252 reorum
644 1221 804 1252 canalium
828 1218 1042 1252 traducuntur
1066 1241 1076 1256 ‚
1104 1227 1175 1258 quae
1201 1227 1271 1257 pars
1294 1227 1351 1258 po-

338 1273 376 1296 ne
401 1262 567 1296 urethram
594 1262 711 1295 summa
748 1262 790 1295 cst
813 1284 822 1299 ,
857 1261 933 1296 inde
959 1272 1035 1293 vero
1070 1260 1221 1294 ulcerosis
1255 1259 1349 1292 cuni-

337 1307 420 1342 culis
444 1307 547 1342 aeris,
572 1305 653 1342 fibi,
677 1310 707 1340 δι
732 1306 804 1346 puri
828 1327 836 1343 ,
874 1308 904 1338 δε
931 1304 1042 1336 semini
1067 1304 1192 1337 aditum
1215 1303 1248 1334 in
1273 1313 1345 1335 ure-

338 1349 419 1385 thrae
451 1350 640 1384 interiorem
675 1348 792 1382 faciem
838 1349 986 1388 aperiunt
1010 1369 1019 1384 ‚
1054 1345 1116 1381 five
1159 1356 1273 1378 contra
1307 1346 1346 1379 ab

337 1393 397 1427 hac
423 1394 460 1427 ad
484 1393 558 1429 illos
581 1392 681 1433 usque
705 1393 827 1425 canales
852 1391 1002 1433 serpendo
1035 1390 1248 1432 perveniunt.
1273 1391 1346 1422 Cae—

338 1446 405 1474 tera
438 1437 505 1479 ejus
539 1436 700 1479 glandulae
733 1437 836 1469 ulcera
872 1446 946 1469 cum
969 1435 1086 1467 secreto
1109 1435 1142 1466 in
1167 1444 1201 1465 ea
1226 1432 1345 1465 humo-

338 1493 371 1516 re
395 1493 452 1525 pus
474 1479 681 1514 commistum
706 1480 864 1512 emittunt
890 1488 944 1511 aut
968 1489 1023 1519 per
1046 1478 1175 1519 propria
1199 1478 1343 1510 ulcerum

341 1526 489 1568 ipsorum
524 1528 596 1565 q'uae
629 1524 715 1555 intra
754 1520 922 1556 urethram
947 1532 1053 1562 patere
1078 1518 1203 1561 possunt
1221 1545 1228 1558 ‚
1253 1518 1345 1552 orifi-

338 1572 413 1608 cia,
438 1579 491 1602 aut
536 1578 590 1609 per
625 1566 785 1599 naturalia
827 1565 986 1607 glandulae
1022 1563 1161 1606 ejusdem
1204 1562 1344 1598 oscula:

339 1625 394 1657 per
434 1624 507 1656 quae
532 1636 542 1652 ,
575 1622 648 1645 cum
692 1608 756 1642 fine
800 1609 903 1642 ulcere
953 1609 1076 1641 laxiora
1122 1605 1348 1642 tantummodo

336 1657 412 1691 sunt
435 1678 444 1694 ‚
478 1654 561 1688 solus
595 1654 649 1686 ille
673 1651 790 1687 humor
807 1674 816 1690 ‚
843 1663 907 1684 non
932 1663 989 1693 pus
1014 1674 1024 1689 ‚
1059 1662 1123 1683 non
1149 1650 1252 1683 semen
1269 1671 1278 1686 ‚
1301 1649 1348 1682 ef·

338 1700 435 1735 fluit.
461 1700 571 1740 Atque
595 1695 661 1730 haec
686 1697 807 1737 attigi,
831 1706 866 1727 ut
892 1705 1037 1727 veterum
1061 1705 1220 1726 noxarum
1253 1693 1348 1725 vesti-

339 1746 392 1787 gia
416 1754 487 1785 quae
512 1740 592 1774 mihi
617 1750 670 1773 aut
698 1742 729 1772 in
753 1750 788 1771 ea
814 1737 988 1779 glandula,
1014 1746 1068 1770 aut
1093 1737 1126 1768 in
1150 1736 1347 1774 caruncula,

338 1799 392 1822 aut
416 1788 449 1819 in
474 1794 608 1826 utraque
633 1783 740 1817 videre
762 1782 927 1824 contigit,
951 1782 999 1815 vet
1024 1791 1073 1816 me
1105 1789 1234 1815 tacente
1256 1800 1266 1817 ‚
1298 1780 1350 1812 in-

340 1831 443 1872 telligi
471 1830 567 1862 liceat
592 1839 657 1869 quo
685 1827 862 1860 attinerent
881 1850 889 1857 .

388 1876 436 1909 18.
462 1873 506 1905 Et
530 1872 672 1913 primum
694 1870 827 1913 quidem
851 1867 975 1901 offendi
1006 1866 1221 1909 superficiaria
1248 1890 1260 1906 ‚
1295 1878 1348 1899 ve-

340 1921 401 1954 luti
437 1916 558 1952 albidas
581 1914 651 1947 illas
689 1913 846 1947 exstantes
870 1911 966 1945 lineas
988 1934 1001 1951 ,
1032 1909 1319 1944 excrescentiarum
1338 1935 1348 1950 ,

340 1974 376 1997 ut
409 1962 528 2002 opinor
551 1982 562 1996 ,
595 1959 744 2000 reliquias
769 1980 778 1995 ‚
813 1965 866 1990 aut
902 1965 964 1988 tres
997 1954 1071 1986 illos
1108 1953 1273 1995 perbreves
1308 1952 1347 1985 s]-

340 2018 399 2041 nus
430 2015 512 2048 quos
548 2002 641 2044 supra
666 2005 679 2041 (
701 2013 718 2037 ο
739 2005 753 2042 )
775 2002 807 2033 in
841 1998 1009 2040 decrepito
1047 1997 1127 2030 Sene
1167 1995 1313 2038 descripsi
1340 2010 1347 2028 ε

341 2051 403 2085 alia
436 2058 541 2081 autem
563 2043 723 2088 profunda
744 2067 757 2084 ,
791 2046 821 2076 &
846 2043 973 2085 prorsus
996 2040 1104 2075 abdita
1120 2064 1129 2081 ‚
1153 2051 1188 2076 ut
1211 2051 1248 2074 ex
1273 2051 1347 2082 pro-

340 2096 427 2129 xima
449 2090 617 2134 cognosces
650 2088 804 2124 historia.

388 2147 436 2178 19.
469 2137 487 2168 S
510 2136 539 2169 E
562 2133 597 2165 N
625 2134 639 2165 I
665 2134 682 2165 S
718 2132 870 2166 cadavere
903 2131 974 2165 usus
998 2129 1068 2164 sum
1099 2130 1145 2165 A.
1183 2138 1275 2172 1742.
1312 2127 1350 2162 ad

343 2183 527 2215 Anatornen
552 2178 679 2219 publice
702 2176 917 2209 inchoandam
933 2198 941 2213 ,
968 2173 1059 2217 cujus
1082 2174 1238 2217 quoniam
1263 2182 1350 2205 mor-

344 2226 377 2259 bi
413 2225 469 2267 qui
502 2219 631 2257 fuissent
655 2245 667 2261 ‚
700 2218 779 2253 scire
810 2230 869 2261 pro
902 2229 991 2252 certo
1024 2229 1089 2250 non
1124 2217 1242 2260 potui;
1276 2216 1351 2250 ideo

343 2280 415 2313 quae
464 2276 577 2309 praeter
621 2275 768 2298 naturam
816 2263 925 2296 inveni
950 2288 959 2302 ,
991 2260 1117 2304 preffius
1161 2259 1314 2293 indicabo
1339 2284 1347 2292 .

475 2312 508 2344 T
525 2309 650 2343 HOR
665 2310 693 2340 A
710 2309 738 2340 X
761 2318 816 2340 cor
839 2306 953 2340 habuit
987 2315 1142 2347 magnum
1159 2328 1168 2343 ,
1192 2306 1223 2337 δε
1246 2302 1350 2337 craffis

346 2354 520 2400 parietibus
545 2377 553 2392 ‚
586 2353 709 2385 arteriae
743 2360 850 2385 autern
884 2351 998 2382 Aortae
1021 2349 1156 2381 initium
1188 2359 1281 2389 aequo
1303 2345 1351 2379 la-

347 2405 411 2436 tius
432 2423 441 2437 ,
474 2399 505 2432 δι’
538 2396 738 2430 creberrimis
759 2396 845 2426 intus
869 2393 1001 2426 maculis
1033 2391 1224 2426 distinctum
1249 2390 1352 2428 albis,

345 2444 432 2490 quasi
468 2440 626 2476 tendineis
656 2463 664 2477 ‚
700 2438 835 2471 necdum
869 2435 962 2469 osseis
987 2460 995 2467 .
1137 2433 1262 2466 Venter
1297 2445 1354 2466 au-

348 2500 412 2523 tem
431 2513 438 2527 ‚
465 2497 556 2520 antea
580 2482 785 2528 perlustratus
809 2501 818 2516 ³
852 2480 885 2513 in
908 2478 1016 2512 eadem
1050 2477 1165 2511 arteria
1187 2478 1353 2511 obtulerat

347 2529 610 2575 ejusdemmodi,
644 2528 695 2562 sed
730 2525 864 2558 leviores
884 2547 892 2561 ‚
930 2522 1099 2557 maculam
1133 2519 1155 2552 fi
1188 2521 1354 2553 duriorem

347 2577 488 2617 excipias
524 2584 618 2607 unam
642 2582 712 2613 quae
736 2568 773 2603 ad
797 2566 962 2601 orificium
983 2574 1050 2599 erat
1074 2564 1197 2597 arteriae
1223 2564 1324 2597 Sacrae
1344 2584 1354 2600 ,

348 2619 519 2662 ipsumque
543 2616 704 2657 angustius
728 2622 826 2656 quam
849 2610 918 2653 ejus
940 2609 1013 2642 esset
1052 2607 1243 2647 unoculus,
1266 2605 1354 2639 vide-

349 2665 443 2697 batur
468 2659 658 2694 reddidisse.
686 2658 792 2693 Quae,
814 2657 843 2687 δι’
867 2653 972 2697 qualia
998 2651 1107 2694 pylori
1132 2650 1251 2699 annulo
1276 2651 1354 2683 insi-

349 2707 458 2740 derent
482 2714 643 2746 corpora,
666 2698 864 2743 glandulaeve
888 2704 1032 2731 extarent
1057 2695 1090 2727 in
1102 2695 1210 2735 pylori
1243 2704 1356 2732 antro,

350 2762 424 2784 cum
446 2747 606 2781 scribendi
636 2742 833 2778 occasionem
859 2740 1030 2775 habuerim
1059 2737 1202 2779 Epistola
1230 2736 1356 2769 ΧΧΙΧ.

351 2797 439 2836 (p)
473 2790 555 2824 nihil
590 2789 633 2824 est
667 2786 767 2822 causae
798 2796 854 2818 cur
892 2784 944 2817 hic
977 2790 1119 2824 repetam
1141 2805 1150 2813 .
1179 2779 1276 2823 Jecur
1309 2779 1357 2812 fa-

351 2839 398 2871 cie
431 2845 571 2870 convexa
615 2830 851 2874 propemodum
899 2837 967 2861 tota
1002 2837 1077 2859 cum
1110 2823 1358 2864 diaphragmate

352 2890 417 2914 erat
450 2886 626 2912 connatum
651 2900 658 2907 .
694 2875 772 2907 Lien
795 2872 878 2914 justo
901 2869 1027 2904 craffior
1055 2894 1064 2909 ‚
1098 2871 1129 2900 δι
1162 2867 1277 2903 latior,
1301 2877 1356 2898 co-

352 2925 419 2957 lore
443 2923 528 2954 intus
550 2919 702 2953 coccineo
726 2916 856 2955 diluto,
880 2912 1041 2948 arteriosis
1066 2921 1172 2944 autem
1204 2911 1260 2952 qui
1286 2920 1358 2942 eum

354 2966 508 3002 subibant
532 2988 540 3001 ,
575 2963 671 2994 ramis
709 2959 783 3000 ipsis
816 2958 949 3001 quidem
984 2954 1130 2990 flexuosis
1155 2976 1169 2993 ,
1202 2953 1253 2986 sed
1284 2961 1359 2986 toto

353 3010 436 3045 unde
461 3006 655 3041 veniebant,
679 3003 832 3045 Splenicae
857 3004 978 3034 arteriae
1003 3009 1121 3033 trunco
1145 2997 1242 3030 nullis
1265 3006 1359 3036 pror-

354 3054 402 3088 sus
443 3050 581 3084 flexibus
612 3056 724 3081 contra
759 3055 855 3087 atque
890 3045 968 3078 solet
991 3066 1002 3083 ‚
1036 3049 1190 3076 contorto
1213 3064 1221 3072 .
1255 3041 1360 3072 Renes

354 3109 412 3141 pro
447 3093 621 3128 latitudine
660 3088 746 3132 justo
770 3089 950 3130 longiores.
976 3086 1100 3119 Vesicae
1126 3083 1283 3117 craffiores
1307 3093 1359 3115 tu-

356 3142 434 3173 nicae
460 3162 465 3168 .
498 3136 651 3176 Denique
674 3132 815 3165 Prostata
848 3131 999 3172 glandula
1032 3142 1065 3163 ea
1090 3137 1180 3171 parte
1204 3139 1265 3169 qua
1290 3136 1360 3158 ure-

357 3182 437 3216 tlirae
464 3181 623 3214 anteriora
648 3185 735 3208 tenet
759 3198 767 3213 ‚
805 3174 961 3207 inclusam
994 3175 1120 3215 penitus
1153 3172 1240 3203 intra
1271 3169 1360 3218 suam

356 3225 560 3260 substantiam
584 3220 723 3255 habebat
749 3229 876 3251 caveam
894 3244 902 3255 ,
928 3219 1098 3251 mediocris
1122 3225 1191 3248 uvae
1218 3214 1301 3248 atim
1325 3212 1365 3245 fi-

357 3282 434 3306 gura
458 3293 467 3307 ,
500 3270 529 3300 &
568 3262 792 3306 magnitudine
816 3284 825 3299 ,
859 3259 951 3302 cujus
987 3262 1121 3302 parietes
1154 3258 1265 3291 eodem
1298 3267 1365 3298 quo

359 3307 481 3352 reliqua
513 3307 662 3351 glandula
691 3332 699 3343 ,
743 3306 854 3339 colore
888 3327 895 3342 ‚
929 3302 1149 3337 membranula
1195 3299 1330 3342 quadam
1348 3322 1365 3347 ¹,

358 3355 443 3398 quasi
469 3354 606 3386 tumoris
631 3349 777 3383 folliculo
802 3372 811 3387 ‚
843 3346 1016 3381 convestiri
1053 3345 1263 3381 videbantur:
1286 3341 1368 3375 nihil

360 3410 468 3433 autem
491 3396 703 3429 continebant
719 3417 726 3423 .

404 3453 452 3474 20.
489 3440 577 3477 Quid
613 3438 674 3471 hoc
707 3446 788 3468 cavo
821 3435 902 3466 olim
936 3431 1200 3477 comprehensum
1223 3427 1329 3463 fuisset
1352 3450 1365 3466 ,

362 3489 391 3520 ἐξ
416 3483 582 3525 quomodo
606 3481 710 3523 postea
746 3479 817 3510 inde
842 3477 967 3511 abiisset
992 3500 999 3513 ,
1036 3487 1110 3509 cum
1144 3475 1215 3509 esset
1247 3470 1362 3505 obscu-

361 3541 430 3562 rum
456 3541 465 3564 ς
502 3527 534 3558 in
568 3523 759 3558 memoriam
790 3520 897 3559 redii,
930 3520 1010 3563 quid
1034 3531 1118 3553 anno
1152 3527 1224 3551 ante
1249 3517 1282 3547 in
1308 3515 1365 3547 Se-

2027 0 2060 53 s

981 99 1137 154 Liber
1171 104 1254 151 111.
1289 99 1373 149 De
1409 96 1616 149 Morbis
1649 94 1859 147 Ventris

1389 187 1427 209 ne
1463 176 1563 209 altero
1600 174 1770 212 vidissem,
1793 175 1831 208 de
1855 186 1922 217 quo
1945 173 2000 207 ubi
2024 172 2063 207 de
2085 171 2238 207 Febribus
2271 176 2282 211 (
2304 184 2322 215 q
2343 174 2357 212 )
2385 196 2397 211 ‚

1390 219 1428 252 ad
1465 228 1496 252 te
1520 219 1654 252 scribam
1681 244 1689 251 .
1723 219 1853 252 Scilicet
1878 220 1909 250 in
1935 217 2080 251 Prostata
2104 216 2253 258 glandula
2277 217 2397 259 ampli-

1391 262 1487 295 ficata
1508 285 1520 302 ,
1553 265 1583 295 &
1616 263 1772 296 exteriore
1807 261 1936 295 ambitu
1966 272 2003 293 ex
2035 260 2136 293 rubro
2173 259 2285 300 fusca,
2308 263 2394 293 intra

1392 305 1602 339 substantiam
1639 307 1794 347 reliquam
1818 327 1827 342 ,
1862 304 2060 344 caeteroquin
2095 302 2266 335 secundum
2299 313 2398 336 natu-

1390 359 1459 381 ram
1492 348 1520 381 se
1557 349 1754 388 habentem,
1777 347 1909 390 granula
1933 347 2053 380 alicubi
2078 347 2188 378 inveni
2221 343 2308 386 quasi
2346 353 2395 378 ta-

1389 390 1476 425 bacci
1498 403 1535 424 ex
1558 391 1705 425 subflavo
1729 392 1922 432 nigricantia
1938 414 1945 420 .
1973 390 2074 422 Erant
2110 389 2178 422 haec
2202 387 2286 420 haud
2322 398 2398 429 pro-

1389 434 1442 470 cul
1466 435 1506 468 ab
1529 436 1682 469 interiore
1706 435 1842 468 urethrae
1874 433 1979 468 facie,
2003 434 2064 466 alia
2096 431 2226 474 quidem
2259 429 2323 464 huc
2357 431 2401 464 il-

1392 478 1443 510 luc
1466 477 1617 520 disje&a‚
1641 479 1702 511 alia
1726 487 1831 511 autem
1852 479 1886 510 in
1924 486 2023 511 unum
2047 485 2162 509 cavum
2177 497 2186 512 ‚
2209 486 2247 507 eo
2269 474 2308 507 de
2330 484 2398 515 quo

1392 521 1491 554 modo
1512 522 1637 555 circeum
1660 519 1702 554 est
1729 546 1739 561 ‚
1773 522 1878 554 multo
1904 520 2011 552 minus
2034 544 2044 559 ‚
2077 519 2275 560 constipata.
2303 516 2398 549 Num

1392 575 1470 606 ergo
1493 563 1573 599 illud
1596 575 1726 606 quoque
1762 564 1864 605 majus
1896 574 2010 596 cavum
2045 560 2226 596 istiusmodi
2266 561 2397 602 plenum
2444 561 2446 563 ’

1394 608 1537 648 granulis
1572 606 1665 644 fuisse
1688 630 1697 644 ‚
1730 607 1893 641 credemus
1915 604 1931 637 ,3
1970 605 2028 639 Sed
2059 605 2141 648 quid
2185 617 2219 638 ea
2264 604 2398 646 granula

1395 651 1465 684 sunt
1491 656 1500 682 ἓ
1534 652 1566 684 in
1589 651 1735 694 pluribus
1766 652 1851 682 enim
1876 673 1888 688 ‚
1921 660 2023 690 neque
2057 658 2134 682 tunc
2158 649 2321 691 primum,
2343 647 2399 679 de-

1396 694 1547 736 prehendi
1574 718 1580 724 .
1618 696 1655 727 Et
1690 696 1722 726 in
1747 693 1947 726 Adversariis
1971 696 1981 731 (
2006 703 2021 724 r
2043 695 2054 730 )
2078 692 2209 734 quidem
2242 701 2302 733 pro
2338 688 2399 723 hu-

1396 749 1486 771 more
1519 738 1616 771 habui
1651 739 1709 779 qui
1735 738 1767 770 in
1792 738 1933 769 Prostata
1955 734 2150 775 secernitur,
2173 737 2206 769 in
2237 746 2308 768 eam
2330 730 2400 765 for-

1396 792 1481 813 mam
1504 782 1636 814 coac‘to:
1661 792 1718 814 nec
1753 779 1811 813 esse
1833 779 2010 822 quidquam
2035 780 2130 812 video
2148 805 2158 820 ,
2181 790 2237 812 cur
2260 779 2293 810 in
2317 786 2400 818 prae-

1395 825 1494 858 sentia
1527 835 1657 866 quoque
1694 835 1759 857 non
1793 822 1927 856 habeam
1952 846 1960 853 .
1994 822 2120 855 Verum
2142 834 2213 866 quae
2236 820 2326 856 causa
2360 819 2398 854 fit

1396 867 1479 902 unde
1512 866 1672 905 formam,
1698 867 1906 908 coloremque
1941 864 1981 898 sic
2016 875 2121 899 mutet
2150 890 2159 906 ,
2191 863 2399 908 praegrefsane

1394 911 1476 944 olim
1511 921 1639 945 venerea
1674 912 1739 943 lues
1763 934 1774 950 ‚
1808 921 1846 942 an
1880 909 1957 941 vitii
1981 907 2069 942 aliud
2103 920 2200 952 genus
2226 934 2236 948 ,
2273 910 2307 942 in
2332 919 2399 941 me-

1397 954 1452 988 dio
1478 955 1626 995 relinquo
1648 976 1657 992 ‚
1692 964 1726 987 ut
1751 953 1833 987 illud
1870 953 1989 994 pariter
2022 951 2060 984 de
2093 964 2159 995 quo
2194 953 2331 996 suspicio
2365 954 2398 984 in

1396 999 1469 1031 aliis
1492 999 1627 1031 Litteris
1652 997 1732 1039 (s)
1755 996 1872 1038 injecta
1906 996 1949 1029 est
1974 1019 1983 1034 ‚
2014 1006 2052 1028 an
2085 1007 2118 1028 ea
2155 997 2287 1038 granula
2333 1008 2402 1029 ma-

1397 1043 1476 1074 teria
1516 1040 1678 1074 interdum
1713 1040 1771 1074 effe
1804 1039 1917 1082 poffint
1947 1038 2145 1073 calculorum
2184 1042 2242 1082 qui
2274 1041 2306 1072 in
2343 1040 2401 1074 hac

1396 1084 1547 1127 glandula
1571 1085 1792 1127 reperiuntur.
1818 1083 1998 1125 Nunquam
2023 1091 2130 1115 tamen
2164 1083 2249 1117 intra
2275 1081 2400 1125 ipsam,

1397 1128 1551 1170 majorem
1586 1138 1695 1161 eorum
1730 1127 1937 1169 granulorum
1973 1126 2102 1167 copiam
2148 1125 2269 1160 offendi
2302 1139 2402 1168 quam

1400 1175 1435 1206 in
1473 1172 1589 1213 Figulo
1612 1193 1621 1209 ‚
1655 1181 1690 1203 ut
1723 1170 1864 1211 relegens
1887 1168 2062 1211 Epistolam
2087 1170 2168 1202 VII.
2192 1173 2205 1208 (
2228 1178 2242 1203 ϊ
2263 1174 2298 1211 ),
2321 1169 2401 1205 faci-

1399 1217 1429 1249 le
1453 1213 1624 1256 cognosces
1646 1227 1655 1247 :
1690 1215 1722 1246 in
1755 1225 1821 1255 quo
1845 1214 2024 1253 antiquaene
2047 1213 2093 1245 lui
2118 1213 2241 1246 tribuas
2263 1214 2308 1248 ob
2331 1217 2404 1248 nul-

1399 1259 1466 1291 lum
1502 1257 1538 1291 ad
1575 1256 1722 1299 glandem
1756 1256 1906 1298 superstes
1938 1255 2066 1289 sraenuli
2100 1257 2275 1299 vestigium
2302 1275 2324 1297 ,Δ
2347 1259 2404 1292 de-

1398 1300 1571 1339 liberabis,
1594 1311 1658 1334 non
1685 1299 1769 1333 secus
1793 1309 1889 1342 atque
1923 1299 1956 1331 in
1980 1300 2058 1332 Sene
2080 1298 2119 1332 de
2150 1311 2216 1342 quo
2253 1300 2402 1344 Epistola

1398 1345 1555 1387 scriptum
1580 1345 1622 1377 est
1643 1344 1769 1377 XXIV.
1794 1348 1805 1383 (
1827 1353 1847 1375 u
1870 1345 1909 1388 )·‚
1931 1343 1984 1376 cui
2007 1354 2081 1377 cum
2105 1344 2160 1376 vix
2185 1354 2288 1381 unus,
2313 1342 2403 1387 isque

1396 1390 1501 1422 tenuis
1524 1411 1535 1428 ,
1569 1386 1736 1431 superesset
1767 1386 1807 1420 de
1826 1386 2004 1428 majoribus
2036 1385 2174 1420 urethrae
2197 1388 2404 1428 canaliculis,

1396 1444 1432 1466 ea
1466 1432 1599 1475 granula
1633 1442 1697 1463 non
1732 1429 1862 1464 deerant
1897 1428 1936 1463 ad
1958 1429 2056 1463 latera
2088 1432 2269 1466 carunculae
2302 1432 2405 1465 Semi..

1398 1476 1503 1509 nalis.
1639 1475 1745 1508 Placet
1776 1474 1839 1507 huc
1876 1473 1938 1506 alia
1970 1472 2036 1506 duo
2083 1472 2261 1508 adscribere
2296 1486 2406 1508 exem-

1396 1519 1449 1562 pla
1490 1522 1524 1552 in
1564 1519 1657 1552 Viris
1691 1519 1748 1561 qui
1782 1515 1906 1551 tametsi
1935 1517 2052 1559 quibus
2097 1517 2234 1552 obnoxii
2273 1518 2404 1554 fuiss'ent

1398 1562 1622 1597 affectionibus
1647 1586 1655 1600 ,
1697 1563 1832 1594 omnino
1867 1559 2104 1603 propemodum
2146 1563 2265 1604 ignoro
2286 1586 2299 1602 ,
2330 1574 2404 1605 quae

1399 1606 1564 1640 tamenin
1597 1606 1669 1639 aliis
1710 1616 1839 1648 quoque
1889 1604 2037 1645 corporis
2071 1605 2219 1646 partibus
2249 1605 2404 1641 haberent

1401 1650 1442 1683 ab
1473 1659 1594 1682 naturae
1640 1659 1755 1681 norma
1789 1648 1968 1681 aberrantia
1991 1669 2001 1685 ‚
2036 1657 2100 1680 non
2134 1649 2312 1688 reticebo;
2348 1663 2405 1685 ne-

1400 1703 1462 1735 que
1495 1693 1580 1726 enim
1603 1691 1730 1735 prorsus
1753 1692 1873 1724 inutile
1895 1712 1905 1728 ,
1940 1699 1976 1723 ut
1998 1690 2076 1723 alibi
2106 1702 2235 1734 quoque
2272 1693 2404 1734 vidisti,

1400 1735 1512 1769 censeo
1536 1757 1546 1772 ‚
1580 1744 1696 1777 praeter
1738 1744 1884 1768 naturam
1917 1735 2047 1767 inventa
2069 1744 2322 1770 commemorare
2345 1738 2405 1773 sal..

1400 1788 1466 1812 tem
1500 1788 1536 1813 ut
1567 1790 1640 1822 quae
1674 1777 1807 1821 saepius,
1830 1788 1901 1819 quae
1925 1778 2028 1811 rarius
2059 1778 2093 1809 in
2114 1779 2403 1822 certis‘aetatibus,

1402 1825 1433 1856 &
1455 1820 1622 1856 habitibus
1643 1832 1818 1863 corporum
1832 1845 1841 1860 ‚
1875 1820 2023 1854 morbida
2055 1831 2249 1860 occurrant,
2272 1835 2407 1868 compa-

1398 1867 1524 1899 ratione
1557 1866 1707 1899 instituta
1728 1865 1880 1906 cognosci
1903 1865 2016 1897 liceat.
2332 1890 2334 1894 .

1445 1919 1494 1942 21.
1520 1909 1661 1944 VIRI
1686 1919 1783 1941 annos
1824 1908 1895 1941 nati
1914 1916 2069 1950 'quatuor
2103 1911 2135 1942 &
2166 1911 2407 1954 quinquaginta

1399 1964 1495 1995 quem
1528 1953 1726 1996 apoplech'ca
1760 1950 1890 1985 affectio
1923 1951 2007 1985 lente
2027 1950 2210 1987 confecerat
2233 1976 2243 1990 ‚
2274 1957 2407 1988 cadaver

1398 1998 1439 2030 A.
1469 1998 1558 2039 1728.
1581 1995 1766 2038 Gymnafio
1801 1995 1843 2029 est
1874 1994 2114 2036 datum„unde
2150 1996 2293 2031 Publicae
2316 1999 2408 2031 Ana-

1403 2050 1505 2074 tomes
1549 2040 1683 2074 initium
1716 2038 1805 2072 fieret
1829 2060 1839 2075 ‚
1872 2038 1973 2074 donec
2011 2039 2407 2078 meliorumssadaverum

1403 2084 1498 2127 copia
1532 2084 1607 2118 effet
1629 2108 1636 2116 .
1673 2084 1787 2125 Itaque
1819 2082 1929 2123 Caput
1971 2091 2036 2116 non
2080 2084 2250 2125 attigimus
2273 2108 2281 2117 .
2310 2086 2409 2123 ·Quae

1405 2129 1529 2161 Venter
1552 2151 1562 2166 ,
1594 2130 1625 2160 &
1648 2137 1720 2169 quae
1756 2124 1896 2159 Thorax
1928 2136 2057 2170 quoque
2090 2137 2129 2159 ex
2153 2137 2242 2169 parte
2261 2150 2274 2168 ,
2307 2127 2408 2162 adno-

1401 2171 1494 2205 tanda
1518 2171 1700 2205 obtulerint
1723 2190 1732 2206 ‚
1764 2168 1820 2202 hic
1852 2168 2004 2203 habebis.
2137 2170 2408 2206 INTESTINA

1400 2214 1533 2258 quidem
1554 2216 1627 2248 laxa
1649 2222 1743 2247 erant
1766 2235 1779 2251 ³
1821 2214 1853 2245 &
1885 2212 1974 2254 quasi
2010 2211 2216 2247 inflammata
2236 2227 2246 2246 .-
2282 2215 2408 2249 nullum

1404 2269 1511 2292 tamen
1557 2267 1612 2292 aut
1645 2256 1712 2299 ipsa
1736 2278 1748 2295 ‚
1782 2264 1837 2289 aut
1883 2257 2081 2294 ventriculus
2121 2255 2273 2291 erofionis
2309 2257 2408 2292 habe-

1403 2303 1484 2336 bant
1515 2301 1675 2336 indicium
1700 2323 1710 2337 ‚
1745 2309 1779 2333 ut
1809 2310 1915 2332 recens
1946 2299 2036 2333 causa
2071 2300 2177 2344 aliqua
2198 2301 2286 2335 credi
2308 2301 2410 2344 poffet

1403 2346 1438 2379 id
1480 2345 1569 2387 quod
1605 2345 1640 2377 in
1684 2341 1845 2377 Duodeno
1877 2341 2055 2377 describam
2081 2366 2091 2381 ,
2126 2343 2263 2378 effecisse
2288 2369 2297 2384 ‚
2328 2355 2410 2387 ριξ-

1404 2389 1517 2422 sertim
1549 2399 1623 2422 cum
1648 2398 1705 2429 pus
1727 2408 1736 2423 ‚
1773 2386 1879 2428 gravis
1913 2386 1994 2420 odor
2020 2412 2028 2427 ‚
2061 2387 2232 2421 craffitudo
2257 2412 2267 2427 ,
2303 2390 2334 2420 &
2357 2389 2410 2421 in-

1403 2431 1570 2474 aequalitas
1599 2431 1762 2464 labrorum
1794 2451 1804 2467 ‚
1836 2429 1962 2471 aliaque
1994 2431 2105 2463 omnia
2139 2431 2255 2465 ulceris
2288 2425 2410 2464 indicia

1405 2473 1543 2508 abessent
1568 2499 1576 2507 .
1611 2473 1790 2507 Intervallo
1830 2474 1952 2514 gemini
2004 2473 2172 2507 transversi
2214 2474 2316 2515 digiti
2357 2477 2409 2507 in-

1405 2518 1454 2552 fra
1480 2519 1634 2560 pylorum
1656 2517 1745 2551 locus
1778 2525 1845 2549 erat
1868 2517 1900 2547 in
1923 2527 1990 2557 quo
2015 2518 2182 2550 interiores
2204 2517 2332 2550 deerant
2357 2519 2407 2550 in-

1406 2562 1515 2595 testini
1547 2562 1689 2598 tunicae‚
1713 2558 1818 2601 sicque
1850 2558 2013 2592 orificium
2047 2560 2288 2602 relinquebatur
2320 2560 2410 2603 digi-

1406 2608 1435 2639 ti
1468 2607 1569 2647 capax
1591 2627 1601 2643 ,
1633 2614 1700 2647 quo
1732 2600 1874 2635 immisso
1898 2623 1908 2638 ‚
1945 2600 2040 2636 facile
2072 2603 2253 2636 extrorsum
2296 2603 2410 2638 cedens

1408 2650 1519 2682 tunica
1548 2649 1695 2681 omnium
1730 2646 1851 2679 extima
1886 2645 1920 2677 in
1955 2645 2119 2687 quoddam
2149 2646 2238 2687 quasi
2271 2645 2410 2681 diverti-

1408 2692 1517 2726 culum
1561 2689 1763 2724 formabatur
1798 2713 1805 2720 .
1850 2689 1932 2720 Lien
1965 2688 2088 2728 sanus;
2119 2688 2170 2722 sed
2208 2691 2313 2724 multo
2347 2692 2411 2724 mi-

1409 2746 1468 2768 nor
1500 2733 1584 2777 justo
1608 2757 1618 2773 ,
1664 2736 1694 2766 δι
1748 2732 1838 2774 plane
1882 2731 2016 2773 exiguus
2040 2757 2047 2765 .
2092 2732 2232 2766 Arteriae
2274 2734 2411 2774 Magnae

1409 2788 1541 2812 truncus
1577 2779 1663 2811 intus
1696 2775 1813 2809 habuit
1840 2786 1902 2816 qua
1927 2785 2013 2817 parte
2036 2775 2221 2810 lumborum
2242 2772 2411 2811 *vertebris

1410 2821 1590 2856 adhaerebat
1614 2844 1623 2859 ‚
1659 2819 1804 2862 squamas
1838 2816 1936 2851 osseas
1969 2830 2033 2852 non
2079 2819 2256 2853 mediocres
2280 2833 2291 2852 .·
2323 2821 2411 2855 idem

1409 2876 1516 2899 tamen
1547 2865 1630 2898 intra
1672 2864 1835 2896 thoracem
1860 2884 1870 2900 ,
1904 2872 1969 2894 non
2003 2862 2087 2896 secus
2120 2875 2155 2897 ac
2188 2875 2245 2896 cor
2268 2880 2280 2902 ·,
2315 2864 2412 2898 sanis-

1411 2908 1508 2943 simus
1533 2909 1598 2944 fuit
1621 2933 1629 2941 .
1666 2904 1778 2940 Vesica
1810 2905 1949 2939 urinaria
1983 2917 2077 2947 aequo
2112 2907 2220 2940 minor
2252 2918 2313 2948 pro
2334 2909 2412 2942 reli-

1411 2964 1474 2994 qua
1507 2952 1652 2994 corporis
1687 2947 1942 2995 magnitudine.
1980 2949 2078 2982 Nihil
2113 2952 2145 2982 in
2178 2949 2307 2983 urethra
2339 2953 2412 2985 ani-

1412 2996 1610 3030 madversum
1635 2994 1797 3037 peculiare
1820 3014 1830 3028 ‚
1862 2991 1919 3024 nisi
1944 2994 2075 3034 granula
2098 2992 2184 3036 quasi
2219 2992 2340 3028 tabacci
2372 2995 2412 3029 ad

1412 3040 1518 3074 oscula
1542 3039 1690 3072 Prostatae
1714 3035 1894 3079 glandulae.
2240 3043 2242 3045 ’

1458 3095 1508 3117 22.
1532 3082 1701 3115 VIRUM
1735 3080 1868 3112 alterum
1894 3101 1903 3116 ,
1936 3080 1995 3114 illo
2019 3080 2186 3122 aliquanto
2210 3080 2376 3122 juniorem
2400 3107 2413 3124 ,

1410 3139 1475 3168 quo
1508 3126 1654 3166 corporis
1687 3123 1800 3158 habitu
1823 3144 1833 3160 ,
1866 3125 1897 3155 δε
1930 3124 2013 3157 unde
2049 3133 2246 3164 mortuum,
2279 3128 2308 3157 &
2333 3126 2414 3167 ubi,

1417 3174 1446 3203 δέ
1471 3170 1600 3212 quando
1621 3166 1773 3202 seruerim
1798 3188 1807 3204 ,
1840 3166 1947 3199 obiter
1978 3168 2046 3201 dixi
2072 3189 2082 3206 ‚
2117 3178 2189 3200 cum
2214 3168 2251 3201 de
2274 3168 2415 3203 haemor-

1417 3213 1585 3248 rhoidibus
1617 3211 1715 3253 ipsius
1735 3210 1904 3243 scriberem
1942 3211 2084 3253 Epistola
2115 3211 2258 3245 XXXII.
2284 3215 2297 3251 <
2318 3223 2340 3246 x
2363 3218 2373 3252 )
2396 3227 2406 3251 3

1418 3267 1454 3290 ut
1494 3256 1573 3299 quid
1609 3256 1641 3288 in
1678 3253 1796 3289 summa
1844 3253 1973 3287 urethra
2009 3253 2146 3288 viderim
2171 3278 2181 3294 ,
2214 3256 2266 3288 hic
2301 3258 2413 3290 addere

1421 3301 1492 3332 satis
1525 3299 1561 3332 fit
1587 3322 1593 3328 .
1724 3297 2035 3331 CARUNCULA
2059 3299 2220 3331 Seminalis
2253 3300 2291 3332 ad
2315 3301 2413 3334 latera

1420 3343 1534 3376 habuit
1567 3354 1600 3374 ea
1623 3340 1660 3373 de
1693 3340 1809 3383 quibus
1830 3341 1997 3383 loquimur
2022 3365 2031 3379 ,
2062 3342 2212 3383 granula,
2237 3355 2252 3375 a
2274 3354 2413 3385 quorum

1421 3386 1583 3426 aliquibus
1614 3385 1680 3429 loci
1715 3386 1844 3417 madore
1869 3409 1878 3424 ,
1911 3394 1948 3418 ut
1982 3385 2100 3427 opinor
2127 3410 2137 3425 ,
2164 3385 2326 3419 dissolutis
2349 3396 2413 3419 non

1416 3430 1536 3462 vicinia
1570 3428 1667 3461 modo
1699 3428 1819 3469 reliqua
1843 3450 1856 3467 ,
1892 3427 1942 3461 sed
1965 3429 1997 3460 δε
2030 3429 2229 3461 seminalium
2260 3430 2413 3463 ductuum

1415 3473 1521 3506 oscula
1546 3470 1780 3505 flavescebant.
1808 3470 2041 3504 Animadverti
2075 3470 2166 3504 simul
2193 3496 2201 3510 ‚
2234 3472 2298 3506 haec
2322 3472 2415 3505 oscu-

1415 3517 1443 3547 la
1490 3515 1596 3548 multo
1631 3525 1726 3557 quam
1762 3513 1883 3547 soleant
1910 3540 1919 3555 ‚
1951 3512 2044 3547 fuisse
2084 3515 2238 3557 ampliora
2261 3538 2272 3554 ,
2312 3515 2414 3556 figura

2266 3569 2370 3590 autem

372 3620 1755 3640 W

427 3689 442 3716 ί
458 3688 489 3715 l)
509 3687 569 3712 8262.
591 3688 630 3711 tit.
648 3686 704 3711 obs.
723 3694 744 3711 2.
811 3684 860 3712 (m
881 3684 889 3714 l
904 3683 1025 3712 Proposiz.
1043 3683 1088 3707 int.
1097 3682 1144 3706 alla
1154 3683 1255 3706 Carunc.
1272 3687 1293 3704 e.
1313 3688 1334 3707 3·

430 3720 440 3743 (
457 3727 469 3743 ν
490 3720 496 3747 )
515 3720 556 3742 lv.
575 3717 686 3742 Animad.
707 3724 742 3745 14.
805 3718 819 3747 (
860 3716 869 3748 )
886 3714 957 3745 Epist.
976 3722 1013 3743 42·
1032 3722 1056 3737 n.
1075 3721 1112 3743 37.
1128 3713 1153 3736 in
1171 3711 1233 3736 fine.

1398 3678 1548 3708 (n)c.5.

1297 3705 1458 3738 (timu.

1609 3674 1766 3707 (σ)ιι.ι5.

1523 3707 1680 3739 (an.6.
2061 3676 2370 3708 (qJEpist.a9.n.18.

1829 3678 1872 3707 (p
1890 3677 1896 3706 )
1914 3685 1936 3710 ¹¹:
1957 3684 1993 3707 ¹7-

1742 3707 1809 3739 (x)
1832 3716 1855 3732 n.
1873 3715 1909 3732 ιο.
1932 3716 1956 3731 ιιι
1973 3707 2037 3733 fine.
