2498 4075
312 135 415 173 tiam,
439 143 492 169 aut
514 132 770 167 concitationem
795 129 832 164 ad
855 138 953 172 caput
976 138 1128 171 augerent
1151 153 1164 171 ,
1201 131 1325 171 impro-

311 179 425 216 babat,
452 186 577 211 tantum
601 188 636 209 ea
655 186 726 218 quae
752 174 803 210 his
824 174 986 207 contraria
1013 172 1154 214 praestare
1177 173 1298 215 possent
1314 197 1326 214 ,

312 221 558 256 commendabat
579 243 588 257 ‚
623 218 798 260 praesertim
830 228 904 251 cum
928 216 1049 249 videret
1069 242 1077 256 ,
1107 215 1130 249 fi
1166 218 1326 259 turgentia

313 264 401 298 fieret
425 264 463 298 ad
486 266 582 299 aliam
605 263 743 305 aliquam
767 271 888 304 partem
913 261 1057 306 corporis
1082 284 1093 300 ,
1132 270 1207 293 runc
1230 269 1326 302 caput

314 310 411 343 levari
427 333 438 347 ,
461 306 801 350 edueioquesanguine
825 306 912 339 exiis
936 304 1011 335 vasis
1023 314 1093 346 quae
1116 305 1200 336 circa
1222 304 1325 336 imum

315 352 500 387 intestinum
525 350 597 385 sunt
623 374 636 391 ,
665 360 788 392 ,aegrum
814 347 999 381 meliuscule
1032 346 1098 380 dies
1121 348 1245 390 aliquot
1271 347 1327 379 lia-

310 394 428 429 buisse.
455 397 578 429 Verum
601 403 638 427 ut
659 392 758 427 causae
783 390 932 424 morbum
956 389 1122 424 efficientis
1148 390 1249 424 sedem
1274 404 1326 433 ge-

311 441 448 474 neratim
471 438 537 479 ipse
558 435 787 480 cognosceret,
810 438 841 468 ἃ
865 446 937 477 quae
961 435 1040 466 vitae
1062 434 1158 476 paulo
1180 433 1326 474 diutius,

314 486 345 515 &
372 481 546 516 levioribus
571 493 645 514 curn
669 477 885 513 incommodis
909 475 1071 524 traliendae
1092 479 1326 515 convenirent3

312 536 416 558 tamen
444 525 634 567 peculiarem
659 522 761 556 sedem
784 521 884 555 causae
908 545 919 561 ,
956 519 1112 563 huiusque
1146 530 1292 554 naturam
1316 544 1325 561 ‚

311 569 459 603 remediis
484 568 727 609 insuperabilem
745 589 758 607 ,
794 565 940 598 divinare
964 576 1027 597 non
1062 566 1194 606 potuit.
1252 586 1255 589 -

308 613 574 647 CADAVERE
606 612 692 644 enini
713 608 866 649 dissefffi,
888 618 962 641 cum
987 608 1107 649 reliqua
1132 608 1240 640 omnia
1264 619 1327 641 non

312 655 410 691 modo
434 658 466 689 in
492 657 635 693 Ventre,
660 658 692 687 &
718 654 892 692 Thorace,
917 650 966 684 sed
990 652 1023 683 in
1048 650 1119 692 ipso
1142 660 1239 684 etiarn
1261 654 1326 685 Ca-

310 702 378 743 pite
403 700 472 733 sana
496 697 611 737 ess‘ent3
637 700 670 731 in
696 696 887 731 Falciformi
910 692 1027 728 Crassae
1063 696 1221 735 meningis
1246 697 1325 728 Pro-

308 743 389 779 cessu
413 741 475 777 ossa
498 744 637 783 quinque
661 743 787 773 inventa
813 739 884 772 sunt
905 761 916 777 ,
951 739 1012 771 alia
1037 737 1097 784 alia
1121 737 1224 771 forma
1248 762 1260 778 ,
1293 742 1324 771 &

310 785 553 825 magnitudine,
577 784 629 820 sed
652 795 730 826 pene
753 783 863 816 omnia
887 783 987 815 acutis
1011 781 1095 824 quasi
1124 781 1222 823 spinis
1247 782 1325 817 hor..

310 825 431 864 rensia.
458 829 644 862 Maximum
669 828 775 864 lineas>
791 825 1008 859 Bononienses
1043 825 1229 869 quindecim
1253 826 1326 859 lon-

310 886 386 914 gum
409 897 421 913 ,
458 872 576 914 septem
599 873 633 904 in
656 870 765 908 medio
797 870 900 904 latum
922 893 930 908 ‚
965 880 1061 902 unam
1084 880 1158 904 cuin
1190 870 1327 904 dimidia

308 914 443 953 crassum
463 939 474 956 ‚
505 917 648 950 valenter
673 924 831 948 annexum
865 922 932 945 erat
956 913 1056 959 initio
1077 937 1089 953 ‚
1112 917 1144 949 ὃς
1169 915 1327 957 proximae

308 962 390 1003 parti
415 961 504 994 illius
528 957 708 1003 processus,
733 957 822 999 cujus
846 957 947 990 etiam
972 958 1111 991 sormam
1136 958 1290 991 referebat
1315 983 1321 991 ,

308 1006 381 1038 Hoc
404 1016 439 1038 os
463 1004 603 1046 aliquem
628 1002 667 1036 ad
691 1003 832 1036 trat0cum
856 999 1105 1043 intercipiebant
1135 1002 1199 1036 ossa
1221 1001 1287 1035 duo
1311 1026 1320 1041 ,

306 1060 376 1092 quae
400 1049 522 1090 reliqua
548 1058 638 1090 parte
661 1047 747 1080 inter
772 1045 800 1078 se
829 1043 1153 1086 ai·etejiingebantur.
1181 1046 1232 1078 Sic
1245 1057 1322 1077 con-
1343 1079 1355 1080 ἶ

307 1092 435 1133 itinera,
461 1091 634 1126 latitudine
658 1090 827 1132 aequabant
851 1090 950 1122 lineas
973 1087 1084 1121 decem
1105 1101 1115 1127 ,-
1152 1089 1201 1121 sed
1225 1089 1323 1122 latius

303 1133 447 1181 quinque
470 1142 543 1169 erat‘
560 1136 694 1178 longum
716 1147 725 1170 ς
760 1131 917 1176 angustius
943 1142 1055 1164 novem
1077 1155 1089 1171 ‚
1119 1131 1207 1179 quod
1244 1132 1322 1166 duas

306 1183 403 1213 lineas
426 1188 491 1211 erat
514 1177 671 1217 crassum,
694 1175 843 1210 inferiori
866 1185 973 1207 tamen
1007 1175 1104 1211 latere
1129 1200 1139 1214 ‚
1170 1176 1231 1208 live
1255 1188 1321 1219 quo

302 1222 470 1256 Callosum
493 1233 611 1264 corpus
637 1220 796 1263 speetabat
813 1244 825 1260 ‚
849 1227 1019 1262 pertenue.
1043 1218 1152 1263 Hujus
1176 1228 1321 1253 extremo

302 1268 331 1303 se
358 1267 477 1308 reliqua
501 1264 568 1299 duo
591 1264 654 1298 ossa
680 1264 909 1297 aurine-&cebant
929 1287 937 1301 ,
961 1260 1137 1303 processum
1163 1263 1248 1297 arete
1272 1264 1329 1296 in-

303 1310 531 1352 tercipientia5
558 1320 631 1342 nam
656 1305 711 1341 etsi
736 1307 867 1351 longius
887 1329 899 1347 ,
931 1304 1020 1348 quod
1044 1305 1143 1340 lineas
1168 1308 1322 1342 nimirum

305 1353 451 1393 aequabat
474 1351 745 1396 quatuordecim>
768 1360 832 1383 erat
859 1378 867 1390 ,
891 1359 927 1385 ut
952 1349 1082 1391 priora,
1106 1361 1121 1384 a
1145 1351 1241 1383 latere
1264 1363 1323 1394 po-

305 1394 402 1432 situm
426 1396 584 1435 dexter05
607 1395 735 1429 brevius
762 1404 891 1434 tamen,
914 1393 1003 1436 qaod
1017 1404 1131 1426 novem
1155 1394 1323 1437 aequabat,

301 1443 384 1477 latus
408 1439 564 1475 sinistrum
589 1438 715 1472 tenebat
740 1463 747 1472 ,
785 1440 898 1485 Itaque
923 1437 1065 1471 universa
1091 1436 1158 1471 liaec
1181 1440 1321 1482 quinque

300 1485 365 1520 ossa
389 1493 493 1527 partes
525 1484 602 1517 duas
625 1483 736 1515 tertias
759 1506 767 1520 ‚
801 1486 831 1516 δε
857 1485 921 1516 sere
961 1483 1096 1523 amplius
1120 1482 1335 1524 occupabant*

300 1528 518 1567 longitudinis
543 1528 647 1560 totius
674 1524 829 1568 processus
855 1526 893 1558 ab
926 1525 1140 1560 anterioribus
1163 1527 1324 1568 incipien-

301 1574 343 1608 do
358 1570 373 1611 J
391 1574 420 1605 ὃ(
446 1572 619 1605 retrorsum
644 1569 827 1613 pergendo.
857 1571 975 1602 Praeter
998 1569 1079 1609 illa,
1101 1569 1266 1603 ossiculum
1291 1583 1324 1603 e.

300 1627 374 1658 rat,
397 1615 562 1649 noviffime
595 1613 727 1649 fortasse
760 1612 965 1648 efformatum
985 1637 994 1653 2
1030 1613 1124 1647 lentis
1159 1615 1324 1657 magnitu-

300 1662 374 1696 dine
390 1685 396 1692 .

343 1718 373 1748 7.
400 1702 615 1737 Existimabat
641 1701 790 1736 Valsalva
816 1724 824 1738 ‚
858 1699 897 1732 ab
919 1710 958 1733 eo
981 1709 1124 1743 tempore
1147 1712 1214 1744 quo
1239 1712 1323 1743 aeger

301 1748 466 1793 Euganeis
489 1748 568 1781 lutis
591 1745 730 1786 abusus,
754 1745 924 1779 materiam
947 1755 1017 1787 quae
1041 1744 1250 1778 arthritidem
1273 1744 1325 1777 fa-

299 1805 366 1828 cere
389 1788 561 1826 consuesset
587 1814 600 1830 ‚
631 1801 734 1823 arcere
759 1789 796 1823 ab
830 1788 974 1822 articulis
1006 1787 1167 1822 studuislet
1191 1812 1201 1828 ‚
1236 1789 1323 1822 illius

300 1837 443 1872 materiae
468 1844 590 1881 partein
614 1834 756 1876 aliquam
780 1835 866 1866 inter
889 1832 1012 1865 Falcati
1045 1830 1202 1874 processus
1228 1831 1322 1865 fibras

299 1880 453 1922 intercipi
473 1902 486 1920 ‚
523 1881 555 1912 &
579 1877 707 1911 dolores
730 1877 846 1919 capitis
868 1899 880 1916 ,
903 1875 1020 1917 quibus
1044 1886 1206 1918 nunquam
1230 1885 1322 1909 antea

299 1925 464 1960 obnoxius
487 1921 593 1956 fuerat
619 1946 628 1961 ‚
663 1919 770 1953 afferre
794 1917 924 1961 coepisse
945 1932 954 1951 ε
990 1917 1183 1962 eandemque
1209 1918 1322 1953 sensim

299 1968 404 2013 possea
428 1967 463 2000 in
486 1977 522 1998 ea
544 1976 615 2007 quae
637 1963 798 2007 descripta
822 1963 917 2003 sunt,
939 1960 1002 1997 ossa
1029 1962 1283 1996 concrescentem
1306 1985 1316 2001 ,

299 2012 469 2057 postquam
505 2008 626 2042 horum
660 2008 777 2042 aculeis
801 2007 985 2049 proximam
1020 2007 1173 2049 utrinque
1197 2008 1320 2039 menin-

299 2067 370 2100 gem
406 2056 554 2088 Tenuem
577 2050 741 2095 incepisset
774 2062 988 2093 compungere
1015 2073 1027 2090 ‚
1057 2051 1091 2082 in
1130 2049 1321 2093 quibusdam

300 2098 478 2143 praesertim
502 2097 644 2138 corporis
670 2095 811 2130 motibus
833 2119 840 2134 ,
868 2105 916 2128 eas
939 2091 1161 2128 convulsiones
1184 2093 1321 2126 excitas-

300 2144 352 2183 se,
376 2155 391 2176 a
415 2141 531 2185 quibus
555 2150 627 2174 cum
651 2148 765 2173 caetera
783 2162 794 2179 ‚
817 2147 889 2172 tum
912 2138 978 2171 illae
1003 2138 1100 2169 animi
1125 2136 1322 2171 defeffi-ones

301 2188 482 2221 orirentur:
506 2194 643 2226 quarum
668 2182 866 2226 potisfimum
897 2181 990 2216 causa
1013 2180 1101 2215 istius
1134 2183 1212 2223 aegri
1236 2192 1323 2215 mor-

300 2232 400 2271 bum,
424 2232 457 2263 &
480 2227 701 2262 diffeffionem
739 2227 775 2259 iri
797 2225 879 2259 hanc
908 2224 1086 2268 Epistolam
1120 2226 1288 2260 retulimus
1311 2250 1319 2257 .

302 2275 405 2309 Ultro
428 2282 534 2306 tamen
558 2270 719 2304 fatebatur
737 2295 747 2311 ,
775 2269 849 2304 satis
873 2268 956 2303 illud
980 2269 1134 2311 explicari
1158 2280 1222 2302 non
1247 2269 1321 2312 pos-

303 2321 331 2354 se
346 2345 355 2360 ,
379 2328 435 2351 cur
459 2316 497 2350 ad
520 2314 605 2350 tuffis
619 2340 627 2354 ,
652 2314 957 2348 autsternutationis
975 2323 1082 2346 motus
1096 2335 1104 2349 ,
1130 2313 1246 2355 quibus
1267 2324 1321 2345 ve-

303 2362 483 2397 hementius
504 2359 637 2392 concuti
661 2359 824 2399 meninges
835 2357 986 2390 videntur
1002 2378 1014 2394 ,
1037 2355 1119 2388 nihil
1136 2368 1246 2390 eorum
1271 2368 1322 2389 ac-

303 2405 443 2441 cideret.
470 2401 632 2444 Equidem
657 2402 791 2433 memini
812 2423 824 2439 ,
858 2411 932 2445 cum
954 2397 1017 2431 tibi
1042 2398 1117 2431 alias
1142 2398 1196 2440 (p
1217 2403 1231 2439 )
1254 2400 1322 2441 ple-

303 2460 398 2493 raque
420 2445 530 2480 ossium
545 2469 556 2484 ‚
580 2446 613 2479 iti
639 2445 769 2478 Falcato
794 2443 936 2485 proceslu
959 2443 1193 2483 inventorum,
1216 2453 1324 2476 exem-

303 2495 356 2538 pla
377 2499 664 2526 commemorarem
685 2509 694 2525 ,
727 2497 834 2530 graves
857 2485 991 2529 quidem
1029 2484 1067 2518 ab
1089 2486 1155 2519 illis
1187 2496 1286 2519 noxas
1309 2510 1322 2527 ‚

303 2548 377 2572 cum
402 2534 563 2574 meninges
576 2541 774 2574 pungerent,
797 2530 907 2563 allatas
929 2527 988 2563 esse
1006 2550 1015 2566 ,
1038 2527 1171 2562 dixisse.
1197 2530 1322 2563 Verum

305 2591 370 2615 non
394 2577 527 2613 memini
550 2599 563 2616 ,
586 2577 620 2608 in
643 2575 820 2618 majoribus
845 2573 986 2607 motibus
1008 2583 1074 2606 non
1097 2570 1154 2606 esse
1177 2573 1287 2606 allatas
1309 2598 1322 2614 ,

303 2636 380 2659 cum
404 2635 423 2657 a
443 2619 627 2655 minoribus
649 2617 836 2653 afferrentur
863 2641 870 2648 .
906 2619 957 2651 Sic
980 2639 995 2657 ,
1028 2617 1166 2658 exempli
1193 2617 1322 2659 gratia,

304 2670 339 2702 in
362 2679 396 2701 ea
419 2664 656 2699 Observatione
678 2674 748 2705 quae
773 2663 806 2694 in
829 2659 1008 2695 Historiam
1032 2661 1145 2703 Regiae
1168 2662 1325 2693 Scientia..

305 2724 375 2746 runi
398 2707 582 2744 Academiae
608 2704 784 2739 Parisiensis
809 2704 847 2738 ad
868 2705 912 2738 A.
941 2714 1033 2747 1711.
1060 2705 1156 2737 relata
1180 2704 1244 2744 est>
1262 2706 1324 2749 Ju‹

305 2756 396 2789 venis
419 2753 473 2786 ille
496 2753 552 2796 qui
574 2749 618 2783 ob
641 2750 734 2784 istam
755 2749 879 2783 causam
904 2748 1086 2790 epilepticis
1099 2750 1323 2790 paroxysmis,

306 2798 408 2842 iisque
434 2795 498 2829 fere
522 2795 641 2837 semper
663 2794 762 2827 noeiu
787 2791 1039 2836 prehendebatur
1059 2803 1069 2830 3
1093 2793 1324 2825 tamenffinter-

307 2843 366 2878 diu
389 2850 540 2883 quoque,
563 2838 587 2871 si
611 2837 811 2876 ambularet,
834 2848 850 2870 a
874 2844 967 2870 motu
992 2836 1026 2869 in
1049 2834 1176 2869 eosdem
1199 2836 1322 2869 incide..

307 2887 380 2920 bat.
407 2881 509 2921 Quod
533 2880 554 2915 fi
579 2892 643 2915 non
668 2880 904 2915 concussionem
929 2889 1079 2919 tantum,
1101 2878 1151 2913 sed
1166 2878 1322 2921 majorem

310 2938 440 2973 quoque
473 2927 507 2959 in
533 2926 720 2965 meningum
751 2923 828 2957 vasis
855 2932 909 2956 aut
942 2924 1073 2966 copiam
1099 2947 1109 2963 ‚
1142 2932 1196 2956 aut
1220 2925 1323 2966 impe-

308 2984 382 3008 tum
406 2971 568 3013 sanguinis
592 2967 740 3001 debemus
765 2967 925 3001 attendere
952 2989 961 3004 ‚
993 2966 1074 3000 unde
1101 2968 1261 3009 meninges
1295 2968 1322 2999 i-

309 3016 371 3060 psae
404 3015 505 3057 magis
529 3012 568 3047 ad
591 3010 719 3045 officula
742 3021 912 3052 urgeantur
937 3034 948 3050 ‚
982 3010 1254 3054 quemadmodum
1291 3013 1324 3043 δε

311 3061 395 3095 ratio
427 3058 551 3092 indicat
577 3078 586 3093 ‚
617 3058 650 3088 &
673 3053 923 3088 Observationes
954 3052 1146 3088 confirmant
1180 3053 1323 3088 Scheidii

313 3110 323 3145 (
348 3116 366 3146 q
388 3108 431 3144 )‚
465 3104 499 3135 δε
524 3097 709 3136 Hunauldii
733 3101 747 3137 (
769 3109 785 3130 r
806 3103 819 3138 )
841 3121 851 3136 ,
886 3109 1025 3140 quorum
1066 3099 1146 3131 alter
1169 3097 1324 3141 aliquod,

310 3149 386 3183 alter
411 3147 542 3181 unicum
565 3145 605 3177 ab
628 3142 788 3184 sanguinis
812 3142 951 3176 miffioue
976 3142 1118 3175 levamen
1140 3142 1328 3184 cephalaeae‚

314 3201 367 3227 aut
391 3188 569 3235 epssepfiae,
596 3188 633 3220 ab
656 3185 889 3229 ejusdemmodi
913 3184 1004 3218 causa
1028 3186 1168 3220 indueiae
1192 3212 1201 3225 ,
1225 3185 1325 3218 adno-

310 3243 443 3274 tarunt3
466 3235 542 3276 quis
564 3231 606 3265 est
629 3232 681 3264 cui
705 3229 867 3272 sanguinis
900 3230 934 3261 in
958 3231 1143 3272 meningum
1168 3227 1245 3262 vasis
1270 3237 1324 3261 aut

311 3280 430 3322 copia,
453 3287 507 3312 aut
530 3277 673 3318 impetus
695 3275 797 3316 magis
817 3273 925 3315 augeri
950 3272 1095 3307 videatur
1106 3285 1144 3306 ex
1167 3273 1227 3305 levi
1253 3272 1325 3304 bra-

312 3323 462 3357 chiorum
477 3345 489 3361 ,
512 3331 607 3363 quam
632 3330 670 3351 ex
693 3319 839 3350 violento
863 3315 946 3350 tussis
964 3339 975 3355 ,
1009 3326 1063 3349 aut
1087 3316 1325 3350 sternutationis

313 3364 430 3400 motu?
456 3363 518 3399 Sed
538 3362 593 3397 etsi
617 3362 709 3407 quod*
727 3360 878 3396 Valsalva
902 3359 1081 3404 intelligere
1105 3371 1169 3393 non
1192 3360 1300 3402 potuit
1315 3383 1324 3398 ,

403 3589 691 3648 ‘pssgglgiilsibnMjoli’t-
710 3619 728 3641 1.
746 3626 764 3651 i.
784 3624 804 3640 c.
820 3624 858 3640 zo.
877 3623 898 3638 n.
918 3624 938 3644 3.
956 3625 979 3643 ⁴⁸-
1049 3647 1052 3649 -

406 3658 422 3680 y
440 3651 452 3678 )
470 3649 586 3678 Descript.
604 3649 627 3672 d‘
640 3656 685 3672 une
703 3649 788 3671 oreille
806 3647 836 3670 du
853 3647 933 3670 Coeui·
949 3651 1009 3670 extr.
1029 3646 1098 3670 dilat.

404 3688 418 3704 a
434 3681 447 3709 )
466 3686 492 3704 ut
509 3680 630 3709 Sepulchi.
648 3683 665 3703 ι.
687 3685 705 3703 i.
723 3680 744 3702 S.
765 3685 786 3702 ι.
804 3676 862 3702 Obs.
881 3683 933 3706 113.

1041 3616 1053 3643 (
1070 3620 1105 3642 t)
1124 3613 1195 3642 Epist.
1218 3621 1237 3642 3.
1256 3621 1279 3635 n.
1298 3620 1336 3635 20.

740 3587 754 3616 (
771 3594 786 3615 q
802 3585 815 3613 >
832 3584 928 3609 Differt.
946 3584 974 3609 de
989 3584 1065 3609 duob.
1082 3583 1173 3608 officiii.
1190 3582 1215 3607 in
1233 3582 1319 3610 Apopl.
1339 3589 1380 3610 qu.
1397 3586 1420 3606 6.

902 50 1061 103 Liber
1095 49 1161 102 II.
1197 49 1282 103 De
1321 49 1527 103 Morbis
1565 48 1828 106 Thoracis

1378 140 1434 163 nos
1457 140 1587 172 quoque
1607 129 1787 172 intelligere
1822 139 1886 162 non
1913 130 2062 172 poffirniis
2083 142 2097 170 ;
2132 139 2238 164 tamen
2261 153 2283 171 ,<
2305 129 2395 173 quo‘d

1378 172 1544 215 proposito
1568 172 1643 206 satis
1666 172 1728 209 est,
1753 182 1908 219 apparet,
1930 184 2003 207 cum
2016 174 2106 207 aliud
2130 184 2244 216 praeter
2266 173 2321 207 iila
2344 173 2396 206 os-

1378 216 1407 249 sa
1431 224 1505 248 toto
1528 227 1663 257 corpore
1688 227 1754 249 non
1776 216 1869 254 estet,
1896 216 1977 250 unde
2000 219 2108 259 gravia
2129 242 2136 253 .
2171 229 2241 260 quae
2263 216 2396 259 proeces-

1378 260 1479 293 serant
1496 282 1507 298 ,
1531 260 1612 292 mala
1638 261 1891 300 repeterentur,
1915 258 2071 301 ejusmodi
2095 269 2199 294 autem
2222 260 2287 294 ossa
2311 270 2395 293 acer-

1377 303 1435 336 bos
1458 302 1584 336 dolores
1606 304 1724 344 capitis
1743 325 1752 340 ‚
1786 312 1839 335 aut
1862 303 1946 336 diras
1977 303 2174 338 convulsivas
2205 301 2394 337 affeeiioiies

1378 348 1412 378 in
1447 355 1498 378 tot
1532 346 1603 379 aliis
1635 347 1843 380 excitaverint
1876 359 1886 385 3
1934 356 2062 390 apparet
2089 372 2098 386 ‚
2141 348 2271 389 inquam
2296 371 2315 388 ,.
2338 345 2393 380 hic

1379 391 1477 422 etiarn
1510 389 1592 432 quid
1624 389 1766 422 accusare
1810 389 1978 423 debeamus
2003 416 2010 422 .
2056 391 2174 433 Neque·
2202 391 2288 423 enim
2311 414 2324 431 ,
2357 399 2394 424 ut

1379 434 1413 466 in
1439 433 1572 467 Praelule
1595 457 1608 473 ‚
1631 444 1725 476 quem
1750 432 1911 467 Lancisius
1935 434 2016 476 (s)
2041 433 2198 467 describit
2221 433 2395 467 animi-de-

1378 477 1490 518 liquiis
1507 500 1518 516 ,
1541 487 1616 510 cum
1640 476 1669 510 se
1693 487 1832 509 moveret
1855 500 1867 516 ,
1903 478 2080 512 obnoxium
2106 502 2115 517 ,
2148 480 2181 511 δε
2212 478 2394 511 convulsio·-

1379 521 1473 554 nibus
1506 530 1667 554 tentatum
1702 544 1715 560 ‚
1758 528 1823 554 erat
1857 518 1911 553 hic
1945 523 1979 554 in
2012 521 2108 555 corde
2139 544 2153 561 ,
2195 523 2227 553 δι
2259 520 2393 554 cerebro

1378 564 1558 607 quidquam
1582 588 1592 603 ,
1623 564 1705 597 unde
1738 564 1847 605 potius
1882 563 1949 597 liaec
1983 575 2137 608 repeteres
2161 588 2171 604 ‚
2213 575 2310 606 quam
2351 565 2392 598 ab

1379 608 1493 684 olliisius
1509 634 1517 648 ‚
1540 619 1611 651 quae
1636 607 1827 641 in-Praesulis
1851 618 1979 651 quoque
1990 607 2097 643 Crassa
2120 608 2266 651 meninge
2289 619 2392 651 reper-

1380 661 1411 684 ta
1451 661 1528 686 unt.

1424 695 1452 727 8.
1478 696 1524 728 At
1549 698 1657 734 enim,
1680 696 1789 737 inquis
1814 716 1822 729 ‚
1861 695 2004 737 exempla
2028 697 2124 729 etiam
2149 704 2259 729 extant
2282 694 2392 729 offiurn

1377 740 1409 771 in
1434 738 1540 772 eadem
1557 742 1702 784 meninge
1712 737 2005 781 deprehensorum,
2028 752 2044 773 a
2067 740 2182 782 quibus
2198 748 2303 772 tamen
2328 740 2392 773 ulla

1375 792 1446 815 orta
1478 784 1684 817 incommoda
1714 794 1780 817 non
1816 780 2010 816 adnotantur
2034 807 2042 815 .
2076 785 2151 826 Ego
2191 795 2269 816 vei-o
2314 783 2391 816 adeo

1380 827 1447 860 haec
1471 838 1532 860 non
1557 839 1639 870 nego
1663 851 1676 868 ,
1708 836 1745 860 ut
1777 827 1856 859 meis
1892 836 1955 858 non
1980 826 2126 860 dubitem
2140 827 2393 860 Observationis-

1380 870 1649 909 busrconfirmare
1674 896 1681 902 .
1718 872 1808 904 Nam
1834 878 1948 912 praeter
1970 870 2050 903 illud
2074 883 2109 904 os
2132 881 2282 914 magnum
2304 872 2391 914 quod

1379 916 1454 948 alias
1478 917 1492 953 (
1514 924 1529 949 t
1549 920 1563 957 )
1587 914 1733 957 descripsi
1750 938 1761 954 ‚
1785 915 1889 946 inveni
1915 912 2050 947 alterum
2073 915 2107 946 in
2130 916 2201 946 vii-o
2265 914 2303 947 de
2326 926 2392 957 quo

1379 959 1455 992 alibi
1480 963 1493 998 (
1515 971 1535 992 u
1557 964 1570 1001 )
1595 959 1696 992 sermo
1718 959 1781 990 erit
1803 983 1811 997 ‚
1837 954 2008 990 mediocris
2032 968 2099 990 uvae
2123 969 2136 987 a
2161 959 2205 990 ini
2230 959 2393 1000 magnitu-¹

1376 1003 1471 1039 dine,
1496 1002 1659 1045 superficie
1683 1003 1796 1035 leviter
1819 999 1953 1043 gratiosa
1971 1023 1984 1041 ,
2008 999 2212 1035 ἱιπετέξὲιιῐη
2236 999 2355 1035 Crassae
2380 1025 2391 1040 ‚

1375 1046 1545 1089 Tenuique
1568 1047 1713 1087 meniiigi
1740 1070 1751 1085 ‚
1783 1043 1869 1088 quod
1902 1042 1960 1076 sibi
1997 1043 2236 1086 respondentem
2267 1044 2395 1084 foveam

1376 1100 1581 1123 excavaverat
1605 1092 1640 1123 in
1672 1089 1806 1124 didueto
1829 1087 1947 1121 cerebri
1980 1086 2068 1120 sulco
2105 1099 2166 1130 qua
2201 1086 2393 1131 hemisphae-

1375 1134 1414 1167 rii
1441 1132 1554 1167 sinistri
1581 1145 1651 1176 pars
1676 1133 1816 1175 superior
1847 1132 1885 1164 ab
1909 1133 2067 1164 anteriore
2099 1130 2156 1165 suo
2179 1141 2323 1165 extremo
2341 1132 2393 1166 di-

1374 1178 1462 1220 gitos
1484 1177 1675 1211 transversos
1697 1185 1835 1219 quatuor
1857 1175 1991 1209 distabat
2014 1198 2025 1215 ‚
2060 1174 2305 1219 sesquidigitum
2337 1188 2393 1211 au-

1374 1231 1440 1254 tem
1464 1222 1500 1254 ab
1532 1220 1763 1263 hemisphaerio
1785 1219 1917 1253 dextero
1939 1241 1948 1255 ‚
1983 1219 2086 1253 foveae
2111 1219 2285 1261 parietibus
2310 1243 2322 1259 ,
2358 1222 2391 1253 δε

1375 1265 1581 1308 εἰτειιηηῖεέῖει
1616 1264 1785 1298 substantia
1811 1262 1978 1295 secundum
2013 1271 2158 1295 naturam
2182 1262 2210 1296 se
2244 1261 2394 1296 habenti..

1374 1311 1432 1343 bus
1455 1334 1462 1340 .
1497 1310 1544 1344 Et
1567 1320 1604 1342 ne
1638 1308 1768 1350 longius
1801 1318 1818 1339 a
1850 1307 1980 1339 Falcato
2004 1304 2146 1348 processu
2181 1307 2315 1345 abeam5
2347 1307 2389 1340 A=.

1380 1355 1472 1397 1726.
1498 1355 1531 1386 &
1553 1352 1593 1385 A.
1622 1364 1711 1396 ¹744·
1734 1361 1811 1384 cum
1833 1350 1867 1382 in
1886 1347 2087 1391 Gymnaiio,
2111 1358 2146 1383 ut
2171 1350 2285 1384 solitus
2301 1349 2394 1392 sum,

1377 1408 1442 1431 non
1466 1407 1566 1431 unum
1587 1396 1751 1429 cerebrum
1774 1393 1977 1431 dissecamin,
2003 1394 2037 1425 in
2060 1395 2129 1426 viro
2151 1415 2160 1431 ‚
2194 1395 2335 1437 itemque
2358 1395 2396 1428 in*

1375 1441 1507 1477 muliere
1540 1440 1605 1474 osla
1629 1440 1676 1473 ibi
1710 1438 1748 1472 ad
1772 1438 1856 1471 hunc
1890 1436 2023 1471 modum
2046 1436 2225 1479 conspexi.
2261 1439 2299 1471 In
2335 1438 2397 1473 illo

1376 1485 1433 1519 sub
1455 1483 1526 1528 ipso
1546 1484 1663 1517 vertice
1685 1507 1696 1524 ,
1730 1481 1767 1515 ad
1795 1481 1915 1524 singula
1940 1480 2204 1523 Longitudinalis
2230 1482 2324 1514 Sinus
2346 1482 2395 1515 la-

1377 1539 1468 1571 tera,
1490 1530 1522 1561 in
1547 1527 1614 1570 ipsa
1639 1529 1737 1561 Durae
1761 1526 1920 1567 meningis
1944 1523 2142 1565 substantia,
2167 1526 2294 1567 singula.
2304 1535 2395 1559 erant

1376 1584 1440 1607 non
1477 1583 1570 1614 parva
1592 1571 1718 1604 officula
1743 1597 1750 1611 ‚
1783 1580 1924 1613 quorum
1949 1579 2047 1602 unum
2082 1570 2116 1601 in
2142 1570 2246 1612 plures
2279 1569 2396 1603 oblon-

1376 1629 1435 1657 gos
1460 1640 1471 1656 ,
1505 1613 1676 1657 acutosque
1699 1612 1786 1657 quasi
1817 1612 2000 1646 denticulos
2024 1611 2182 1645 desinebat
2206 1638 2213 1644 .
2250 1615 2288 1646 In
2322 1625 2396 1648 mu..

1377 1655 1453 1694 liere
1478 1668 1583 1692 autem
1607 1680 1618 1698 ‚
1653 1668 1747 1700 parva
1772 1657 1898 1689 officula
1922 1664 2009 1688 erant
2034 1657 2095 1688 tria
2114 1680 2127 1696 ,
2150 1655 2215 1689 fere
2238 1656 2293 1690 sub
2327 1668 2396 1690 ver-

1376 1706 1439 1736 tice
1474 1703 1578 1736 locata
1601 1724 1613 1741 ‚
1645 1711 1782 1743 quorum
1817 1700 2027 1733 crassissimum
2058 1699 2096 1731 ab
2129 1699 2255 1734 duobus
2287 1700 2397 1734 lateri-

1377 1748 1435 1780 bus
1460 1771 1472 1787 ,
1505 1745 1554 1781 sed
1578 1744 1617 1777 ab
1639 1754 1705 1778 uno
1739 1743 1915 1786 praesertim
1935 1766 1946 1784 ,
1978 1742 2096 1775 similes
2119 1744 2284 1777 emittebat
2317 1743 2394 1777 den-

1377 1790 1496 1825 ticulos
1522 1804 1531 1828 3
1568 1786 1691 1831 reliqua
1732 1796 1820 1820 erant
1856 1786 2059 1828 squamarum
2097 1785 2231 1820 duarum
2262 1786 2358 1820 instar
2381 1812 2398 1828 s

1377 1833 1510 1877 majoris
1525 1859 1533 1873 ‚
1559 1835 1590 1865 &
1615 1833 1773 1864 minoris.
1801 1832 1908 1863 Inerat
1931 1828 2012 1863 illud
2050 1830 2083 1862 in
2107 1829 2178 1873 ipso
2200 1840 2332 1864 extenuo
2355 1830 2397 1864 si-

1378 1878 1479 1912 nistro
1505 1877 1601 1910 latere
1627 1876 1720 1908 Sinus
1744 1874 1842 1916 paulo
1865 1883 1954 1907 antea
1978 1875 2148 1907 memorati
2169 1887 2179 1914 3
2218 1875 2286 1908 haee
2310 1876 2401 1909 inter>

1378 1921 1407 1955 se
1431 1921 1538 1954 vicina
1560 1943 1572 1960 ,
1604 1929 1660 1952 nec
1685 1919 1824 1952 multum
1856 1917 1960 1951 diffita
1984 1917 2022 1950 ab
2053 1918 2169 1952 infimo
2193 1919 2296 1953 Falcis
2320 1919 2399 1952 lim-¹

1372 1964 1440 2006 b0,
1463 1963 1602 1999 dexterae
1627 1961 1719 1995 faciei
1747 1960 1887 2004 ejusdem
1911 1962 2013 1994 Falcis
2036 1960 2078 1994 fic
2103 1962 2333 2004 adhaerebant,
2356 1973 2397 1997 ut-

1373 2009 1465 2042 nullo
1488 2008 1625 2049 negotio
1649 2006 1741 2039 avelli
1766 2005 1889 2047 possent
1911 2028 1919 2037 .
1955 2004 2057 2043 Quod
2081 2004 2103 2038 fi
2127 2017 2211 2039 nunc
2236 2018 2357 2049 quaeras
2381 2029 2400 2047 ,v

1373 2053 1427 2086 cui
1451 2060 1504 2084 aut
1527 2050 1653 2087 dolori,
1679 2058 1733 2082 aut
1757 2048 1971 2082 incommodo
1994 2049 2282 2084 antenoviffimum
2305 2060 2401 2084 mor--

1374 2096 1452 2129 bum
1479 2093 1514 2127 hi
1537 2092 1654 2136 singuli
1679 2091 1802 2126 fuerint
1824 2092 1960 2125 obnoxii
1984 2104 1994 2131 ς
2031 2103 2081 2126 me
2107 2104 2235 2138 quoque
2258 2095 2394 2138 perqui-

1373 2136 1495 2176 sivisse,
1520 2136 1649 2177 dicam,
1673 2134 1906 2180 &praesertim
1921 2134 1959 2168 de
1980 2136 2113 2169 muliere
2127 2135 2209 2178 hac,
2232 2150 2303 2182 quae
2315 2149 2394 2171 con—

1375 2182 1500 2216 fistente
1524 2204 1533 2218 ‚
1568 2190 1604 2214 ut
1630 2179 1797 2225 videbatur
1818 2201 1827 2217 ‚
1862 2188 1957 2213 aetate
1981 2179 2054 2226 post
2076 2179 2237 2223 sanguinis
2262 2181 2393 2225 sputum

1374 2224 1542 2260 decesserat
1566 2236 1579 2265 ;
1613 2222 1689 2264 sed,
1712 2225 1807 2257 utin
1832 2223 1987 2257 mendicis
2010 2224 2123 2266 saepius
2148 2225 2273 2260 accidit.
2293 2249 2306 2266 ,
2341 2227 2395 2258 ni-

1375 2270 1423 2303 liil
1449 2270 1560 2303 rescire
1584 2266 1722 2310 potuisse
1745 2264 1834 2309 quod
1858 2278 1919 2309 pro
1941 2275 2032 2300 certo
2057 2266 2240 2303 adnotarem
2261 2293 2268 2301 .
2298 2270 2398 2304 Num

1373 2325 1448 2347 vei-0
1471 2321 1640 2356 propterea
1664 2309 1849 2352 ponendum
1875 2322 1933 2354 pro
1956 2319 2043 2357 certo
2066 2310 2108 2346 est
2128 2335 2141 2353 ,
2173 2314 2261 2347 nulla
2284 2315 2399 2346 omni--

1374 2369 1417 2391 iio
1440 2357 1477 2390 ab
1501 2357 1542 2389 iis
1564 2353 1702 2388 officulis
1725 2355 1932 2389 incommoda
1956 2352 2049 2387 fuisse
2074 2356 2196 2390 allata?
2220 2357 2300 2390 Non
2325 2368 2396 2391 ina-¹

1375 2402 1424 2441 gis
1450 2399 1598 2443 profe-<fio
1616 2422 1629 2438 ,
1662 2409 1758 2441 quam
1783 2398 1838 2432 ubi
1863 2398 1959 2441 Casp.
1984 2396 2203 2435 Hoffmannus
2235 2403 2249 2440 (
2271 2410 2293 2435 x
2315 2404 2330 2441 )
2353 2399 2400 2434 fi-

1375 2444 1419 2476 let
1443 2455 1514 2487 quae
1539 2442 1732 2475 detrimenta
1757 2441 1912 2475 attulisset
1937 2454 1970 2475 os
1993 2443 2250 2487 cartilaginosum
2286 2445 2393 2478 exafie

1375 2488 1565 2522 rotundum,
1590 2484 1677 2526 quod
1699 2486 1916 2527 magnitudine
1939 2484 2057 2518 thaleri
2079 2487 2258 2528 imperialis·
2279 2510 2293 2527 ,
2316 2488 2394 2521 Du-

1375 2541 1408 2563 ra
1432 2530 1580 2570 meninge
1602 2528 1755 2570 utrinque
1780 2529 1901 2561 tetstum
1919 2551 1932 2568 ,
1965 2529 2129 2562 invenerat
2151 2554 2164 2571 ,
2202 2539 2260 2564 aue
2280 2532 2401 2574 potius>

1374 2582 1410 2609 ut
1435 2572 1552 2606 oniiffis
1577 2571 1756 2605 minoribus
1776 2594 1786 2609 ‚
1822 2571 1942 2613 majora
1976 2581 2228 2607 commen-iorem
2249 2586 2260 2612 ,-
2295 2585 2393 2618 quam

1378 2618 1432 2651 ubi
1459 2614 1624 2651 Dionifius
1648 2617 1702 2658 (y
1725 2618 1738 2654 )
1762 2613 1874 2648 scribit
1900 2639 1908 2654 ,
1943 2613 1971 2647 se
1996 2614 2028 2646 in
2054 2626 2135 2649 noto
2159 2616 2281 2651 artifice
2304 2629 2394 2661 repe-

1378 2659 1446 2694 risse
1478 2659 1605 2693 eandem
1631 2659 1812 2701 meningen]
1848 2657 1965 2691 osseam
2002 2657 2121 2694 faciam
2154 2661 2393 2703 propemodum

1377 2715 1506 2743 totam,
1528 2715 1625 2746 neque
1650 2702 1794 2739 indicat,
1819 2701 1935 2743 quibus
1957 2702 1984 2735 is
2007 2703 2167 2738 obnoxius
2202 2704 2301 2738 fuerit
2325 2716 2396 2739 ma-

1376 2750 1416 2782 lis
1440 2774 1447 2780 .
1483 2747 1613 2780 Scilicet
1638 2755 1692 2779 aut
1728 2757 1798 2789 quae
1823 2744 1892 2792 ligec
1927 2744 2049 2779 fuerint
2071 2771 2084 2787 ‚
2119 2747 2194 2781 satis
2220 2750 2401 2792 cognitum·v

1376 2792 1489 2826 habere
1513 2802 1578 2824 non
1603 2790 1734 2833 potuit,
1760 2797 1812 2823 aut
1837 2790 1857 2821 si
1882 2788 2014 2828 habuit,
2041 2791 2130 2834 quod
2156 2792 2311 2833 denoto,
2336 2804 2393 2826 nec

1374 2836 1546 2875 mendico,
1570 2834 1702 2868 homine
1729 2833 1836 2875 potius
1861 2832 1977 2873 credo,
2003 2836 2035 2866 in
2060 2835 2188 2874 locum,
2214 2839 2246 2871 &
2265 2846 2392 2880 tempus

1375 2880 1594 2923 opportunius
1618 2877 1650 2910 id
1674 2876 1821 2911 distulit.-
1843 2876 1929 2923 quod
1943 2876 2040 2911 ficubi
2065 2878 2165 2917 fecit;
2190 2891 2225 2913 ea
2240 2881 2398 2923 perutilis

1375 2923 1444 2958 fore
1468 2922 1595 2956 videtui·
1621 2920 1754 2954 historia
1781 2920 1818 2967 3ῃά
1838 2920 1991 2962 quosdam
2014 2922 2103 2956 illius
2117 2925 2278 2966 meningis
2296 2924 2393 2966 usus,

1377 2968 1415 3001 de
1442 2967 1560 3010 quibus
1584 2964 1730 2999 niultum=
1747 2962 1948 3006 disputatum
1972 2964 2014 2999 est
2037 2964 2095 2999 hac
2120 2977 2215 3001 aetate
2238 2992 2250 3008 ,
2274 2977 2329 3002 aut
2354 2980 2393 3004 ex

1378 3020 1466 3053 parte
1491 3011 1595 3053 aliqua
1620 3007 1776 3046 tuendos,
1803 3016 1857 3039 aut
1882 3009 2017 3041 omnino
2042 3008 2258 3052 abjiciendos.

1378 3054 1464 3089 Illud
1490 3063 1639 3096 praeterea
1677 3049 1996 3087 animadvertendum
2019 3053 2063 3087 est
2080 3080 2090 3095 ‚
2122 3054 2210 3098 quod
2234 3054 2291 3092 etsi
2325 3055 2393 3090 ossa

1377 3100 1540 3139 meninges
1565 3096 1740 3139 pungentia
1764 3094 1855 3127 valde
1880 3106 2040 3137 noceant,
2062 3098 2395 3141 quemadmodumil-

1381 3141 1436 3176 lud
1468 3141 1505 3174 de
1529 3152 1594 3183 quo
1630 3140 1778 3172 meminit
1803 3140 1912 3172 Petrus
1937 3139 2085 3174 Borellus
2118 3142 2179 3185 (z
2201 3146 2214 3182 )
2239 3165 2247 3181 ‚
2281 3143 2394 3177 multis

1380 3182 1558 3228 cuspidibus
1569 3183 1727 3216 horridum
1741 3208 1749 3219 ‚
1773 3183 1895 3230 indui-av
1916 3192 2018 3219 matre
2033 3184 2262 3227 deprehensum
2278 3211 2286 3225 ,
2314 3187 2392 3220 unde

1380 3230 1496 3262 dolores
1507 3238 1583 3269 aeger
1594 3227 1710 3268 capitis
1722 3227 1774 3259 diu
1784 3224 2006 3269 paſjusfii-ercit
2018 3252 2029 3268 ,
2042 3231 2075 3262 &
2089 3237 2142 3262 tot
2164 3230 2225 3262 alia
2236 3229 2299 3264 ossa
2312 3228 2396 3272 ejus⁴

1379 3269 1502 3305 cemodi
1529 3274 1613 3309 (ως
1639 3281 1745 3303 tamen
1770 3271 1825 3303 nisi
1851 3282 1884 3303 ea
1908 3270 2038 3312 forma,
2063 3275 2098 3304 &f
2119 3273 2226 3314 pofitu
2244 3273 2304 3307 sint
2319 3296 2332 3312 ,
2355 3281 2392 3305 ut

1379 3314 1494 3358 poffint
1517 3315 1679 3355 meninges
1701 3324 1917 3356 compungere
1936 3338 1958 3354 ‚A
1973 3324 2027 3348 aut
2050 3316 2189 3356 pondere
2210 3342 2220 3357 ,
2252 3320 2285 3350 <Sc
2307 3316 2393 3349 mole

1381 3358 1471 3393 aneia
1495 3356 1594 3398 adeo,
1617 3367 1651 3392 ut
1675 3356 1822 3392 deorsum
1846 3357 2023 3397 trahendo,
2047 3367 2101 3392 aut
2125 3359 2321 3403 premendo,
2345 3360 2394 3391 Si-

2272 3413 2349 3436 num

1483 3581 1497 3610 (
1512 3590 1524 3604 r
1539 3581 1552 3610 )
1569 3580 1628 3604 Hist.
1646 3580 1673 3605 de
1691 3581 1788 3605 ΓΑΕ-Μ.
1805 3583 1834 3605 R,
1853 3582 1893 3605 des
1912 3583 1948 3606 Sc.
1965 3585 1994 3606 A.
2014 3589 2081 3612 1734-
2099 3581 2155 3606 Obs.
2174 3585 2246 3607 Anat.
2264 3591 2286 3606 2.

1399 3614 1413 3641 (
1429 3621 1445 3636 u
1466 3613 1472 3638 )
1491 3612 1561 3641 Epist.
1580 3619 1615 3640 52.
1635 3620 1656 3635 n.
1677 3619 1712 3640 32-
1776 3612 1785 3638 (
1803 3620 1817 3635 x
1837 3614 1842 3640 )
1863 3615 1966 3642 apolog.
1984 3620 2026 3641 pro
2042 3614 2098 3637 Gai.
2121 3615 2138 3639 lv
2156 3622 2177 3637 2.
2197 3616 2219 3637 S.
2236 3623 2261 3641 4-
2282 3622 2303 3638 n.
2323 3616 2376 3644 287.

1161 3645 1173 3673 (
1190 3652 1207 3672 ⁷-
1226 3645 1235 3672 )
1253 3643 1311 3667 Hisi.
1331 3643 1352 3666 Sc
1370 3643 1429 3667 Obs.
1447 3644 1518 3668 Med.
1538 3642 1604 3671 Phys.
1625 3644 1696 3667 Ccnx.
1715 3653 1736 3669 ›a‹
1756 3642 1815 3667 ΟΜ.
1835 3650 1872 3672 99.
