<?xml version="1.0" encoding="UTF-8"?>
<!DOCTYPE html PUBLIC "-//W3C//DTD XHTML 1.0 Transitional//EN"
    "http://www.w3.org/TR/xhtml1/DTD/xhtml1-transitional.dtd">
<html xmlns="http://www.w3.org/1999/xhtml" xml:lang="en" lang="en">
 <head>
  <title>
</title>
<meta http-equiv="Content-Type" content="text/html;charset=utf-8" />
  <meta name='ocr-system' content='tesseract 3.04.00' />
  <meta name='ocr-capabilities' content='ocr_page ocr_carea ocr_par ocr_line ocrx_word'/>
</head>
<body>
  <div class='ocr_page' id='page_1' title='image "./desedibusetcausi00morg_0673.png"; bbox 0 0 2498 4075; ppageno 0'>
   <div class='ocr_carea' id='block_1_1' title="bbox 33 271 1088 3610">
    <p class='ocr_par' dir='ltr' id='par_1_1' title="bbox 39 271 1088 2310">
     <span class='ocr_line' id='line_1_1' title="bbox 87 271 1088 318; baseline 0.002 -11"><span class='ocrx_word' id='word_1_1' title='bbox 87 271 127 307; x_wconf 88' lang='lat' dir='ltr'>ad</span> <span class='ocrx_word' id='word_1_2' title='bbox 149 273 407 312; x_wconf 70' lang='lat' dir='ltr'>amputationem</span> <span class='ocrx_word' id='word_1_3' title='bbox 429 272 623 307; x_wconf 85' lang='lat' dir='ltr'>veniendum</span> <span class='ocrx_word' id='word_1_4' title='bbox 645 272 689 306; x_wconf 86' lang='lat' dir='ltr'>est</span> <span class='ocrx_word' id='word_1_5' title='bbox 713 284 779 307; x_wconf 89' lang='lat' dir='ltr'>non</span> <span class='ocrx_word' id='word_1_6' title='bbox 801 274 943 308; x_wconf 85' lang='lat' dir='ltr'>cedentis</span> <span class='ocrx_word' id='word_1_7' title='bbox 966 275 1088 318; x_wconf 81' lang='lat' dir='ltr'>iisquae</span> 
     </span>
     <span class='ocr_line' id='line_1_2' title="bbox 86 315 1087 361; baseline -0.001 -10"><span class='ocrx_word' id='word_1_8' title='bbox 86 317 188 351; x_wconf 86' lang='lat' dir='ltr'>initio</span> <span class='ocrx_word' id='word_1_9' title='bbox 211 315 388 351; x_wconf 88' lang='lat' dir='ltr'>adhibenda</span> <span class='ocrx_word' id='word_1_10' title='bbox 412 318 551 351; x_wconf 84' lang='lat' dir='ltr'>exterius</span> <span class='ocrx_word' id='word_1_11' title='bbox 575 317 799 356; x_wconf 83' lang='lat' dir='ltr'>commendat,</span> <span class='ocrx_word' id='word_1_12' title='bbox 833 316 915 350; x_wconf 86' lang='lat' dir='ltr'>nihil</span> <span class='ocrx_word' id='word_1_13' title='bbox 949 319 1087 361; x_wconf 84' lang='lat' dir='ltr'>relinqui</span> 
     </span>
     <span class='ocr_line' id='line_1_3' title="bbox 85 359 1088 404; baseline -0.002 -8"><span class='ocrx_word' id='word_1_14' title='bbox 85 361 167 396; x_wconf 87' lang='lat' dir='ltr'>velit</span> <span class='ocrx_word' id='word_1_15' title='bbox 187 361 227 395; x_wconf 91' lang='lat' dir='ltr'>de</span> <span class='ocrx_word' id='word_1_16' title='bbox 252 370 401 401; x_wconf 88' lang='lat' dir='ltr'>turnore,</span> <span class='ocrx_word' id='word_1_17' title='bbox 424 372 462 394; x_wconf 90' lang='lat' dir='ltr'>ne</span> <span class='ocrx_word' id='word_1_18' title='bbox 486 359 570 392; x_wconf 88' lang='lat' dir='ltr'>forte</span> <span class='ocrx_word' id='word_1_19' title='bbox 594 359 762 401; x_wconf 85' lang='lat' dir='ltr'>repullulet</span> <span class='ocrx_word' id='word_1_20' title='bbox 783 372 821 394; x_wconf 83' lang='lat' dir='ltr'>ex</span> <span class='ocrx_word' id='word_1_21' title='bbox 843 361 957 394; x_wconf 87' lang='lat' dir='ltr'>cellula</span> <span class='ocrx_word' id='word_1_22' title='bbox 982 362 1088 404; x_wconf 86' lang='lat' dir='ltr'>aliqua</span> 
     </span>
     <span class='ocr_line' id='line_1_4' title="bbox 84 402 1087 450; baseline -0.003 -10"><span class='ocrx_word' id='word_1_23' title='bbox 84 406 151 450; x_wconf 82' lang='lat' dir='ltr'>jam</span> <span class='ocrx_word' id='word_1_24' title='bbox 175 405 279 439; x_wconf 84' lang='lat' dir='ltr'>laxata</span> <span class='ocrx_word' id='word_1_25' title='bbox 295 431 304 445; x_wconf 88' lang='lat'>,</span> <span class='ocrx_word' id='word_1_26' title='bbox 328 414 364 439; x_wconf 88' lang='lat' dir='ltr'>ut</span> <span class='ocrx_word' id='word_1_27' title='bbox 387 406 452 442; x_wconf 87' lang='lat' dir='ltr'>ait,</span> <span class='ocrx_word' id='word_1_28' title='bbox 476 414 540 436; x_wconf 89' lang='lat' dir='ltr'>non</span> <span class='ocrx_word' id='word_1_29' title='bbox 563 413 602 435; x_wconf 80' lang='lat' dir='ltr'>ex</span> <span class='ocrx_word' id='word_1_30' title='bbox 624 402 719 443; x_wconf 88' lang='lat' dir='ltr'>cystis</span> <span class='ocrx_word' id='word_1_31' title='bbox 753 405 923 446; x_wconf 87' lang='lat' dir='ltr'>reliquiis,</span> <span class='ocrx_word' id='word_1_32' title='bbox 945 415 1042 446; x_wconf 90' lang='lat' dir='ltr'>quam</span> <span class='ocrx_word' id='word_1_33' title='bbox 1063 403 1087 437; x_wconf 80' lang='lat' dir='ltr'>si</span> 
     </span>
     <span class='ocr_line' id='line_1_5' title="bbox 86 444 956 484; baseline -0.006 0"><span class='ocrx_word' id='word_1_34' title='bbox 86 459 165 484; x_wconf 89' lang='lat' dir='ltr'>tunc</span> <span class='ocrx_word' id='word_1_35' title='bbox 188 449 287 482; x_wconf 89' lang='lat' dir='ltr'>ullam</span> <span class='ocrx_word' id='word_1_36' title='bbox 309 447 453 482; x_wconf 77' lang='lat' dir='ltr'>vidisset,</span> <span class='ocrx_word' id='word_1_37' title='bbox 480 446 527 480; x_wconf 88' lang='lat' dir='ltr'>ibi</span> <span class='ocrx_word' id='word_1_38' title='bbox 551 456 616 479; x_wconf 89' lang='lat' dir='ltr'>non</span> <span class='ocrx_word' id='word_1_39' title='bbox 642 444 746 480; x_wconf 86' lang='lat' dir='ltr'>fuisset</span> <span class='ocrx_word' id='word_1_40' title='bbox 768 447 956 481; x_wconf 75' lang='lat' dir='ltr'>omissuros.</span> 
     </span>
     <span class='ocr_line' id='line_1_6' title="bbox 86 487 1086 533; baseline -0.001 -7"><span class='ocrx_word' id='word_1_41' title='bbox 86 494 269 527; x_wconf 89' lang='lat' dir='ltr'>Tumorem</span> <span class='ocrx_word' id='word_1_42' title='bbox 292 502 331 525; x_wconf 85' lang='lat' dir='ltr'>ex</span> <span class='ocrx_word' id='word_1_43' title='bbox 354 489 549 533; x_wconf 83' lang='lat' dir='ltr'>pinguedine</span> <span class='ocrx_word' id='word_1_44' title='bbox 572 487 695 523; x_wconf 69' lang='lat' dir='ltr'>fastum</span> <span class='ocrx_word' id='word_1_45' title='bbox 720 491 867 525; x_wconf 88' lang='lat' dir='ltr'>Littrius</span> <span class='ocrx_word' id='word_1_46' title='bbox 897 489 1086 525; x_wconf 78' lang='lat' dir='ltr'>rariffimum</span> 
     </span>
     <span class='ocr_line' id='line_1_7' title="bbox 84 531 1085 576; baseline -0.003 -7"><span class='ocrx_word' id='word_1_47' title='bbox 84 535 255 573; x_wconf 84' lang='lat' dir='ltr'>credebat,</span> <span class='ocrx_word' id='word_1_48' title='bbox 278 545 337 568; x_wconf 87' lang='lat' dir='ltr'>nec</span> <span class='ocrx_word' id='word_1_49' title='bbox 359 531 489 568; x_wconf 81' lang='lat' dir='ltr'>fortasse</span> <span class='ocrx_word' id='word_1_50' title='bbox 512 541 601 566; x_wconf 86' lang='lat' dir='ltr'>antea</span> <span class='ocrx_word' id='word_1_51' title='bbox 625 532 748 566; x_wconf 86' lang='lat' dir='ltr'>visum.</span> <span class='ocrx_word' id='word_1_52' title='bbox 773 532 961 569; x_wconf 83' lang='lat' dir='ltr'>Elsholzius</span> <span class='ocrx_word' id='word_1_53' title='bbox 1000 535 1051 576; x_wconf 87' lang='lat' dir='ltr'>(r</span> <span class='ocrx_word' id='word_1_54' title='bbox 1072 537 1085 572; x_wconf 88' lang='lat'>)</span> 
     </span>
     <span class='ocr_line' id='line_1_8' title="bbox 83 575 1085 617; baseline -0.003 -4"><span class='ocrx_word' id='word_1_55' title='bbox 83 588 193 614; x_wconf 87' lang='lat' dir='ltr'>tamen</span> <span class='ocrx_word' id='word_1_56' title='bbox 219 578 387 611; x_wconf 86' lang='lat' dir='ltr'>anteillos</span> <span class='ocrx_word' id='word_1_57' title='bbox 408 575 727 617; x_wconf 81' lang='lat' dir='ltr'>duodequadraginta</span> <span class='ocrx_word' id='word_1_58' title='bbox 750 587 848 610; x_wconf 83' lang='lat' dir='ltr'>annos</span> <span class='ocrx_word' id='word_1_59' title='bbox 872 575 931 610; x_wconf 88' lang='lat' dir='ltr'>sub</span> <span class='ocrx_word' id='word_1_60' title='bbox 954 578 1085 611; x_wconf 86' lang='lat' dir='ltr'>nornine</span> 
     </span>
     <span class='ocr_line' id='line_1_9' title="bbox 81 619 1082 663; baseline -0.007 -7"><span class='ocrx_word' id='word_1_61' title='bbox 81 623 283 663; x_wconf 71' lang='lat' dir='ltr'>steatomatis</span> <span class='ocrx_word' id='word_1_62' title='bbox 294 620 514 654; x_wconf 73' lang='lat' dir='ltr'>disleffionem</span> <span class='ocrx_word' id='word_1_63' title='bbox 523 620 659 653; x_wconf 87' lang='lat' dir='ltr'>tumoris</span> <span class='ocrx_word' id='word_1_64' title='bbox 669 619 812 653; x_wconf 79' lang='lat' dir='ltr'>ediderat</span> <span class='ocrx_word' id='word_1_65' title='bbox 827 621 883 662; x_wconf 89' lang='lat' dir='ltr'>qui</span> <span class='ocrx_word' id='word_1_66' title='bbox 900 621 997 653; x_wconf 87' lang='lat' dir='ltr'>militi</span> <span class='ocrx_word' id='word_1_67' title='bbox 1012 632 1082 660; x_wconf 87' lang='lat' dir='ltr'>pro.</span> 
     </span>
     <span class='ocr_line' id='line_1_10' title="bbox 82 663 1084 710; baseline -0.004 -10"><span class='ocrx_word' id='word_1_68' title='bbox 82 677 123 710; x_wconf 88' lang='lat' dir='ltr'>pe</span> <span class='ocrx_word' id='word_1_69' title='bbox 144 663 405 698; x_wconf 85' lang='lat' dir='ltr'>interfemineum</span> <span class='ocrx_word' id='word_1_70' title='bbox 421 673 512 696; x_wconf 85' lang='lat' dir='ltr'>natus</span> <span class='ocrx_word' id='word_1_71' title='bbox 522 687 540 702; x_wconf 27' lang='lat'>‚¹</span> <span class='ocrx_word' id='word_1_72' title='bbox 557 663 682 708; x_wconf 76' lang='lat' dir='ltr'>adipem</span> <span class='ocrx_word' id='word_1_73' title='bbox 694 663 890 699; x_wconf 87' lang='lat' dir='ltr'>continebat,</span> <span class='ocrx_word' id='word_1_74' title='bbox 901 663 1084 706; x_wconf 77' lang='lat' dir='ltr'>tenmffimis</span> 
     </span>
     <span class='ocr_line' id='line_1_11' title="bbox 85 704 1083 749; baseline -0.004 -6"><span class='ocrx_word' id='word_1_75' title='bbox 85 707 310 743; x_wconf 83' lang='lat' dir='ltr'>membranulis</span> <span class='ocrx_word' id='word_1_76' title='bbox 349 717 406 749; x_wconf 82' lang='lat' dir='ltr'>per</span> <span class='ocrx_word' id='word_1_77' title='bbox 449 714 547 739; x_wconf 81' lang='lat' dir='ltr'>totam</span> <span class='ocrx_word' id='word_1_78' title='bbox 571 705 668 746; x_wconf 72' lang='lat' dir='ltr'>hujus</span> <span class='ocrx_word' id='word_1_79' title='bbox 689 704 815 749; x_wconf 78' lang='lat' dir='ltr'><strong><em>massam</em></strong></span> <span class='ocrx_word' id='word_1_80' title='bbox 847 706 1018 749; x_wconf 76' lang='lat' dir='ltr'>dispersis,</span> <span class='ocrx_word' id='word_1_81' title='bbox 1049 707 1083 739; x_wconf 79' lang='lat' dir='ltr'>in</span> 
     </span>
     <span class='ocr_line' id='line_1_12' title="bbox 80 749 1079 793; baseline -0.002 -9"><span class='ocrx_word' id='word_1_82' title='bbox 80 750 214 786; x_wconf 82' lang='lat' dir='ltr'>cellulas</span> <span class='ocrx_word' id='word_1_83' title='bbox 237 749 320 793; x_wconf 81' lang='lat' dir='ltr'>quasi</span> <span class='ocrx_word' id='word_1_84' title='bbox 342 749 535 789; x_wconf 68' lang='lat' dir='ltr'>dfflinifl‘um.</span> <span class='ocrx_word' id='word_1_85' title='bbox 561 750 670 793; x_wconf 76' lang='lat' dir='ltr'>Qm</span> <span class='ocrx_word' id='word_1_86' title='bbox 682 759 933 791; x_wconf 84' lang='lat' dir='ltr'>egotumorem‚</span> <span class='ocrx_word' id='word_1_87' title='bbox 957 750 1005 783; x_wconf 87' lang='lat' dir='ltr'>vel</span> <span class='ocrx_word' id='word_1_88' title='bbox 1019 749 1079 783; x_wconf 82' lang='lat' dir='ltr'>dis-</span> 
     </span>
     <span class='ocr_line' id='line_1_13' title="bbox 78 792 1080 835; baseline -0.003 -6"><span class='ocrx_word' id='word_1_89' title='bbox 78 795 155 829; x_wconf 74' lang='lat' dir='ltr'>seffl</span> <span class='ocrx_word' id='word_1_90' title='bbox 179 795 276 827; x_wconf 88' lang='lat' dir='ltr'>Icone</span> <span class='ocrx_word' id='word_1_91' title='bbox 299 792 458 835; x_wconf 68' lang='lat' dir='ltr'>spectata,</span> <span class='ocrx_word' id='word_1_92' title='bbox 482 793 522 826; x_wconf 88' lang='lat' dir='ltr'>ab</span> <span class='ocrx_word' id='word_1_93' title='bbox 546 794 587 827; x_wconf 87' lang='lat' dir='ltr'>iis</span> <span class='ocrx_word' id='word_1_94' title='bbox 610 804 692 835; x_wconf 90' lang='lat' dir='ltr'>quos</span> <span class='ocrx_word' id='word_1_95' title='bbox 714 792 780 834; x_wconf 88' lang='lat' dir='ltr'>ipse</span> <span class='ocrx_word' id='word_1_96' title='bbox 823 793 963 835; x_wconf 87' lang='lat' dir='ltr'>persecui</span> <span class='ocrx_word' id='word_1_97' title='bbox 982 818 990 832; x_wconf 93' lang='lat'>,</span> <span class='ocrx_word' id='word_1_98' title='bbox 1014 805 1080 826; x_wconf 92' lang='lat' dir='ltr'>cre-</span> 
     </span>
     <span class='ocr_line' id='line_1_14' title="bbox 78 834 1080 879; baseline -0.003 -7"><span class='ocrx_word' id='word_1_99' title='bbox 78 838 153 872; x_wconf 87' lang='lat' dir='ltr'>dere</span> <span class='ocrx_word' id='word_1_100' title='bbox 177 835 297 879; x_wconf 85' lang='lat' dir='ltr'>possem</span> <span class='ocrx_word' id='word_1_101' title='bbox 320 837 374 868; x_wconf 89' lang='lat' dir='ltr'>vix</span> <span class='ocrx_word' id='word_1_102' title='bbox 397 836 653 878; x_wconf 80' lang='lat' dir='ltr'>discrepantem,</span> <span class='ocrx_word' id='word_1_103' title='bbox 676 834 734 869; x_wconf 79' lang='lat' dir='ltr'>nisi</span> <span class='ocrx_word' id='word_1_104' title='bbox 758 835 982 876; x_wconf 55' lang='lat' dir='ltr'>circumjectus</span> <span class='ocrx_word' id='word_1_105' title='bbox 1017 837 1080 869; x_wconf 88' lang='lat' dir='ltr'>fol-</span> 
     </span>
     <span class='ocr_line' id='line_1_15' title="bbox 78 878 1078 923; baseline -0.003 -7"><span class='ocrx_word' id='word_1_106' title='bbox 78 881 198 916; x_wconf 83' lang='lat' dir='ltr'>liculus</span> <span class='ocrx_word' id='word_1_107' title='bbox 222 889 414 914; x_wconf 86' lang='lat' dir='ltr'>memoratus</span> <span class='ocrx_word' id='word_1_108' title='bbox 436 878 533 919; x_wconf 81' lang='lat' dir='ltr'>esset,</span> <span class='ocrx_word' id='word_1_109' title='bbox 558 880 646 923; x_wconf 87' lang='lat' dir='ltr'>isque</span> <span class='ocrx_word' id='word_1_110' title='bbox 670 879 807 912; x_wconf 84' lang='lat' dir='ltr'>craffitie</span> <span class='ocrx_word' id='word_1_111' title='bbox 829 880 988 913; x_wconf 86' lang='lat' dir='ltr'>calamum</span> <span class='ocrx_word' id='word_1_112' title='bbox 1012 879 1078 914; x_wconf 87' lang='lat' dir='ltr'>fere</span> 
     </span>
     <span class='ocr_line' id='line_1_16' title="bbox 78 921 1076 968; baseline -0.002 -10"><span class='ocrx_word' id='word_1_113' title='bbox 78 934 227 968; x_wconf 75' lang='lat' dir='ltr'>aequans.</span> <span class='ocrx_word' id='word_1_114' title='bbox 252 924 331 957; x_wconf 82' lang='lat' dir='ltr'>Sunt</span> <span class='ocrx_word' id='word_1_115' title='bbox 354 925 386 956; x_wconf 70' lang='grc' dir='ltr'>δε</span> <span class='ocrx_word' id='word_1_116' title='bbox 411 924 485 964; x_wconf 87' lang='lat' dir='ltr'>alii,</span> <span class='ocrx_word' id='word_1_117' title='bbox 507 934 646 965; x_wconf 85' lang='lat' dir='ltr'>quorum</span> <span class='ocrx_word' id='word_1_118' title='bbox 669 923 792 955; x_wconf 87' lang='lat' dir='ltr'>mentio</span> <span class='ocrx_word' id='word_1_119' title='bbox 813 921 852 955; x_wconf 82' lang='lat' dir='ltr'>fit</span> <span class='ocrx_word' id='word_1_120' title='bbox 876 924 915 955; x_wconf 86' lang='lat' dir='ltr'>ab</span> <span class='ocrx_word' id='word_1_121' title='bbox 938 924 1076 956; x_wconf 77' lang='lat' dir='ltr'>Alexan-</span> 
     </span>
     <span class='ocr_line' id='line_1_17' title="bbox 76 966 1076 1009; baseline -0.001 -9"><span class='ocrx_word' id='word_1_122' title='bbox 76 967 136 1001; x_wconf 89' lang='lat' dir='ltr'>dro</span> <span class='ocrx_word' id='word_1_123' title='bbox 159 967 350 1000; x_wconf 81' lang='lat' dir='ltr'>camerario</span> <span class='ocrx_word' id='word_1_124' title='bbox 371 966 426 1009; x_wconf 94' lang='lat' dir='ltr'>(s</span> <span class='ocrx_word' id='word_1_125' title='bbox 441 971 474 1007; x_wconf 86' lang='lat'>),</span> <span class='ocrx_word' id='word_1_126' title='bbox 500 966 728 1009; x_wconf 78' lang='lat' dir='ltr'>pinguedinem</span> <span class='ocrx_word' id='word_1_127' title='bbox 751 990 760 1005; x_wconf 95' lang='lat'>,</span> <span class='ocrx_word' id='word_1_128' title='bbox 783 974 838 999; x_wconf 87' lang='lat' dir='ltr'>aut</span> <span class='ocrx_word' id='word_1_129' title='bbox 885 966 1076 1008; x_wconf 82' lang='lat' dir='ltr'>pinguedini</span> 
     </span>
     <span class='ocr_line' id='line_1_18' title="bbox 74 1008 1076 1049; baseline -0.001 -5"><span class='ocrx_word' id='word_1_130' title='bbox 74 1011 244 1044; x_wconf 77' lang='lat' dir='ltr'>materiam</span> <span class='ocrx_word' id='word_1_131' title='bbox 270 1009 405 1044; x_wconf 82' lang='lat' dir='ltr'>similem</span> <span class='ocrx_word' id='word_1_132' title='bbox 428 1011 657 1049; x_wconf 83' lang='lat' dir='ltr'>continentes3</span> <span class='ocrx_word' id='word_1_133' title='bbox 682 1008 733 1043; x_wconf 86' lang='lat' dir='ltr'>sed</span> <span class='ocrx_word' id='word_1_134' title='bbox 756 1020 830 1043; x_wconf 90' lang='lat' dir='ltr'>cum</span> <span class='ocrx_word' id='word_1_135' title='bbox 854 1020 908 1047; x_wconf 85' lang='lat' dir='ltr'>ea,</span> <span class='ocrx_word' id='word_1_136' title='bbox 932 1010 992 1042; x_wconf 88' lang='lat' dir='ltr'>alia</span> <span class='ocrx_word' id='word_1_137' title='bbox 1027 1019 1076 1043; x_wconf 89' lang='lat' dir='ltr'>at-</span> 
     </span>
     <span class='ocr_line' id='line_1_19' title="bbox 71 1052 1074 1097; baseline 0 -11"><span class='ocrx_word' id='word_1_138' title='bbox 71 1066 135 1097; x_wconf 89' lang='lat' dir='ltr'>que</span> <span class='ocrx_word' id='word_1_139' title='bbox 160 1053 246 1093; x_wconf 87' lang='lat' dir='ltr'>alia,</span> <span class='ocrx_word' id='word_1_140' title='bbox 269 1056 300 1087; x_wconf 88' lang='lat'>&amp;</span> <span class='ocrx_word' id='word_1_141' title='bbox 323 1056 356 1086; x_wconf 90' lang='lat' dir='ltr'>in</span> <span class='ocrx_word' id='word_1_142' title='bbox 380 1055 407 1086; x_wconf 92' lang='lat' dir='ltr'>is</span> <span class='ocrx_word' id='word_1_143' title='bbox 426 1053 590 1096; x_wconf 74' lang='lat' dir='ltr'>glandulas</span> <span class='ocrx_word' id='word_1_144' title='bbox 615 1052 797 1093; x_wconf 66' lang='lat' dir='ltr'>interjefias</span> <span class='ocrx_word' id='word_1_145' title='bbox 820 1052 994 1089; x_wconf 87' lang='lat' dir='ltr'>habentes,</span> <span class='ocrx_word' id='word_1_146' title='bbox 1020 1061 1074 1086; x_wconf 89' lang='lat' dir='ltr'>aut</span> 
     </span>
     <span class='ocr_line' id='line_1_20' title="bbox 73 1095 1076 1139; baseline -0.001 -10"><span class='ocrx_word' id='word_1_147' title='bbox 73 1099 109 1131; x_wconf 81' lang='lat' dir='ltr'>iri</span> <span class='ocrx_word' id='word_1_148' title='bbox 134 1095 278 1139; x_wconf 87' lang='lat' dir='ltr'>Adiposa</span> <span class='ocrx_word' id='word_1_149' title='bbox 303 1097 488 1131; x_wconf 86' lang='lat' dir='ltr'>membrana</span> <span class='ocrx_word' id='word_1_150' title='bbox 512 1108 576 1130; x_wconf 89' lang='lat' dir='ltr'>non</span> <span class='ocrx_word' id='word_1_151' title='bbox 600 1096 822 1135; x_wconf 84' lang='lat' dir='ltr'>subsistentes,</span> <span class='ocrx_word' id='word_1_152' title='bbox 846 1105 882 1129; x_wconf 91' lang='lat' dir='ltr'>ut</span> <span class='ocrx_word' id='word_1_153' title='bbox 906 1107 965 1137; x_wconf 88' lang='lat' dir='ltr'>pro</span> <span class='ocrx_word' id='word_1_154' title='bbox 996 1097 1076 1138; x_wconf 80' lang='lat' dir='ltr'>legi-</span> 
     </span>
     <span class='ocr_line' id='line_1_21' title="bbox 71 1139 1075 1183; baseline -0.003 -9"><span class='ocrx_word' id='word_1_155' title='bbox 71 1142 164 1174; x_wconf 81' lang='lat' dir='ltr'>timis</span> <span class='ocrx_word' id='word_1_156' title='bbox 185 1139 280 1182; x_wconf 81' lang='lat' dir='ltr'>hujus</span> <span class='ocrx_word' id='word_1_157' title='bbox 304 1140 563 1181; x_wconf 82' lang='lat' dir='ltr'>Excrescentiis,</span> <span class='ocrx_word' id='word_1_158' title='bbox 585 1140 693 1183; x_wconf 89' lang='lat' dir='ltr'>quales</span> <span class='ocrx_word' id='word_1_159' title='bbox 716 1151 733 1173; x_wconf 90' lang='lat' dir='ltr'>a</span> <span class='ocrx_word' id='word_1_160' title='bbox 756 1150 806 1172; x_wconf 89' lang='lat' dir='ltr'>me</span> <span class='ocrx_word' id='word_1_161' title='bbox 831 1140 1075 1182; x_wconf 85' lang='lat' dir='ltr'>intelliguntur,</span> 
     </span>
     <span class='ocr_line' id='line_1_22' title="bbox 69 1183 1078 1227; baseline -0.004 -8"><span class='ocrx_word' id='word_1_162' title='bbox 69 1184 190 1219; x_wconf 86' lang='lat' dir='ltr'>habere</span> <span class='ocrx_word' id='word_1_163' title='bbox 213 1194 277 1216; x_wconf 87' lang='lat' dir='ltr'>non</span> <span class='ocrx_word' id='word_1_164' title='bbox 303 1185 436 1225; x_wconf 83' lang='lat' dir='ltr'>poffim,</span> <span class='ocrx_word' id='word_1_165' title='bbox 461 1194 497 1217; x_wconf 89' lang='lat' dir='ltr'>ut</span> <span class='ocrx_word' id='word_1_166' title='bbox 522 1195 623 1227; x_wconf 88' lang='lat' dir='ltr'>neque</span> <span class='ocrx_word' id='word_1_167' title='bbox 645 1184 679 1216; x_wconf 89' lang='lat' dir='ltr'>in</span> <span class='ocrx_word' id='word_1_168' title='bbox 703 1184 911 1216; x_wconf 73' lang='lat' dir='ltr'>Comme-reio</span> <span class='ocrx_word' id='word_1_169' title='bbox 938 1183 1078 1215; x_wconf 86' lang='lat' dir='ltr'>Littera-</span> 
     </span>
     <span class='ocr_line' id='line_1_23' title="bbox 67 1224 1079 1270; baseline -0.003 -9"><span class='ocrx_word' id='word_1_170' title='bbox 67 1228 123 1261; x_wconf 85' lang='lat' dir='ltr'>rio</span> <span class='ocrx_word' id='word_1_171' title='bbox 147 1227 164 1269; x_wconf 92' lang='lat'><em>(</em></span> <span class='ocrx_word' id='word_1_172' title='bbox 183 1234 198 1259; x_wconf 83' lang='lat' dir='ltr'>t</span> <span class='ocrx_word' id='word_1_173' title='bbox 218 1230 234 1269; x_wconf 92' lang='lat'><em>)</em></span> <span class='ocrx_word' id='word_1_174' title='bbox 254 1226 436 1269; x_wconf 82' lang='lat' dir='ltr'>propositos</span> <span class='ocrx_word' id='word_1_175' title='bbox 459 1239 497 1262; x_wconf 82' lang='lat' dir='ltr'>ex</span> <span class='ocrx_word' id='word_1_176' title='bbox 518 1227 702 1270; x_wconf 82' lang='lat' dir='ltr'>pinguedine</span> <span class='ocrx_word' id='word_1_177' title='bbox 725 1226 847 1263; x_wconf 66' lang='lat' dir='ltr'>factos,</span> <span class='ocrx_word' id='word_1_178' title='bbox 872 1224 975 1259; x_wconf 74' lang='lat' dir='ltr'>uberis</span> <span class='ocrx_word' id='word_1_179' title='bbox 990 1248 998 1263; x_wconf 96' lang='lat'>,</span> <span class='ocrx_word' id='word_1_180' title='bbox 1023 1233 1079 1258; x_wconf 80' lang='lat' dir='ltr'>aut</span> 
     </span>
     <span class='ocr_line' id='line_1_24' title="bbox 71 1268 1071 1312; baseline -0.003 -8"><span class='ocrx_word' id='word_1_181' title='bbox 71 1280 214 1305; x_wconf 67' lang='lat' dir='ltr'>mammae</span> <span class='ocrx_word' id='word_1_182' title='bbox 235 1269 348 1311; x_wconf 73' lang='lat' dir='ltr'>instar,</span> <span class='ocrx_word' id='word_1_183' title='bbox 364 1268 435 1312; x_wconf 83' lang='lat' dir='ltr'>suis</span> <span class='ocrx_word' id='word_1_184' title='bbox 457 1269 580 1304; x_wconf 84' lang='lat' dir='ltr'>cellulis</span> <span class='ocrx_word' id='word_1_185' title='bbox 604 1271 760 1307; x_wconf 77' lang='lat' dir='ltr'>coercita,</span> <span class='ocrx_word' id='word_1_186' title='bbox 785 1271 886 1303; x_wconf 65' lang='lat' dir='ltr'>tenaci·</span> <span class='ocrx_word' id='word_1_187' title='bbox 908 1293 915 1307; x_wconf 91' lang='lat'>,</span> <span class='ocrx_word' id='word_1_188' title='bbox 960 1269 1035 1302; x_wconf 83' lang='lat' dir='ltr'>dura</span> <span class='ocrx_word' id='word_1_189' title='bbox 1059 1292 1071 1308; x_wconf 93' lang='lat'>,</span> 
     </span>
     <span class='ocr_line' id='line_1_25' title="bbox 39 1311 1071 1357; baseline 0 -11"><span class='ocrx_word' id='word_1_190' title='bbox 39 1330 41 1332; x_wconf 36' lang='lat' dir='ltr'>v</span> <span class='ocrx_word' id='word_1_191' title='bbox 68 1311 188 1357; x_wconf 71' lang='lat' dir='ltr'>craffa,</span> <span class='ocrx_word' id='word_1_192' title='bbox 212 1315 264 1347; x_wconf 80' lang='lat' dir='ltr'>cui</span> <span class='ocrx_word' id='word_1_193' title='bbox 286 1314 390 1355; x_wconf 77' lang='lat' dir='ltr'>ampla</span> <span class='ocrx_word' id='word_1_194' title='bbox 412 1313 504 1348; x_wconf 71' lang='lat' dir='ltr'>valde</span> <span class='ocrx_word' id='word_1_195' title='bbox 525 1312 600 1356; x_wconf 69' lang='lat' dir='ltr'>vasa</span> <span class='ocrx_word' id='word_1_196' title='bbox 634 1322 773 1347; x_wconf 83' lang='lat' dir='ltr'>cruorem</span> <span class='ocrx_word' id='word_1_197' title='bbox 805 1311 949 1345; x_wconf 72' lang='lat' dir='ltr'>vehentia</span> <span class='ocrx_word' id='word_1_198' title='bbox 983 1321 1071 1346; x_wconf 79' lang='lat' dir='ltr'>erant</span> 
     </span>
     <span class='ocr_line' id='line_1_26' title="bbox 67 1355 1071 1402; baseline -0.003 -11"><span class='ocrx_word' id='word_1_199' title='bbox 67 1355 271 1399; x_wconf 72' lang='lat' dir='ltr'>interspersas</span> <span class='ocrx_word' id='word_1_200' title='bbox 293 1359 478 1402; x_wconf 69' lang='lat' dir='ltr'>quamqualn</span> <span class='ocrx_word' id='word_1_201' title='bbox 502 1355 560 1391; x_wconf 83' lang='lat' dir='ltr'>hos</span> <span class='ocrx_word' id='word_1_202' title='bbox 583 1358 683 1391; x_wconf 84' lang='lat' dir='ltr'>initio</span> <span class='ocrx_word' id='word_1_203' title='bbox 706 1355 791 1390; x_wconf 88' lang='lat' dir='ltr'>haud</span> <span class='ocrx_word' id='word_1_204' title='bbox 816 1356 908 1389; x_wconf 91' lang='lat' dir='ltr'>aliter</span> <span class='ocrx_word' id='word_1_205' title='bbox 931 1367 966 1388; x_wconf 92' lang='lat' dir='ltr'>ac</span> <span class='ocrx_word' id='word_1_206' title='bbox 989 1367 1005 1387; x_wconf 87' lang='lat' dir='ltr'>a</span> <span class='ocrx_word' id='word_1_207' title='bbox 1021 1367 1071 1389; x_wconf 91' lang='lat' dir='ltr'>me</span> 
     </span>
     <span class='ocr_line' id='line_1_27' title="bbox 64 1397 1071 1443; baseline -0.002 -10"><span class='ocrx_word' id='word_1_208' title='bbox 64 1399 265 1442; x_wconf 88' lang='lat' dir='ltr'>descriptos,</span> <span class='ocrx_word' id='word_1_209' title='bbox 289 1399 348 1433; x_wconf 85' lang='lat' dir='ltr'>esse</span> <span class='ocrx_word' id='word_1_210' title='bbox 373 1400 530 1443; x_wconf 80' lang='lat' dir='ltr'>potuisse,</span> <span class='ocrx_word' id='word_1_211' title='bbox 555 1412 618 1434; x_wconf 90' lang='lat' dir='ltr'>non</span> <span class='ocrx_word' id='word_1_212' title='bbox 642 1411 747 1443; x_wconf 86' lang='lat' dir='ltr'>nego,</span> <span class='ocrx_word' id='word_1_213' title='bbox 772 1397 830 1433; x_wconf 84' lang='lat' dir='ltr'>hos</span> <span class='ocrx_word' id='word_1_214' title='bbox 865 1401 972 1432; x_wconf 84' lang='lat' dir='ltr'>autem</span> <span class='ocrx_word' id='word_1_215' title='bbox 995 1422 1006 1438; x_wconf 88' lang='lat'>,</span> <span class='ocrx_word' id='word_1_216' title='bbox 1040 1402 1071 1432; x_wconf 87' lang='lat'>&amp;</span> 
     </span>
     <span class='ocr_line' id='line_1_28' title="bbox 68 1441 1071 1485; baseline -0.001 -9"><span class='ocrx_word' id='word_1_217' title='bbox 68 1443 144 1477; x_wconf 85' lang='lat' dir='ltr'>illos</span> <span class='ocrx_word' id='word_1_218' title='bbox 166 1454 275 1476; x_wconf 80' lang='lat' dir='ltr'>omnes</span> <span class='ocrx_word' id='word_1_219' title='bbox 299 1443 360 1477; x_wconf 85' lang='lat' dir='ltr'>tibi</span> <span class='ocrx_word' id='word_1_220' title='bbox 385 1445 497 1478; x_wconf 61' lang='lat' dir='ltr'>auctor</span> <span class='ocrx_word' id='word_1_221' title='bbox 519 1445 607 1479; x_wconf 84' lang='lat' dir='ltr'>sum,</span> <span class='ocrx_word' id='word_1_222' title='bbox 630 1454 667 1477; x_wconf 92' lang='lat' dir='ltr'>ut</span> <span class='ocrx_word' id='word_1_223' title='bbox 695 1442 770 1477; x_wconf 90' lang='lat' dir='ltr'>huic</span> <span class='ocrx_word' id='word_1_224' title='bbox 794 1441 992 1485; x_wconf 89' lang='lat' dir='ltr'>Sepulchreti</span> <span class='ocrx_word' id='word_1_225' title='bbox 1018 1443 1071 1475; x_wconf 90' lang='lat' dir='ltr'>Se-</span> 
     </span>
     <span class='ocr_line' id='line_1_29' title="bbox 65 1486 1071 1530; baseline 0 -12"><span class='ocrx_word' id='word_1_226' title='bbox 65 1486 167 1519; x_wconf 68' lang='lat' dir='ltr'>&amp;ioni</span> <span class='ocrx_word' id='word_1_227' title='bbox 192 1488 311 1520; x_wconf 88' lang='lat' dir='ltr'>merito</span> <span class='ocrx_word' id='word_1_228' title='bbox 334 1487 510 1530; x_wconf 84' lang='lat' dir='ltr'>adjungas.</span> <span class='ocrx_word' id='word_1_229' title='bbox 536 1487 609 1521; x_wconf 90' lang='lat' dir='ltr'>Nec</span> <span class='ocrx_word' id='word_1_230' title='bbox 633 1488 725 1520; x_wconf 87' lang='lat' dir='ltr'>aliter</span> <span class='ocrx_word' id='word_1_231' title='bbox 749 1486 852 1520; x_wconf 84' lang='lat' dir='ltr'>sentio</span> <span class='ocrx_word' id='word_1_232' title='bbox 876 1486 1071 1518; x_wconf 86' lang='lat' dir='ltr'>nominatim</span> 
     </span>
     <span class='ocr_line' id='line_1_30' title="bbox 63 1527 1067 1573; baseline -0.002 -10"><span class='ocrx_word' id='word_1_233' title='bbox 63 1529 103 1563; x_wconf 92' lang='lat' dir='ltr'>de</span> <span class='ocrx_word' id='word_1_234' title='bbox 127 1531 310 1563; x_wconf 85' lang='lat' dir='ltr'>tumoribus</span> <span class='ocrx_word' id='word_1_235' title='bbox 331 1530 458 1565; x_wconf 85' lang='lat' dir='ltr'>duobus</span> <span class='ocrx_word' id='word_1_236' title='bbox 474 1552 484 1569; x_wconf 80' lang='lat'>,</span> <span class='ocrx_word' id='word_1_237' title='bbox 507 1541 646 1573; x_wconf 90' lang='lat' dir='ltr'>quorum</span> <span class='ocrx_word' id='word_1_238' title='bbox 670 1531 808 1564; x_wconf 89' lang='lat' dir='ltr'>alterum</span> <span class='ocrx_word' id='word_1_239' title='bbox 834 1527 995 1571; x_wconf 84' lang='lat' dir='ltr'>descripsit</span> <span class='ocrx_word' id='word_1_240' title='bbox 1012 1529 1067 1572; x_wconf 85' lang='lat' dir='ltr'>Jo.</span> 
     </span>
     <span class='ocr_line' id='line_1_31' title="bbox 63 1573 1069 1616; baseline 0 -11"><span class='ocrx_word' id='word_1_241' title='bbox 63 1573 232 1616; x_wconf 82' lang='lat' dir='ltr'>Georgius</span> <span class='ocrx_word' id='word_1_242' title='bbox 256 1574 410 1616; x_wconf 83' lang='lat' dir='ltr'>Hoyerus</span> <span class='ocrx_word' id='word_1_243' title='bbox 434 1579 445 1615; x_wconf 89' lang='lat'>(</span> <span class='ocrx_word' id='word_1_244' title='bbox 471 1586 489 1608; x_wconf 84' lang='lat' dir='ltr'>u</span> <span class='ocrx_word' id='word_1_245' title='bbox 515 1577 551 1613; x_wconf 86' lang='lat'>)‚</span> <span class='ocrx_word' id='word_1_246' title='bbox 575 1574 714 1608; x_wconf 87' lang='lat' dir='ltr'>alterum</span> <span class='ocrx_word' id='word_1_247' title='bbox 747 1573 837 1606; x_wconf 86' lang='lat' dir='ltr'>Elias</span> <span class='ocrx_word' id='word_1_248' title='bbox 867 1574 1069 1605; x_wconf 79' lang='lat' dir='ltr'>Camerarius</span> 
     </span>
     <span class='ocr_line' id='line_1_32' title="bbox 64 1616 1070 1658; baseline -0.001 -8"><span class='ocrx_word' id='word_1_249' title='bbox 64 1619 79 1655; x_wconf 63' lang='lat' dir='ltr'>s</span> <span class='ocrx_word' id='word_1_250' title='bbox 101 1626 123 1650; x_wconf 91' lang='lat' dir='ltr'><em>x</em></span> <span class='ocrx_word' id='word_1_251' title='bbox 144 1620 180 1655; x_wconf 90' lang='lat'>),</span> <span class='ocrx_word' id='word_1_252' title='bbox 205 1617 261 1649; x_wconf 88' lang='lat' dir='ltr'>ille</span> <span class='ocrx_word' id='word_1_253' title='bbox 285 1620 318 1650; x_wconf 88' lang='lat' dir='ltr'>in</span> <span class='ocrx_word' id='word_1_254' title='bbox 342 1617 477 1651; x_wconf 83' lang='lat' dir='ltr'>foemina</span> <span class='ocrx_word' id='word_1_255' title='bbox 504 1619 664 1658; x_wconf 65' lang='grc' dir='ltr'>ριόνεᾶεε</span> <span class='ocrx_word' id='word_1_256' title='bbox 689 1617 797 1651; x_wconf 77' lang='lat' dir='ltr'>aetatis</span> <span class='ocrx_word' id='word_1_257' title='bbox 819 1617 903 1649; x_wconf 90' lang='lat' dir='ltr'>circa</span> <span class='ocrx_word' id='word_1_258' title='bbox 940 1616 1070 1657; x_wconf 78' lang='lat' dir='ltr'>scapulae</span> 
     </span>
     <span class='ocr_line' id='line_1_33' title="bbox 61 1658 1069 1703; baseline 0 -11"><span class='ocrx_word' id='word_1_259' title='bbox 61 1658 193 1693; x_wconf 67' lang='lat' dir='ltr'>sinistrae</span> <span class='ocrx_word' id='word_1_260' title='bbox 217 1663 404 1703; x_wconf 79' lang='lat' dir='ltr'>regionem,</span> <span class='ocrx_word' id='word_1_261' title='bbox 428 1660 482 1695; x_wconf 89' lang='lat' dir='ltr'>hic</span> <span class='ocrx_word' id='word_1_262' title='bbox 506 1662 539 1693; x_wconf 84' lang='lat' dir='ltr'>in</span> <span class='ocrx_word' id='word_1_263' title='bbox 564 1662 635 1693; x_wconf 90' lang='lat' dir='ltr'>viro</span> <span class='ocrx_word' id='word_1_264' title='bbox 660 1660 697 1694; x_wconf 91' lang='lat' dir='ltr'>ad</span> <span class='ocrx_word' id='word_1_265' title='bbox 721 1664 825 1702; x_wconf 81' lang='lat' dir='ltr'>genu,</span> <span class='ocrx_word' id='word_1_266' title='bbox 869 1661 899 1692; x_wconf 84' lang='lat'>&amp;</span> <span class='ocrx_word' id='word_1_267' title='bbox 946 1658 1036 1701; x_wconf 83' lang='lat' dir='ltr'>supra</span> <span class='ocrx_word' id='word_1_268' title='bbox 1061 1685 1069 1692; x_wconf 88' lang='lat'><strong>.</strong></span> 
     </span>
     <span class='ocr_line' id='line_1_34' title="bbox 61 1702 1071 1746; baseline 0 -11"><span class='ocrx_word' id='word_1_269' title='bbox 61 1703 171 1736; x_wconf 88' lang='lat' dir='ltr'>Multa</span> <span class='ocrx_word' id='word_1_270' title='bbox 197 1704 229 1735; x_wconf 87' lang='lat' dir='ltr'>in</span> <span class='ocrx_word' id='word_1_271' title='bbox 255 1712 392 1746; x_wconf 88' lang='lat' dir='ltr'>utroque</span> <span class='ocrx_word' id='word_1_272' title='bbox 415 1714 566 1745; x_wconf 84' lang='lat' dir='ltr'>tumore,</span> <span class='ocrx_word' id='word_1_273' title='bbox 588 1704 677 1746; x_wconf 90' lang='lat' dir='ltr'>quod</span> <span class='ocrx_word' id='word_1_274' title='bbox 700 1704 737 1736; x_wconf 93' lang='lat' dir='ltr'>ad</span> <span class='ocrx_word' id='word_1_275' title='bbox 753 1702 939 1744; x_wconf 47' lang='lat' dir='ltr'>interficia,</span> <span class='ocrx_word' id='word_1_276' title='bbox 966 1702 1002 1734; x_wconf 84' lang='lat' dir='ltr'>acl</span> <span class='ocrx_word' id='word_1_277' title='bbox 1018 1714 1071 1743; x_wconf 86' lang='lat' dir='ltr'>pe-</span> 
     </span>
     <span class='ocr_line' id='line_1_35' title="bbox 61 1745 1072 1790; baseline 0.001 -12"><span class='ocrx_word' id='word_1_278' title='bbox 61 1747 217 1779; x_wconf 84' lang='lat' dir='ltr'>nitiorem</span> <span class='ocrx_word' id='word_1_279' title='bbox 243 1745 365 1786; x_wconf 88' lang='lat' dir='ltr'>sedem,</span> <span class='ocrx_word' id='word_1_280' title='bbox 389 1748 427 1782; x_wconf 87' lang='lat' dir='ltr'>ad</span> <span class='ocrx_word' id='word_1_281' title='bbox 452 1748 659 1790; x_wconf 81' lang='lat' dir='ltr'>pinguedinis</span> <span class='ocrx_word' id='word_1_282' title='bbox 682 1747 918 1781; x_wconf 83' lang='lat' dir='ltr'>consistentiam</span> <span class='ocrx_word' id='word_1_283' title='bbox 936 1748 1072 1784; x_wconf 67' lang='lat' dir='ltr'>attinet,</span> 
     </span>
     <span class='ocr_line' id='line_1_36' title="bbox 59 1790 1071 1834; baseline 0.001 -12"><span class='ocrx_word' id='word_1_284' title='bbox 59 1797 186 1823; x_wconf 84' lang='lat' dir='ltr'>mutare</span> <span class='ocrx_word' id='word_1_285' title='bbox 210 1793 397 1832; x_wconf 85' lang='lat' dir='ltr'>importuna</span> <span class='ocrx_word' id='word_1_286' title='bbox 421 1800 607 1834; x_wconf 81' lang='lat' dir='ltr'>agyrtarum</span> <span class='ocrx_word' id='word_1_287' title='bbox 631 1791 757 1825; x_wconf 87' lang='lat' dir='ltr'>curatio</span> <span class='ocrx_word' id='word_1_288' title='bbox 783 1790 913 1831; x_wconf 89' lang='lat' dir='ltr'>potuit,</span> <span class='ocrx_word' id='word_1_289' title='bbox 937 1793 966 1822; x_wconf 73' lang='grc' dir='ltr'>δε</span> <span class='ocrx_word' id='word_1_290' title='bbox 999 1802 1071 1832; x_wconf 82' lang='lat' dir='ltr'>quae</span> 
     </span>
     <span class='ocr_line' id='line_1_37' title="bbox 59 1831 1069 1876; baseline -0.001 -10"><span class='ocrx_word' id='word_1_291' title='bbox 59 1832 297 1874; x_wconf 78' lang='lat' dir='ltr'>glomeramina</span> <span class='ocrx_word' id='word_1_292' title='bbox 321 1833 533 1876; x_wconf 88' lang='lat' dir='ltr'>glandulosa,</span> <span class='ocrx_word' id='word_1_293' title='bbox 558 1833 608 1867; x_wconf 88' lang='lat' dir='ltr'>sed</span> <span class='ocrx_word' id='word_1_294' title='bbox 633 1845 673 1867; x_wconf 86' lang='lat' dir='ltr'>ex</span> <span class='ocrx_word' id='word_1_295' title='bbox 695 1835 832 1866; x_wconf 89' lang='lat' dir='ltr'>materia</span> <span class='ocrx_word' id='word_1_296' title='bbox 857 1831 995 1874; x_wconf 82' lang='lat' dir='ltr'>adiposae</span> <span class='ocrx_word' id='word_1_297' title='bbox 1028 1833 1069 1866; x_wconf 87' lang='lat' dir='ltr'>si-</span> 
     </span>
     <span class='ocr_line' id='line_1_38' title="bbox 58 1875 1068 1920; baseline 0.002 -13"><span class='ocrx_word' id='word_1_298' title='bbox 58 1875 133 1909; x_wconf 81' lang='lat' dir='ltr'>mili</span> <span class='ocrx_word' id='word_1_299' title='bbox 157 1877 359 1916; x_wconf 86' lang='lat' dir='ltr'>constantia,</span> <span class='ocrx_word' id='word_1_300' title='bbox 381 1879 412 1910; x_wconf 74' lang='grc' dir='ltr'>δε</span> <span class='ocrx_word' id='word_1_301' title='bbox 438 1878 493 1920; x_wconf 89' lang='lat' dir='ltr'>qui</span> <span class='ocrx_word' id='word_1_302' title='bbox 518 1875 652 1920; x_wconf 87' lang='lat' dir='ltr'>plurimi</span> <span class='ocrx_word' id='word_1_303' title='bbox 679 1877 767 1920; x_wconf 77' lang='lat' dir='ltr'>quasi</span> <span class='ocrx_word' id='word_1_304' title='bbox 792 1875 908 1908; x_wconf 87' lang='lat' dir='ltr'>alveoli</span> <span class='ocrx_word' id='word_1_305' title='bbox 954 1876 1068 1909; x_wconf 88' lang='lat' dir='ltr'>dicun-</span> 
     </span>
     <span class='ocr_line' id='line_1_39' title="bbox 53 1917 1068 1963; baseline 0.001 -11"><span class='ocrx_word' id='word_1_306' title='bbox 53 1927 134 1957; x_wconf 87' lang='lat' dir='ltr'>tur,</span> <span class='ocrx_word' id='word_1_307' title='bbox 157 1931 174 1952; x_wconf 89' lang='lat' dir='ltr'>e</span> <span class='ocrx_word' id='word_1_308' title='bbox 196 1920 314 1963; x_wconf 89' lang='lat' dir='ltr'>quibus</span> <span class='ocrx_word' id='word_1_309' title='bbox 338 1921 500 1962; x_wconf 81' lang='lat' dir='ltr'>pinguedo</span> <span class='ocrx_word' id='word_1_310' title='bbox 523 1922 656 1955; x_wconf 88' lang='lat' dir='ltr'>mollior</span> <span class='ocrx_word' id='word_1_311' title='bbox 679 1919 921 1960; x_wconf 83' lang='lat' dir='ltr'>exprimebatur</span> <span class='ocrx_word' id='word_1_312' title='bbox 937 1942 949 1958; x_wconf 86' lang='lat'><em>‚</em></span> <span class='ocrx_word' id='word_1_313' title='bbox 972 1917 1068 1961; x_wconf 85' lang='lat' dir='ltr'>hujus</span> 
     </span>
     <span class='ocr_line' id='line_1_40' title="bbox 53 1961 1066 2006; baseline 0.001 -11"><span class='ocrx_word' id='word_1_314' title='bbox 53 1961 180 1996; x_wconf 73' lang='lat' dir='ltr'>cellulae</span> <span class='ocrx_word' id='word_1_315' title='bbox 215 1963 413 1998; x_wconf 74' lang='lat' dir='ltr'>olim&#39;fuisse</span> <span class='ocrx_word' id='word_1_316' title='bbox 437 1973 635 2006; x_wconf 88' lang='lat' dir='ltr'>potuerunt.</span> <span class='ocrx_word' id='word_1_317' title='bbox 663 1963 722 1996; x_wconf 88' lang='lat' dir='ltr'>Sed</span> <span class='ocrx_word' id='word_1_318' title='bbox 748 1962 815 1996; x_wconf 86' lang='lat' dir='ltr'>haec</span> <span class='ocrx_word' id='word_1_319' title='bbox 841 1974 879 1995; x_wconf 79' lang='lat' dir='ltr'>ex</span> <span class='ocrx_word' id='word_1_320' title='bbox 901 1961 1066 2004; x_wconf 54' lang='lat' dir='ltr'>conjectu-</span> 
     </span>
     <span class='ocr_line' id='line_1_41' title="bbox 55 2004 1067 2049; baseline 0.001 -11"><span class='ocrx_word' id='word_1_321' title='bbox 55 2016 111 2043; x_wconf 81' lang='lat' dir='ltr'>ra3</span> <span class='ocrx_word' id='word_1_322' title='bbox 135 2004 216 2039; x_wconf 84' lang='lat' dir='ltr'>illud</span> <span class='ocrx_word' id='word_1_323' title='bbox 240 2015 391 2046; x_wconf 87' lang='lat' dir='ltr'>certum,</span> <span class='ocrx_word' id='word_1_324' title='bbox 416 2007 437 2040; x_wconf 86' lang='lat' dir='ltr'>fi</span> <span class='ocrx_word' id='word_1_325' title='bbox 461 2018 545 2049; x_wconf 89' lang='lat' dir='ltr'>ego,</span> <span class='ocrx_word' id='word_1_326' title='bbox 569 2017 603 2042; x_wconf 92' lang='lat' dir='ltr'>ut</span> <span class='ocrx_word' id='word_1_327' title='bbox 627 2008 661 2040; x_wconf 89' lang='lat' dir='ltr'>in</span> <span class='ocrx_word' id='word_1_328' title='bbox 687 2006 853 2043; x_wconf 79' lang='lat' dir='ltr'>mesarae0‚</span> <span class='ocrx_word' id='word_1_329' title='bbox 881 2006 926 2038; x_wconf 84' lang='lat' dir='ltr'>ita</span> <span class='ocrx_word' id='word_1_330' title='bbox 944 2005 1067 2039; x_wconf 78' lang='lat' dir='ltr'>subcu-</span> 
     </span>
     <span class='ocr_line' id='line_1_42' title="bbox 55 2049 1067 2092; baseline 0.001 -11"><span class='ocrx_word' id='word_1_331' title='bbox 55 2058 89 2082; x_wconf 90' lang='lat' dir='ltr'>te</span> <span class='ocrx_word' id='word_1_332' title='bbox 112 2049 177 2091; x_wconf 86' lang='lat' dir='ltr'>ipsa</span> <span class='ocrx_word' id='word_1_333' title='bbox 201 2049 390 2089; x_wconf 72' lang='lat' dir='ltr'>inyenissem</span> <span class='ocrx_word' id='word_1_334' title='bbox 415 2059 577 2084; x_wconf 89' lang='lat' dir='ltr'>tumorem</span> <span class='ocrx_word' id='word_1_335' title='bbox 606 2049 674 2092; x_wconf 84' lang='lat' dir='ltr'>ejus</span> <span class='ocrx_word' id='word_1_336' title='bbox 698 2050 845 2091; x_wconf 86' lang='lat' dir='ltr'>generis,</span> <span class='ocrx_word' id='word_1_337' title='bbox 867 2049 972 2092; x_wconf 88' lang='lat' dir='ltr'>qualis</span> <span class='ocrx_word' id='word_1_338' title='bbox 996 2061 1067 2090; x_wconf 89' lang='lat' dir='ltr'>par-</span> 
     </span>
     <span class='ocr_line' id='line_1_43' title="bbox 40 2091 1066 2136; baseline -0.002 -11"><span class='ocrx_word' id='word_1_339' title='bbox 40 2091 167 2125; x_wconf 73' lang='lat' dir='ltr'>&#39;vulum</span> <span class='ocrx_word' id='word_1_340' title='bbox 190 2092 389 2136; x_wconf 85' lang='lat' dir='ltr'>descriptum</span> <span class='ocrx_word' id='word_1_341' title='bbox 413 2094 509 2127; x_wconf 88' lang='lat' dir='ltr'>habes</span> <span class='ocrx_word' id='word_1_342' title='bbox 532 2095 677 2136; x_wconf 80' lang='lat' dir='ltr'>Epistola</span> <span class='ocrx_word' id='word_1_343' title='bbox 701 2093 824 2126; x_wconf 79' lang='lat' dir='ltr'>XLIV.</span> <span class='ocrx_word' id='word_1_344' title='bbox 851 2096 903 2133; x_wconf 76' lang='lat' dir='ltr'>(y</span> <span class='ocrx_word' id='word_1_345' title='bbox 929 2096 959 2130; x_wconf 85' lang='lat'>);</span> <span class='ocrx_word' id='word_1_346' title='bbox 983 2103 1066 2126; x_wconf 88' lang='lat' dir='ltr'>nun-</span> 
     </span>
     <span class='ocr_line' id='line_1_44' title="bbox 51 2134 1063 2179; baseline 0 -11"><span class='ocrx_word' id='word_1_347' title='bbox 51 2146 152 2177; x_wconf 88' lang='lat' dir='ltr'>quarn</span> <span class='ocrx_word' id='word_1_348' title='bbox 176 2148 225 2169; x_wconf 88' lang='lat' dir='ltr'>me</span> <span class='ocrx_word' id='word_1_349' title='bbox 252 2138 338 2169; x_wconf 89' lang='lat' dir='ltr'>inter</span> <span class='ocrx_word' id='word_1_350' title='bbox 364 2137 525 2179; x_wconf 84' lang='lat' dir='ltr'>legitimas</span> <span class='ocrx_word' id='word_1_351' title='bbox 549 2137 742 2171; x_wconf 72' lang='lat' dir='ltr'>membranae</span> <span class='ocrx_word' id='word_1_352' title='bbox 765 2134 919 2177; x_wconf 79' lang='lat' dir='ltr'>Adiposae</span> <span class='ocrx_word' id='word_1_353' title='bbox 944 2137 1063 2168; x_wconf 84' lang='lat' dir='ltr'>Excre-</span> 
     </span>
     <span class='ocr_line' id='line_1_45' title="bbox 48 2178 1062 2222; baseline -0.001 -9"><span class='ocrx_word' id='word_1_354' title='bbox 48 2179 188 2213; x_wconf 75' lang='lat' dir='ltr'>{centias</span> <span class='ocrx_word' id='word_1_355' title='bbox 213 2178 304 2213; x_wconf 80' lang='lat' dir='ltr'>fuisse</span> <span class='ocrx_word' id='word_1_356' title='bbox 330 2181 526 2219; x_wconf 85' lang='lat' dir='ltr'>relaturum,</span> <span class='ocrx_word' id='word_1_357' title='bbox 553 2192 626 2214; x_wconf 90' lang='lat' dir='ltr'>nam</span> <span class='ocrx_word' id='word_1_358' title='bbox 651 2178 879 2222; x_wconf 79' lang='lat' dir='ltr'>pinguedinem</span> <span class='ocrx_word' id='word_1_359' title='bbox 890 2179 1062 2212; x_wconf 86' lang='lat' dir='ltr'>conclude-</span> 
     </span>
     <span class='ocr_line' id='line_1_46' title="bbox 51 2221 1061 2264; baseline 0.001 -8"><span class='ocrx_word' id='word_1_360' title='bbox 51 2222 108 2256; x_wconf 86' lang='lat' dir='ltr'>bat</span> <span class='ocrx_word' id='word_1_361' title='bbox 132 2234 236 2264; x_wconf 88' lang='lat' dir='ltr'>neque</span> <span class='ocrx_word' id='word_1_362' title='bbox 259 2223 446 2258; x_wconf 84' lang='lat' dir='ltr'>cellularum</span> <span class='ocrx_word' id='word_1_363' title='bbox 470 2224 599 2258; x_wconf 86' lang='lat' dir='ltr'>laminis</span> <span class='ocrx_word' id='word_1_364' title='bbox 620 2222 823 2261; x_wconf 77' lang='lat' dir='ltr'>intercisam,</span> <span class='ocrx_word' id='word_1_365' title='bbox 847 2223 878 2254; x_wconf 87' lang='lat'>&amp;</span> <span class='ocrx_word' id='word_1_366' title='bbox 903 2221 1061 2264; x_wconf 80' lang='lat' dir='ltr'>sphaerico</span> 
     </span>
     <span class='ocr_line' id='line_1_47' title="bbox 51 2265 765 2310; baseline -0.001 -10"><span class='ocrx_word' id='word_1_367' title='bbox 51 2276 119 2300; x_wconf 88' lang='lat' dir='ltr'>uno</span> <span class='ocrx_word' id='word_1_368' title='bbox 143 2265 293 2301; x_wconf 82' lang='lat' dir='ltr'>folliculo</span> <span class='ocrx_word' id='word_1_369' title='bbox 317 2266 460 2310; x_wconf 91' lang='lat' dir='ltr'>undique</span> <span class='ocrx_word' id='word_1_370' title='bbox 481 2265 765 2309; x_wconf 81' lang='lat' dir='ltr'>comprehensam.</span> 
     </span>
    </p>

    <p class='ocr_par' dir='ltr' id='par_1_2' title="bbox 33 2309 1058 3562">
     <span class='ocr_line' id='line_1_48' title="bbox 99 2309 1058 2353; baseline 0.001 -12"><span class='ocrx_word' id='word_1_371' title='bbox 99 2320 151 2350; x_wconf 85' lang='lat'>25.</span> <span class='ocrx_word' id='word_1_372' title='bbox 177 2309 390 2353; x_wconf 70' lang='lat' dir='ltr'>Quaecunque</span> <span class='ocrx_word' id='word_1_373' title='bbox 414 2320 519 2344; x_wconf 88' lang='lat' dir='ltr'>autem</span> <span class='ocrx_word' id='word_1_374' title='bbox 542 2311 635 2345; x_wconf 89' lang='lat' dir='ltr'>causa</span> <span class='ocrx_word' id='word_1_375' title='bbox 658 2321 747 2344; x_wconf 89' lang='lat' dir='ltr'>certo</span> <span class='ocrx_word' id='word_1_376' title='bbox 770 2309 844 2342; x_wconf 89' lang='lat' dir='ltr'>loco</span> <span class='ocrx_word' id='word_1_377' title='bbox 869 2317 980 2343; x_wconf 80' lang='lat' dir='ltr'>cutem</span> <span class='ocrx_word' id='word_1_378' title='bbox 1012 2309 1058 2342; x_wconf 86' lang='lat' dir='ltr'>la-</span> 
     </span>
     <span class='ocr_line' id='line_1_49' title="bbox 48 2352 1057 2397; baseline 0 -11"><span class='ocrx_word' id='word_1_379' title='bbox 48 2361 127 2390; x_wconf 71' lang='lat' dir='ltr'>xet,</span> <span class='ocrx_word' id='word_1_380' title='bbox 152 2360 188 2386; x_wconf 91' lang='lat' dir='ltr'>ut</span> <span class='ocrx_word' id='word_1_381' title='bbox 211 2354 317 2386; x_wconf 78' lang='lat' dir='ltr'>minus</span> <span class='ocrx_word' id='word_1_382' title='bbox 341 2353 461 2387; x_wconf 87' lang='lat' dir='ltr'>resistat</span> <span class='ocrx_word' id='word_1_383' title='bbox 485 2354 642 2397; x_wconf 83' lang='lat' dir='ltr'>ponderi,</span> <span class='ocrx_word' id='word_1_384' title='bbox 667 2363 720 2387; x_wconf 88' lang='lat' dir='ltr'>aut</span> <span class='ocrx_word' id='word_1_385' title='bbox 759 2352 836 2386; x_wconf 90' lang='lat' dir='ltr'>moli</span> <span class='ocrx_word' id='word_1_386' title='bbox 884 2354 1057 2395; x_wconf 89' lang='lat' dir='ltr'>pinguium</span> 
     </span>
     <span class='ocr_line' id='line_1_50' title="bbox 49 2395 1058 2441; baseline 0.001 -13"><span class='ocrx_word' id='word_1_387' title='bbox 49 2396 266 2437; x_wconf 87' lang='lat' dir='ltr'>plurimarum</span> <span class='ocrx_word' id='word_1_388' title='bbox 289 2396 474 2431; x_wconf 84' lang='lat' dir='ltr'>cellularum</span> <span class='ocrx_word' id='word_1_389' title='bbox 499 2398 542 2430; x_wconf 85' lang='lat' dir='ltr'>ibi</span> <span class='ocrx_word' id='word_1_390' title='bbox 568 2399 669 2441; x_wconf 80' lang='lat' dir='ltr'>magis</span> <span class='ocrx_word' id='word_1_391' title='bbox 692 2395 875 2438; x_wconf 80' lang='lat' dir='ltr'>augescenti</span> <span class='ocrx_word' id='word_1_392' title='bbox 890 2419 902 2435; x_wconf 65' lang='lat'>2</span> <span class='ocrx_word' id='word_1_393' title='bbox 927 2396 1058 2429; x_wconf 84' lang='lat' dir='ltr'>ubimi-</span> 
     </span>
     <span class='ocr_line' id='line_1_51' title="bbox 47 2439 1056 2482; baseline 0.002 -11"><span class='ocrx_word' id='word_1_394' title='bbox 47 2448 112 2471; x_wconf 86' lang='lat' dir='ltr'>nor</span> <span class='ocrx_word' id='word_1_395' title='bbox 135 2439 304 2473; x_wconf 84' lang='lat' dir='ltr'>refistentia</span> <span class='ocrx_word' id='word_1_396' title='bbox 329 2441 396 2477; x_wconf 90' lang='lat' dir='ltr'>est,</span> <span class='ocrx_word' id='word_1_397' title='bbox 421 2441 596 2482; x_wconf 67' lang='lat' dir='ltr'>praesertim</span> <span class='ocrx_word' id='word_1_398' title='bbox 622 2443 646 2474; x_wconf 82' lang='lat' dir='ltr'>si</span> <span class='ocrx_word' id='word_1_399' title='bbox 670 2439 881 2482; x_wconf 75' lang='lat' dir='ltr'>compressio,</span> <span class='ocrx_word' id='word_1_400' title='bbox 905 2451 959 2473; x_wconf 87' lang='lat' dir='ltr'>aut</span> <span class='ocrx_word' id='word_1_401' title='bbox 1002 2452 1056 2473; x_wconf 88' lang='lat' dir='ltr'>oc-</span> 
     </span>
     <span class='ocr_line' id='line_1_52' title="bbox 47 2480 1057 2526; baseline 0.003 -12"><span class='ocrx_word' id='word_1_402' title='bbox 47 2480 149 2515; x_wconf 88' lang='lat' dir='ltr'>clufio</span> <span class='ocrx_word' id='word_1_403' title='bbox 174 2482 280 2526; x_wconf 81' lang='lat' dir='ltr'>aliqua</span> <span class='ocrx_word' id='word_1_404' title='bbox 305 2484 433 2517; x_wconf 85' lang='lat' dir='ltr'>accedat</span> <span class='ocrx_word' id='word_1_405' title='bbox 457 2483 509 2518; x_wconf 82' lang='lat' dir='ltr'>seu</span> <span class='ocrx_word' id='word_1_406' title='bbox 534 2485 722 2517; x_wconf 79' lang='lat' dir='ltr'>ventilarum</span> <span class='ocrx_word' id='word_1_407' title='bbox 758 2482 986 2526; x_wconf 77' lang='lat' dir='ltr'>pinguedinem</span> <span class='ocrx_word' id='word_1_408' title='bbox 1019 2495 1057 2517; x_wconf 83' lang='lat' dir='ltr'>ex</span> 
     </span>
     <span class='ocr_line' id='line_1_53' title="bbox 49 2525 1057 2568; baseline 0.003 -11"><span class='ocrx_word' id='word_1_409' title='bbox 49 2525 92 2557; x_wconf 81' lang='lat' dir='ltr'>iis</span> <span class='ocrx_word' id='word_1_410' title='bbox 114 2525 238 2559; x_wconf 81' lang='lat' dir='ltr'>cellulis</span> <span class='ocrx_word' id='word_1_411' title='bbox 261 2526 507 2568; x_wconf 85' lang='lat' dir='ltr'>revehentium,</span> <span class='ocrx_word' id='word_1_412' title='bbox 541 2528 603 2561; x_wconf 83' lang='lat' dir='ltr'>sive</span> <span class='ocrx_word' id='word_1_413' title='bbox 636 2529 734 2561; x_wconf 87' lang='lat' dir='ltr'>etiam</span> <span class='ocrx_word' id='word_1_414' title='bbox 778 2525 976 2561; x_wconf 85' lang='lat' dir='ltr'>foraminum</span> <span class='ocrx_word' id='word_1_415' title='bbox 1023 2529 1057 2560; x_wconf 90' lang='lat' dir='ltr'>in</span> 
     </span>
     <span class='ocr_line' id='line_1_54' title="bbox 46 2568 1058 2610; baseline 0.002 -10"><span class='ocrx_word' id='word_1_416' title='bbox 46 2570 215 2610; x_wconf 87' lang='lat' dir='ltr'>proximas</span> <span class='ocrx_word' id='word_1_417' title='bbox 237 2571 370 2605; x_wconf 84' lang='lat' dir='ltr'>cellulas</span> <span class='ocrx_word' id='word_1_418' title='bbox 395 2572 705 2607; x_wconf 81' lang='lat' dir='ltr'>transmittentium3</span> <span class='ocrx_word' id='word_1_419' title='bbox 728 2581 793 2602; x_wconf 90' lang='lat' dir='ltr'>non</span> <span class='ocrx_word' id='word_1_420' title='bbox 817 2568 985 2603; x_wconf 80' lang='lat' dir='ltr'>difficilem</span> <span class='ocrx_word' id='word_1_421' title='bbox 998 2581 1058 2604; x_wconf 92' lang='lat' dir='ltr'>no-</span> 
     </span>
     <span class='ocr_line' id='line_1_55' title="bbox 43 2612 1057 2657; baseline 0.003 -13"><span class='ocrx_word' id='word_1_422' title='bbox 43 2612 95 2644; x_wconf 91' lang='lat' dir='ltr'>bis</span> <span class='ocrx_word' id='word_1_423' title='bbox 118 2614 277 2647; x_wconf 83' lang='lat' dir='ltr'>rationem</span> <span class='ocrx_word' id='word_1_424' title='bbox 303 2613 421 2654; x_wconf 86' lang='lat' dir='ltr'>praebet</span> <span class='ocrx_word' id='word_1_425' title='bbox 445 2615 651 2657; x_wconf 84' lang='lat' dir='ltr'>intelligendi</span> <span class='ocrx_word' id='word_1_426' title='bbox 674 2613 837 2656; x_wconf 79' lang='lat' dir='ltr'>originem</span> <span class='ocrx_word' id='word_1_427' title='bbox 864 2612 1057 2647; x_wconf 85' lang='lat' dir='ltr'>Excrescen-</span> 
     </span>
     <span class='ocr_line' id='line_1_56' title="bbox 42 2656 1053 2700; baseline 0.002 -12"><span class='ocrx_word' id='word_1_428' title='bbox 42 2656 163 2690; x_wconf 76' lang='lat' dir='ltr'>riarum</span> <span class='ocrx_word' id='word_1_429' title='bbox 185 2656 224 2690; x_wconf 90' lang='lat' dir='ltr'>de</span> <span class='ocrx_word' id='word_1_430' title='bbox 247 2659 368 2700; x_wconf 87' lang='lat' dir='ltr'>quibus</span> <span class='ocrx_word' id='word_1_431' title='bbox 390 2659 557 2699; x_wconf 86' lang='lat' dir='ltr'>loquimur</span> <span class='ocrx_word' id='word_1_432' title='bbox 574 2685 583 2700; x_wconf 90' lang='lat'>,</span> <span class='ocrx_word' id='word_1_433' title='bbox 629 2661 659 2690; x_wconf 91' lang='lat'>&amp;</span> <span class='ocrx_word' id='word_1_434' title='bbox 685 2659 826 2690; x_wconf 80' lang='lat' dir='ltr'>immane</span> <span class='ocrx_word' id='word_1_435' title='bbox 873 2657 1053 2691; x_wconf 84' lang='lat' dir='ltr'>incremen-</span> 
     </span>
     <span class='ocr_line' id='line_1_57' title="bbox 45 2701 1053 2744; baseline 0.005 -14"><span class='ocrx_word' id='word_1_436' title='bbox 45 2707 118 2731; x_wconf 89' lang='lat' dir='ltr'>tum</span> <span class='ocrx_word' id='word_1_437' title='bbox 141 2711 292 2743; x_wconf 89' lang='lat' dir='ltr'>quoque,</span> <span class='ocrx_word' id='word_1_438' title='bbox 315 2701 387 2743; x_wconf 85' lang='lat' dir='ltr'>ipso</span> <span class='ocrx_word' id='word_1_439' title='bbox 411 2703 567 2735; x_wconf 88' lang='lat' dir='ltr'>nimirum</span> <span class='ocrx_word' id='word_1_440' title='bbox 591 2702 798 2744; x_wconf 84' lang='lat' dir='ltr'>pinguedinis</span> <span class='ocrx_word' id='word_1_441' title='bbox 822 2701 961 2743; x_wconf 87' lang='lat' dir='ltr'>pondere</span> <span class='ocrx_word' id='word_1_442' title='bbox 984 2713 1053 2735; x_wconf 74' lang='lat' dir='ltr'>man</span> 
     </span>
     <span class='ocr_line' id='line_1_58' title="bbox 43 2742 1052 2788; baseline 0.004 -15"><span class='ocrx_word' id='word_1_443' title='bbox 43 2743 94 2783; x_wconf 85' lang='lat' dir='ltr'>gis</span> <span class='ocrx_word' id='word_1_444' title='bbox 117 2742 150 2775; x_wconf 88' lang='lat' dir='ltr'>in</span> <span class='ocrx_word' id='word_1_445' title='bbox 175 2743 261 2782; x_wconf 89' lang='lat' dir='ltr'>dies,</span> <span class='ocrx_word' id='word_1_446' title='bbox 286 2744 448 2788; x_wconf 84' lang='lat' dir='ltr'>magisque</span> <span class='ocrx_word' id='word_1_447' title='bbox 472 2755 542 2779; x_wconf 87' lang='lat' dir='ltr'>tum</span> <span class='ocrx_word' id='word_1_448' title='bbox 566 2745 717 2783; x_wconf 82' lang='lat' dir='ltr'>cellulas,</span> <span class='ocrx_word' id='word_1_449' title='bbox 742 2754 811 2778; x_wconf 88' lang='lat' dir='ltr'>tum</span> <span class='ocrx_word' id='word_1_450' title='bbox 851 2754 959 2777; x_wconf 86' lang='lat' dir='ltr'>cutem</span> <span class='ocrx_word' id='word_1_451' title='bbox 1006 2746 1052 2782; x_wconf 74' lang='lat' dir='ltr'>la-</span> 
     </span>
     <span class='ocr_line' id='line_1_59' title="bbox 43 2787 1050 2831; baseline 0.004 -14"><span class='ocrx_word' id='word_1_452' title='bbox 43 2794 162 2819; x_wconf 82' lang='lat' dir='ltr'>xante:</span> <span class='ocrx_word' id='word_1_453' title='bbox 186 2788 397 2826; x_wconf 85' lang='lat' dir='ltr'>quamobrem</span> <span class='ocrx_word' id='word_1_454' title='bbox 421 2789 543 2822; x_wconf 72' lang='lat' dir='ltr'>cellulae</span> <span class='ocrx_word' id='word_1_455' title='bbox 567 2790 636 2821; x_wconf 71' lang='lat' dir='ltr'>aliae</span> <span class='ocrx_word' id='word_1_456' title='bbox 659 2799 753 2831; x_wconf 89' lang='lat' dir='ltr'>atque</span> <span class='ocrx_word' id='word_1_457' title='bbox 779 2789 847 2821; x_wconf 86' lang='lat' dir='ltr'>aliae</span> <span class='ocrx_word' id='word_1_458' title='bbox 871 2811 882 2826; x_wconf 81' lang='lat'><em>‚</em></span> <span class='ocrx_word' id='word_1_459' title='bbox 929 2787 1050 2821; x_wconf 82' lang='lat' dir='ltr'>sublata</span> 
     </span>
     <span class='ocr_line' id='line_1_60' title="bbox 42 2827 1049 2876; baseline 0.004 -16"><span class='ocrx_word' id='word_1_460' title='bbox 42 2829 150 2870; x_wconf 89' lang='lat' dir='ltr'>priori</span> <span class='ocrx_word' id='word_1_461' title='bbox 176 2827 350 2864; x_wconf 79' lang='lat' dir='ltr'>resistentia</span> <span class='ocrx_word' id='word_1_462' title='bbox 365 2854 373 2868; x_wconf 94' lang='lat'><strong>‚</strong></span> <span class='ocrx_word' id='word_1_463' title='bbox 396 2831 427 2865; x_wconf 89' lang='lat' dir='ltr'>se</span> <span class='ocrx_word' id='word_1_464' title='bbox 449 2834 637 2876; x_wconf 79' lang='lat' dir='ltr'>explicant,</span> <span class='ocrx_word' id='word_1_465' title='bbox 661 2833 846 2873; x_wconf 87' lang='lat' dir='ltr'>mirumque</span> <span class='ocrx_word' id='word_1_466' title='bbox 869 2832 901 2863; x_wconf 82' lang='lat' dir='ltr'>in</span> <span class='ocrx_word' id='word_1_467' title='bbox 917 2831 1049 2865; x_wconf 84' lang='lat' dir='ltr'>niodum</span> 
     </span>
     <span class='ocr_line' id='line_1_61' title="bbox 45 2870 1048 2918; baseline 0.004 -14"><span class='ocrx_word' id='word_1_468' title='bbox 45 2870 266 2914; x_wconf 82' lang='lat' dir='ltr'>amplificant.</span> <span class='ocrx_word' id='word_1_469' title='bbox 291 2873 463 2916; x_wconf 86' lang='lat' dir='ltr'>Quantum</span> <span class='ocrx_word' id='word_1_470' title='bbox 487 2885 593 2909; x_wconf 87' lang='lat' dir='ltr'>autem</span> <span class='ocrx_word' id='word_1_471' title='bbox 617 2875 655 2907; x_wconf 86' lang='lat' dir='ltr'>ad</span> <span class='ocrx_word' id='word_1_472' title='bbox 678 2877 849 2918; x_wconf 86' lang='lat' dir='ltr'>pinguium</span> <span class='ocrx_word' id='word_1_473' title='bbox 874 2876 970 2908; x_wconf 81' lang='lat' dir='ltr'>etiam</span> <span class='ocrx_word' id='word_1_474' title='bbox 995 2885 1048 2908; x_wconf 88' lang='lat' dir='ltr'>tu-</span> 
     </span>
     <span class='ocr_line' id='line_1_62' title="bbox 43 2916 1046 2958; baseline 0.004 -11"><span class='ocrx_word' id='word_1_475' title='bbox 43 2926 174 2949; x_wconf 87' lang='lat' dir='ltr'>morum</span> <span class='ocrx_word' id='word_1_476' title='bbox 199 2916 484 2958; x_wconf 58' lang='lat' dir='ltr'>amplificationem</span> <span class='ocrx_word' id='word_1_477' title='bbox 508 2918 605 2952; x_wconf 79' lang='lat' dir='ltr'>faciat</span> <span class='ocrx_word' id='word_1_478' title='bbox 630 2918 751 2952; x_wconf 89' lang='lat' dir='ltr'>sublata</span> <span class='ocrx_word' id='word_1_479' title='bbox 762 2917 955 2956; x_wconf 86' lang='lat' dir='ltr'>resistentia,</span> <span class='ocrx_word' id='word_1_480' title='bbox 981 2919 1046 2951; x_wconf 86' lang='lat' dir='ltr'>duo</span> 
     </span>
     <span class='ocr_line' id='line_1_63' title="bbox 42 2958 1042 3005; baseline 0.004 -15"><span class='ocrx_word' id='word_1_481' title='bbox 42 2958 94 2992; x_wconf 87' lang='lat' dir='ltr'>illi</span> <span class='ocrx_word' id='word_1_482' title='bbox 120 2960 294 3001; x_wconf 88' lang='lat' dir='ltr'>praesertim</span> <span class='ocrx_word' id='word_1_483' title='bbox 318 2961 486 2995; x_wconf 81' lang='lat' dir='ltr'>ostendunt</span> <span class='ocrx_word' id='word_1_484' title='bbox 508 2975 589 3005; x_wconf 85' lang='lat' dir='ltr'>quos</span> <span class='ocrx_word' id='word_1_485' title='bbox 614 2962 713 3004; x_wconf 80' lang='lat' dir='ltr'>paulo</span> <span class='ocrx_word' id='word_1_486' title='bbox 737 2971 810 2995; x_wconf 86' lang='lat' dir='ltr'>ante</span> <span class='ocrx_word' id='word_1_487' title='bbox 831 2964 845 3001; x_wconf 89' lang='grc'>(</span> <span class='ocrx_word' id='word_1_488' title='bbox 868 2973 892 3004; x_wconf 67' lang='lat' dir='ltr'><em>z</em></span> <span class='ocrx_word' id='word_1_489' title='bbox 914 2966 927 3001; x_wconf 95' lang='lat'>)</span> <span class='ocrx_word' id='word_1_490' title='bbox 956 2963 1042 2995; x_wconf 88' lang='lat' dir='ltr'>dice-</span> 
     </span>
     <span class='ocr_line' id='line_1_64' title="bbox 41 3001 1043 3051; baseline 0.003 -15"><span class='ocrx_word' id='word_1_491' title='bbox 41 3001 117 3036; x_wconf 87' lang='lat' dir='ltr'>bam</span> <span class='ocrx_word' id='word_1_492' title='bbox 143 3014 158 3036; x_wconf 90' lang='lat' dir='ltr'>a</span> <span class='ocrx_word' id='word_1_493' title='bbox 182 3003 235 3036; x_wconf 90' lang='lat' dir='ltr'>Cl.</span> <span class='ocrx_word' id='word_1_494' title='bbox 261 3004 354 3036; x_wconf 86' lang='lat' dir='ltr'>Viris</span> <span class='ocrx_word' id='word_1_495' title='bbox 377 3003 551 3048; x_wconf 87' lang='lat' dir='ltr'>descriptos</span> <span class='ocrx_word' id='word_1_496' title='bbox 570 3006 624 3051; x_wconf 80' lang='lat' dir='ltr'>JO.</span> <span class='ocrx_word' id='word_1_497' title='bbox 651 3005 696 3038; x_wconf 83' lang='lat' dir='ltr'>G.</span> <span class='ocrx_word' id='word_1_498' title='bbox 721 3006 859 3047; x_wconf 81' lang='lat' dir='ltr'>Hoyero</span> <span class='ocrx_word' id='word_1_499' title='bbox 875 3031 882 3044; x_wconf 95' lang='lat'><em>‚</em></span> <span class='ocrx_word' id='word_1_500' title='bbox 904 3009 934 3038; x_wconf 68' lang='grc' dir='ltr'>δι</span> <span class='ocrx_word' id='word_1_501' title='bbox 969 3007 1043 3039; x_wconf 78' lang='lat' dir='ltr'>Elia</span> 
     </span>
     <span class='ocr_line' id='line_1_65' title="bbox 41 3046 1045 3090; baseline 0.003 -11"><span class='ocrx_word' id='word_1_502' title='bbox 41 3047 251 3079; x_wconf 84' lang='lat' dir='ltr'>camerario.</span> <span class='ocrx_word' id='word_1_503' title='bbox 277 3046 375 3080; x_wconf 86' lang='lat' dir='ltr'>Erosa</span> <span class='ocrx_word' id='word_1_504' title='bbox 398 3050 503 3085; x_wconf 86' lang='lat' dir='ltr'>enim,</span> <span class='ocrx_word' id='word_1_505' title='bbox 528 3059 582 3083; x_wconf 80' lang='lat' dir='ltr'>aut</span> <span class='ocrx_word' id='word_1_506' title='bbox 606 3049 706 3081; x_wconf 90' lang='lat' dir='ltr'>incisa</span> <span class='ocrx_word' id='word_1_507' title='bbox 731 3048 770 3081; x_wconf 86' lang='lat' dir='ltr'>ab</span> <span class='ocrx_word' id='word_1_508' title='bbox 792 3049 917 3090; x_wconf 83' lang='lat' dir='ltr'>agyrtis</span> <span class='ocrx_word' id='word_1_509' title='bbox 939 3058 1013 3082; x_wconf 89' lang='lat' dir='ltr'>cute</span> <span class='ocrx_word' id='word_1_510' title='bbox 1037 3074 1045 3088; x_wconf 88' lang='lat'>,</span> 
     </span>
     <span class='ocr_line' id='line_1_66' title="bbox 40 3091 1045 3135; baseline 0.001 -12"><span class='ocrx_word' id='word_1_511' title='bbox 40 3091 74 3123; x_wconf 87' lang='lat'>&amp;</span> <span class='ocrx_word' id='word_1_512' title='bbox 97 3100 177 3132; x_wconf 87' lang='lat' dir='ltr'>pene</span> <span class='ocrx_word' id='word_1_513' title='bbox 201 3099 270 3123; x_wconf 86' lang='lat' dir='ltr'>tota</span> <span class='ocrx_word' id='word_1_514' title='bbox 294 3102 404 3124; x_wconf 88' lang='lat' dir='ltr'>eorum</span> <span class='ocrx_word' id='word_1_515' title='bbox 428 3093 557 3135; x_wconf 79' lang='lat' dir='ltr'>adiposa</span> <span class='ocrx_word' id='word_1_516' title='bbox 582 3091 774 3130; x_wconf 88' lang='lat' dir='ltr'>substantia,</span> <span class='ocrx_word' id='word_1_517' title='bbox 800 3100 854 3124; x_wconf 89' lang='lat' dir='ltr'>aut</span> <span class='ocrx_word' id='word_1_518' title='bbox 878 3103 941 3125; x_wconf 88' lang='lat' dir='ltr'>non</span> <span class='ocrx_word' id='word_1_519' title='bbox 973 3093 1045 3125; x_wconf 83' lang='lat' dir='ltr'>exi-</span> 
     </span>
     <span class='ocr_line' id='line_1_67' title="bbox 41 3131 1044 3180; baseline 0.005 -15"><span class='ocrx_word' id='word_1_520' title='bbox 41 3142 104 3174; x_wconf 83' lang='lat' dir='ltr'>gua</span> <span class='ocrx_word' id='word_1_521' title='bbox 127 3131 222 3176; x_wconf 82' lang='lat' dir='ltr'>hujus</span> <span class='ocrx_word' id='word_1_522' title='bbox 245 3143 333 3180; x_wconf 82' lang='lat' dir='ltr'>parte</span> <span class='ocrx_word' id='word_1_523' title='bbox 358 3134 503 3178; x_wconf 84' lang='lat' dir='ltr'>adempta</span> <span class='ocrx_word' id='word_1_524' title='bbox 522 3161 527 3170; x_wconf 89' lang='lat'><strong><em>‚</em></strong></span> <span class='ocrx_word' id='word_1_525' title='bbox 552 3147 648 3178; x_wconf 87' lang='lat' dir='ltr'>quarn</span> <span class='ocrx_word' id='word_1_526' title='bbox 671 3135 869 3171; x_wconf 71' lang='lat' dir='ltr'>miramini,</span> <span class='ocrx_word' id='word_1_527' title='bbox 894 3138 924 3167; x_wconf 67' lang='grc' dir='ltr'>ἅ·</span> <span class='ocrx_word' id='word_1_528' title='bbox 947 3147 1044 3178; x_wconf 87' lang='lat' dir='ltr'>quam</span> 
     </span>
     <span class='ocr_line' id='line_1_68' title="bbox 38 3175 1042 3219; baseline 0.006 -12"><span class='ocrx_word' id='word_1_529' title='bbox 38 3175 249 3216; x_wconf 84' lang='lat' dir='ltr'>acceleratum</span> <span class='ocrx_word' id='word_1_530' title='bbox 275 3177 492 3219; x_wconf 72' lang='lat' dir='ltr'>ejudemmodi</span> <span class='ocrx_word' id='word_1_531' title='bbox 520 3179 701 3212; x_wconf 72' lang='lat' dir='ltr'>substantiae</span> <span class='ocrx_word' id='word_1_532' title='bbox 724 3181 960 3212; x_wconf 86' lang='lat' dir='ltr'>incrementum</span> <span class='ocrx_word' id='word_1_533' title='bbox 991 3192 1042 3213; x_wconf 89' lang='lat' dir='ltr'>ce-</span> 
     </span>
     <span class='ocr_line' id='line_1_69' title="bbox 39 3219 1038 3264; baseline 0.005 -13"><span class='ocrx_word' id='word_1_534' title='bbox 39 3220 170 3261; x_wconf 84' lang='lat' dir='ltr'>perint,</span> <span class='ocrx_word' id='word_1_535' title='bbox 196 3231 235 3252; x_wconf 81' lang='lat' dir='ltr'>ex</span> <span class='ocrx_word' id='word_1_536' title='bbox 258 3219 426 3261; x_wconf 84' lang='lat' dir='ltr'>utriusque</span> <span class='ocrx_word' id='word_1_537' title='bbox 469 3221 606 3255; x_wconf 86' lang='lat' dir='ltr'>historiis</span> <span class='ocrx_word' id='word_1_538' title='bbox 648 3223 840 3264; x_wconf 79' lang='lat' dir='ltr'>cognosces.</span> <span class='ocrx_word' id='word_1_539' title='bbox 970 3224 1038 3256; x_wconf 86' lang='lat' dir='ltr'>Etsi</span> 
     </span>
     <span class='ocr_line' id='line_1_70' title="bbox 38 3262 1037 3308; baseline 0.005 -14"><span class='ocrx_word' id='word_1_540' title='bbox 38 3272 117 3295; x_wconf 90' lang='lat' dir='ltr'>vero</span> <span class='ocrx_word' id='word_1_541' title='bbox 139 3262 177 3295; x_wconf 91' lang='lat' dir='ltr'>de</span> <span class='ocrx_word' id='word_1_542' title='bbox 204 3263 394 3296; x_wconf 86' lang='lat' dir='ltr'>Membrana</span> <span class='ocrx_word' id='word_1_543' title='bbox 415 3265 479 3306; x_wconf 87' lang='lat' dir='ltr'>ipsa</span> <span class='ocrx_word' id='word_1_544' title='bbox 505 3266 646 3308; x_wconf 82' lang='lat' dir='ltr'>Adiposa</span> <span class='ocrx_word' id='word_1_545' title='bbox 671 3267 765 3298; x_wconf 87' lang='lat' dir='ltr'>verba</span> <span class='ocrx_word' id='word_1_546' title='bbox 791 3265 929 3303; x_wconf 87' lang='lat' dir='ltr'>faciens,</span> <span class='ocrx_word' id='word_1_547' title='bbox 955 3267 1037 3299; x_wconf 87' lang='lat' dir='ltr'>nihil</span> 
     </span>
     <span class='ocr_line' id='line_1_71' title="bbox 37 3304 1037 3352; baseline 0.005 -14"><span class='ocrx_word' id='word_1_548' title='bbox 37 3304 103 3338; x_wconf 84' lang='lat' dir='ltr'>hoc</span> <span class='ocrx_word' id='word_1_549' title='bbox 122 3305 201 3352; x_wconf 32' lang='lat' dir='ltr'>*Ioco</span> <span class='ocrx_word' id='word_1_550' title='bbox 223 3305 281 3339; x_wconf 80' lang='lat' dir='ltr'>nisi</span> <span class='ocrx_word' id='word_1_551' title='bbox 306 3307 434 3340; x_wconf 81' lang='lat' dir='ltr'>cellulas</span> <span class='ocrx_word' id='word_1_552' title='bbox 458 3310 714 3346; x_wconf 79' lang='lat' dir='ltr'>nominaverim3</span> <span class='ocrx_word' id='word_1_553' title='bbox 759 3320 823 3342; x_wconf 89' lang='lat' dir='ltr'>non</span> <span class='ocrx_word' id='word_1_554' title='bbox 869 3319 1037 3350; x_wconf 82' lang='lat' dir='ltr'>propterea</span> 
     </span>
     <span class='ocr_line' id='line_1_72' title="bbox 37 3348 1036 3395; baseline 0.006 -13"><span class='ocrx_word' id='word_1_555' title='bbox 37 3348 76 3382; x_wconf 83' lang='lat' dir='ltr'>de</span> <span class='ocrx_word' id='word_1_556' title='bbox 98 3360 166 3389; x_wconf 78' lang='lat' dir='ltr'>ejus</span> <span class='ocrx_word' id='word_1_557' title='bbox 190 3350 345 3384; x_wconf 66' lang='lat' dir='ltr'>struetura</span> <span class='ocrx_word' id='word_1_558' title='bbox 367 3351 429 3383; x_wconf 90' lang='lat' dir='ltr'>tibi</span> <span class='ocrx_word' id='word_1_559' title='bbox 455 3352 657 3393; x_wconf 69' lang='lat' dir='ltr'>praescribere</span> <span class='ocrx_word' id='word_1_560' title='bbox 691 3353 869 3395; x_wconf 85' lang='lat' dir='ltr'>quidquam</span> <span class='ocrx_word' id='word_1_561' title='bbox 915 3353 1002 3386; x_wconf 87' lang='lat' dir='ltr'>volui</span> <span class='ocrx_word' id='word_1_562' title='bbox 1028 3379 1036 3388; x_wconf 90' lang='lat'><strong><em>.</em></strong></span> 
     </span>
     <span class='ocr_line' id='line_1_73' title="bbox 37 3392 1037 3437; baseline 0.006 -13"><span class='ocrx_word' id='word_1_563' title='bbox 37 3392 110 3424; x_wconf 87' lang='lat' dir='ltr'>Sive</span> <span class='ocrx_word' id='word_1_564' title='bbox 134 3393 217 3425; x_wconf 89' lang='lat' dir='ltr'>enirn</span> <span class='ocrx_word' id='word_1_565' title='bbox 243 3392 429 3434; x_wconf 84' lang='lat' dir='ltr'>majusculas</span> <span class='ocrx_word' id='word_1_566' title='bbox 452 3393 601 3435; x_wconf 81' lang='lat' dir='ltr'>quasdam</span> <span class='ocrx_word' id='word_1_567' title='bbox 627 3396 692 3437; x_wconf 82' lang='lat' dir='ltr'>ejus</span> <span class='ocrx_word' id='word_1_568' title='bbox 717 3396 910 3429; x_wconf 70' lang='lat' dir='ltr'>membranae</span> <span class='ocrx_word' id='word_1_569' title='bbox 935 3406 1037 3437; x_wconf 81' lang='lat' dir='ltr'>partes</span> 
     </span>
     <span class='ocr_line' id='line_1_74' title="bbox 33 3435 1037 3481; baseline 0.001 -14"><span class='ocrx_word' id='word_1_570' title='bbox 33 3435 194 3471; x_wconf 80' lang='lat' dir='ltr'>sacculos,</span> <span class='ocrx_word' id='word_1_571' title='bbox 220 3445 273 3469; x_wconf 84' lang='lat' dir='ltr'>aut</span> <span class='ocrx_word' id='word_1_572' title='bbox 298 3437 389 3470; x_wconf 86' lang='lat' dir='ltr'>lobos</span> <span class='ocrx_word' id='word_1_573' title='bbox 413 3438 559 3472; x_wconf 85' lang='lat' dir='ltr'>malueris</span> <span class='ocrx_word' id='word_1_574' title='bbox 583 3440 742 3481; x_wconf 86' lang='lat' dir='ltr'>appellare</span> <span class='ocrx_word' id='word_1_575' title='bbox 767 3464 775 3476; x_wconf 81' lang='lat'><strong>‚</strong></span> <span class='ocrx_word' id='word_1_576' title='bbox 807 3440 948 3471; x_wconf 82' lang='lat' dir='ltr'>minores</span> <span class='ocrx_word' id='word_1_577' title='bbox 981 3452 1037 3473; x_wconf 80' lang='lat' dir='ltr'>au-</span> 
     </span>
     <span class='ocr_line' id='line_1_75' title="bbox 38 3479 1036 3517; baseline 0.005 -7"><span class='ocrx_word' id='word_1_578' title='bbox 38 3487 103 3511; x_wconf 87' lang='lat' dir='ltr'>tem</span> <span class='ocrx_word' id='word_1_579' title='bbox 127 3479 256 3512; x_wconf 80' lang='lat' dir='ltr'>lobulos</span> <span class='ocrx_word' id='word_1_580' title='bbox 272 3502 280 3515; x_wconf 88' lang='lat'>,</span> <span class='ocrx_word' id='word_1_581' title='bbox 305 3484 336 3512; x_wconf 69' lang='grc' dir='ltr'>δε</span> <span class='ocrx_word' id='word_1_582' title='bbox 361 3481 511 3514; x_wconf 82' lang='lat' dir='ltr'>minimas</span> <span class='ocrx_word' id='word_1_583' title='bbox 534 3481 664 3516; x_wconf 81' lang='lat' dir='ltr'>demum</span> <span class='ocrx_word' id='word_1_584' title='bbox 687 3483 816 3516; x_wconf 84' lang='lat' dir='ltr'>cellulas</span> <span class='ocrx_word' id='word_1_585' title='bbox 841 3506 847 3517; x_wconf 78' lang='grc'>,</span> <span class='ocrx_word' id='word_1_586' title='bbox 885 3492 937 3515; x_wconf 81' lang='lat' dir='ltr'>aut</span> <span class='ocrx_word' id='word_1_587' title='bbox 972 3486 1036 3517; x_wconf 66' lang='lat' dir='ltr'>aci„</span> 
     </span>
     <span class='ocr_line' id='line_1_76' title="bbox 35 3521 1036 3562; baseline 0.006 -8"><span class='ocrx_word' id='word_1_588' title='bbox 35 3533 113 3562; x_wconf 83' lang='lat' dir='ltr'>nos,</span> <span class='ocrx_word' id='word_1_589' title='bbox 135 3521 198 3555; x_wconf 87' lang='lat' dir='ltr'>five</span> <span class='ocrx_word' id='word_1_590' title='bbox 219 3522 285 3556; x_wconf 80' lang='lat' dir='ltr'>haec</span> <span class='ocrx_word' id='word_1_591' title='bbox 309 3525 418 3557; x_wconf 79' lang='lat' dir='ltr'>omnia</span> <span class='ocrx_word' id='word_1_592' title='bbox 444 3535 509 3557; x_wconf 91' lang='lat' dir='ltr'>uno</span> <span class='ocrx_word' id='word_1_593' title='bbox 533 3526 717 3559; x_wconf 83' lang='lat' dir='ltr'>cellularum</span> <span class='ocrx_word' id='word_1_594' title='bbox 742 3526 902 3560; x_wconf 79' lang='lat' dir='ltr'>vocabulo</span> <span class='ocrx_word' id='word_1_595' title='bbox 947 3538 1036 3561; x_wconf 84' lang='lat' dir='ltr'>com-</span> 
     </span>
    </p>

    <p class='ocr_par' dir='ltr' id='par_1_3' title="bbox 122 3568 845 3610">
     <span class='ocr_line' id='line_1_77' title="bbox 122 3568 845 3610; baseline 0.006 -13"><span class='ocrx_word' id='word_1_596' title='bbox 122 3568 287 3608; x_wconf 69' lang='lat' dir='ltr'>Morgagm&#39;</span> <span class='ocrx_word' id='word_1_597' title='bbox 297 3568 331 3599; x_wconf 80' lang='lat' dir='ltr'>de</span> <span class='ocrx_word' id='word_1_598' title='bbox 343 3569 408 3600; x_wconf 70' lang='lat' dir='ltr'>sed.</span> <span class='ocrx_word' id='word_1_599' title='bbox 421 3568 463 3600; x_wconf 71' lang='lat'><em>&amp;</em></span> <span class='ocrx_word' id='word_1_600' title='bbox 474 3568 559 3610; x_wconf 76' lang='lat' dir='ltr'>Caus.</span> <span class='ocrx_word' id='word_1_601' title='bbox 573 3570 674 3601; x_wconf 76' lang='grc' dir='ltr'><em>Μονί).</em></span> <span class='ocrx_word' id='word_1_602' title='bbox 689 3571 786 3602; x_wconf 88' lang='lat' dir='ltr'>Tom.</span> <span class='ocrx_word' id='word_1_603' title='bbox 800 3571 845 3602; x_wconf 85' lang='grc' dir='ltr'>ΙΙ.</span> 
     </span>
    </p>
   </div>
   <div class='ocr_carea' id='block_1_2' title="bbox 526 186 1700 259">
    <p class='ocr_par' dir='ltr' id='par_1_4' title="bbox 526 186 1700 259">
     <span class='ocr_line' id='line_1_78' title="bbox 526 186 1700 259; baseline 0.003 -13"><span class='ocrx_word' id='word_1_604' title='bbox 526 186 696 259; x_wconf 83' lang='lat' dir='ltr'>Epist.</span> <span class='ocrx_word' id='word_1_605' title='bbox 735 195 894 247; x_wconf 86' lang='lat' dir='ltr'>Anat.</span> <span class='ocrx_word' id='word_1_606' title='bbox 932 194 1146 250; x_wconf 82' lang='lat' dir='ltr'>Medica</span> <span class='ocrx_word' id='word_1_607' title='bbox 1177 193 1236 248; x_wconf 52' lang='lat' dir='ltr'>L,</span> <span class='ocrx_word' id='word_1_608' title='bbox 1275 195 1394 250; x_wconf 88' lang='lat' dir='ltr'>Art.</span> <span class='ocrx_word' id='word_1_609' title='bbox 1428 209 1503 257; x_wconf 79' lang='lat'>25-</span> <span class='ocrx_word' id='word_1_610' title='bbox 1539 198 1594 251; x_wconf 74' lang='grc' dir='ltr'>δε</span> <span class='ocrx_word' id='word_1_611' title='bbox 1623 197 1700 249; x_wconf 80' lang='lat'>26.</span> 
     </span>
    </p>
   </div>
   <div class='ocr_carea' id='block_1_3' title="bbox 1980 211 2074 266">
    <p class='ocr_par' dir='ltr' id='par_1_5' title="bbox 1980 211 2074 266">
     <span class='ocr_line' id='line_1_79' title="bbox 1980 211 2074 266; baseline 0.043 -4"><span class='ocrx_word' id='word_1_612' title='bbox 1980 211 2074 266; x_wconf 83' lang='lat'>273</span> 
     </span>
    </p>
   </div>
   <div class='ocr_carea' id='block_1_4' title="bbox 1087 274 2139 3617">
    <p class='ocr_par' dir='ltr' id='par_1_6' title="bbox 1087 274 2139 3617">
     <span class='ocr_line' id='line_1_80' title="bbox 1140 274 2138 318; baseline 0.001 -10"><span class='ocrx_word' id='word_1_613' title='bbox 1140 274 1353 318; x_wconf 89' lang='lat' dir='ltr'>prehendere,</span> <span class='ocrx_word' id='word_1_614' title='bbox 1379 275 1442 309; x_wconf 90' lang='lat' dir='ltr'>sive</span> <span class='ocrx_word' id='word_1_615' title='bbox 1464 276 1678 311; x_wconf 84' lang='lat' dir='ltr'>meinbraneas</span> <span class='ocrx_word' id='word_1_616' title='bbox 1700 274 1929 315; x_wconf 71' lang='lat' dir='ltr'>revolutiones,</span> <span class='ocrx_word' id='word_1_617' title='bbox 1972 277 2014 308; x_wconf 49' lang='grc' dir='ltr'>Θ*</span> <span class='ocrx_word' id='word_1_618' title='bbox 2056 286 2138 309; x_wconf 85' lang='lat' dir='ltr'>com-</span> 
     </span>
     <span class='ocr_line' id='line_1_81' title="bbox 1135 317 2139 361; baseline -0.001 -9"><span class='ocrx_word' id='word_1_619' title='bbox 1135 318 1320 361; x_wconf 81' lang='lat' dir='ltr'>plicationes</span> <span class='ocrx_word' id='word_1_620' title='bbox 1341 318 1465 358; x_wconf 89' lang='lat' dir='ltr'>dicere,</span> <span class='ocrx_word' id='word_1_621' title='bbox 1489 318 1551 352; x_wconf 86' lang='lat' dir='ltr'>sive</span> <span class='ocrx_word' id='word_1_622' title='bbox 1573 320 1672 352; x_wconf 88' lang='lat' dir='ltr'>etiam</span> <span class='ocrx_word' id='word_1_623' title='bbox 1695 318 1910 352; x_wconf 81' lang='lat' dir='ltr'>membraneas</span> <span class='ocrx_word' id='word_1_624' title='bbox 1931 317 2064 352; x_wconf 83' lang='lat' dir='ltr'>laminas</span> <span class='ocrx_word' id='word_1_625' title='bbox 2086 329 2139 351; x_wconf 89' lang='lat' dir='ltr'>va-</span> 
     </span>
     <span class='ocr_line' id='line_1_82' title="bbox 1141 360 2137 407; baseline -0.002 -12"><span class='ocrx_word' id='word_1_626' title='bbox 1141 363 1188 395; x_wconf 88' lang='lat' dir='ltr'>rie</span> <span class='ocrx_word' id='word_1_627' title='bbox 1210 364 1292 394; x_wconf 89' lang='lat' dir='ltr'>inter</span> <span class='ocrx_word' id='word_1_628' title='bbox 1316 360 1344 394; x_wconf 92' lang='lat' dir='ltr'>se</span> <span class='ocrx_word' id='word_1_629' title='bbox 1367 363 1562 400; x_wconf 76' lang='lat' dir='ltr'>inclinatas3</span> <span class='ocrx_word' id='word_1_630' title='bbox 1587 361 1718 404; x_wconf 83' lang='lat' dir='ltr'>perinde</span> <span class='ocrx_word' id='word_1_631' title='bbox 1742 362 1805 395; x_wconf 87' lang='lat' dir='ltr'>erit</span> <span class='ocrx_word' id='word_1_632' title='bbox 1830 360 1867 394; x_wconf 90' lang='lat' dir='ltr'>ad</span> <span class='ocrx_word' id='word_1_633' title='bbox 1891 372 1957 394; x_wconf 89' lang='lat' dir='ltr'>rem</span> <span class='ocrx_word' id='word_1_634' title='bbox 1989 362 2137 407; x_wconf 85' lang='lat' dir='ltr'>proposi·</span> 
     </span>
     <span class='ocr_line' id='line_1_83' title="bbox 1140 404 2134 447; baseline -0.002 -9"><span class='ocrx_word' id='word_1_635' title='bbox 1140 415 1207 439; x_wconf 91' lang='lat' dir='ltr'>tam</span> <span class='ocrx_word' id='word_1_636' title='bbox 1231 405 1495 447; x_wconf 83' lang='lat' dir='ltr'>intelligendam,</span> <span class='ocrx_word' id='word_1_637' title='bbox 1520 404 1746 447; x_wconf 66' lang='lat' dir='ltr'>Auctoresque</span> <span class='ocrx_word' id='word_1_638' title='bbox 1769 404 1902 439; x_wconf 82' lang='lat' dir='ltr'>habebis</span> <span class='ocrx_word' id='word_1_639' title='bbox 1938 405 1972 437; x_wconf 90' lang='lat' dir='ltr'>in</span> <span class='ocrx_word' id='word_1_640' title='bbox 2003 404 2134 445; x_wconf 84' lang='lat' dir='ltr'>singulis</span> 
     </span>
     <span class='ocr_line' id='line_1_84' title="bbox 1141 447 2133 490; baseline -0.003 -9"><span class='ocrx_word' id='word_1_641' title='bbox 1141 449 1182 481; x_wconf 85' lang='lat' dir='ltr'>iis</span> <span class='ocrx_word' id='word_1_642' title='bbox 1203 448 1391 481; x_wconf 85' lang='lat' dir='ltr'>nominandi</span> <span class='ocrx_word' id='word_1_643' title='bbox 1414 449 1592 482; x_wconf 85' lang='lat' dir='ltr'>rationibus</span> <span class='ocrx_word' id='word_1_644' title='bbox 1616 459 1680 482; x_wconf 90' lang='lat' dir='ltr'>non</span> <span class='ocrx_word' id='word_1_645' title='bbox 1705 449 1975 481; x_wconf 83' lang='lat' dir='ltr'>contemnendos.</span> <span class='ocrx_word' id='word_1_646' title='bbox 2009 447 2133 490; x_wconf 82' lang='lat' dir='ltr'>Qarta</span> 
     </span>
     <span class='ocr_line' id='line_1_85' title="bbox 1140 491 2136 526; baseline -0.002 -2"><span class='ocrx_word' id='word_1_647' title='bbox 1140 493 1226 525; x_wconf 91' lang='lat' dir='ltr'>enim</span> <span class='ocrx_word' id='word_1_648' title='bbox 1249 492 1293 524; x_wconf 88' lang='lat' dir='ltr'>est</span> <span class='ocrx_word' id='word_1_649' title='bbox 1317 491 1489 526; x_wconf 85' lang='lat' dir='ltr'>ab&#39;Illustri</span> <span class='ocrx_word' id='word_1_650' title='bbox 1513 493 1596 525; x_wconf 89' lang='lat' dir='ltr'>inter</span> <span class='ocrx_word' id='word_1_651' title='bbox 1619 492 1812 525; x_wconf 84' lang='lat' dir='ltr'>recentiores</span> <span class='ocrx_word' id='word_1_652' title='bbox 1824 491 2047 525; x_wconf 85' lang='lat' dir='ltr'>Anatornico:</span> <span class='ocrx_word' id='word_1_653' title='bbox 2070 498 2136 523; x_wconf 90' lang='lat' dir='ltr'>ter-</span> 
     </span>
     <span class='ocr_line' id='line_1_86' title="bbox 1138 533 2131 577; baseline -0.003 -9"><span class='ocrx_word' id='word_1_654' title='bbox 1138 537 1187 569; x_wconf 90' lang='lat' dir='ltr'>tia</span> <span class='ocrx_word' id='word_1_655' title='bbox 1211 546 1227 567; x_wconf 87' lang='lat' dir='ltr'>a</span> <span class='ocrx_word' id='word_1_656' title='bbox 1250 534 1423 569; x_wconf 69' lang='lat' dir='ltr'>sanctorio</span> <span class='ocrx_word' id='word_1_657' title='bbox 1445 535 1553 568; x_wconf 88' lang='lat' dir='ltr'>nostro</span> <span class='ocrx_word' id='word_1_658' title='bbox 1575 537 1662 575; x_wconf 84' lang='lat' dir='ltr'>(a),</span> <span class='ocrx_word' id='word_1_659' title='bbox 1685 536 1743 577; x_wconf 87' lang='lat' dir='ltr'>qui</span> <span class='ocrx_word' id='word_1_660' title='bbox 1769 533 1811 567; x_wconf 88' lang='lat' dir='ltr'>fic</span> <span class='ocrx_word' id='word_1_661' title='bbox 1835 535 2022 577; x_wconf 81' lang='lat' dir='ltr'>praeluxer-at</span> <span class='ocrx_word' id='word_1_662' title='bbox 2048 533 2090 566; x_wconf 90' lang='lat' dir='ltr'>iis</span> <span class='ocrx_word' id='word_1_663' title='bbox 2114 543 2131 565; x_wconf 90' lang='lat' dir='ltr'>a</span> 
     </span>
     <span class='ocr_line' id='line_1_87' title="bbox 1135 576 2132 620; baseline -0.003 -9"><span class='ocrx_word' id='word_1_664' title='bbox 1135 579 1254 620; x_wconf 84' lang='lat' dir='ltr'>quibus</span> <span class='ocrx_word' id='word_1_665' title='bbox 1274 587 1402 615; x_wconf 81' lang='lat' dir='ltr'>caeteras</span> <span class='ocrx_word' id='word_1_666' title='bbox 1425 576 1599 611; x_wconf 87' lang='lat' dir='ltr'>habemus:</span> <span class='ocrx_word' id='word_1_667' title='bbox 1624 576 1757 612; x_wconf 87' lang='lat' dir='ltr'>secunda</span> <span class='ocrx_word' id='word_1_668' title='bbox 1780 579 1851 612; x_wconf 89' lang='lat' dir='ltr'>usus</span> <span class='ocrx_word' id='word_1_669' title='bbox 1874 578 1917 612; x_wconf 85' lang='lat' dir='ltr'>est</span> <span class='ocrx_word' id='word_1_670' title='bbox 1953 576 2132 611; x_wconf 80' lang='lat' dir='ltr'>Glissonius</span> 
     </span>
     <span class='ocr_line' id='line_1_88' title="bbox 1134 618 2128 663; baseline -0.002 -10"><span class='ocrx_word' id='word_1_671' title='bbox 1134 623 1149 660; x_wconf 88' lang='lat'><strong>(</strong></span> <span class='ocrx_word' id='word_1_672' title='bbox 1169 620 1189 653; x_wconf 85' lang='lat' dir='ltr'><em>b</em></span> <span class='ocrx_word' id='word_1_673' title='bbox 1212 625 1247 660; x_wconf 84' lang='lat'>),</span> <span class='ocrx_word' id='word_1_674' title='bbox 1269 632 1343 655; x_wconf 90' lang='lat' dir='ltr'>cum</span> <span class='ocrx_word' id='word_1_675' title='bbox 1368 620 1649 663; x_wconf 86' lang='lat' dir='ltr'>Malpighianam‚</span> <span class='ocrx_word' id='word_1_676' title='bbox 1674 630 1709 654; x_wconf 91' lang='lat' dir='ltr'>ut</span> <span class='ocrx_word' id='word_1_677' title='bbox 1733 630 1835 662; x_wconf 86' lang='lat' dir='ltr'>puto,</span> <span class='ocrx_word' id='word_1_678' title='bbox 1869 621 2006 655; x_wconf 83' lang='lat' dir='ltr'>necdum</span> <span class='ocrx_word' id='word_1_679' title='bbox 2038 618 2128 662; x_wconf 80' lang='lat' dir='ltr'>legis-</span> 
     </span>
     <span class='ocr_line' id='line_1_89' title="bbox 1135 662 2132 708; baseline -0.001 -11"><span class='ocrx_word' id='word_1_680' title='bbox 1135 664 1181 697; x_wconf 85' lang='lat' dir='ltr'>set</span> <span class='ocrx_word' id='word_1_681' title='bbox 1196 688 1205 703; x_wconf 91' lang='lat'>,</span> <span class='ocrx_word' id='word_1_682' title='bbox 1227 675 1302 698; x_wconf 84' lang='lat' dir='ltr'>cum</span> <span class='ocrx_word' id='word_1_683' title='bbox 1326 664 1467 707; x_wconf 84' lang='lat' dir='ltr'>scripsit,</span> <span class='ocrx_word' id='word_1_684' title='bbox 1492 674 1526 697; x_wconf 93' lang='lat' dir='ltr'>ut</span> <span class='ocrx_word' id='word_1_685' title='bbox 1550 675 1651 708; x_wconf 89' lang='lat' dir='ltr'>neque</span> <span class='ocrx_word' id='word_1_686' title='bbox 1663 662 1896 697; x_wconf 84' lang='lat' dir='ltr'>Glissonianam</span> <span class='ocrx_word' id='word_1_687' title='bbox 1908 663 2132 707; x_wconf 77' lang='lat' dir='ltr'>Malpighius,</span> 
     </span>
     <span class='ocr_line' id='line_1_90' title="bbox 1132 705 2131 750; baseline -0.002 -10"><span class='ocrx_word' id='word_1_688' title='bbox 1132 719 1207 742; x_wconf 85' lang='lat' dir='ltr'>cum</span> <span class='ocrx_word' id='word_1_689' title='bbox 1230 717 1305 741; x_wconf 88' lang='lat' dir='ltr'>ante</span> <span class='ocrx_word' id='word_1_690' title='bbox 1327 707 1431 747; x_wconf 82' lang='lat' dir='ltr'>hanc,</span> <span class='ocrx_word' id='word_1_691' title='bbox 1454 709 1594 747; x_wconf 85' lang='lat' dir='ltr'>opinor,</span> <span class='ocrx_word' id='word_1_692' title='bbox 1616 706 1719 741; x_wconf 87' lang='lat' dir='ltr'>edidit</span> <span class='ocrx_word' id='word_1_693' title='bbox 1732 707 1816 740; x_wconf 86' lang='lat' dir='ltr'>suam</span> <span class='ocrx_word' id='word_1_694' title='bbox 1839 710 1852 746; x_wconf 92' lang='lat'>(</span> <span class='ocrx_word' id='word_1_695' title='bbox 1874 719 1890 741; x_wconf 87' lang='lat' dir='ltr'>c</span> <span class='ocrx_word' id='word_1_696' title='bbox 1906 708 1948 749; x_wconf 87' lang='lat'>)‚</span> <span class='ocrx_word' id='word_1_697' title='bbox 1968 719 2042 750; x_wconf 83' lang='lat' dir='ltr'>quae</span> <span class='ocrx_word' id='word_1_698' title='bbox 2065 705 2131 739; x_wconf 85' lang='lat' dir='ltr'>fer-</span> 
     </span>
     <span class='ocr_line' id='line_1_91' title="bbox 1132 749 2131 793; baseline -0.004 -8"><span class='ocrx_word' id='word_1_699' title='bbox 1132 763 1182 785; x_wconf 90' lang='lat' dir='ltr'>me</span> <span class='ocrx_word' id='word_1_700' title='bbox 1204 752 1311 785; x_wconf 79' lang='lat' dir='ltr'>eadem</span> <span class='ocrx_word' id='word_1_701' title='bbox 1335 763 1369 785; x_wconf 88' lang='lat' dir='ltr'>ac</span> <span class='ocrx_word' id='word_1_702' title='bbox 1393 751 1448 785; x_wconf 86' lang='lat' dir='ltr'>illa</span> <span class='ocrx_word' id='word_1_703' title='bbox 1472 749 1535 789; x_wconf 86' lang='lat' dir='ltr'>fuit</span> <span class='ocrx_word' id='word_1_704' title='bbox 1556 761 1629 793; x_wconf 84' lang='lat' dir='ltr'>quae</span> <span class='ocrx_word' id='word_1_705' title='bbox 1651 762 1669 783; x_wconf 93' lang='lat' dir='ltr'>a</span> <span class='ocrx_word' id='word_1_706' title='bbox 1692 761 1740 783; x_wconf 88' lang='lat' dir='ltr'>me</span> <span class='ocrx_word' id='word_1_707' title='bbox 1764 752 1871 788; x_wconf 88' lang='lat' dir='ltr'>primo</span> <span class='ocrx_word' id='word_1_708' title='bbox 1893 751 1967 784; x_wconf 87' lang='lat' dir='ltr'>loco</span> <span class='ocrx_word' id='word_1_709' title='bbox 1989 750 2131 783; x_wconf 87' lang='lat' dir='ltr'>indicata</span> 
     </span>
     <span class='ocr_line' id='line_1_92' title="bbox 1130 792 2129 837; baseline -0.002 -10"><span class='ocrx_word' id='word_1_710' title='bbox 1130 794 1194 827; x_wconf 85' lang='lat' dir='ltr'>est.</span> <span class='ocrx_word' id='word_1_711' title='bbox 1219 795 1383 837; x_wconf 82' lang='lat' dir='ltr'>Eamque,</span> <span class='ocrx_word' id='word_1_712' title='bbox 1406 794 1429 827; x_wconf 86' lang='lat' dir='ltr'>fi</span> <span class='ocrx_word' id='word_1_713' title='bbox 1453 794 1618 831; x_wconf 89' lang='lat' dir='ltr'>volueris,</span> <span class='ocrx_word' id='word_1_714' title='bbox 1642 792 1729 836; x_wconf 91' lang='lat' dir='ltr'>sequi</span> <span class='ocrx_word' id='word_1_715' title='bbox 1754 803 1842 835; x_wconf 88' lang='lat' dir='ltr'>potes</span> <span class='ocrx_word' id='word_1_716' title='bbox 1866 807 1872 826; x_wconf 94' lang='lat'>:</span> <span class='ocrx_word' id='word_1_717' title='bbox 1919 792 1999 836; x_wconf 87' lang='lat' dir='ltr'>quid</span> <span class='ocrx_word' id='word_1_718' title='bbox 2043 793 2129 825; x_wconf 88' lang='lat' dir='ltr'>enim</span> 
     </span>
     <span class='ocr_line' id='line_1_93' title="bbox 1131 836 2127 880; baseline -0.002 -11"><span class='ocrx_word' id='word_1_719' title='bbox 1131 837 1283 880; x_wconf 85' lang='lat' dir='ltr'>prohibet</span> <span class='ocrx_word' id='word_1_720' title='bbox 1307 839 1442 880; x_wconf 84' lang='lat' dir='ltr'>majores</span> <span class='ocrx_word' id='word_1_721' title='bbox 1465 847 1570 879; x_wconf 86' lang='lat' dir='ltr'>partes</span> <span class='ocrx_word' id='word_1_722' title='bbox 1593 838 1626 870; x_wconf 91' lang='lat' dir='ltr'>in</span> <span class='ocrx_word' id='word_1_723' title='bbox 1651 839 1811 876; x_wconf 85' lang='lat' dir='ltr'>minores,</span> <span class='ocrx_word' id='word_1_724' title='bbox 1832 840 1862 870; x_wconf 67' lang='grc' dir='ltr'>δι</span> <span class='ocrx_word' id='word_1_725' title='bbox 1886 836 1940 870; x_wconf 80' lang='lat' dir='ltr'>has</span> <span class='ocrx_word' id='word_1_726' title='bbox 1962 838 1995 869; x_wconf 87' lang='lat' dir='ltr'>in</span> <span class='ocrx_word' id='word_1_727' title='bbox 2031 836 2127 868; x_wconf 87' lang='lat' dir='ltr'>mini-</span> 
     </span>
     <span class='ocr_line' id='line_1_94' title="bbox 1129 879 2128 923; baseline 0 -9"><span class='ocrx_word' id='word_1_728' title='bbox 1129 893 1195 914; x_wconf 85' lang='lat' dir='ltr'>mas</span> <span class='ocrx_word' id='word_1_729' title='bbox 1216 880 1384 915; x_wconf 88' lang='lat' dir='ltr'>dividere?</span> <span class='ocrx_word' id='word_1_730' title='bbox 1408 881 1582 923; x_wconf 68' lang='lat' dir='ltr'>praesertim</span> <span class='ocrx_word' id='word_1_731' title='bbox 1605 892 1678 914; x_wconf 90' lang='lat' dir='ltr'>cum</span> <span class='ocrx_word' id='word_1_732' title='bbox 1703 880 1906 923; x_wconf 81' lang='lat' dir='ltr'>Malpighius</span> <span class='ocrx_word' id='word_1_733' title='bbox 1939 879 2093 923; x_wconf 82' lang='lat' dir='ltr'>nusquam</span> <span class='ocrx_word' id='word_1_734' title='bbox 2118 899 2128 914; x_wconf 67' lang='grc' dir='ltr'><em>ι</em></span> 
     </span>
     <span class='ocr_line' id='line_1_95' title="bbox 1127 923 2127 967; baseline -0.001 -10"><span class='ocrx_word' id='word_1_735' title='bbox 1127 924 1149 957; x_wconf 86' lang='lat' dir='ltr'>fi</span> <span class='ocrx_word' id='word_1_736' title='bbox 1174 924 1274 967; x_wconf 87' lang='lat' dir='ltr'>probe</span> <span class='ocrx_word' id='word_1_737' title='bbox 1296 925 1449 960; x_wconf 87' lang='lat' dir='ltr'>memini,</span> <span class='ocrx_word' id='word_1_738' title='bbox 1474 923 1591 957; x_wconf 84' lang='lat' dir='ltr'>diserte</span> <span class='ocrx_word' id='word_1_739' title='bbox 1614 925 1799 966; x_wconf 84' lang='lat' dir='ltr'>negaverit,</span> <span class='ocrx_word' id='word_1_740' title='bbox 1823 935 1873 958; x_wconf 85' lang='lat' dir='ltr'>eas</span> <span class='ocrx_word' id='word_1_741' title='bbox 1909 933 2010 966; x_wconf 88' lang='lat' dir='ltr'>partes</span> <span class='ocrx_word' id='word_1_742' title='bbox 2041 924 2127 956; x_wconf 86' lang='lat' dir='ltr'>inter</span> 
     </span>
     <span class='ocr_line' id='line_1_96' title="bbox 1125 967 2125 1009; baseline -0.002 -8"><span class='ocrx_word' id='word_1_743' title='bbox 1125 968 1156 1001; x_wconf 84' lang='lat' dir='ltr'>se</span> <span class='ocrx_word' id='word_1_744' title='bbox 1171 993 1180 1006; x_wconf 94' lang='lat'>,</span> <span class='ocrx_word' id='word_1_745' title='bbox 1202 969 1234 1000; x_wconf 88' lang='lat'>&amp;</span> <span class='ocrx_word' id='word_1_746' title='bbox 1257 979 1329 1002; x_wconf 89' lang='lat' dir='ltr'>cum</span> <span class='ocrx_word' id='word_1_747' title='bbox 1352 968 1475 1001; x_wconf 86' lang='lat' dir='ltr'>caeteris</span> <span class='ocrx_word' id='word_1_748' title='bbox 1497 969 1827 1001; x_wconf 84' lang='lat' dir='ltr'>communicationem</span> <span class='ocrx_word' id='word_1_749' title='bbox 1853 967 1994 1006; x_wconf 88' lang='lat' dir='ltr'>habere,</span> <span class='ocrx_word' id='word_1_750' title='bbox 2025 977 2125 1009; x_wconf 87' lang='lat' dir='ltr'>neque</span> 
     </span>
     <span class='ocr_line' id='line_1_97' title="bbox 1123 1009 2124 1053; baseline 0 -10"><span class='ocrx_word' id='word_1_751' title='bbox 1123 1012 1292 1046; x_wconf 81' lang='lat' dir='ltr'>docuerit,</span> <span class='ocrx_word' id='word_1_752' title='bbox 1315 1011 1534 1046; x_wconf 80' lang='lat' dir='ltr'>membraneos</span> <span class='ocrx_word' id='word_1_753' title='bbox 1549 1010 1714 1053; x_wconf 78' lang='lat' dir='ltr'>sacculos,</span> <span class='ocrx_word' id='word_1_754' title='bbox 1738 1009 1796 1051; x_wconf 83' lang='lat' dir='ltr'>seu</span> <span class='ocrx_word' id='word_1_755' title='bbox 1839 1010 1955 1044; x_wconf 79' lang='lat' dir='ltr'>lobulos</span> <span class='ocrx_word' id='word_1_756' title='bbox 1999 1010 2124 1043; x_wconf 88' lang='lat' dir='ltr'>ovalem</span> 
     </span>
     <span class='ocr_line' id='line_1_98' title="bbox 1125 1052 2124 1096; baseline -0.002 -8"><span class='ocrx_word' id='word_1_757' title='bbox 1125 1054 1242 1089; x_wconf 85' lang='lat' dir='ltr'>habere</span> <span class='ocrx_word' id='word_1_758' title='bbox 1264 1052 1400 1095; x_wconf 83' lang='lat' dir='ltr'>figuram</span> <span class='ocrx_word' id='word_1_759' title='bbox 1411 1076 1424 1093; x_wconf 83' lang='lat'>,</span> <span class='ocrx_word' id='word_1_760' title='bbox 1447 1052 1499 1087; x_wconf 91' lang='lat' dir='ltr'>sed</span> <span class='ocrx_word' id='word_1_761' title='bbox 1521 1053 1640 1087; x_wconf 71' lang='lat' dir='ltr'>evalem</span> <span class='ocrx_word' id='word_1_762' title='bbox 1660 1063 1760 1095; x_wconf 85' lang='lat' dir='ltr'>pene,</span> <span class='ocrx_word' id='word_1_763' title='bbox 1784 1055 1853 1087; x_wconf 88' lang='lat' dir='ltr'>imo</span> <span class='ocrx_word' id='word_1_764' title='bbox 1876 1053 2073 1096; x_wconf 70' lang='lat' dir='ltr'>diversimode</span> <span class='ocrx_word' id='word_1_765' title='bbox 2079 1052 2124 1095; x_wconf 83' lang='lat' dir='ltr'>fi-</span> 
     </span>
     <span class='ocr_line' id='line_1_99' title="bbox 1123 1095 2122 1140; baseline -0.003 -9"><span class='ocrx_word' id='word_1_766' title='bbox 1123 1098 1233 1140; x_wconf 80' lang='lat' dir='ltr'>gurari</span> <span class='ocrx_word' id='word_1_767' title='bbox 1257 1119 1266 1135; x_wconf 89' lang='lat'>,</span> <span class='ocrx_word' id='word_1_768' title='bbox 1291 1101 1322 1129; x_wconf 88' lang='lat'>&amp;</span> <span class='ocrx_word' id='word_1_769' title='bbox 1345 1095 1399 1139; x_wconf 76' lang='lat' dir='ltr'>effe</span> <span class='ocrx_word' id='word_1_770' title='bbox 1421 1096 1515 1136; x_wconf 75' lang='lat' dir='ltr'>instar</span> <span class='ocrx_word' id='word_1_771' title='bbox 1534 1095 1708 1129; x_wconf 85' lang='lat' dir='ltr'>lobulorum</span> <span class='ocrx_word' id='word_1_772' title='bbox 1722 1117 1731 1133; x_wconf 92' lang='lat'>,</span> <span class='ocrx_word' id='word_1_773' title='bbox 1755 1096 1868 1138; x_wconf 80' lang='lat' dir='ltr'>quibus</span> <span class='ocrx_word' id='word_1_774' title='bbox 1900 1104 2122 1137; x_wconf 77' lang='lat' dir='ltr'>componuntur</span> 
     </span>
     <span class='ocr_line' id='line_1_100' title="bbox 1129 1138 2124 1182; baseline -0.001 -9"><span class='ocrx_word' id='word_1_775' title='bbox 1129 1141 1224 1174; x_wconf 79' lang='lat' dir='ltr'>eriam</span> <span class='ocrx_word' id='word_1_776' title='bbox 1241 1141 1429 1182; x_wconf 80' lang='lat' dir='ltr'>pulmones,</span> <span class='ocrx_word' id='word_1_777' title='bbox 1452 1140 1508 1182; x_wconf 90' lang='lat' dir='ltr'>qui</span> <span class='ocrx_word' id='word_1_778' title='bbox 1533 1139 1636 1171; x_wconf 90' lang='lat' dir='ltr'>lobuli</span> <span class='ocrx_word' id='word_1_779' title='bbox 1660 1148 1694 1172; x_wconf 94' lang='lat' dir='ltr'>ut</span> <span class='ocrx_word' id='word_1_780' title='bbox 1727 1140 1825 1173; x_wconf 89' lang='lat' dir='ltr'>variis</span> <span class='ocrx_word' id='word_1_781' title='bbox 1871 1138 1932 1171; x_wconf 89' lang='lat' dir='ltr'>sint</span> <span class='ocrx_word' id='word_1_782' title='bbox 1975 1138 2089 1172; x_wconf 85' lang='lat' dir='ltr'>formis</span> <span class='ocrx_word' id='word_1_783' title='bbox 2113 1162 2124 1178; x_wconf 92' lang='lat'>,</span> 
     </span>
     <span class='ocr_line' id='line_1_101' title="bbox 1128 1181 2124 1224; baseline -0.001 -8"><span class='ocrx_word' id='word_1_784' title='bbox 1128 1182 1299 1217; x_wconf 86' lang='lat' dir='ltr'>ostendunt</span> <span class='ocrx_word' id='word_1_785' title='bbox 1325 1183 1436 1216; x_wconf 79' lang='lat' dir='ltr'>leones</span> <span class='ocrx_word' id='word_1_786' title='bbox 1458 1193 1535 1224; x_wconf 91' lang='lat' dir='ltr'>quas</span> <span class='ocrx_word' id='word_1_787' title='bbox 1559 1182 1712 1224; x_wconf 84' lang='lat' dir='ltr'>Epistolis</span> <span class='ocrx_word' id='word_1_788' title='bbox 1755 1181 1793 1216; x_wconf 93' lang='lat' dir='ltr'>de</span> <span class='ocrx_word' id='word_1_789' title='bbox 1826 1182 2039 1216; x_wconf 85' lang='lat' dir='ltr'>Pulmonibus</span> <span class='ocrx_word' id='word_1_790' title='bbox 2074 1182 2124 1215; x_wconf 85' lang='lat' dir='ltr'>acl·</span> 
     </span>
     <span class='ocr_line' id='line_1_102' title="bbox 1128 1224 2124 1269; baseline -0.001 -10"><span class='ocrx_word' id='word_1_791' title='bbox 1128 1226 1259 1269; x_wconf 81' lang='lat' dir='ltr'>junxit.</span> <span class='ocrx_word' id='word_1_792' title='bbox 1284 1227 1433 1268; x_wconf 87' lang='lat' dir='ltr'>Illudque</span> <span class='ocrx_word' id='word_1_793' title='bbox 1457 1226 1584 1266; x_wconf 89' lang='lat' dir='ltr'>insuper</span> <span class='ocrx_word' id='word_1_794' title='bbox 1608 1233 1697 1258; x_wconf 87' lang='lat' dir='ltr'>antea</span> <span class='ocrx_word' id='word_1_795' title='bbox 1723 1224 1891 1267; x_wconf 81' lang='lat' dir='ltr'>scripserat</span> <span class='ocrx_word' id='word_1_796' title='bbox 1912 1248 1920 1261; x_wconf 84' lang='lat'>,</span> <span class='ocrx_word' id='word_1_797' title='bbox 1965 1225 2124 1259; x_wconf 85' lang='lat' dir='ltr'>contineri</span> 
     </span>
     <span class='ocr_line' id='line_1_103' title="bbox 1116 1267 2127 1315; baseline 0 -13"><span class='ocrx_word' id='word_1_798' title='bbox 1116 1270 1258 1312; x_wconf 83' lang='lat' dir='ltr'>sacculos</span> <span class='ocrx_word' id='word_1_799' title='bbox 1279 1270 1424 1303; x_wconf 78' lang='lat' dir='ltr'>minimos</span> <span class='ocrx_word' id='word_1_800' title='bbox 1447 1267 1567 1302; x_wconf 78' lang='lat' dir='ltr'>lobulos</span> <span class='ocrx_word' id='word_1_801' title='bbox 1589 1267 1712 1310; x_wconf 62' lang='lat' dir='ltr'>diversa:</span> <span class='ocrx_word' id='word_1_802' title='bbox 1729 1267 1861 1312; x_wconf 56' lang='lat' dir='ltr'>figurae,</span> <span class='ocrx_word' id='word_1_803' title='bbox 1881 1268 2067 1315; x_wconf 60' lang='lat' dir='ltr'>pinguedine</span> <span class='ocrx_word' id='word_1_804' title='bbox 2079 1279 2127 1302; x_wconf 85' lang='lat' dir='ltr'>re-</span> 
     </span>
     <span class='ocr_line' id='line_1_104' title="bbox 1115 1311 2127 1356; baseline -0.004 -10"><span class='ocrx_word' id='word_1_805' title='bbox 1115 1311 1238 1356; x_wconf 80' lang='lat' dir='ltr'>fertos.</span> <span class='ocrx_word' id='word_1_806' title='bbox 1262 1316 1425 1346; x_wconf 78' lang='lat' dir='ltr'>Caeterum</span> <span class='ocrx_word' id='word_1_807' title='bbox 1449 1312 1488 1346; x_wconf 88' lang='lat' dir='ltr'>ad</span> <span class='ocrx_word' id='word_1_808' title='bbox 1512 1311 1753 1349; x_wconf 74' lang='lat' dir='ltr'>Excresceritias</span> <span class='ocrx_word' id='word_1_809' title='bbox 1775 1322 1811 1345; x_wconf 90' lang='lat' dir='ltr'>ut</span> <span class='ocrx_word' id='word_1_810' title='bbox 1838 1312 1961 1345; x_wconf 86' lang='lat' dir='ltr'>redeam</span> <span class='ocrx_word' id='word_1_811' title='bbox 1983 1323 2050 1353; x_wconf 78' lang='lat' dir='ltr'>ejus</span> <span class='ocrx_word' id='word_1_812' title='bbox 2072 1323 2127 1354; x_wconf 86' lang='lat' dir='ltr'>ge-</span> 
     </span>
     <span class='ocr_line' id='line_1_105' title="bbox 1126 1355 2127 1399; baseline 0.001 -11"><span class='ocrx_word' id='word_1_813' title='bbox 1126 1359 1212 1390; x_wconf 89' lang='lat' dir='ltr'>neris</span> <span class='ocrx_word' id='word_1_814' title='bbox 1234 1357 1271 1390; x_wconf 92' lang='lat' dir='ltr'>de</span> <span class='ocrx_word' id='word_1_815' title='bbox 1294 1367 1361 1399; x_wconf 90' lang='lat' dir='ltr'>quo</span> <span class='ocrx_word' id='word_1_816' title='bbox 1382 1356 1503 1390; x_wconf 72' lang='lat' dir='ltr'>dic&#39;lum</span> <span class='ocrx_word' id='word_1_817' title='bbox 1529 1355 1595 1392; x_wconf 84' lang='lat' dir='ltr'>est;</span> <span class='ocrx_word' id='word_1_818' title='bbox 1619 1364 1682 1388; x_wconf 89' lang='lat' dir='ltr'>non</span> <span class='ocrx_word' id='word_1_819' title='bbox 1728 1367 1767 1388; x_wconf 82' lang='lat' dir='ltr'>ex</span> <span class='ocrx_word' id='word_1_820' title='bbox 1812 1355 1954 1397; x_wconf 84' lang='lat' dir='ltr'>Adiposa</span> <span class='ocrx_word' id='word_1_821' title='bbox 1999 1364 2127 1389; x_wconf 87' lang='lat' dir='ltr'>tantum</span> 
     </span>
     <span class='ocr_line' id='line_1_106' title="bbox 1124 1397 2123 1443; baseline 0 -11"><span class='ocrx_word' id='word_1_822' title='bbox 1124 1401 1309 1433; x_wconf 87' lang='lat' dir='ltr'>membrana</span> <span class='ocrx_word' id='word_1_823' title='bbox 1331 1410 1403 1443; x_wconf 83' lang='lat' dir='ltr'>quae</span> <span class='ocrx_word' id='word_1_824' title='bbox 1425 1398 1482 1433; x_wconf 87' lang='lat' dir='ltr'>sub</span> <span class='ocrx_word' id='word_1_825' title='bbox 1505 1407 1578 1432; x_wconf 88' lang='lat' dir='ltr'>cute</span> <span class='ocrx_word' id='word_1_826' title='bbox 1600 1398 1663 1435; x_wconf 80' lang='lat' dir='ltr'>est,</span> <span class='ocrx_word' id='word_1_827' title='bbox 1691 1397 1740 1432; x_wconf 90' lang='lat' dir='ltr'>sed</span> <span class='ocrx_word' id='word_1_828' title='bbox 1764 1400 1860 1433; x_wconf 87' lang='lat' dir='ltr'>etiam</span> <span class='ocrx_word' id='word_1_829' title='bbox 1906 1410 1945 1432; x_wconf 89' lang='lat' dir='ltr'>ex</span> <span class='ocrx_word' id='word_1_830' title='bbox 1987 1399 2123 1432; x_wconf 84' lang='lat' dir='ltr'>internis</span> 
     </span>
     <span class='ocr_line' id='line_1_107' title="bbox 1123 1440 2125 1483; baseline 0 -7"><span class='ocrx_word' id='word_1_831' title='bbox 1123 1445 1214 1480; x_wconf 88' lang='lat' dir='ltr'>aliis,</span> <span class='ocrx_word' id='word_1_832' title='bbox 1236 1447 1265 1477; x_wconf 77' lang='lat' dir='ltr'>Sc</span> <span class='ocrx_word' id='word_1_833' title='bbox 1291 1445 1486 1476; x_wconf 88' lang='lat' dir='ltr'>nominatim</span> <span class='ocrx_word' id='word_1_834' title='bbox 1510 1453 1548 1475; x_wconf 83' lang='lat' dir='ltr'>ex</span> <span class='ocrx_word' id='word_1_835' title='bbox 1570 1451 1702 1475; x_wconf 81' lang='lat' dir='ltr'>omento</span> <span class='ocrx_word' id='word_1_836' title='bbox 1725 1442 1897 1483; x_wconf 73' lang='lat' dir='ltr'>quasdam,</span> <span class='ocrx_word' id='word_1_837' title='bbox 1920 1442 2051 1475; x_wconf 89' lang='lat' dir='ltr'>illarum</span> <span class='ocrx_word' id='word_1_838' title='bbox 2085 1440 2125 1476; x_wconf 86' lang='lat' dir='ltr'>fic</span> 
     </span>
     <span class='ocr_line' id='line_1_108' title="bbox 1124 1484 2128 1523; baseline -0.002 -3"><span class='ocrx_word' id='word_1_839' title='bbox 1124 1487 1198 1520; x_wconf 86' lang='lat' dir='ltr'>satis</span> <span class='ocrx_word' id='word_1_840' title='bbox 1223 1487 1339 1519; x_wconf 84' lang='lat' dir='ltr'>similes</span> <span class='ocrx_word' id='word_1_841' title='bbox 1356 1508 1364 1522; x_wconf 90' lang='lat'>‚</span> <span class='ocrx_word' id='word_1_842' title='bbox 1390 1486 1542 1523; x_wconf 86' lang='lat' dir='ltr'>existere,</span> <span class='ocrx_word' id='word_1_843' title='bbox 1567 1485 1690 1518; x_wconf 89' lang='lat' dir='ltr'>indicat</span> <span class='ocrx_word' id='word_1_844' title='bbox 1713 1484 1930 1523; x_wconf 85' lang='lat' dir='ltr'>Observatio,</span> <span class='ocrx_word' id='word_1_845' title='bbox 1965 1488 1998 1518; x_wconf 87' lang='lat' dir='ltr'>in</span> <span class='ocrx_word' id='word_1_846' title='bbox 2031 1486 2128 1518; x_wconf 74' lang='lat' dir='ltr'>Ana-</span> 
     </span>
     <span class='ocr_line' id='line_1_109' title="bbox 1123 1528 2128 1571; baseline -0.001 -8"><span class='ocrx_word' id='word_1_847' title='bbox 1123 1531 1271 1563; x_wconf 77' lang='lat' dir='ltr'>tomicam</span> <span class='ocrx_word' id='word_1_848' title='bbox 1293 1528 1518 1562; x_wconf 80' lang='lat' dir='ltr'>Bibliothecam</span> <span class='ocrx_word' id='word_1_849' title='bbox 1539 1532 1553 1567; x_wconf 91' lang='lat'><strong>(</strong></span> <span class='ocrx_word' id='word_1_850' title='bbox 1575 1528 1596 1560; x_wconf 86' lang='lat' dir='ltr'>d</span> <span class='ocrx_word' id='word_1_851' title='bbox 1615 1532 1629 1569; x_wconf 89' lang='lat'><em>)</em></span> <span class='ocrx_word' id='word_1_852' title='bbox 1651 1529 1769 1565; x_wconf 77' lang='lat' dir='ltr'>relata,</span> <span class='ocrx_word' id='word_1_853' title='bbox 1797 1532 2040 1562; x_wconf 85' lang='lat' dir='ltr'>innumerorum</span> <span class='ocrx_word' id='word_1_854' title='bbox 2053 1540 2128 1571; x_wconf 81' lang='lat' dir='ltr'>pr0·</span> 
     </span>
     <span class='ocr_line' id='line_1_110' title="bbox 1123 1570 2125 1615; baseline -0.002 -8"><span class='ocrx_word' id='word_1_855' title='bbox 1123 1573 1263 1607; x_wconf 77' lang='lat' dir='ltr'>cessuum</span> <span class='ocrx_word' id='word_1_856' title='bbox 1288 1574 1344 1615; x_wconf 91' lang='lat' dir='ltr'>qui</span> <span class='ocrx_word' id='word_1_857' title='bbox 1369 1583 1407 1605; x_wconf 86' lang='lat' dir='ltr'>ex</span> <span class='ocrx_word' id='word_1_858' title='bbox 1430 1570 1566 1614; x_wconf 83' lang='lat' dir='ltr'>adipofis</span> <span class='ocrx_word' id='word_1_859' title='bbox 1611 1574 1735 1605; x_wconf 89' lang='lat' dir='ltr'>omenti</span> <span class='ocrx_word' id='word_1_860' title='bbox 1781 1574 1925 1612; x_wconf 81' lang='lat' dir='ltr'>partibus</span> <span class='ocrx_word' id='word_1_861' title='bbox 1971 1572 2125 1614; x_wconf 86' lang='lat' dir='ltr'>pollicem</span> 
     </span>
     <span class='ocr_line' id='line_1_111' title="bbox 1123 1615 2128 1660; baseline -0.001 -11"><span class='ocrx_word' id='word_1_862' title='bbox 1123 1617 1232 1657; x_wconf 78' lang='lat' dir='ltr'>craffi,</span> <span class='ocrx_word' id='word_1_863' title='bbox 1256 1627 1482 1660; x_wconf 86' lang='lat' dir='ltr'>quatuorque,</span> <span class='ocrx_word' id='word_1_864' title='bbox 1505 1625 1560 1650; x_wconf 88' lang='lat' dir='ltr'>aut</span> <span class='ocrx_word' id='word_1_865' title='bbox 1585 1618 1728 1657; x_wconf 87' lang='lat' dir='ltr'>quinque</span> <span class='ocrx_word' id='word_1_866' title='bbox 1752 1615 1874 1656; x_wconf 82' lang='lat' dir='ltr'>digitos</span> <span class='ocrx_word' id='word_1_867' title='bbox 1897 1615 2011 1657; x_wconf 81' lang='lat' dir='ltr'>longi,</span> <span class='ocrx_word' id='word_1_868' title='bbox 2032 1617 2128 1648; x_wconf 84' lang='lat' dir='ltr'>&amp;eo-</span> 
     </span>
     <span class='ocr_line' id='line_1_112' title="bbox 1126 1658 2130 1703; baseline -0.003 -9"><span class='ocrx_word' id='word_1_869' title='bbox 1126 1661 1199 1694; x_wconf 89' lang='lat' dir='ltr'>dem</span> <span class='ocrx_word' id='word_1_870' title='bbox 1222 1672 1289 1703; x_wconf 86' lang='lat' dir='ltr'>quo</span> <span class='ocrx_word' id='word_1_871' title='bbox 1312 1670 1432 1694; x_wconf 82' lang='lat' dir='ltr'>caeterae</span> <span class='ocrx_word' id='word_1_872' title='bbox 1457 1661 1650 1694; x_wconf 66' lang='lat' dir='ltr'>membranae</span> <span class='ocrx_word' id='word_1_873' title='bbox 1674 1658 1835 1700; x_wconf 77' lang='lat' dir='ltr'>adiposae,</span> <span class='ocrx_word' id='word_1_874' title='bbox 1860 1669 2013 1692; x_wconf 87' lang='lat' dir='ltr'>concreto</span> <span class='ocrx_word' id='word_1_875' title='bbox 2048 1669 2130 1692; x_wconf 81' lang='lat' dir='ltr'>non-</span> 
     </span>
     <span class='ocr_line' id='line_1_113' title="bbox 1125 1701 2129 1745; baseline -0.002 -9"><span class='ocrx_word' id='word_1_876' title='bbox 1125 1703 1212 1737; x_wconf 86' lang='lat' dir='ltr'>nihil</span> <span class='ocrx_word' id='word_1_877' title='bbox 1234 1705 1344 1737; x_wconf 89' lang='lat' dir='ltr'>oleoso</span> <span class='ocrx_word' id='word_1_878' title='bbox 1368 1704 1503 1737; x_wconf 85' lang='lat' dir='ltr'>humore</span> <span class='ocrx_word' id='word_1_879' title='bbox 1526 1703 1672 1745; x_wconf 83' lang='lat' dir='ltr'>turgidi,</span> <span class='ocrx_word' id='word_1_880' title='bbox 1697 1701 1960 1745; x_wconf 81' lang='lat' dir='ltr'>propendebant.</span> <span class='ocrx_word' id='word_1_881' title='bbox 1985 1701 2043 1736; x_wconf 89' lang='lat' dir='ltr'>Sed</span> <span class='ocrx_word' id='word_1_882' title='bbox 2078 1703 2129 1734; x_wconf 87' lang='lat' dir='ltr'>in-</span> 
     </span>
     <span class='ocr_line' id='line_1_114' title="bbox 1124 1745 2128 1789; baseline -0.002 -9"><span class='ocrx_word' id='word_1_883' title='bbox 1124 1748 1298 1782; x_wconf 83' lang='lat' dir='ltr'>terioribus</span> <span class='ocrx_word' id='word_1_884' title='bbox 1321 1747 1408 1782; x_wconf 85' lang='lat' dir='ltr'>hisce</span> <span class='ocrx_word' id='word_1_885' title='bbox 1432 1748 1614 1782; x_wconf 87' lang='lat' dir='ltr'>tumoribus</span> <span class='ocrx_word' id='word_1_886' title='bbox 1637 1745 1774 1783; x_wconf 82' lang='lat' dir='ltr'>omiffis,</span> <span class='ocrx_word' id='word_1_887' title='bbox 1800 1746 1838 1780; x_wconf 91' lang='lat' dir='ltr'>de</span> <span class='ocrx_word' id='word_1_888' title='bbox 1883 1747 1922 1779; x_wconf 90' lang='lat' dir='ltr'>iis</span> <span class='ocrx_word' id='word_1_889' title='bbox 1968 1748 2024 1789; x_wconf 91' lang='lat' dir='ltr'>qui</span> <span class='ocrx_word' id='word_1_890' title='bbox 2072 1745 2128 1779; x_wconf 81' lang='lat' dir='ltr'>sub</span> 
     </span>
     <span class='ocr_line' id='line_1_115' title="bbox 1125 1788 2128 1835; baseline 0.001 -13"><span class='ocrx_word' id='word_1_891' title='bbox 1125 1802 1261 1832; x_wconf 84' lang='lat' dir='ltr'>manus,</span> <span class='ocrx_word' id='word_1_892' title='bbox 1284 1792 1461 1835; x_wconf 85' lang='lat' dir='ltr'>oculosque</span> <span class='ocrx_word' id='word_1_893' title='bbox 1484 1791 1626 1831; x_wconf 81' lang='lat' dir='ltr'>cadunt,</span> <span class='ocrx_word' id='word_1_894' title='bbox 1670 1789 1944 1835; x_wconf 82' lang='lat' dir='ltr'>quemadmodum</span> <span class='ocrx_word' id='word_1_895' title='bbox 1990 1788 2128 1833; x_wconf 83' lang='lat' dir='ltr'>postulat</span> 
     </span>
     <span class='ocr_line' id='line_1_116' title="bbox 1124 1833 2094 1879; baseline 0 -12"><span class='ocrx_word' id='word_1_896' title='bbox 1124 1833 1239 1867; x_wconf 86' lang='lat' dir='ltr'>harum</span> <span class='ocrx_word' id='word_1_897' title='bbox 1264 1836 1463 1869; x_wconf 88' lang='lat' dir='ltr'>Litterarum</span> <span class='ocrx_word' id='word_1_898' title='bbox 1489 1836 1713 1879; x_wconf 86' lang='lat' dir='ltr'>propositum,</span> <span class='ocrx_word' id='word_1_899' title='bbox 1738 1833 1875 1870; x_wconf 88' lang='lat' dir='ltr'>scribere</span> <span class='ocrx_word' id='word_1_900' title='bbox 1898 1844 2065 1876; x_wconf 84' lang='lat' dir='ltr'>pergamus</span> <span class='ocrx_word' id='word_1_901' title='bbox 2086 1859 2094 1867; x_wconf 90' lang='lat'><em>.</em></span> 
     </span>
     <span class='ocr_line' id='line_1_117' title="bbox 1164 1876 2130 1923; baseline 0.005 -14"><span class='ocrx_word' id='word_1_902' title='bbox 1164 1880 1212 1910; x_wconf 86' lang='lat'>26.</span> <span class='ocrx_word' id='word_1_903' title='bbox 1238 1878 1307 1911; x_wconf 85' lang='lat' dir='ltr'>Etsi</span> <span class='ocrx_word' id='word_1_904' title='bbox 1333 1890 1412 1912; x_wconf 86' lang='lat' dir='ltr'>vero</span> <span class='ocrx_word' id='word_1_905' title='bbox 1433 1880 1556 1913; x_wconf 88' lang='lat' dir='ltr'>ordinis</span> <span class='ocrx_word' id='word_1_906' title='bbox 1580 1877 1716 1921; x_wconf 83' lang='lat' dir='ltr'>alicujus</span> <span class='ocrx_word' id='word_1_907' title='bbox 1740 1882 1842 1922; x_wconf 80' lang='lat' dir='ltr'>gratia</span> <span class='ocrx_word' id='word_1_908' title='bbox 1869 1878 1906 1912; x_wconf 88' lang='lat' dir='ltr'>de</span> <span class='ocrx_word' id='word_1_909' title='bbox 1930 1876 1981 1912; x_wconf 90' lang='lat' dir='ltr'>his</span> <span class='ocrx_word' id='word_1_910' title='bbox 2004 1881 2059 1923; x_wconf 90' lang='lat' dir='ltr'>qui</span> <span class='ocrx_word' id='word_1_911' title='bbox 2076 1891 2130 1914; x_wconf 56' lang='lat' dir='ltr'>re-o-</span> 
     </span>
     <span class='ocr_line' id='line_1_118' title="bbox 1120 1921 2128 1963; baseline 0.005 -11"><span class='ocrx_word' id='word_1_912' title='bbox 1120 1921 1202 1962; x_wconf 88' lang='lat' dir='ltr'>liqui</span> <span class='ocrx_word' id='word_1_913' title='bbox 1228 1921 1300 1955; x_wconf 88' lang='lat' dir='ltr'>sunt</span> <span class='ocrx_word' id='word_1_914' title='bbox 1323 1923 1509 1957; x_wconf 89' lang='lat' dir='ltr'>tumoribus</span> <span class='ocrx_word' id='word_1_915' title='bbox 1533 1925 1577 1955; x_wconf 81' lang='lat' dir='ltr'>ita</span> <span class='ocrx_word' id='word_1_916' title='bbox 1602 1923 1769 1963; x_wconf 86' lang='lat' dir='ltr'>dicemus,</span> <span class='ocrx_word' id='word_1_917' title='bbox 1794 1933 1828 1957; x_wconf 91' lang='lat' dir='ltr'>ut</span> <span class='ocrx_word' id='word_1_918' title='bbox 1864 1934 1974 1957; x_wconf 83' lang='lat' dir='ltr'>eorum</span> <span class='ocrx_word' id='word_1_919' title='bbox 2020 1923 2128 1958; x_wconf 86' lang='lat' dir='ltr'>sedem·</span> 
     </span>
     <span class='ocr_line' id='line_1_119' title="bbox 1120 1965 2129 2010; baseline 0.005 -14"><span class='ocrx_word' id='word_1_920' title='bbox 1120 1965 1244 2006; x_wconf 84' lang='lat' dir='ltr'>magis‚</span> <span class='ocrx_word' id='word_1_921' title='bbox 1267 1976 1363 2007; x_wconf 90' lang='lat' dir='ltr'>quam</span> <span class='ocrx_word' id='word_1_922' title='bbox 1389 1976 1558 2004; x_wconf 86' lang='lat' dir='ltr'>naturam,</span> <span class='ocrx_word' id='word_1_923' title='bbox 1584 1965 1746 2008; x_wconf 79' lang='lat' dir='ltr'>sequentes</span> <span class='ocrx_word' id='word_1_924' title='bbox 1762 1990 1769 2004; x_wconf 90' lang='lat'><strong>‚</strong></span> <span class='ocrx_word' id='word_1_925' title='bbox 1794 1969 1834 2001; x_wconf 88' lang='lat' dir='ltr'>ab</span> <span class='ocrx_word' id='word_1_926' title='bbox 1856 1969 1894 2001; x_wconf 85' lang='lat' dir='ltr'>iis</span> <span class='ocrx_word' id='word_1_927' title='bbox 1918 1968 1975 2010; x_wconf 86' lang='lat' dir='ltr'>qui</span> <span class='ocrx_word' id='word_1_928' title='bbox 2000 1970 2032 2001; x_wconf 88' lang='lat' dir='ltr'>in</span> <span class='ocrx_word' id='word_1_929' title='bbox 2067 1980 2129 2001; x_wconf 67' lang='grc' dir='ltr'>εει-ν</span> 
     </span>
     <span class='ocr_line' id='line_1_120' title="bbox 1120 2009 2125 2053; baseline 0.008 -15"><span class='ocrx_word' id='word_1_930' title='bbox 1120 2009 1188 2049; x_wconf 84' lang='lat' dir='ltr'>pite</span> <span class='ocrx_word' id='word_1_931' title='bbox 1203 2031 1215 2048; x_wconf 93' lang='lat'>,</span> <span class='ocrx_word' id='word_1_932' title='bbox 1238 2010 1270 2040; x_wconf 88' lang='lat'>&amp;</span> <span class='ocrx_word' id='word_1_933' title='bbox 1292 2009 1378 2043; x_wconf 87' lang='lat' dir='ltr'>collo</span> <span class='ocrx_word' id='word_1_934' title='bbox 1402 2017 1577 2044; x_wconf 87' lang='lat' dir='ltr'>occurrunt</span> <span class='ocrx_word' id='word_1_935' title='bbox 1592 2034 1603 2050; x_wconf 87' lang='lat'><em>‚</em></span> <span class='ocrx_word' id='word_1_936' title='bbox 1626 2011 1727 2044; x_wconf 86' lang='lat' dir='ltr'>initio</span> <span class='ocrx_word' id='word_1_937' title='bbox 1751 2010 1837 2045; x_wconf 67' lang='lat' dir='ltr'>facto</span> <span class='ocrx_word' id='word_1_938' title='bbox 1854 2035 1863 2050; x_wconf 92' lang='lat'>,</span> <span class='ocrx_word' id='word_1_939' title='bbox 1888 2011 2039 2053; x_wconf 75' lang='lat' dir='ltr'>deinceps</span> <span class='ocrx_word' id='word_1_940' title='bbox 2085 2012 2125 2046; x_wconf 89' lang='lat' dir='ltr'>ad</span> 
     </span>
     <span class='ocr_line' id='line_1_121' title="bbox 1121 2051 2123 2097; baseline 0.008 -15"><span class='ocrx_word' id='word_1_941' title='bbox 1121 2051 1291 2085; x_wconf 86' lang='lat' dir='ltr'>inferiores</span> <span class='ocrx_word' id='word_1_942' title='bbox 1333 2052 1584 2091; x_wconf 83' lang='lat' dir='ltr'>descendamus;</span> <span class='ocrx_word' id='word_1_943' title='bbox 1613 2054 1680 2086; x_wconf 87' lang='lat' dir='ltr'>noli</span> <span class='ocrx_word' id='word_1_944' title='bbox 1727 2063 1834 2088; x_wconf 86' lang='lat' dir='ltr'>tamen</span> <span class='ocrx_word' id='word_1_945' title='bbox 1869 2057 2059 2097; x_wconf 60' lang='lat' dir='ltr'>expe&amp;are‚</span> <span class='ocrx_word' id='word_1_946' title='bbox 2086 2066 2123 2090; x_wconf 93' lang='lat' dir='ltr'>ut</span> 
     </span>
     <span class='ocr_line' id='line_1_122' title="bbox 1119 2094 2125 2141; baseline 0.007 -15"><span class='ocrx_word' id='word_1_947' title='bbox 1119 2106 1190 2135; x_wconf 70' lang='lat' dir='ltr'>quae</span> <span class='ocrx_word' id='word_1_948' title='bbox 1214 2094 1285 2134; x_wconf 88' lang='lat' dir='ltr'>ibi,</span> <span class='ocrx_word' id='word_1_949' title='bbox 1310 2106 1363 2129; x_wconf 87' lang='lat' dir='ltr'>aut</span> <span class='ocrx_word' id='word_1_950' title='bbox 1386 2097 1466 2133; x_wconf 88' lang='lat' dir='ltr'>alibi</span> <span class='ocrx_word' id='word_1_951' title='bbox 1489 2108 1617 2131; x_wconf 87' lang='lat' dir='ltr'>venerea</span> <span class='ocrx_word' id='word_1_952' title='bbox 1638 2106 1800 2140; x_wconf 71' lang='lat' dir='ltr'>gammara</span> <span class='ocrx_word' id='word_1_953' title='bbox 1824 2097 1852 2131; x_wconf 88' lang='lat' dir='ltr'>se</span> <span class='ocrx_word' id='word_1_954' title='bbox 1877 2098 2043 2141; x_wconf 89' lang='lat' dir='ltr'>produnt,</span> <span class='ocrx_word' id='word_1_955' title='bbox 2067 2098 2125 2133; x_wconf 81' lang='lat' dir='ltr'>hic</span> 
     </span>
     <span class='ocr_line' id='line_1_123' title="bbox 1119 2142 2124 2185; baseline 0.004 -16"><span class='ocrx_word' id='word_1_956' title='bbox 1119 2149 1353 2176; x_wconf 83' lang='lat' dir='ltr'>memoremus,</span> <span class='ocrx_word' id='word_1_957' title='bbox 1377 2143 1497 2184; x_wconf 88' lang='lat' dir='ltr'>quippe</span> <span class='ocrx_word' id='word_1_958' title='bbox 1519 2142 1624 2183; x_wconf 86' lang='lat' dir='ltr'>aptius</span> <span class='ocrx_word' id='word_1_959' title='bbox 1649 2142 1687 2175; x_wconf 86' lang='lat' dir='ltr'>ad</span> <span class='ocrx_word' id='word_1_960' title='bbox 1712 2153 1780 2174; x_wconf 89' lang='lat' dir='ltr'>eam</span> <span class='ocrx_word' id='word_1_961' title='bbox 1806 2144 1907 2177; x_wconf 90' lang='lat' dir='ltr'>Luem</span> <span class='ocrx_word' id='word_1_962' title='bbox 1933 2147 1943 2182; x_wconf 97' lang='lat'>(</span> <span class='ocrx_word' id='word_1_963' title='bbox 1967 2143 2016 2185; x_wconf 81' lang='lat' dir='ltr'>e)</span> <span class='ocrx_word' id='word_1_964' title='bbox 2061 2145 2124 2176; x_wconf 86' lang='lat' dir='ltr'>ser-</span> 
     </span>
     <span class='ocr_line' id='line_1_124' title="bbox 1114 2182 2122 2229; baseline 0.008 -17"><span class='ocrx_word' id='word_1_965' title='bbox 1114 2183 1248 2220; x_wconf 77' lang='lat' dir='ltr'>vaturi,</span> <span class='ocrx_word' id='word_1_966' title='bbox 1274 2184 1444 2226; x_wconf 85' lang='lat' dir='ltr'>multoque</span> <span class='ocrx_word' id='word_1_967' title='bbox 1468 2182 1574 2218; x_wconf 84' lang='lat' dir='ltr'>minus</span> <span class='ocrx_word' id='word_1_968' title='bbox 1600 2193 1636 2217; x_wconf 88' lang='lat' dir='ltr'>ut</span> <span class='ocrx_word' id='word_1_969' title='bbox 1680 2196 1751 2227; x_wconf 80' lang='lat' dir='ltr'>quae</span> <span class='ocrx_word' id='word_1_970' title='bbox 1796 2186 1834 2219; x_wconf 87' lang='lat' dir='ltr'>de</span> <span class='ocrx_word' id='word_1_971' title='bbox 1877 2186 2122 2229; x_wconf 82' lang='lat' dir='ltr'>hydrocephalo</span> 
     </span>
     <span class='ocr_line' id='line_1_125' title="bbox 1114 2222 2119 2274; baseline 0.005 -16"><span class='ocrx_word' id='word_1_972' title='bbox 1114 2225 1189 2274; x_wconf 81' lang='lat' dir='ltr'>alias</span> <span class='ocrx_word' id='word_1_973' title='bbox 1213 2222 1295 2267; x_wconf 83' lang='lat' dir='ltr'>(f)</span> <span class='ocrx_word' id='word_1_974' title='bbox 1321 2227 1499 2269; x_wconf 84' lang='lat' dir='ltr'>scripsimus</span> <span class='ocrx_word' id='word_1_975' title='bbox 1522 2250 1532 2266; x_wconf 92' lang='lat'>,</span> <span class='ocrx_word' id='word_1_976' title='bbox 1566 2238 1620 2261; x_wconf 89' lang='lat' dir='ltr'>aut</span> <span class='ocrx_word' id='word_1_977' title='bbox 1643 2228 1681 2261; x_wconf 90' lang='lat' dir='ltr'>de</span> <span class='ocrx_word' id='word_1_978' title='bbox 1707 2230 1833 2263; x_wconf 89' lang='lat' dir='ltr'>narium</span> <span class='ocrx_word' id='word_1_979' title='bbox 1857 2231 1987 2273; x_wconf 91' lang='lat' dir='ltr'>polypis</span> <span class='ocrx_word' id='word_1_980' title='bbox 2033 2234 2084 2273; x_wconf 78' lang='lat' dir='ltr'>(g</span> <span class='ocrx_word' id='word_1_981' title='bbox 2108 2235 2119 2270; x_wconf 72' lang='lat' dir='ltr'>J</span> 
     </span>
     <span class='ocr_line' id='line_1_126' title="bbox 1109 2268 2123 2315; baseline 0.005 -14"><span class='ocrx_word' id='word_1_982' title='bbox 1109 2268 1162 2301; x_wconf 88' lang='lat' dir='ltr'>hic</span> <span class='ocrx_word' id='word_1_983' title='bbox 1185 2278 1381 2311; x_wconf 66' lang='lat' dir='ltr'>repetamus.</span> <span class='ocrx_word' id='word_1_984' title='bbox 1517 2272 1652 2312; x_wconf 69' lang='lat' dir='ltr'>Linguae</span> <span class='ocrx_word' id='word_1_985' title='bbox 1676 2281 1782 2305; x_wconf 83' lang='lat' dir='ltr'>autem</span> <span class='ocrx_word' id='word_1_986' title='bbox 1828 2283 1969 2307; x_wconf 89' lang='lat' dir='ltr'>tumores</span> <span class='ocrx_word' id='word_1_987' title='bbox 2015 2275 2123 2315; x_wconf 66' lang='lat' dir='ltr'>plures‹</span> 
     </span>
     <span class='ocr_line' id='line_1_127' title="bbox 1109 2312 2120 2356; baseline 0.007 -12"><span class='ocrx_word' id='word_1_988' title='bbox 1109 2312 1241 2353; x_wconf 87' lang='lat' dir='ltr'>quidem</span> <span class='ocrx_word' id='word_1_989' title='bbox 1267 2314 1517 2356; x_wconf 81' lang='lat' dir='ltr'>conspeximus;</span> <span class='ocrx_word' id='word_1_990' title='bbox 1544 2315 1594 2348; x_wconf 88' lang='lat' dir='ltr'>sed</span> <span class='ocrx_word' id='word_1_991' title='bbox 1618 2316 1749 2348; x_wconf 83' lang='lat' dir='ltr'>nullum·</span> <span class='ocrx_word' id='word_1_992' title='bbox 1767 2316 1941 2351; x_wconf 77' lang='lat' dir='ltr'>dissecandi</span> <span class='ocrx_word' id='word_1_993' title='bbox 1976 2318 2120 2351; x_wconf 88' lang='lat' dir='ltr'>occasio—</span> 
     </span>
     <span class='ocr_line' id='line_1_128' title="bbox 1110 2356 2119 2401; baseline 0.008 -14"><span class='ocrx_word' id='word_1_994' title='bbox 1110 2367 1182 2388; x_wconf 85' lang='lat' dir='ltr'>nem</span> <span class='ocrx_word' id='word_1_995' title='bbox 1209 2356 1398 2390; x_wconf 82' lang='lat' dir='ltr'>habuimus.</span> <span class='ocrx_word' id='word_1_996' title='bbox 1424 2358 1519 2401; x_wconf 81' lang='lat' dir='ltr'>Qus</span> <span class='ocrx_word' id='word_1_997' title='bbox 1544 2359 1627 2391; x_wconf 91' lang='lat' dir='ltr'>inter</span> <span class='ocrx_word' id='word_1_998' title='bbox 1653 2362 1901 2400; x_wconf 76' lang='lat' dir='ltr'>praetermittere</span> <span class='ocrx_word' id='word_1_999' title='bbox 1938 2360 1990 2394; x_wconf 88' lang='lat' dir='ltr'>hic</span> <span class='ocrx_word' id='word_1_1000' title='bbox 2024 2362 2119 2395; x_wconf 82' lang='lat' dir='ltr'>nolu-</span> 
     </span>
     <span class='ocr_line' id='line_1_129' title="bbox 1110 2401 2114 2443; baseline 0.006 -12"><span class='ocrx_word' id='word_1_1001' title='bbox 1110 2411 1179 2431; x_wconf 83' lang='lat' dir='ltr'>inus</span> <span class='ocrx_word' id='word_1_1002' title='bbox 1204 2401 1326 2432; x_wconf 68' lang='lat' dir='ltr'>minora</span> <span class='ocrx_word' id='word_1_1003' title='bbox 1351 2401 1497 2443; x_wconf 77' lang='lat' dir='ltr'>quaedam</span> <span class='ocrx_word' id='word_1_1004' title='bbox 1521 2403 1618 2434; x_wconf 83' lang='lat' dir='ltr'>instar</span> <span class='ocrx_word' id='word_1_1005' title='bbox 1644 2413 1851 2438; x_wconf 89' lang='lat' dir='ltr'>verrucarum</span> <span class='ocrx_word' id='word_1_1006' title='bbox 1877 2404 2114 2442; x_wconf 86' lang='lat' dir='ltr'>tubercula,in</span> 
     </span>
     <span class='ocr_line' id='line_1_130' title="bbox 1111 2442 2111 2491; baseline 0.007 -17"><span class='ocrx_word' id='word_1_1007' title='bbox 1111 2442 1270 2484; x_wconf 87' lang='lat' dir='ltr'>superiore</span> <span class='ocrx_word' id='word_1_1008' title='bbox 1295 2444 1383 2476; x_wconf 85' lang='lat' dir='ltr'>illius</span> <span class='ocrx_word' id='word_1_1009' title='bbox 1406 2444 1573 2485; x_wconf 80' lang='lat' dir='ltr'>superficie</span> <span class='ocrx_word' id='word_1_1010' title='bbox 1596 2447 1727 2487; x_wconf 77' lang='lat' dir='ltr'>propius</span> <span class='ocrx_word' id='word_1_1011' title='bbox 1751 2447 1849 2481; x_wconf 86' lang='lat' dir='ltr'>basim</span> <span class='ocrx_word' id='word_1_1012' title='bbox 1894 2460 1910 2480; x_wconf 85' lang='lat' dir='ltr'>a</span> <span class='ocrx_word' id='word_1_1013' title='bbox 1943 2447 2111 2491; x_wconf 75' lang='lat' dir='ltr'>Chirurgo</span> 
     </span>
     <span class='ocr_line' id='line_1_131' title="bbox 1109 2486 2115 2529; baseline 0.006 -10"><span class='ocrx_word' id='word_1_1014' title='bbox 1109 2486 1249 2528; x_wconf 85' lang='lat' dir='ltr'>quodam</span> <span class='ocrx_word' id='word_1_1015' title='bbox 1275 2487 1354 2519; x_wconf 84' lang='lat' dir='ltr'>olim</span> <span class='ocrx_word' id='word_1_1016' title='bbox 1379 2489 1411 2518; x_wconf 92' lang='lat' dir='ltr'>in</span> <span class='ocrx_word' id='word_1_1017' title='bbox 1439 2490 1591 2521; x_wconf 84' lang='lat' dir='ltr'>Patavina</span> <span class='ocrx_word' id='word_1_1018' title='bbox 1617 2489 1750 2523; x_wconf 86' lang='lat' dir='ltr'>muliere</span> <span class='ocrx_word' id='word_1_1019' title='bbox 1774 2492 1867 2524; x_wconf 87' lang='lat' dir='ltr'>nobis</span> <span class='ocrx_word' id='word_1_1020' title='bbox 1892 2490 2012 2524; x_wconf 53' lang='lat' dir='ltr'>ostensa</span> <span class='ocrx_word' id='word_1_1021' title='bbox 2036 2515 2044 2529; x_wconf 89' lang='lat'>,</span> <span class='ocrx_word' id='word_1_1022' title='bbox 2078 2503 2115 2525; x_wconf 89' lang='lat' dir='ltr'>ut</span> 
     </span>
     <span class='ocr_line' id='line_1_132' title="bbox 1108 2529 2110 2572; baseline 0.009 -12"><span class='ocrx_word' id='word_1_1023' title='bbox 1108 2540 1172 2568; x_wconf 82' lang='lat' dir='ltr'>qua</span> <span class='ocrx_word' id='word_1_1024' title='bbox 1198 2529 1394 2571; x_wconf 77' lang='lat' dir='ltr'>potissimum</span> <span class='ocrx_word' id='word_1_1025' title='bbox 1419 2534 1542 2565; x_wconf 91' lang='lat' dir='ltr'>ratione</span> <span class='ocrx_word' id='word_1_1026' title='bbox 1566 2532 1717 2572; x_wconf 90' lang='lat' dir='ltr'>tolleret,</span> <span class='ocrx_word' id='word_1_1027' title='bbox 1743 2534 1914 2568; x_wconf 78' lang='lat' dir='ltr'>consilium</span> <span class='ocrx_word' id='word_1_1028' title='bbox 1939 2536 2110 2569; x_wconf 87' lang='lat' dir='ltr'>daremus.</span> 
     </span>
     <span class='ocr_line' id='line_1_133' title="bbox 1111 2573 2111 2619; baseline 0.009 -15"><span class='ocrx_word' id='word_1_1029' title='bbox 1111 2573 1190 2605; x_wconf 79' lang='lat' dir='ltr'>Non</span> <span class='ocrx_word' id='word_1_1030' title='bbox 1215 2574 1462 2615; x_wconf 83' lang='lat' dir='ltr'>ignorabamus,</span> <span class='ocrx_word' id='word_1_1031' title='bbox 1489 2575 1681 2608; x_wconf 87' lang='lat' dir='ltr'>Marcellum</span> <span class='ocrx_word' id='word_1_1032' title='bbox 1707 2579 1873 2612; x_wconf 83' lang='lat' dir='ltr'>Donatum</span> <span class='ocrx_word' id='word_1_1033' title='bbox 1920 2583 1930 2617; x_wconf 91' lang='lat'><strong>(</strong></span> <span class='ocrx_word' id='word_1_1034' title='bbox 1956 2578 2009 2619; x_wconf 68' lang='lat' dir='ltr'>h)</span> <span class='ocrx_word' id='word_1_1035' title='bbox 2053 2591 2111 2613; x_wconf 88' lang='lat' dir='ltr'>ceu</span> 
     </span>
     <span class='ocr_line' id='line_1_134' title="bbox 1108 2616 2111 2656; baseline 0.009 -10"><span class='ocrx_word' id='word_1_1036' title='bbox 1108 2627 1209 2649; x_wconf 85' lang='lat' dir='ltr'>raram</span> <span class='ocrx_word' id='word_1_1037' title='bbox 1235 2616 1409 2650; x_wconf 81' lang='lat' dir='ltr'>admodum</span> <span class='ocrx_word' id='word_1_1038' title='bbox 1434 2630 1519 2656; x_wconf 86' lang='lat' dir='ltr'>rem,</span> <span class='ocrx_word' id='word_1_1039' title='bbox 1548 2631 1603 2652; x_wconf 80' lang='lat' dir='ltr'>nec</span> <span class='ocrx_word' id='word_1_1040' title='bbox 1628 2629 1702 2651; x_wconf 85' lang='lat' dir='ltr'>toto</span> <span class='ocrx_word' id='word_1_1041' title='bbox 1726 2622 1801 2654; x_wconf 82' lang='lat' dir='ltr'>vitae</span> <span class='ocrx_word' id='word_1_1042' title='bbox 1838 2622 1897 2655; x_wconf 81' lang='lat' dir='ltr'>suae</span> <span class='ocrx_word' id='word_1_1043' title='bbox 1945 2624 2111 2656; x_wconf 82' lang='lat' dir='ltr'>curriculo</span> 
     </span>
     <span class='ocr_line' id='line_1_135' title="bbox 1107 2659 2111 2707; baseline 0.009 -17"><span class='ocrx_word' id='word_1_1044' title='bbox 1107 2659 1166 2704; x_wconf 82' lang='lat' dir='ltr'>nisi</span> <span class='ocrx_word' id='word_1_1045' title='bbox 1192 2660 1241 2692; x_wconf 91' lang='lat' dir='ltr'>bis</span> <span class='ocrx_word' id='word_1_1046' title='bbox 1266 2673 1280 2692; x_wconf 90' lang='lat' dir='ltr'>a</span> <span class='ocrx_word' id='word_1_1047' title='bbox 1306 2661 1333 2693; x_wconf 87' lang='lat' dir='ltr'>se</span> <span class='ocrx_word' id='word_1_1048' title='bbox 1355 2661 1582 2704; x_wconf 50' lang='lat' dir='ltr'>conspstffam,</span> <span class='ocrx_word' id='word_1_1049' title='bbox 1607 2664 1725 2704; x_wconf 74' lang='lat' dir='ltr'>linguae</span> <span class='ocrx_word' id='word_1_1050' title='bbox 1750 2676 1894 2698; x_wconf 82' lang='lat' dir='ltr'>verrucas</span> <span class='ocrx_word' id='word_1_1051' title='bbox 1929 2667 2111 2707; x_wconf 80' lang='lat' dir='ltr'>proposuis-</span> 
     </span>
     <span class='ocr_line' id='line_1_136' title="bbox 1105 2703 2109 2750; baseline 0.009 -16"><span class='ocrx_word' id='word_1_1052' title='bbox 1105 2703 1151 2734; x_wconf 80' lang='lat' dir='ltr'>se.</span> <span class='ocrx_word' id='word_1_1053' title='bbox 1178 2703 1256 2741; x_wconf 90' lang='lat' dir='ltr'>Quo</span> <span class='ocrx_word' id='word_1_1054' title='bbox 1280 2707 1382 2746; x_wconf 84' lang='lat' dir='ltr'>magis</span> <span class='ocrx_word' id='word_1_1055' title='bbox 1405 2715 1527 2739; x_wconf 85' lang='lat' dir='ltr'>attente</span> <span class='ocrx_word' id='word_1_1056' title='bbox 1551 2707 1584 2739; x_wconf 90' lang='lat' dir='ltr'>in</span> <span class='ocrx_word' id='word_1_1057' title='bbox 1608 2717 1711 2739; x_wconf 83' lang='lat' dir='ltr'>exerta</span> <span class='ocrx_word' id='word_1_1058' title='bbox 1737 2709 1869 2750; x_wconf 85' lang='lat' dir='ltr'>lingua,</span> <span class='ocrx_word' id='word_1_1059' title='bbox 1894 2712 1950 2742; x_wconf 77' lang='lat' dir='ltr'>&amp;a</span> <span class='ocrx_word' id='word_1_1060' title='bbox 1967 2711 2109 2743; x_wconf 86' lang='lat' dir='ltr'>Chirur-</span> 
     </span>
     <span class='ocr_line' id='line_1_137' title="bbox 1103 2746 2108 2792; baseline 0.009 -15"><span class='ocrx_word' id='word_1_1061' title='bbox 1103 2757 1145 2787; x_wconf 84' lang='lat' dir='ltr'>go</span> <span class='ocrx_word' id='word_1_1062' title='bbox 1167 2746 1241 2779; x_wconf 84' lang='lat' dir='ltr'>satis</span> <span class='ocrx_word' id='word_1_1063' title='bbox 1265 2747 1404 2789; x_wconf 73' lang='lat' dir='ltr'>depressa</span> <span class='ocrx_word' id='word_1_1064' title='bbox 1421 2771 1429 2783; x_wconf 75' lang='grc'><strong>.</strong></span> <span class='ocrx_word' id='word_1_1065' title='bbox 1452 2750 1531 2791; x_wconf 89' lang='lat' dir='ltr'>quid</span> <span class='ocrx_word' id='word_1_1066' title='bbox 1556 2750 1684 2783; x_wconf 82' lang='lat' dir='ltr'>tandem</span> <span class='ocrx_word' id='word_1_1067' title='bbox 1699 2750 1726 2783; x_wconf 82' lang='lat' dir='ltr'>se</span> <span class='ocrx_word' id='word_1_1068' title='bbox 1751 2752 1830 2785; x_wconf 84' lang='lat' dir='ltr'>visui</span> <span class='ocrx_word' id='word_1_1069' title='bbox 1845 2752 2001 2792; x_wconf 70' lang='lat' dir='ltr'>objiceret</span> <span class='ocrx_word' id='word_1_1070' title='bbox 2016 2777 2025 2789; x_wconf 95' lang='lat'>,</span> <span class='ocrx_word' id='word_1_1071' title='bbox 2050 2765 2108 2786; x_wconf 72' lang='lat' dir='ltr'>ex-</span> 
     </span>
     <span class='ocr_line' id='line_1_138' title="bbox 1104 2790 2104 2838; baseline 0.008 -16"><span class='ocrx_word' id='word_1_1072' title='bbox 1104 2790 1325 2829; x_wconf 58' lang='lat' dir='ltr'>peecabamus.</span> <span class='ocrx_word' id='word_1_1073' title='bbox 1349 2791 1446 2825; x_wconf 88' lang='lat' dir='ltr'>Nihil</span> <span class='ocrx_word' id='word_1_1074' title='bbox 1470 2792 1537 2825; x_wconf 78' lang='lat' dir='ltr'>sieri</span> <span class='ocrx_word' id='word_1_1075' title='bbox 1562 2804 1688 2835; x_wconf 83' lang='lat' dir='ltr'>poterat</span> <span class='ocrx_word' id='word_1_1076' title='bbox 1716 2797 1853 2831; x_wconf 63' lang='lat' dir='ltr'>verrucis</span> <span class='ocrx_word' id='word_1_1077' title='bbox 1886 2795 1923 2828; x_wconf 88' lang='lat' dir='ltr'>ad</span> <span class='ocrx_word' id='word_1_1078' title='bbox 1969 2795 2104 2838; x_wconf 86' lang='lat' dir='ltr'>speciem</span> 
     </span>
     <span class='ocr_line' id='line_1_139' title="bbox 1100 2831 2102 2879; baseline 0.009 -15"><span class='ocrx_word' id='word_1_1079' title='bbox 1100 2831 1257 2869; x_wconf 80' lang='lat' dir='ltr'>similius3</span> <span class='ocrx_word' id='word_1_1080' title='bbox 1283 2833 1331 2867; x_wconf 87' lang='lat' dir='ltr'>sed</span> <span class='ocrx_word' id='word_1_1081' title='bbox 1357 2836 1462 2875; x_wconf 89' lang='lat' dir='ltr'>reapse</span> <span class='ocrx_word' id='word_1_1082' title='bbox 1485 2847 1548 2868; x_wconf 87' lang='lat' dir='ltr'>non</span> <span class='ocrx_word' id='word_1_1083' title='bbox 1575 2836 1660 2869; x_wconf 86' lang='lat' dir='ltr'>aliud</span> <span class='ocrx_word' id='word_1_1084' title='bbox 1685 2848 1777 2871; x_wconf 89' lang='lat' dir='ltr'>erant</span> <span class='ocrx_word' id='word_1_1085' title='bbox 1823 2852 1856 2872; x_wconf 79' lang='lat' dir='ltr'>ea</span> <span class='ocrx_word' id='word_1_1086' title='bbox 1905 2839 2068 2874; x_wconf 79' lang='lat' dir='ltr'>tubercula</span> <span class='ocrx_word' id='word_1_1087' title='bbox 2093 2864 2102 2879; x_wconf 92' lang='lat'>,</span> 
     </span>
     <span class='ocr_line' id='line_1_140' title="bbox 1098 2879 2104 2923; baseline 0.009 -15"><span class='ocrx_word' id='word_1_1088' title='bbox 1098 2887 1195 2916; x_wconf 80' lang='lat' dir='ltr'>quain</span> <span class='ocrx_word' id='word_1_1089' title='bbox 1221 2881 1369 2910; x_wconf 81' lang='lat' dir='ltr'>maximae</span> <span class='ocrx_word' id='word_1_1090' title='bbox 1392 2879 1457 2911; x_wconf 68' lang='lat' dir='ltr'>illae</span> <span class='ocrx_word' id='word_1_1091' title='bbox 1479 2882 1628 2912; x_wconf 86' lang='lat' dir='ltr'>omnium</span> <span class='ocrx_word' id='word_1_1092' title='bbox 1654 2882 1818 2920; x_wconf 82' lang='lat' dir='ltr'>postremae</span> <span class='ocrx_word' id='word_1_1093' title='bbox 1832 2884 1982 2923; x_wconf 62' lang='lat' dir='ltr'>papillae,</span> <span class='ocrx_word' id='word_1_1094' title='bbox 2006 2895 2039 2917; x_wconf 83' lang='lat' dir='ltr'>ut</span> <span class='ocrx_word' id='word_1_1095' title='bbox 2052 2897 2104 2917; x_wconf 86' lang='lat' dir='ltr'>ea-</span> 
     </span>
     <span class='ocr_line' id='line_1_141' title="bbox 1099 2920 2102 2964; baseline 0.009 -12"><span class='ocrx_word' id='word_1_1096' title='bbox 1099 2931 1171 2953; x_wconf 87' lang='lat' dir='ltr'>rum</span> <span class='ocrx_word' id='word_1_1097' title='bbox 1199 2920 1304 2960; x_wconf 57' lang='lat' dir='ltr'>sedne,</span> <span class='ocrx_word' id='word_1_1098' title='bbox 1329 2933 1364 2954; x_wconf 86' lang='lat' dir='ltr'>ac</span> <span class='ocrx_word' id='word_1_1099' title='bbox 1389 2921 1509 2963; x_wconf 82' lang='lat' dir='ltr'>positus</span> <span class='ocrx_word' id='word_1_1100' title='bbox 1533 2925 1693 2955; x_wconf 85' lang='lat' dir='ltr'>contiuuo</span> <span class='ocrx_word' id='word_1_1101' title='bbox 1718 2926 1900 2959; x_wconf 87' lang='lat' dir='ltr'>indicarunt</span> <span class='ocrx_word' id='word_1_1102' title='bbox 1918 2948 1929 2964; x_wconf 88' lang='grc'>,</span> <span class='ocrx_word' id='word_1_1103' title='bbox 1953 2926 2014 2960; x_wconf 90' lang='lat' dir='ltr'>hoc</span> <span class='ocrx_word' id='word_1_1104' title='bbox 2038 2940 2102 2961; x_wconf 82' lang='lat' dir='ltr'>uno</span> 
     </span>
     <span class='ocr_line' id='line_1_142' title="bbox 1096 2964 2103 3012; baseline 0.009 -17"><span class='ocrx_word' id='word_1_1105' title='bbox 1096 2973 1269 3004; x_wconf 84' lang='lat' dir='ltr'>peccantes,</span> <span class='ocrx_word' id='word_1_1106' title='bbox 1284 2965 1370 3006; x_wconf 82' lang='lat' dir='ltr'>quod</span> <span class='ocrx_word' id='word_1_1107' title='bbox 1382 2976 1454 2998; x_wconf 88' lang='lat' dir='ltr'>cum</span> <span class='ocrx_word' id='word_1_1108' title='bbox 1467 2964 1540 2998; x_wconf 78' lang='lat' dir='ltr'>esset</span> <span class='ocrx_word' id='word_1_1109' title='bbox 1550 2978 1583 2998; x_wconf 88' lang='lat' dir='ltr'>ea</span> <span class='ocrx_word' id='word_1_1110' title='bbox 1598 2967 1714 3008; x_wconf 73' lang='lat' dir='ltr'>linguae</span> <span class='ocrx_word' id='word_1_1111' title='bbox 1728 2979 1796 3009; x_wconf 83' lang='lat' dir='ltr'>pars</span> <span class='ocrx_word' id='word_1_1112' title='bbox 1810 2968 1956 3012; x_wconf 86' lang='lat' dir='ltr'>phlogosi</span> <span class='ocrx_word' id='word_1_1113' title='bbox 1969 2971 2080 3004; x_wconf 67' lang='lat' dir='ltr'>affecta</span> <span class='ocrx_word' id='word_1_1114' title='bbox 2095 2995 2103 3010; x_wconf 91' lang='lat'>‚</span> 
     </span>
     <span class='ocr_line' id='line_1_143' title="bbox 1095 3007 2099 3056; baseline 0.01 -19"><span class='ocrx_word' id='word_1_1115' title='bbox 1095 3007 1170 3047; x_wconf 82' lang='lat' dir='ltr'>ipsae</span> <span class='ocrx_word' id='word_1_1116' title='bbox 1181 3019 1310 3049; x_wconf 86' lang='lat' dir='ltr'>quoque</span> <span class='ocrx_word' id='word_1_1117' title='bbox 1322 3009 1489 3051; x_wconf 87' lang='lat' dir='ltr'>aliquanto</span> <span class='ocrx_word' id='word_1_1118' title='bbox 1501 3009 1658 3043; x_wconf 78' lang='lat' dir='ltr'>craffiores</span> <span class='ocrx_word' id='word_1_1119' title='bbox 1674 3011 1885 3055; x_wconf 75' lang='lat' dir='ltr'>,altioresque</span> <span class='ocrx_word' id='word_1_1120' title='bbox 1898 3013 1988 3046; x_wconf 67' lang='lat' dir='ltr'>factae</span> <span class='ocrx_word' id='word_1_1121' title='bbox 2000 3038 2008 3052; x_wconf 85' lang='lat'>,</span> <span class='ocrx_word' id='word_1_1122' title='bbox 2024 3027 2099 3056; x_wconf 88' lang='lat' dir='ltr'>pro-</span> 
     </span>
     <span class='ocr_line' id='line_1_144' title="bbox 1099 3051 2100 3094; baseline 0.006 -12"><span class='ocrx_word' id='word_1_1123' title='bbox 1099 3051 1290 3084; x_wconf 86' lang='lat' dir='ltr'>tuberabant</span> <span class='ocrx_word' id='word_1_1124' title='bbox 1307 3075 1313 3081; x_wconf 94' lang='lat'>.</span> <span class='ocrx_word' id='word_1_1125' title='bbox 1329 3052 1421 3084; x_wconf 81' lang='lat' dir='ltr'>Bono</span> <span class='ocrx_word' id='word_1_1126' title='bbox 1433 3053 1535 3093; x_wconf 85' lang='lat' dir='ltr'>igitur</span> <span class='ocrx_word' id='word_1_1127' title='bbox 1549 3055 1658 3085; x_wconf 82' lang='lat' dir='ltr'>animo</span> <span class='ocrx_word' id='word_1_1128' title='bbox 1672 3053 1727 3087; x_wconf 79' lang='lat' dir='ltr'>elle</span> <span class='ocrx_word' id='word_1_1129' title='bbox 1750 3057 1915 3089; x_wconf 86' lang='lat' dir='ltr'>mulierem</span> <span class='ocrx_word' id='word_1_1130' title='bbox 1928 3079 1937 3094; x_wconf 86' lang='lat'>,</span> <span class='ocrx_word' id='word_1_1131' title='bbox 1962 3062 1990 3089; x_wconf 57' lang='grc' dir='ltr'>δέ</span> <span class='ocrx_word' id='word_1_1132' title='bbox 2016 3057 2100 3091; x_wconf 85' lang='lat' dir='ltr'>chi.</span> 
     </span>
     <span class='ocr_line' id='line_1_145' title="bbox 1098 3094 2099 3141; baseline 0.01 -16"><span class='ocrx_word' id='word_1_1133' title='bbox 1098 3104 1231 3137; x_wconf 75' lang='lat' dir='ltr'>turgum</span> <span class='ocrx_word' id='word_1_1134' title='bbox 1249 3094 1316 3135; x_wconf 77' lang='lat' dir='ltr'>juffi</span> <span class='ocrx_word' id='word_1_1135' title='bbox 1331 3118 1340 3132; x_wconf 89' lang='lat'>,</span> <span class='ocrx_word' id='word_1_1136' title='bbox 1367 3096 1555 3136; x_wconf 87' lang='lat' dir='ltr'>nullumque</span> <span class='ocrx_word' id='word_1_1137' title='bbox 1569 3097 1654 3130; x_wconf 72' lang='lat' dir='ltr'>aliud</span> <span class='ocrx_word' id='word_1_1138' title='bbox 1666 3099 1752 3138; x_wconf 88' lang='lat' dir='ltr'>quod</span> <span class='ocrx_word' id='word_1_1139' title='bbox 1767 3100 1895 3141; x_wconf 82' lang='lat' dir='ltr'>quidem</span> <span class='ocrx_word' id='word_1_1140' title='bbox 1921 3100 1958 3134; x_wconf 83' lang='lat' dir='ltr'>ad</span> <span class='ocrx_word' id='word_1_1141' title='bbox 1972 3102 2041 3133; x_wconf 82' lang='lat' dir='ltr'>illas</span> <span class='ocrx_word' id='word_1_1142' title='bbox 2051 3111 2099 3135; x_wconf 88' lang='lat' dir='ltr'>at-</span> 
     </span>
     <span class='ocr_line' id='line_1_146' title="bbox 1097 3137 2097 3183; baseline 0.009 -14"><span class='ocrx_word' id='word_1_1143' title='bbox 1097 3137 1306 3175; x_wconf 76' lang='lat' dir='ltr'>tinerct,huic</span> <span class='ocrx_word' id='word_1_1144' title='bbox 1321 3150 1443 3171; x_wconf 85' lang='lat' dir='ltr'>mecum</span> <span class='ocrx_word' id='word_1_1145' title='bbox 1457 3140 1599 3172; x_wconf 75' lang='lat' dir='ltr'>redeunti</span> <span class='ocrx_word' id='word_1_1146' title='bbox 1612 3142 1784 3175; x_wconf 84' lang='lat' dir='ltr'>confilium</span> <span class='ocrx_word' id='word_1_1147' title='bbox 1798 3143 1883 3183; x_wconf 85' lang='lat' dir='ltr'>dedi,</span> <span class='ocrx_word' id='word_1_1148' title='bbox 1896 3144 1952 3177; x_wconf 79' lang='lat' dir='ltr'>nisi</span> <span class='ocrx_word' id='word_1_1149' title='bbox 1969 3154 2003 3177; x_wconf 88' lang='lat' dir='ltr'>ut</span> <span class='ocrx_word' id='word_1_1150' title='bbox 2022 3157 2097 3178; x_wconf 85' lang='lat' dir='ltr'>ana-</span> 
     </span>
     <span class='ocr_line' id='line_1_147' title="bbox 1093 3181 2094 3228; baseline 0.008 -16"><span class='ocrx_word' id='word_1_1151' title='bbox 1093 3182 1229 3213; x_wconf 81' lang='lat' dir='ltr'>tomicas</span> <span class='ocrx_word' id='word_1_1152' title='bbox 1239 3181 1428 3214; x_wconf 73' lang='lat' dir='ltr'>ostensiones</span> <span class='ocrx_word' id='word_1_1153' title='bbox 1440 3181 1812 3227; x_wconf 86' lang='lat' dir='ltr'>frequentaret,·quarum</span> <span class='ocrx_word' id='word_1_1154' title='bbox 1825 3188 1968 3228; x_wconf 65' lang='lat' dir='ltr'>iiegleclu</span> <span class='ocrx_word' id='word_1_1155' title='bbox 1983 3187 2094 3228; x_wconf 78' lang='lat' dir='ltr'>saepius</span> 
     </span>
     <span class='ocr_line' id='line_1_148' title="bbox 1092 3224 2093 3272; baseline 0.006 -16"><span class='ocrx_word' id='word_1_1156' title='bbox 1092 3224 1210 3258; x_wconf 83' lang='lat' dir='ltr'>accidit</span> <span class='ocrx_word' id='word_1_1157' title='bbox 1223 3236 1319 3266; x_wconf 87' lang='lat' dir='ltr'>quam</span> <span class='ocrx_word' id='word_1_1158' title='bbox 1336 3235 1429 3266; x_wconf 86' lang='lat' dir='ltr'>putas</span> <span class='ocrx_word' id='word_1_1159' title='bbox 1444 3248 1454 3270; x_wconf 45' lang='grc' dir='ltr'>ξ</span> <span class='ocrx_word' id='word_1_1160' title='bbox 1467 3235 1503 3258; x_wconf 89' lang='lat' dir='ltr'>ut</span> <span class='ocrx_word' id='word_1_1161' title='bbox 1514 3238 1586 3268; x_wconf 80' lang='lat' dir='ltr'>quoe</span> <span class='ocrx_word' id='word_1_1162' title='bbox 1603 3230 1758 3261; x_wconf 85' lang='lat' dir='ltr'>naturalia</span> <span class='ocrx_word' id='word_1_1163' title='bbox 1772 3230 1864 3266; x_wconf 88' lang='lat' dir='ltr'>sunt,</span> <span class='ocrx_word' id='word_1_1164' title='bbox 1888 3243 1921 3263; x_wconf 89' lang='lat' dir='ltr'>ea</span> <span class='ocrx_word' id='word_1_1165' title='bbox 1935 3241 1996 3272; x_wconf 84' lang='lat' dir='ltr'>pro</span> <span class='ocrx_word' id='word_1_1166' title='bbox 2009 3242 2093 3264; x_wconf 55' lang='lat' dir='ltr'>nior-</span> 
     </span>
     <span class='ocr_line' id='line_1_149' title="bbox 1091 3268 2092 3315; baseline 0.008 -16"><span class='ocrx_word' id='word_1_1167' title='bbox 1091 3268 1140 3300; x_wconf 85' lang='lat' dir='ltr'>bis</span> <span class='ocrx_word' id='word_1_1168' title='bbox 1152 3270 1351 3310; x_wconf 85' lang='lat' dir='ltr'>accipiantur</span> <span class='ocrx_word' id='word_1_1169' title='bbox 1359 3279 1424 3301; x_wconf 86' lang='lat' dir='ltr'>non</span> <span class='ocrx_word' id='word_1_1170' title='bbox 1437 3270 1521 3302; x_wconf 86' lang='lat' dir='ltr'>secus</span> <span class='ocrx_word' id='word_1_1171' title='bbox 1534 3282 1568 3302; x_wconf 90' lang='lat' dir='ltr'>ac</span> <span class='ocrx_word' id='word_1_1172' title='bbox 1580 3272 1708 3312; x_wconf 85' lang='lat' dir='ltr'>quando</span> <span class='ocrx_word' id='word_1_1173' title='bbox 1721 3284 1779 3313; x_wconf 88' lang='lat' dir='ltr'>pro</span> <span class='ocrx_word' id='word_1_1174' title='bbox 1794 3273 1953 3307; x_wconf 83' lang='lat' dir='ltr'>ulceribus</span> <span class='ocrx_word' id='word_1_1175' title='bbox 1963 3284 2092 3315; x_wconf 82' lang='lat' dir='ltr'>accepta</span> 
     </span>
     <span class='ocr_line' id='line_1_150' title="bbox 1091 3311 2090 3355; baseline 0.004 -13"><span class='ocrx_word' id='word_1_1176' title='bbox 1091 3311 1162 3342; x_wconf 85' lang='lat' dir='ltr'>sunt</span> <span class='ocrx_word' id='word_1_1177' title='bbox 1175 3324 1208 3343; x_wconf 84' lang='lat' dir='ltr'>ea</span> <span class='ocrx_word' id='word_1_1178' title='bbox 1225 3323 1294 3352; x_wconf 73' lang='lat' dir='ltr'>quse</span> <span class='ocrx_word' id='word_1_1179' title='bbox 1309 3311 1475 3345; x_wconf 87' lang='lat' dir='ltr'>secundum</span> <span class='ocrx_word' id='word_1_1180' title='bbox 1489 3322 1634 3346; x_wconf 83' lang='lat' dir='ltr'>naturam</span> <span class='ocrx_word' id='word_1_1181' title='bbox 1647 3325 1754 3355; x_wconf 81' lang='lat' dir='ltr'>patent</span> <span class='ocrx_word' id='word_1_1182' title='bbox 1767 3317 1799 3348; x_wconf 87' lang='lat' dir='ltr'>in</span> <span class='ocrx_word' id='word_1_1183' title='bbox 1814 3318 1966 3355; x_wconf 77' lang='lat' dir='ltr'>proximis</span> <span class='ocrx_word' id='word_1_1184' title='bbox 1981 3318 2090 3349; x_wconf 81' lang='lat' dir='ltr'>tonsil.</span> 
     </span>
     <span class='ocr_line' id='line_1_151' title="bbox 1090 3354 2087 3399; baseline 0.007 -14"><span class='ocrx_word' id='word_1_1185' title='bbox 1090 3354 1130 3386; x_wconf 82' lang='lat' dir='ltr'>lis</span> <span class='ocrx_word' id='word_1_1186' title='bbox 1146 3354 1323 3387; x_wconf 82' lang='lat' dir='ltr'>foramina.</span> <span class='ocrx_word' id='word_1_1187' title='bbox 1427 3357 1492 3388; x_wconf 80' lang='lat' dir='ltr'>Has</span> <span class='ocrx_word' id='word_1_1188' title='bbox 1504 3367 1579 3388; x_wconf 78' lang='lat' dir='ltr'>vero</span> <span class='ocrx_word' id='word_1_1189' title='bbox 1598 3358 1660 3389; x_wconf 79' lang='lat' dir='ltr'>live</span> <span class='ocrx_word' id='word_1_1190' title='bbox 1674 3371 1686 3390; x_wconf 87' lang='lat' dir='ltr'>a</span> <span class='ocrx_word' id='word_1_1191' title='bbox 1700 3359 1843 3399; x_wconf 66' lang='lat' dir='ltr'>praesenti</span> <span class='ocrx_word' id='word_1_1192' title='bbox 1855 3360 2087 3393; x_wconf 76' lang='lat' dir='ltr'>inflammatio·</span> 
     </span>
     <span class='ocr_line' id='line_1_152' title="bbox 1089 3397 2090 3444; baseline 0.005 -15"><span class='ocrx_word' id='word_1_1193' title='bbox 1089 3410 1127 3429; x_wconf 87' lang='lat' dir='ltr'>ne</span> <span class='ocrx_word' id='word_1_1194' title='bbox 1145 3421 1152 3432; x_wconf 88' lang='lat'>‚</span> <span class='ocrx_word' id='word_1_1195' title='bbox 1170 3399 1260 3444; x_wconf 78' lang='lat' dir='ltr'>livea</span> <span class='ocrx_word' id='word_1_1196' title='bbox 1275 3397 1438 3440; x_wconf 59' lang='lat' dir='ltr'>praegressa</span> <span class='ocrx_word' id='word_1_1197' title='bbox 1449 3408 1606 3431; x_wconf 74' lang='lat' dir='ltr'>tumentes</span> <span class='ocrx_word' id='word_1_1198' title='bbox 1619 3403 1651 3432; x_wconf 90' lang='lat' dir='ltr'>in</span> <span class='ocrx_word' id='word_1_1199' title='bbox 1664 3403 1801 3435; x_wconf 85' lang='lat' dir='ltr'>mortuis</span> <span class='ocrx_word' id='word_1_1200' title='bbox 1823 3404 1952 3444; x_wconf 82' lang='lat' dir='ltr'>quidem</span> <span class='ocrx_word' id='word_1_1201' title='bbox 1967 3413 2030 3435; x_wconf 86' lang='lat' dir='ltr'>non</span> <span class='ocrx_word' id='word_1_1202' title='bbox 2045 3403 2090 3438; x_wconf 76' lang='lat' dir='ltr'>se-</span> 
     </span>
     <span class='ocr_line' id='line_1_153' title="bbox 1090 3441 2091 3481; baseline 0.008 -8"><span class='ocrx_word' id='word_1_1203' title='bbox 1090 3442 1149 3473; x_wconf 75' lang='lat' dir='ltr'>nitl</span> <span class='ocrx_word' id='word_1_1204' title='bbox 1163 3441 1415 3474; x_wconf 73' lang='lat' dir='ltr'>dissectnDuras</span> <span class='ocrx_word' id='word_1_1205' title='bbox 1428 3452 1536 3475; x_wconf 84' lang='lat' dir='ltr'>autem</span> <span class='ocrx_word' id='word_1_1206' title='bbox 1548 3442 1657 3481; x_wconf 62' lang='lat' dir='ltr'>factas,</span> <span class='ocrx_word' id='word_1_1207' title='bbox 1672 3447 1748 3477; x_wconf 85' lang='lat' dir='ltr'>&amp;in</span> <span class='ocrx_word' id='word_1_1208' title='bbox 1765 3456 1905 3479; x_wconf 85' lang='lat' dir='ltr'>tumores</span> <span class='ocrx_word' id='word_1_1209' title='bbox 1915 3446 2091 3481; x_wconf 78' lang='lat' dir='ltr'>{cirrhosos</span> 
     </span>
     <span class='ocr_line' id='line_1_154' title="bbox 1087 3484 2089 3529; baseline 0.008 -13"><span class='ocrx_word' id='word_1_1210' title='bbox 1087 3485 1300 3518; x_wconf 81' lang='lat' dir='ltr'>excrescentes</span> <span class='ocrx_word' id='word_1_1211' title='bbox 1312 3494 1346 3517; x_wconf 89' lang='lat' dir='ltr'>ut</span> <span class='ocrx_word' id='word_1_1212' title='bbox 1358 3484 1444 3517; x_wconf 85' lang='lat' dir='ltr'>ferro</span> <span class='ocrx_word' id='word_1_1213' title='bbox 1462 3486 1520 3518; x_wconf 86' lang='lat' dir='ltr'>sibi</span> <span class='ocrx_word' id='word_1_1214' title='bbox 1538 3488 1719 3520; x_wconf 79' lang='lat' dir='ltr'>eximendas</span> <span class='ocrx_word' id='word_1_1215' title='bbox 1731 3499 1875 3529; x_wconf 85' lang='lat' dir='ltr'>curaret,</span> <span class='ocrx_word' id='word_1_1216' title='bbox 1897 3491 2019 3522; x_wconf 82' lang='lat' dir='ltr'>nemini</span> <span class='ocrx_word' id='word_1_1217' title='bbox 2033 3503 2089 3523; x_wconf 89' lang='lat' dir='ltr'>au·-</span> 
     </span>
     <span class='ocr_line' id='line_1_155' title="bbox 1088 3528 2089 3574; baseline 0.005 -14"><span class='ocrx_word' id='word_1_1218' title='bbox 1088 3528 1159 3560; x_wconf 59' lang='lat' dir='ltr'>&amp;tor</span> <span class='ocrx_word' id='word_1_1219' title='bbox 1170 3528 1228 3561; x_wconf 85' lang='lat' dir='ltr'>elle</span> <span class='ocrx_word' id='word_1_1220' title='bbox 1241 3529 1409 3565; x_wconf 84' lang='lat' dir='ltr'>volui‚non</span> <span class='ocrx_word' id='word_1_1221' title='bbox 1421 3529 1507 3571; x_wconf 86' lang='lat' dir='ltr'>quod</span> <span class='ocrx_word' id='word_1_1222' title='bbox 1520 3530 1617 3562; x_wconf 88' lang='lat' dir='ltr'>eximi</span> <span class='ocrx_word' id='word_1_1223' title='bbox 1633 3530 1716 3571; x_wconf 84' lang='lat' dir='ltr'>posse</span> <span class='ocrx_word' id='word_1_1224' title='bbox 1729 3533 1924 3574; x_wconf 85' lang='lat' dir='ltr'>ignorarem,</span> <span class='ocrx_word' id='word_1_1225' title='bbox 1939 3533 1988 3565; x_wconf 89' lang='lat' dir='ltr'>sed</span> <span class='ocrx_word' id='word_1_1226' title='bbox 2001 3534 2089 3574; x_wconf 87' lang='lat' dir='ltr'>quod</span> 
     </span>
     <span class='ocr_line' id='line_1_156' title="bbox 1604 3574 2047 3617; baseline 0.005 -10"><span class='ocrx_word' id='word_1_1227' title='bbox 1604 3574 1641 3606; x_wconf 85' lang='lat' dir='ltr'><strong>M</strong></span> <span class='ocrx_word' id='word_1_1228' title='bbox 1665 3586 1696 3608; x_wconf 89' lang='lat' dir='ltr'>m</span> <span class='ocrx_word' id='word_1_1229' title='bbox 1965 3587 2047 3617; x_wconf 85' lang='lat' dir='ltr'>prae—</span> 
     </span>
    </p>
   </div>
   <div class='ocr_carea' id='block_1_5' title="bbox 38 3626 2086 3651">
    <p class='ocr_par' dir='ltr' id='par_1_7' title="bbox 38 3626 2086 3651">
     <span class='ocr_line' id='line_1_157' title="bbox 38 3626 2086 3651; baseline 0.006 -16"><span class='ocrx_word' id='word_1_1230' title='bbox 38 3626 2086 3651; x_wconf 50' lang='grc' dir='ltr'>Ἣ</span> 
     </span>
    </p>
   </div>
   <div class='ocr_carea' id='block_1_6' title="bbox 148 3660 887 3786">
    <p class='ocr_par' dir='ltr' id='par_1_8' title="bbox 148 3660 887 3756">
     <span class='ocr_line' id='line_1_158' title="bbox 148 3660 887 3694; baseline 0.005 -11"><span class='ocrx_word' id='word_1_1231' title='bbox 148 3660 162 3688; x_wconf 81' lang='grc'>)</span> <span class='ocrx_word' id='word_1_1232' title='bbox 179 3660 237 3684; x_wconf 65' lang='lat' dir='ltr'>Hist.</span> <span class='ocrx_word' id='word_1_1233' title='bbox 255 3661 399 3684; x_wconf 76' lang='lat' dir='ltr'>Steatomat.</span> <span class='ocrx_word' id='word_1_1234' title='bbox 418 3660 496 3685; x_wconf 66' lang='lat' dir='ltr'>[esest.</span> <span class='ocrx_word' id='word_1_1235' title='bbox 560 3663 573 3690; x_wconf 73' lang='grc' dir='ltr'>ζ</span> <span class='ocrx_word' id='word_1_1236' title='bbox 589 3662 622 3694; x_wconf 73' lang='lat' dir='ltr'>s)</span> <span class='ocrx_word' id='word_1_1237' title='bbox 639 3665 698 3689; x_wconf 81' lang='lat' dir='ltr'>Hist.</span> <span class='ocrx_word' id='word_1_1238' title='bbox 716 3665 785 3690; x_wconf 74' lang='lat' dir='ltr'>Pedis</span> <span class='ocrx_word' id='word_1_1239' title='bbox 802 3667 887 3691; x_wconf 71' lang='lat' dir='ltr'>tumid,</span> 
     </span>
     <span class='ocr_line' id='line_1_159' title="bbox 153 3690 811 3726; baseline 0.009 -12"><span class='ocrx_word' id='word_1_1240' title='bbox 153 3691 167 3718; x_wconf 87' lang='lat'>)</span> <span class='ocrx_word' id='word_1_1241' title='bbox 183 3693 239 3715; x_wconf 66' lang='lat' dir='ltr'>Dae.</span> <span class='ocrx_word' id='word_1_1242' title='bbox 255 3690 306 3714; x_wconf 86' lang='lat' dir='ltr'>ead.</span> <span class='ocrx_word' id='word_1_1243' title='bbox 324 3693 352 3714; x_wconf 81' lang='grc' dir='ltr'>Α.</span> <span class='ocrx_word' id='word_1_1244' title='bbox 371 3699 390 3724; x_wconf 74' lang='lat'>5:</span> <span class='ocrx_word' id='word_1_1245' title='bbox 409 3690 431 3714; x_wconf 73' lang='grc' dir='ltr'>δι</span> <span class='ocrx_word' id='word_1_1246' title='bbox 448 3694 469 3714; x_wconf 80' lang='grc'>6.</span> <span class='ocrx_word' id='word_1_1247' title='bbox 486 3691 542 3725; x_wconf 76' lang='lat' dir='ltr'>Qbs.</span> <span class='ocrx_word' id='word_1_1248' title='bbox 560 3701 598 3720; x_wconf 73' lang='lat'>4¹-</span> <span class='ocrx_word' id='word_1_1249' title='bbox 663 3696 702 3723; x_wconf 72' lang='grc' dir='ltr'>(ν</span> <span class='ocrx_word' id='word_1_1250' title='bbox 719 3700 729 3723; x_wconf 89' lang='grc'>)</span> <span class='ocrx_word' id='word_1_1251' title='bbox 745 3705 770 3720; x_wconf 88' lang='lat' dir='ltr'>n.</span> <span class='ocrx_word' id='word_1_1252' title='bbox 788 3705 811 3726; x_wconf 82' lang='lat'>3.</span> 
     </span>
     <span class='ocr_line' id='line_1_160' title="bbox 152 3720 757 3756; baseline 0.007 -12"><span class='ocrx_word' id='word_1_1253' title='bbox 152 3722 165 3749; x_wconf 81' lang='grc'>)</span> <span class='ocrx_word' id='word_1_1254' title='bbox 181 3721 262 3745; x_wconf 74' lang='lat' dir='ltr'>Traft.</span> <span class='ocrx_word' id='word_1_1255' title='bbox 279 3720 306 3744; x_wconf 89' lang='lat' dir='ltr'>de</span> <span class='ocrx_word' id='word_1_1256' title='bbox 323 3720 414 3754; x_wconf 78' lang='lat' dir='ltr'>Partib.</span> <span class='ocrx_word' id='word_1_1257' title='bbox 430 3722 569 3746; x_wconf 80' lang='lat' dir='ltr'>Continent.</span> <span class='ocrx_word' id='word_1_1258' title='bbox 588 3731 600 3746; x_wconf 92' lang='lat' dir='ltr'>c</span> <span class='ocrx_word' id='word_1_1259' title='bbox 630 3733 666 3749; x_wconf 80' lang='lat' dir='ltr'>xi.</span> <span class='ocrx_word' id='word_1_1260' title='bbox 682 3726 705 3749; x_wconf 75' lang='lat'>8:</span> <span class='ocrx_word' id='word_1_1261' title='bbox 727 3734 757 3756; x_wconf 75' lang='grc' dir='ltr'>ις.</span> 
     </span>
    </p>

    <p class='ocr_par' dir='ltr' id='par_1_9' title="bbox 156 3752 848 3786">
     <span class='ocr_line' id='line_1_161' title="bbox 156 3752 848 3786; baseline 0.013 -13"><span class='ocrx_word' id='word_1_1262' title='bbox 156 3753 242 3779; x_wconf 79' lang='lat' dir='ltr'>)Tom</span> <span class='ocrx_word' id='word_1_1263' title='bbox 271 3759 291 3774; x_wconf 90' lang='lat' dir='ltr'>i.</span> <span class='ocrx_word' id='word_1_1264' title='bbox 310 3753 336 3773; x_wconf 88' lang='grc' dir='ltr'>Ρ.</span> <span class='ocrx_word' id='word_1_1265' title='bbox 356 3758 376 3775; x_wconf 92' lang='lat' dir='ltr'>i.</span> <span class='ocrx_word' id='word_1_1266' title='bbox 394 3759 417 3774; x_wconf 94' lang='lat' dir='ltr'>in</span> <span class='ocrx_word' id='word_1_1267' title='bbox 437 3752 522 3776; x_wconf 67' lang='lat' dir='ltr'>:iduor</span> <span class='ocrx_word' id='word_1_1268' title='bbox 542 3756 570 3777; x_wconf 75' lang='lat' dir='ltr'>ad</span> <span class='ocrx_word' id='word_1_1269' title='bbox 587 3756 619 3779; x_wconf 82' lang='lat' dir='ltr'>cit</span> <span class='ocrx_word' id='word_1_1270' title='bbox 648 3757 730 3786; x_wconf 81' lang='lat' dir='ltr'>Malp.</span> <span class='ocrx_word' id='word_1_1271' title='bbox 744 3757 848 3782; x_wconf 76' lang='lat' dir='ltr'>Exercit.</span> 
     </span>
    </p>
   </div>
   <div class='ocr_carea' id='block_1_7' title="bbox 160 3782 669 3815">
    <p class='ocr_par' dir='ltr' id='par_1_10' title="bbox 160 3782 669 3815">
     <span class='ocr_line' id='line_1_162' title="bbox 160 3782 669 3815; baseline 0.008 -10"><span class='ocrx_word' id='word_1_1272' title='bbox 160 3786 173 3808; x_wconf 80' lang='grc'>)</span> <span class='ocrx_word' id='word_1_1273' title='bbox 190 3784 223 3805; x_wconf 85' lang='lat' dir='ltr'>De</span> <span class='ocrx_word' id='word_1_1274' title='bbox 241 3782 332 3806; x_wconf 72' lang='lat' dir='ltr'>Medic.</span> <span class='ocrx_word' id='word_1_1275' title='bbox 352 3782 372 3805; x_wconf 88' lang='lat' dir='ltr'><strong>H</strong></span> <span class='ocrx_word' id='word_1_1276' title='bbox 385 3782 408 3805; x_wconf 47' lang='lat' dir='ltr'>stx</span> <span class='ocrx_word' id='word_1_1277' title='bbox 427 3783 518 3807; x_wconf 61' lang='lat' dir='ltr'>Mirab.</span> <span class='ocrx_word' id='word_1_1278' title='bbox 538 3786 553 3807; x_wconf 93' lang='lat' dir='ltr'>l.</span> <span class='ocrx_word' id='word_1_1279' title='bbox 573 3794 594 3815; x_wconf 72' lang='lat'>3.</span> <span class='ocrx_word' id='word_1_1280' title='bbox 611 3795 629 3810; x_wconf 46' lang='lat' dir='ltr'>ci</span> <span class='ocrx_word' id='word_1_1281' title='bbox 651 3796 669 3815; x_wconf 72' lang='grc' dir='ltr'>ς,</span> 
     </span>
    </p>
   </div>
   <div class='ocr_carea' id='block_1_8' title="bbox 872 3696 1045 3727">
    <p class='ocr_par' dir='ltr' id='par_1_11' title="bbox 872 3696 1045 3727">
     <span class='ocr_line' id='line_1_163' title="bbox 872 3696 1045 3727; baseline 0 -2"><span class='ocrx_word' id='word_1_1282' title='bbox 872 3696 919 3727; x_wconf 64' lang='grc' dir='ltr'>(κ</span> <span class='ocrx_word' id='word_1_1283' title='bbox 935 3700 949 3727; x_wconf 85' lang='grc'>)</span> <span class='ocrx_word' id='word_1_1284' title='bbox 964 3707 989 3722; x_wconf 91' lang='lat' dir='ltr'>n.</span> <span class='ocrx_word' id='word_1_1285' title='bbox 1007 3709 1045 3725; x_wconf 71' lang='lat'>212-</span> 
     </span>
    </p>
   </div>
   <div class='ocr_carea' id='block_1_9' title="bbox 122 3667 139 3804">
    <p class='ocr_par' dir='ltr' id='par_1_12' title="bbox 122 3667 133 3683">
     <span class='ocr_line' id='line_1_164' title="bbox 122 3667 133 3683; baseline 0 0"><span class='ocrx_word' id='word_1_1286' title='bbox 122 3667 133 3683; x_wconf 81' lang='grc' dir='ltr'><em>ν</em></span> 
     </span>
    </p>

    <p class='ocr_par' dir='ltr' id='par_1_13' title="bbox 122 3699 139 3804">
     <span class='ocr_line' id='line_1_165' title="bbox 123 3699 137 3712; baseline 0 0"><span class='ocrx_word' id='word_1_1287' title='bbox 123 3699 137 3712; x_wconf 65' lang='grc' dir='ltr'><em>Χ</em></span> 
     </span>
     <span class='ocr_line' id='line_1_166' title="bbox 123 3720 135 3743; baseline 0 0"><span class='ocrx_word' id='word_1_1288' title='bbox 123 3720 135 3743; x_wconf 84' lang='lat' dir='ltr'><em>b</em></span> 
     </span>
     <span class='ocr_line' id='line_1_167' title="bbox 122 3750 138 3773; baseline 0 0"><span class='ocrx_word' id='word_1_1289' title='bbox 122 3750 138 3773; x_wconf 79' lang='lat' dir='ltr'>d</span> 
     </span>
     <span class='ocr_line' id='line_1_168' title="bbox 126 3781 139 3804; baseline 0 0"><span class='ocrx_word' id='word_1_1290' title='bbox 126 3781 139 3804; x_wconf 76' lang='lat' dir='ltr'><em>h</em></span> 
     </span>
    </p>
   </div>
   <div class='ocr_carea' id='block_1_10' title="bbox 953 3669 1366 3703">
    <p class='ocr_par' dir='ltr' id='par_1_14' title="bbox 953 3669 1366 3703">
     <span class='ocr_line' id='line_1_169' title="bbox 953 3669 1366 3703; baseline 0.017 -11"><span class='ocrx_word' id='word_1_1291' title='bbox 953 3669 961 3697; x_wconf 98' lang='lat'>(</span> <span class='ocrx_word' id='word_1_1292' title='bbox 980 3676 989 3692; x_wconf 81' lang='grc' dir='ltr'><strong><em>ι</em></strong></span> <span class='ocrx_word' id='word_1_1293' title='bbox 1011 3671 1016 3698; x_wconf 94' lang='grc'>)</span> <span class='ocrx_word' id='word_1_1294' title='bbox 1033 3673 1062 3694; x_wconf 72' lang='grc' dir='ltr'>Α.</span> <span class='ocrx_word' id='word_1_1295' title='bbox 1083 3678 1146 3699; x_wconf 71' lang='lat'>¹741·</span> <span class='ocrx_word' id='word_1_1296' title='bbox 1164 3672 1240 3697; x_wconf 77' lang='lat' dir='ltr'>Hebd.</span> <span class='ocrx_word' id='word_1_1297' title='bbox 1258 3682 1282 3699; x_wconf 86' lang='lat'>1.</span> <span class='ocrx_word' id='word_1_1298' title='bbox 1299 3682 1324 3698; x_wconf 93' lang='lat' dir='ltr'>n.</span> <span class='ocrx_word' id='word_1_1299' title='bbox 1341 3682 1366 3703; x_wconf 80' lang='grc'>4.</span> 
     </span>
    </p>
   </div>
   <div class='ocr_carea' id='block_1_11' title="bbox 1107 3676 2080 3738">
    <p class='ocr_par' dir='ltr' id='par_1_15' title="bbox 1107 3676 2080 3738">
     <span class='ocr_line' id='line_1_170' title="bbox 1427 3676 2080 3710; baseline 0.006 -12"><span class='ocrx_word' id='word_1_1300' title='bbox 1427 3676 1442 3704; x_wconf 89' lang='grc'><strong>(</strong></span> <span class='ocrx_word' id='word_1_1301' title='bbox 1461 3683 1476 3698; x_wconf 79' lang='lat' dir='ltr'>u</span> <span class='ocrx_word' id='word_1_1302' title='bbox 1491 3676 1504 3704; x_wconf 85' lang='lat'>)</span> <span class='ocrx_word' id='word_1_1303' title='bbox 1519 3677 1571 3710; x_wconf 65' lang='lat' dir='ltr'>Eph</span> <span class='ocrx_word' id='word_1_1304' title='bbox 1597 3679 1629 3700; x_wconf 88' lang='lat' dir='ltr'>N.</span> <span class='ocrx_word' id='word_1_1305' title='bbox 1649 3678 1677 3701; x_wconf 90' lang='lat' dir='ltr'>C.</span> <span class='ocrx_word' id='word_1_1306' title='bbox 1692 3681 1741 3702; x_wconf 76' lang='lat' dir='ltr'>Dec</span> <span class='ocrx_word' id='word_1_1307' title='bbox 1758 3686 1780 3707; x_wconf 83' lang='lat'>3.</span> <span class='ocrx_word' id='word_1_1308' title='bbox 1799 3679 1859 3706; x_wconf 61' lang='grc' dir='ltr'>Α,7,</span> <span class='ocrx_word' id='word_1_1309' title='bbox 1881 3677 1903 3701; x_wconf 70' lang='grc' dir='ltr'>ὃς</span> <span class='ocrx_word' id='word_1_1310' title='bbox 1917 3678 1938 3703; x_wconf 93' lang='lat'>8.</span> <span class='ocrx_word' id='word_1_1311' title='bbox 1960 3678 2080 3708; x_wconf 69' lang='lat' dir='ltr'>Obsi&#39;83.</span> 
     </span>
     <span class='ocr_line' id='line_1_171' title="bbox 1107 3703 1724 3738; baseline 0.01 -12"><span class='ocrx_word' id='word_1_1312' title='bbox 1107 3703 1120 3731; x_wconf 86' lang='grc'>(</span> <span class='ocrx_word' id='word_1_1313' title='bbox 1138 3712 1151 3726; x_wconf 91' lang='lat' dir='ltr'>a</span> <span class='ocrx_word' id='word_1_1314' title='bbox 1169 3704 1178 3734; x_wconf 85' lang='lat'><em>)</em></span> <span class='ocrx_word' id='word_1_1315' title='bbox 1194 3706 1332 3729; x_wconf 80' lang='lat' dir='ltr'>comment.</span> <span class='ocrx_word' id='word_1_1316' title='bbox 1351 3713 1376 3728; x_wconf 87' lang='lat' dir='ltr'>in</span> <span class='ocrx_word' id='word_1_1317' title='bbox 1394 3705 1413 3728; x_wconf 88' lang='lat'>1.</span> <span class='ocrx_word' id='word_1_1318' title='bbox 1430 3707 1479 3730; x_wconf 87' lang='lat' dir='ltr'>Fen</span> <span class='ocrx_word' id='word_1_1319' title='bbox 1496 3709 1563 3730; x_wconf 80' lang='lat' dir='ltr'>Avic.</span> <span class='ocrx_word' id='word_1_1320' title='bbox 1582 3708 1670 3738; x_wconf 81' lang='lat' dir='ltr'>Quaest.</span> <span class='ocrx_word' id='word_1_1321' title='bbox 1688 3718 1724 3738; x_wconf 64' lang='grc'>55-</span> 
     </span>
    </p>
   </div>
   <div class='ocr_carea' id='block_1_12' title="bbox 1463 3768 1676 3798">
    <p class='ocr_par' dir='ltr' id='par_1_16' title="bbox 1463 3768 1676 3798">
     <span class='ocr_line' id='line_1_172' title="bbox 1463 3768 1676 3798; baseline 0.005 -6"><span class='ocrx_word' id='word_1_1322' title='bbox 1463 3768 1477 3797; x_wconf 82' lang='grc'>(</span> <span class='ocrx_word' id='word_1_1323' title='bbox 1490 3776 1507 3797; x_wconf 85' lang='lat' dir='ltr'>g</span> <span class='ocrx_word' id='word_1_1324' title='bbox 1523 3769 1536 3797; x_wconf 87' lang='lat'>)</span> <span class='ocrx_word' id='word_1_1325' title='bbox 1553 3768 1621 3798; x_wconf 76' lang='lat' dir='ltr'>Epist.</span> <span class='ocrx_word' id='word_1_1326' title='bbox 1643 3776 1676 3798; x_wconf 69' lang='lat'>¹4·</span> 
     </span>
    </p>
   </div>
   <div class='ocr_carea' id='block_1_13' title="bbox 821 3726 1438 3792">
    <p class='ocr_par' dir='ltr' id='par_1_17' title="bbox 821 3726 1438 3792">
     <span class='ocr_line' id='line_1_173' title="bbox 821 3726 1438 3766; baseline 0.011 -14"><span class='ocrx_word' id='word_1_1327' title='bbox 821 3726 831 3752; x_wconf 91' lang='lat'><em>(</em></span> <span class='ocrx_word' id='word_1_1328' title='bbox 848 3737 859 3752; x_wconf 67' lang='lat' dir='ltr'><em>c</em></span> <span class='ocrx_word' id='word_1_1329' title='bbox 875 3732 885 3759; x_wconf 61' lang='lat' dir='ltr'>J</span> <span class='ocrx_word' id='word_1_1330' title='bbox 902 3731 1005 3755; x_wconf 69' lang='lat' dir='ltr'>Exercir.</span> <span class='ocrx_word' id='word_1_1331' title='bbox 1024 3732 1052 3766; x_wconf 72' lang='lat' dir='ltr'>de</span> <span class='ocrx_word' id='word_1_1332' title='bbox 1069 3733 1197 3763; x_wconf 87' lang='lat' dir='ltr'>Omento,</span> <span class='ocrx_word' id='word_1_1333' title='bbox 1216 3735 1329 3761; x_wconf 76' lang='lat' dir='ltr'>Pineued.</span> <span class='ocrx_word' id='word_1_1334' title='bbox 1347 3735 1369 3758; x_wconf 82' lang='lat'>&amp;</span> <span class='ocrx_word' id='word_1_1335' title='bbox 1386 3741 1438 3759; x_wconf 75' lang='lat' dir='ltr'>caet.</span> 
     </span>
     <span class='ocr_line' id='line_1_174' title="bbox 914 3762 1131 3792; baseline 0.018 -9"><span class='ocrx_word' id='word_1_1336' title='bbox 914 3762 927 3789; x_wconf 65' lang='grc' dir='ltr'>ζ</span> <span class='ocrx_word' id='word_1_1337' title='bbox 944 3769 956 3783; x_wconf 80' lang='lat' dir='ltr'>e</span> <span class='ocrx_word' id='word_1_1338' title='bbox 974 3764 982 3791; x_wconf 85' lang='lat'>)</span> <span class='ocrx_word' id='word_1_1339' title='bbox 1000 3762 1074 3790; x_wconf 63' lang='lat' dir='ltr'>Epist,</span> <span class='ocrx_word' id='word_1_1340' title='bbox 1095 3765 1131 3792; x_wconf 66' lang='lat'>38.</span> 
     </span>
    </p>
   </div>
   <div class='ocr_carea' id='block_1_14' title="bbox 1196 3765 1400 3795">
    <p class='ocr_par' dir='ltr' id='par_1_18' title="bbox 1196 3765 1400 3795">
     <span class='ocr_line' id='line_1_175' title="bbox 1196 3765 1400 3795; baseline 0 -6"><span class='ocrx_word' id='word_1_1341' title='bbox 1196 3765 1258 3795; x_wconf 80' lang='lat' dir='ltr'>(f)</span> <span class='ocrx_word' id='word_1_1342' title='bbox 1276 3766 1343 3795; x_wconf 75' lang='lat' dir='ltr'>Epist.</span> <span class='ocrx_word' id='word_1_1343' title='bbox 1367 3772 1400 3790; x_wconf 77' lang='lat'>12.</span> 
     </span>
    </p>
   </div>
  </div>
 </body>
</html>
