2498 4075
462 166 556 214 150

384 227 568 265 ‘dendorum
589 228 713 263 occasio
734 228 887 271 dabitur,
911 228 960 264 fac
982 230 1070 274 quod
1093 232 1158 273 ipse
1172 238 1265 267 ‘eram
1287 231 1392 267 fatiu-

388 283 463 311 ωε,
489 283 525 307 ut
547 273 788 315 diligentiffime
810 274 1010 308 membranas
1032 285 1142 309 omnes
1163 287 1235 318 quae
1257 278 1299 311 iis
1312 277 1391 309 Par-

390 316 478 350 tibus
503 318 639 356 vicir‘rae,
665 320 857 360 annexaeque
881 317 954 353 sunt
975 340 987 357 ,
1033 317 1241 359 perscruteris
1263 333 1273 357 ς
1318 319 1389 352 fieri

386 361 477 392 enim
514 359 600 393 haud
625 359 729 402 potest
745 382 754 397 ,
780 359 801 392 fi
826 370 933 394 earum
957 362 1085 393 viarum
1108 363 1188 396 ostia
1212 361 1274 395 sint
1297 374 1389 396 com-

385 401 487 444 pressa
503 425 513 440 ,
536 402 617 444 quin
640 402 782 445 reliquus
805 414 913 437 earum
937 404 1058 436 tra-stus
1092 412 1184 438 tanto
1218 408 1318 448 magis
1348 405 1387 438 fit

387 454 574 478 remorante
598 443 734 479 humore
757 445 935 487 distentus,
969 457 1095 488 quanto
1128 449 1230 490 magis
1260 447 1385 483 occlusa

387 486 461 520 sunt
485 488 566 522 ostia
590 500 662 531 quae
687 489 862 527 emittunt,
886 488 1064 531 praesertim
1086 500 1160 523 cum
1207 492 1273 525 vias
1317 492 1386 525 illas

387 540 453 564 non
478 530 537 565 effe
561 531 640 565 adeo
663 532 781 568 exiles,
804 534 835 565 ὃ(
858 532 962 566 officia
983 543 1055 574 quae
1087 533 1127 566 iis
1171 534 1355 568 adscribunt
1379 560 1389 575 ,

385 576 554 615 requirant
572 600 581 615 ,
601 577 632 607 &
655 574 712 616 ipfi
737 574 825 608 ultro
847 574 1030 609 fateantur:
1053 586 1239 619 quanquam
1273 577 1389 611 frustra

385 615 474 651 hunc
498 628 530 652 te
552 619 695 652 laborem
720 617 922 661 sumpturum
935 619 1016 652 illud
1039 619 1186 660 indicat,
1208 621 1295 662 quod
1309 632 1391 654 nun-

385 672 484 703 quam
507 663 541 694 in
564 660 746 696 istiusmodi
769 661 891 696 cafibns
924 664 1077 704 cuiquam
1106 663 1178 696 illas
1210 664 1386 706 apparuiffe

385 705 546 746 legimus,
569 716 643 739 cum
668 705 807 747 plurima
831 706 975 749 alioquin
1009 703 1139 740 fuissent
1171 708 1264 749 aegris
1297 710 1386 751 inge-

382 747 457 788 sta,
479 760 550 791 quae
574 748 679 790 ipsas,
703 758 757 781 aut
783 749 860 782 alias
883 759 961 792 quas
984 748 1039 781 alii
1063 748 1246 791 conjiciunt
1270 751 1309 785 ad
1334 763 1385 787 ve-

377 790 477 825 ficam
501 791 685 832 tendentes,
708 793 845 825 maxime
869 792 1046 826 distendere
1069 792 1247 826 debuissent
1262 815 1272 831 ‚
1305 796 1384 829 Pro-

376 834 511 869 sectores
534 845 640 868 autem
663 834 856 877 diligentes,
879 837 909 868 δι
933 835 1026 868 valde
1047 838 1217 870 exercitati
1241 847 1391 872 mortuo-

378 889 452 912 rum
476 889 611 920 corpora
636 877 879 912 scrutarentur.
904 877 1091 914 Franciscus
1123 882 1208 913 enim
1247 881 1385 915 Plazzo-

371 932 453 960 nus3
479 931 513 955 ut
539 923 686 964 exemplo
711 930 782 955 utar
807 921 873 964 ejus
895 920 1035 956 historiae
1059 934 1157 965 quam
1178 925 1214 957 in
1237 924 1385 960 Sectione

374 965 435 999 hac
460 965 658 1008 Sepulchreti
682 972 731 1002 [er
754 967 928 1008 repetitam
952 964 1068 1012 fuisse,
1089 967 1212 1001 ostendi
1246 972 1258 1007 (
1281 978 1312 1001 m
1334 971 1346 1007 )
1370 981 1382 1009 3

374 1018 429 1042 aut
452 1008 575 1047 secuit,
601 1019 655 1043 aut
679 1007 861 1042 disseffloni
886 1008 1016 1053 praefuit
1040 1020 1107 1052 ejus
1139 1009 1297 1047 Monachi
1329 1014 1380 1046 cui

373 1052 461 1086 inter
485 1061 599 1086 caetera
621 1053 782 1086 diuretica
806 1052 879 1097 ipsae
903 1062 1034 1096 quoque
1057 1053 1262 1087 cantharides
1297 1053 1379 1089 datae

372 1095 519 1136 fuerant,
544 1107 616 1140 quae
641 1096 778 1130 veficarn
793 1119 801 1133 ‚
825 1098 975 1139 quamvis
998 1098 1127 1131 inanem
1142 1122 1152 1137 ,
1175 1098 1379 1132 exulcerave-

373 1148 470 1177 rant,
495 1150 531 1173 ut
555 1140 633 1173 illuc
657 1140 830 1183 pervenisse
855 1150 962 1175 earum
987 1142 1054 1174 vim
1099 1150 1157 1182 per
1201 1140 1380 1183 sanguifera

370 1182 522 1223 vascula,
546 1193 612 1216 non
638 1195 693 1225 per
716 1185 848 1225 ignotos
870 1183 1046 1224 peculiares
1067 1183 1214 1217 tramites
1258 1186 1381 1218 intelli-

370 1237 509 1270 gamus,
533 1228 590 1268 qui
614 1238 690 1262 cum
715 1238 750 1259 ea
763 1227 795 1258 vi
808 1224 899 1259 simul
923 1225 1097 1260 diureticas
1120 1228 1268 1268 potiones
1280 1228 1382 1262 trans-

369 1268 522 1304 misissent
548 1268 611 1303 sive
635 1271 675 1303 ins
693 1279 805 1303 renum
829 1269 956 1311 pelves,
982 1279 1035 1303 aut
1057 1278 1217 1310 meteres,
1242 1269 1308 1305 five
1332 1283 1381 1305 re-

368 1315 419 1346 ἃε
445 1325 461 1348 a
486 1313 671 1347 ventriculo
694 1314 728 1345 in
754 1311 908 1346 veficam.
934 1312 1015 1346 Haec
1040 1313 1127 1346 enim
1151 1314 1251 1348 altera
1265 1317 1380 1358 opinio

367 1358 491 1401 placuit
515 1357 682 1400 pluribus,
708 1360 744 1389 an
772 1366 905 1400 propter
928 1355 983 1390 illa
1007 1356 1221 1399 Hippocratis
1250 1360 1265 1397 (
1287 1369 1306 1391 n
1322 1359 1343 1401 )
1366 1381 1376 1397 ‚

369 1411 425 1436 aut
448 1411 534 1436 certe
559 1400 758 1435 vetustissimi
784 1400 939 1434 AuCtoris
963 1400 1079 1436 verba,
1095 1399 1124 1442 fi
1147 1398 1377 1444 habueritpuer

367 1455 462 1480 venas
485 1447 519 1480 de
529 1443 707 1480 ventriculo
730 1445 770 1477 ad
789 1442 921 1485 vesicam
945 1443 1102 1477 tendentes
1124 1443 1245 1486 amplas
1268 1456 1303 1478 ac
1325 1453 1377 1479 at-

363 1490 550 1529 trahentes,
575 1499 613 1521 an
637 1490 748 1530 potius
759 1489 816 1533 --ob
839 1498 872 1521 ea
895 1498 968 1529 quae
994 1486 1136 1521 accidere
1161 1487 1375 1524 audiissentin

364 1533 492 1567 diabete
514 1533 692 1575 legitimo,
716 1542 809 1573 cujus
834 1530 986 1564 rariffima
1009 1532 1154 1574 exempla
1178 1533 1299 1574 poteris
1318 1532 1378 1567 -le-

366 1589 440 1621 gere
465 1576 548 1616 apud
572 1574 768 1610 Marcellum
793 1576 964 1609 Donatum
989 1577 999 1613 (
1023 1586 1040 1607 o
1061 1578 1098 1616 ),
1123 1576 1239 1618 nempe
1263 1583 1300 1608 ut
1317 1585 1377 1618 po-

366 1629 423 1654 tus
445 1619 526 1656 nihil
550 1620 673 1653 omnino
697 1625 839 1651 mutatus
862 1618 1051 1660 mingo-etur
1067 1641 1077 1656 ,
1096 1617 1227 1660 servans
1250 1621 1377 1653 eundem

365 1665 497 1701 colorem
512 1685 521 1700 ,
540 1662 785 1705 confisientiam‚
809 1661 1032 1704 saporemque,
1057 1663 1099 1703 <⁷57ss
1142 1662 1262 1695 odorem
1286 1686 1294 1695 .
1318 1662 1378 1696 Sed

363 1710 388 1743 fi
414 1716 580 1751 propterea
604 1704 808 1740 comminisci
832 1713 964 1746 oportet
1008 1704 1122 1738 duetus
1155 1717 1172 1738 a
1196 1706 1379 1740 ventriculo

365 1753 405 1788 ad
430 1751 563 1785 vesicam
588 1748 776 1788 tendentes;
798 1747 879 1780 alios
901 1747 1106 1781 comminisci
1138 1757 1305 1791 oporteret
1339 1750 1378 1783 ad

364 1806 474 1832 cutem
490 1817 498 1832 ‚
522 1793 653 1837 quando
677 1792 831 1834 exemplis
843 1790 907 1823 illis
920 1789 982 1823 hoc
1004 1802 1070 1833 quo
1096 1791 1302 1833 uesubjrcere
1313 1803 1378 1826 non

365 1839 534 1875 dubitavit
558 1839 711 1871 Donatus
734 1834 772 1869 de
796 1833 900 1878 puella
925 1831 1061 1868 formosi
1087 1845 1150 1868 ima
1173 1834 1238 1877 jam
1262 1836 1318 1869 diu
1330 1835 1379 1870 fe-

363 1884 478 1918 bribus
501 1879 787 1917 confliffitatascui
811 1878 941 1911 remotis
963 1878 1097 1910 nondum
1130 1876 1168 1910 ab
1202 1889 1252 1912 ore
1279 1888 1376 1921 pocu-

367 1928 410 1962 lis
423 1951 436 1968 ,
459 1925 568 1965 hausi-e
590 1920 774 1965 liquidiores
793 1921 938 1963 potiones
960 1931 979 1952 a
997 1921 1180 1962 praecordiis
1214 1945 1242 1954 ..
1258 1945 1265 1952 .
1279 1946 1287 1955 .
1324 1932 1376 1956 ea.

366 1973 434 2008 dem
459 1969 546 2011 copia
570 1978 629 2010 qua
653 1973 742 1999 erant
764 1964 935 2007 absorptae,
954 1962 1065 2006 absque
1089 1963 1276 1998 alteratione
1309 1965 1374 1998 ulla

366 2011 554 2057 resudabant
575 2012 625 2044 'ita
650 2017 687 2042 ut
709 2018 747 2042 ex
768 2007 860 2041 rubeo
883 2006 955 2048 lyaeo
979 2006 1077 2040 colore
1101 2006 1220 2047 rubeo;
1242 2006 1280 2040 ab
1304 2007 1374 2041 albo

360 2056 485 2102 jusculo
497 2080 510 2097 ,
532 2053 603 2088 albo
628 2052 740 2087 itidem
762 2059 837 2096 tunc
861 2049 1059 2092 inficerentur
1075 2049 1259 2092 sabuculae,
1281 2051 1380 2093 idque

366 2102 500 2136 duarum
523 2096 778 2132 hebdomadarum
796 2094 902 2135 spatio
934 2091 1027 2127 fuisse
1062 2094 1253 2128 adnotatum
1274 2119 1281 2126 .
1317 2095 1381 2128 Ve-

366 2156 440 2179 rum
463 2142 502 2177 de
525 2140 648 2184 ignotis
672 2138 757 2172 hisce
780 2135 929 2172 duffibus
952 2147 1145 2180 quacunque
1188 2137 1320 2172 demum
1365 2149 1381 2172 e

371 2187 556 2223 ventriculo
579 2183 657 2218 ferri
681 2185 715 2216 in
741 2180 898 2215 urinarias
923 2189 1030 2222 partes
1053 2180 1235 2224 conjiciant
1258 2203 1268 2220 ‚
1303 2182 1382 2216 scite

369 2233 411 2267 ad
435 2243 483 2265 me
506 2227 672 2272 quondam
696 2223 849 2267 scripfiffe
871 2223 926 2256 Cl.
953 2223 1075 2258 Pastam
1098 2248 1110 2265 ‚
1143 2226 1277 2258 memini
1301 2247 1311 2264 ,
1359 2224 1382 2259 fi

369 2287 480 2312 revera
505 2274 635 2310 forent,
660 2266 801 2304 debuisse
824 2267 967 2309 illisqui
1013 2279 1052 2301 eo
1095 2277 1243 2311 tempore
1267 2271 1300 2303 in
1325 2280 1383 2306 no-

326 2332 328 2334 *
368 2321 441 2356 stri's
463 2327 592 2362 quoque
622 2312 808 2356 regionibus
832 2310 1033 2352 fictargento
1079 2313 1157 2345 vivo
1203 2312 1382 2347 abuteban-

368 2374 426 2398 tur
442 2387 451 2401 ,
476 2371 511 2396 ut
535 2367 614 2403 pene
636 2356 787 2400 quotidie
813 2366 910 2395 mane
929 2353 967 2387 ad
1012 2356 1141 2389 unciam
1186 2355 1347 2390 sumerent
1371 2377 1381 2393 ‚

370 2409 516 2450 aliquam
540 2403 655 2437 saltem
678 2399 744 2442 ejus
767 2408 891 2442 partem
917 2409 991 2431 curn
1016 2399 1103 2432 lotio
1127 2400 1215 2432 exire
1239 2422 1249 2437 ‚
1293 2400 1382 2442 quod

371 2453 408 2486 in
430 2450 563 2484 illorum
587 2446 716 2479 nemine
740 2442 864 2476 Medici
889 2440 1042 2474 nostrates
1066 2442 1382 2477 animadverterant.

372 2492 479 2538 Quod
503 2489 525 2524 fi
550 2489 638 2523 forte
661 2487 772 2526 dicas,
794 2486 851 2519 vix
875 2493 984 2527 patere
1007 2496 1059 2517 eos
1082 2485 1219 2522 duffluffi
1254 2485 1303 2519 sed
1348 2487 1382 2519 in

370 2537 519 2573 febribus
541 2534 580 2567 de
603 2531 723 2575 quibus
746 2529 801 2563 illa
824 2527 896 2561 sunt
922 2528 1045 2562 Donati
1071 2529 1233 2570 praecipua
1274 2541 1384 2563 exem-

370 2583 446 2626 pla,
471 2577 622 2616 dilatari,·
647 2585 749 2617 neque
774 2571 870 2605 Pastae
894 2570 1096 2612 objectioni,
1122 2582 1223 2613 neque
1247 2574 1318 2606 aliis
1339 2573 1384 2606 ob

371 2636 445 2669 quae
470 2623 542 2656 sunt
567 2618 769 2661 excogitati,
794 2615 1012 2658 phaenomenis
1035 2614 1231 2656 satisfacies,
1255 2619 1282 2649 ἅ
1299 2625 1384 2650 cert-e

375 2671 413 2702 in
437 2667 545 2711 primo
564 2675 605 2697 ex
626 2660 851 2696 Trincavellio
875 2659 1000 2692 Donati
1025 2659 1175 2702 exemplo
1190 2658 1383 2702 adstringere

373 2722 488 2747 eorum
510 2704 801 2742 ductuumroscula
826 2705 976 2746 potiones
1001 2701 1184 2741 debebant,
1207 2713 1306 2752 quas,
1329 2702 1385 2746 nisi

370 2754 479 2801 gelide
492 2751 563 2796 fere
585 2749 709 2789 essent,
734 2758 817 2790 aeger
839 2745 1022 2782 recusabat.
1048 2746 1107 2780 Sed
1131 2746 1232 2788 quid,
1255 2747 1385 2789 inquis,

374 2799 417 2834 ad
451 2795 664 2831 recentiorem
687 2791 957 2826 Observationem
981 2790 1069 2833 (p)
1094 2789 1238 2823 dicemus
1253 2814 1261 2829 ,
1294 2801 1384 2823 nem-

374 2854 416 2886 pe
439 2839 592 2882 Virginis
616 2837 704 2870 illius
727 2834 890 2871 asciticae‚
915 2835 948 2866 in
973 2844 1037 2875 qua
1062 2845 1116 2868 ren
1143 2832 1262 2876 fimster
1303 2843 1384 2875 aeque

376 2897 415 2919 ac
437 2884 543 2917 dexter
567 2907 575 2915 .
589 2906 596 2912 .
613 2904 640 2912 ..
663 2887 749 2913 totus
764 2874 941 2920 scirrhosus
965 2878 1007 2911 Θ
1029 2878 1194 2911 induratus
1216 2883 1283 2909 erat
1303 2897 1316 2916 ,
1349 2887 1385 2909 ac

375 2929 426 2963 ita
449 2925 650 2963 coaluerant,
674 2930 709 2955 ut
731 2932 784 2955 nec
804 2919 908 2963 pelvis
929 2920 1030 2962 detegi
1048 2921 1210 2962 potuerit,
1232 2930 1308 2952 cum
1333 2931 1385 2952 ea-

375 2971 452 3004 dem
477 2966 651 3001 noviffimo
675 2967 772 2998 etiam
797 2973 942 3006 tempore
962 2964 1134 3007 parczffime
1158 2962 1317 3006 quidem,
1350 2964 1382 2995 δε

376 3012 473 3053 instar
516 3020 600 3052 aquae
636 3006 776 3051 fontanae
806 3007 992 3048 limpidam,
1015 3018 1100 3045 non,
1125 3015 1160 3042 ut
1184 3007 1307 3047 initio,
1331 3016 1383 3038 ru-

372 3056 488 3093 bram,
510 3054 552 3087 &
574 3052 701 3097 crassam
725 3052 851 3085 urinam
875 3048 1079 3088 reddidisset,
1102 3049 1153 3085 sed
1176 3060 1281 3084 tamen
1314 3049 1384 3083 red-

374 3095 529 3135 didisset?
552 3097 605 3129 An
631 3094 812 3138 pauxillum
835 3096 868 3127 id
903 3092 1049 3127 humoris
1094 3106 1133 3128 ex
1179 3093 1247 3127 sero
1292 3094 1382 3136 quod

373 3152 522 3178 ventrem
545 3138 769 3179 distendebat,
788 3147 845 3180 per
867 3136 969 3178 veficae
986 3146 1081 3178 poros
1102 3135 1191 3176 foras
1214 3135 1383 3179 intro-spe-

375 3188 499 3223 Hantes
522 3181 678 3217 transiisse
702 3185 712 3214 ?
743 3193 783 3215 an
805 3181 914 3223 potius
939 3191 976 3212 ex
1000 3181 1187 3214 alterutrius
1209 3182 1316 3219 renis,
1347 3182 1380 3213 &

372 3231 476 3274 pelvis
499 3227 656 3272 particula
682 3226 789 3268 aliqua
814 3222 969 3261 necdum,
992 3235 1066 3258 cum
1101 3226 1261 3266 postremo
1294 3224 1378 3256 min-

371 3275 446 3311 xit,
472 3273 599 3315 penitus
621 3268 792 3305 indurata,
817 3269 848 3300 &
871 3265 1060 3307 constrieta,
1083 3267 1179 3301 sicuti
1207 3267 1276 3310 post
1289 3277 1378 3299 mor-

370 3326 438 3351 tem
462 3314 633 3359 apparuit,
660 3324 715 3354 per
740 3310 897 3355 angustias
916 3333 925 3349 ‚
948 3319 984 3344 ut
1009 3311 1139 3344 insolita
1152 3310 1378 3344 ostenditlim-

370 3358 511 3403 pitudo‚
535 3354 738 3400 provenisse?
760 3364 846 3389 certe
868 3365 933 3388 non
957 3365 1012 3398 per
1035 3354 1148 3388 duetus
1173 3356 1206 3388 in
1218 3363 1375 3392 uretereS‚

369 3402 547 3438 veficamve
569 3400 760 3440 influentes,
784 3407 820 3432 ut
843 3407 918 3440 pote
942 3399 999 3441 qui
1023 3409 1060 3431 ex
1082 3400 1263 3432 ventriculo
1287 3397 1371 3430 mul-

370 3456 410 3481 to
434 3446 503 3488 plus
525 3444 672 3479 humoris
693 3442 937 3484 importassent.

409 3497 444 3532 3.
467 3489 647 3531 Utcunque
668 3485 702 3521 id
725 3485 788 3524 est5
811 3496 883 3530 quae
906 3486 939 3519 in
963 3487 1102 3519 mortuis
1125 3485 1217 3520 urina
1229 3481 1371 3529 suppres-

425 3691 649 3723 (m3supra‚n.
669 3700 689 3718 r.
751 3693 876 3724 (η)οε
892 3692 988 3718 Morbis
1003 3692 1022 3717 1.
1040 3700 1062 3722 4.
1079 3700 1103 3717 n.
1119 3693 1156 3717 28.
1220 3691 1326 3720 <0213

427 3723 500 3787 {⁵3
519 3726 656 3749 Commerc.
672 3724 760 3749 Litter.
777 3727 808 3748 A.
827 3732 893 3754 1743.
914 3723 990 3748 Hebd.
1009 3730 1047 3754 25-
1063 3731 1086 3747 n.
1103 3730 1125 3746 a.
1142 3722 1172 3747 ad
1190 3730 1213 3752 3.

513 3754 585 3785 Eprn.
602 3758 641 3780 16.
656 3762 680 3779 n.
696 3762 734 3785 34.
750 3755 774 3781 δι
788 3756 833 3786 Ep.
849 3756 889 3786 38.
901 3762 923 3780 n.
939 3762 977 3780 2².
1038 3754 1053 3783 (
1067 3761 1083 3778 n
1099 3756 1107 3783 )
1122 3754 1173 3783 op.
1189 3751 1268 3779 Posth-

1014 143 1174 204 Liber
1206 150 1313 205 III.
1346 151 1432 205 De
1468 151 1675 205 Morbis
1713 152 1924 207 Ventris

1441 231 1470 265 sa
1494 232 1604 267 veficae
1627 233 1725 268 etiam
1739 256 1748 272 ‚
1774 243 1828 268 aut
1852 231 1990 268 urethrae
2013 231 2098 267 vitio
2119 231 2291 271 valsalva,·
2313 233 2345 267 ἅτ
2368 243 2439 276 ego

1440 275 1638 317 viderimus,
1659 275 1713 311 hic
1736 279 1893 319 accipie53
1918 287 1974 309 nec
1997 284 2103 310 tamen
2125 278 2253 310 omnia.
2286 276 2440 312 Habuisti

1439 319 1528 352 enim
1551 322 1698 361 proxima
1722 320 1863 363 Epistola
1884 322 1900 358 (
1921 329 1939 361 q
1959 322 1994 360 ),
2019 321 2163 363 itemque
2184 319 2342 354 XXXIV.
2378 322 2436 364 (r)

1439 362 1585 402 quaedam
1608 373 1719 397 eorum
1742 374 1813 404 quae
1835 363 1911 402 ille,
1936 372 2047 396 eorum
2071 374 2177 396 autem
2199 362 2349 405 quaeipse
2360 373 2439 397 con-

1439 404 1457 437 s
1476 406 1549 446 exi,
1571 407 1725 440 nonnulla
1748 405 1892 448 Epistola
1915 405 1979 439 IV.
2014 405 2097 448 (s)
2131 408 2163 439 ὃ(
2185 407 2228 440 X.
2274 409 2285 443 (
2307 406 2358 448 t)
2402 407 2443 442 in

1438 458 1452 479 a
1470 447 1573 491 iisque
1596 450 1656 482 alia
1680 449 1830 483 habebis.
1855 449 1941 491 Quae
1963 448 2067 490 igitur
2089 448 2151 483 huc
2163 447 2359 492 potissimum
2372 447 2442 492 spe-

1437 490 1522 525 flare
1544 514 1553 529 ,
1587 491 1731 530 credidi,
1759 503 1799 526 ex
1820 491 1880 525 illo
1903 491 2033 534 quidem
2058 491 2126 526 haec
2151 492 2242 525 sunt.

1447 575 1454 580 ·
1484 545 1516 577 4.
1535 534 1744 578 JUVENIS
1768 534 1931 578 agricola,
1954 534 2047 578 cujus
2070 535 2135 569 duo
2158 535 2271 569 fratres
2304 536 2335 568 &
2376 533 2438 577 ipsi

1440 588 1573 619 juvenes
1598 578 1688 611 annis
1712 578 1929 621 superioribus
1951 590 1989 611 ex
2013 579 2114 612 acutis
2138 579 2259 612 morbis
2269 579 2353 612 circa
2367 588 2438 611 ver-

1439 631 1519 654 num
1542 619 1774 662 aequinoffium
1798 621 2011 662 interierant,
2033 621 2147 655 eodem
2172 623 2247 655 anni
2291 629 2437 663 tempore

1439 663 1478 696 ad
1504 662 1591 696 hunc
1615 664 1749 698 modurn
1772 662 1920 698 deceffit.
1946 665 2091 698 Scabiem
2116 664 2197 703 sibi,
2227 663 2336 698 nescio
2369 675 2437 706 quo

1437 704 1587 739 adhibito
1611 717 1776 750 unguento
1791 734 1801 750 ,
1824 707 1994 749 abegerat.-
2016 708 2110 752 paulo
2134 706 2203 750 post
2224 709 2317 741 urina
2363 708 2439 748 sup-

1435 748 1534 790 pressa
1557 749 1624 790 est,
1646 762 1711 785 non
1734 751 1797 785 sine
1820 751 1970 792 vomitu,
1994 754 2024 785 δε
2047 750 2161 784 dolore
2193 751 2354 784 interdum
2397 748 2437 783 ad

1434 792 1582 826 lumbum
1607 795 1788 828 sinistrum.
1814 795 1955 832 Urinam
1981 804 2086 828 tamen
2119 795 2291 837 aliquoties
2333 791 2438 837 postea

1442 837 1608 874 excrevit,
1634 835 1683 870 sed
1707 849 1862 880 paucam,
1884 839 1916 870 δε
1938 836 2070 872 saturati
2094 836 2203 872 lixivii
2225 837 2378 876 fimilem,
2402 838 2435 869 &

1437 888 1512 912 cum
1536 879 1668 913 dolore:
1692 881 1783 923 cujus
1825 880 1948 915 exitum
1992 879 2153 915 cathetere
2183 880 2330 924 expedire
2347 905 2356 921 ,
2381 890 2436 928 ne-

1432 924 1609 966 quicquam
1635 932 1794 958 tentatum
1817 924 1879 958 est.
2011 924 2160 958 Tandem
2203 935 2318 966 corpus
2362 934 2437 956 uni-

1433 966 1560 998 versum
1584 967 1766 1001 intumuit:
1790 970 1821 1001 δέ
1844 965 2022 1007 accedente,
2038 967 2222 1009 laboriosa,
2245 979 2280 1000 ac
2314 976 2430 1009 magna

1432 1007 1665 1051 respiratione,
1689 1010 1867 1052 postridie,
1890 1010 2188 1053 circavvigefimum
2232 1012 2372 1053 primum
2418 1019 2435 1042 a

1431 1051 1643 1094 suppressione
1665 1053 1751 1087 diem
1766 1080 1775 1096 ,
1799 1065 1885 1088 mors
1908 1054 2052 1096 ingruit.
2184 1055 2217 1088 V
2232 1054 2399 1100 EStcA
2425 1075 2435 1092 ‚

1431 1096 1462 1128 δι
1486 1106 1573 1128 renes
1597 1096 1660 1129 sani
1686 1107 1798 1135 erant,
1823 1097 1879 1130 nili
1902 1098 1992 1139 quod
2017 1095 2050 1131 hi
2075 1097 2241 1140 aliquanto
2264 1106 2399 1141 majore}
2422 1117 2433 1132 2

1431 1137 1486 1170 illa
1512 1148 1619 1172 autem
1642 1140 1738 1173 libras
1761 1141 1948 1175 continebat
1971 1142 2102 1175 circiter
2123 1142 2199 1175 duas
2222 1141 2323 1175 urinae
2352 1137 2435 1180 eJus.

1431 1181 1521 1214 modi
1543 1183 1670 1224 qualem
1694 1183 1852 1218 diximus.
1878 1185 1936 1218 Sed
1960 1187 1992 1217 &
2015 1187 2047 1218 in
2072 1187 2190 1218 ventris
2211 1195 2291 1217 cavo
2313 1182 2433 1216 humor

1430 1222 1596 1267 stagnabat
1612 1248 1620 1263 ‚
1644 1228 1769 1261 urinam
1791 1228 1881 1261 olens
1896 1252 1905 1268 ,
1929 1236 2082 1262 caeterum
2105 1227 2251 1270 limpidae
2277 1237 2365 1268 aquae
2389 1225 2431 1257 si-

1431 1268 1544 1301 milis.
1570 1268 1640 1306 Qui
1663 1271 1696 1303 in
1721 1271 1829 1304 vitreo
1854 1270 1924 1305 vase
1948 1269 2136 1307 asservatus,
2160 1271 2264 1304 multa
2307 1268 2432 1301 divulsa

1430 1311 1518 1353 quasi
1543 1313 1710 1347 urinarum
1733 1321 1876 1348 contenta
1898 1315 2048 1348 exhibuit
2062 1340 2072 1349 .
2095 1313 2170 1356 Igni
2192 1323 2303 1349 autem⁴
2323 1313 2439 1361 impo7,

1428 1355 1528 1393 situs,
1554 1357 1696 1397 primum
1720 1356 1872 1392 turbidus
1895 1358 1939 1392 est
1983 1357 2105 1396 faetus,
2129 1360 2160 1391 &
2203 1356 2327 1390 vaccini
2372 1355 2434 1389 serl

1428 1398 1627 1440 consimilis,
1649 1412 1726 1434 mox
1748 1401 1839 1435 laetis
1862 1400 1980 1444 ipsius,
2005 1401 2143 1445 denique
2167 1399 2209 1434 fic
2232 1399 2398 1434 concrevit
2421 1422 2430 1438 ,

1428 1451 1465 1476 ut
1488 1443 1542 1475 ovi
1567 1443 1715 1477 albumen
1738 1443 1867 1487 prorsus
1889 1443 2020 1479 referret
2042 1459 2050 1478 :
2083 1444 2267 1486 cujusmodi
2300 1454 2435 1477 concre-

1427 1487 1553 1519 tionem
1577 1487 1610 1520 in
1634 1488 1724 1521 nullo
1746 1488 1899 1522 morbido
1921 1487 2057 1523 humore
2078 1490 2135 1531 qui
2159 1489 2192 1520 in
2215 1498 2348 1531 corpore
2371 1485 2433 1519 sta-

1426 1539 1561 1571 gnaret,
1587 1542 1729 1573 unquam
1774 1541 1868 1565 antea
1915 1532 2068 1565 Valsalva
2101 1531 2225 1565 viderat
2250 1556 2257 1564 .
2392 1528 2432 1562 In

1427 1572 1582 1607 Thorace
1607 1575 1774 1616 pulmones
1797 1576 1927 1618 quidem
1968 1576 2108 1609 multum
2154 1586 2224 1608 aere
2268 1572 2398 1607 distenti
2421 1593 2432 1609 ι

1429 1616 1629 1659 plenraeque,
1653 1617 1690 1651 ad
1713 1617 1863 1657 dorsum,
1889 1621 2024 1656 annexi;
2049 1619 2113 1652 sani
2137 1627 2244 1651 tamen
2268 1616 2397 1650 suerunt
2422 1639 2432 1647 .

1430 1660 1549 1693 cordis
1593 1662 1792 1695 ventriculus
1834 1662 1946 1696 dexter
1981 1662 2168 1705 polyposam
2192 1661 2432 1694 concretionem

1429 1702 1586 1780 ffediocri
1624 1704 1858 1748 magnitudine
1882 1727 1892 1744 ,
1938 1705 2060 1740 sinister
2104 1706 2262 1739 minorem
2285 1704 2435 1737 contine-

1455 1754 1509 1781 at.
1917 1754 1919 1756 “

1475 1802 1504 1832 5.
1531 1790 1630 1825 Acres
1653 1790 1768 1826 scabiei
1790 1792 1976 1835 particulae,
2001 1791 2034 1825 in
2058 1791 2244 1836 sanguinem
2269 1790 2407 1839 repulsae*
2422 1812 2434 1828 ι

1429 1845 1528 1877 quam
1553 1845 1663 1876 graves
1687 1847 1787 1869 noxas
1811 1836 2000 1876 attulerint,
2025 1836 2100 1869 alias
2125 1838 2179 1878 (u
2202 1839 2215 1875 )
2240 1848 2257 1868 a
2280 1835 2375 1866 nobis
2398 1844 2433 1866 in

1428 1877 1551 1911 duabus
1575 1876 1720 1911 foeminis
1743 1880 1903 1913 ostensum
1926 1878 1990 1913 est.
2013 1880 2074 1913 Sed
2109 1882 2142 1912 in
2174 1879 2239 1912 illis
2272 1877 2336 1912 alio
2355 1890 2365 1914 3
2399 1878 2435 1909 in

1425 1920 1489 1955 hoc
1508 1920 1657 1964 Juvene‚
1681 1922 1765 1955 lotio
1788 1922 1950 1962 admistae,
1976 1924 2010 1956 in
2035 1934 2144 1959 renes,
2169 1924 2369 1963 veficamque
2391 1923 2437 1953 ir-

1427 1973 1581 1998 ruerunt.
1606 1965 1759 2005 Qorum
1783 1966 1941 1999 viscerum
1964 1966 2164 2000 membranas
2188 1967 2322 1998 intimas
2345 1975 2438 1997 com-

1431 2007 1626 2050 pungendo,
1649 2009 1824 2051 utrobique
1847 2009 2027 2042 attulerunt
2049 2010 2218 2048 dolorem,
2252 2008 2323 2040 illas
2357 2006 2436 2041 cris-

1431 2058 1591 2092 pantem,
1614 2062 1717 2093 eoque
1742 2054 1841 2087 urinae
1874 2052 2010 2086 effluxui
2043 2052 2164 2096 jugiter
2198 2054 2434 2093 propemodum
2484 2056 2491 2064 ⁹

1431 2092 1632 2131 obstantem,
1659 2094 1742 2129 unde
1765 2106 1852 2129 renes
1877 2096 1917 2130 ab
1940 2094 2022 2135 hac,
2045 2098 2134 2130 intus
2155 2095 2301 2130 cohibita
2328 2120 2337 2135 ,
2370 2105 2437 2128 ma—

1431 2137 1516 2179 jores
1539 2134 1639 2174 faeti,
1662 2138 1763 2172 vesica
1788 2149 1894 2173 autem
1919 2140 1969 2172 vel
2003 2140 2092 2181 quod
2128 2139 2208 2182 saepe
2242 2140 2298 2171 vix
2328 2138 2427 2172 ullam

1433 2179 1585 2218 haberet,
1611 2180 1659 2214 vel
1683 2181 1771 2224 quod
1794 2181 1986 2217 contrahere
2010 2183 2039 2216 se
2062 2185 2122 2216 rite
2146 2194 2208 2216 non
2234 2182 2360 2225 posset,
2386 2182 2437 2215 vel

1433 2225 1542 2266 potius
1565 2226 1653 2266 quod
1677 2225 1872 2260 catheterem
1896 2237 1960 2260 non
1985 2225 2191 2266 admitteret,
2215 2225 2277 2259 hoc
2301 2230 2334 2258 in
2366 2237 2439 2259 ure-

1432 2266 1542 2300 t-hram
1565 2268 1708 2302 immisso
1731 2269 1815 2303 nihil
1838 2269 2009 2310 reddebat,·
2031 2271 2147 2304 educto
2172 2270 2278 2310 nihil,
2303 2268 2360 2301 nisi
2387 2280 2439 2303 ra-

1435 2322 1494 2349 ro,
1519 2313 1549 2343 &
1571 2322 1643 2344 cum
1667 2311 1802 2352 dolore,
1825 2315 2015 2347 emittebat.
2040 2314 2199 2347 Cohibita
2234 2315 2337 2355 igitur
2369 2324 2438 2346 ma-

1433 2354 1519 2386 xima
1543 2365 1581 2386 ex
1604 2365 1694 2400 parte
1716 2357 1751 2388 in
1778 2356 1965 2400 sanguiferis
1988 2357 2064 2391 vasis
2091 2358 2164 2394 lotii
2200 2358 2332 2390 materia
2366 2357 2440 2391 obi-

1434 2406 1487 2430 tus
1508 2397 1645 2439 denique
1666 2399 1756 2433 causa
1782 2399 1869 2438 fuit3
1892 2403 2039 2444 quamvis
2064 2402 2152 2440 alio,
2183 2402 2215 2433 &
2260 2399 2437 2443 praesertim

1434 2441 1469 2473 in
1493 2442 1614 2474 ventris
1636 2453 1750 2477 cavum
1785 2444 1972 2479 redundarit
1995 2467 2005 2483 ,
2038 2455 2074 2479 ut
2117 2442 2309 2487 significavit
2354 2443 2438 2477 odor

1434 2482 1610 2524 stagnantis
1633 2486 1667 2518 in
1691 2498 1731 2520 eo
1752 2487 1885 2521 laticis.
1908 2489 1945 2520 se
1968 2489 2054 2521 enim
2077 2487 2130 2521 illa
2155 2487 2250 2521 facile
2282 2486 2437 2520 admiscet

1434 2524 1629 2560 humoribus
1650 2530 1707 2571 qui
1731 2539 1808 2563 tunc
1832 2531 2021 2573 arsanguine
2047 2531 2250 2564 secernuntur
2265 2554 2272 2561 .
2300 2532 2438 2573 ltaque;

1436 2579 1474 2602 ut
1498 2571 1680 2613 exemplum
1705 2571 1886 2614 proferam,
1912 2573 2000 2617 quod
2024 2575 2128 2608 nescio
2152 2585 2207 2608 cur
2239 2584 2303 2607 non
2337 2574 2438 2608 suerit

1436 2612 1646 2656 Sepulchreto
1670 2615 1836 2655 additum3
1862 2616 2063 2661 Malpighius
2088 2621 2099 2657 (
2121 2628 2144 2652 x
2163 2621 2176 2657 )
2199 2619 2233 2650 in
2256 2619 2438 2660 Praecepto-

1437 2667 1470 2690 re
1493 2657 1549 2690 suo
1574 2658 1712 2697 Natali,
1737 2658 1826 2703 cujus
1849 2670 2032 2702 ureterem,
2055 2664 2087 2694 &
2110 2673 2240 2698 renem,
2265 2662 2309 2694 ob
2333 2663 2437 2696 inter-

1437 2708 1568 2742 ceptum
1590 2702 1750 2736 calculum
1771 2705 1910 2738 coercita
1935 2705 2027 2738 urina
2042 2730 2050 2743 ,
2073 2705 2249 2745 monstrose
2283 2705 2436 2740 dilatatos

1437 2745 1585 2784 invenit,
1607 2745 1743 2780 durante
1766 2748 1871 2790 plures
1892 2747 1958 2781 dies
1979 2748 2090 2781 lethali
2113 2747 2324 2791 suppreffione
2336 2749 2437 2783 adno-

1435 2788 1541 2825 tavit,
1568 2788 1698 2823 salivam
1720 2790 1881 2833 odorem,
1901 2793 1932 2824 &
1953 2790 2094 2833 saporem
2119 2792 2193 2824 lotii
2216 2793 2359 2827 retulisse
2374 2818 2382 2832 ‚
2405 2796 2436 2826 &

1435 2839 1543 2865 cutem
1568 2834 1688 2875 pariter
1722 2833 1842 2868 halitus
1864 2833 2000 2875 ejusdem
2024 2835 2210 2869 reddidisse·-
2245 2836 2436 2870 Albertinus

1435 2884 1545 2909 autem
1568 2875 1649 2909 mihi
1675 2878 1845 2916 narrabat,
1868 2877 2028 2911 Nobilem
2050 2880 2143 2911 illum
2163 2879 2321 2922 Juvenem
2344 2880 2436 2923 qu'us

1434 2930 1546 2953 renum
1570 2919 1760 2954 strucquram
1785 2934 1800 2955 a
1825 2921 2012 2964 Malpighio
2038 2923 2070 2955 in
2095 2922 2237 2965 Epistola
2269 2924 2307 2957 ad
2353 2925 2436 2967 Spo-

1433 2965 1525 2996 nium
1547 2962 1741 3006 descriptam
1765 2963 1933 3005 habemus,
1957 2967 1990 2997 in
2014 2965 2127 2999 eodem
2150 2967 2268 3000 morbo
2291 2978 2356 3001 non
2390 2967 2435 3001 sa-

1435 3006 1560 3048 livam,
1583 3009 1682 3041 urinae
1704 3009 1822 3049 odore,
1847 3011 1878 3042 &
1902 3007 2009 3051 sapore
2032 3009 2204 3049 infestam,
2237 3009 2288 3044 sed
2319 3022 2434 3054 prope-

1436 3050 1570 3084 modum
1595 3052 1719 3086 urinam
1742 3052 1843 3095 ipsam
1867 3050 2032 3095 expuisse,
2055 3052 2143 3095 quod
2167 3051 2307 3095 adjectus
2353 3055 2435 3089 odo-

1434 3096 1461 3127 ri
1478 3118 1488 3134 ,
1510 3097 1541 3127 &
1565 3094 1670 3138 sapori
1693 3095 1783 3129 color
1805 3107 1934 3138 quoque
1957 3095 2134 3130 testabatur
2155 3121 2163 3137 ,
2196 3095 2348 3132 affluente
2393 3099 2433 3134 ad

1434 3136 1579 3172 salivares
1602 3138 1767 3180 glandulas
1791 3142 1890 3172 urinae
1914 3141 2049 3174 materia
2073 3152 2107 3174 ea
2129 3142 2247 3182 copia,
2282 3151 2317 3175 ut
2352 3142 2433 3176 buc-

1432 3192 1498 3219 cae,
1524 3184 1556 3215 δι
1578 3182 1738 3225 parotides
1759 3183 2021 3216 intumescerent.
2056 3183 2164 3219 Quam
2197 3184 2240 3217 ob
2273 3187 2432 3221 excretio-

1429 3235 1502 3257 nem
1545 3224 1675 3259 fortasse
1719 3225 1842 3261 tandiu.
1865 3228 1950 3260 vixit
1974 3225 2098 3266 donec,
2119 3228 2205 3261 vista
2240 3228 2432 3272 suppreffio-

1418 3277 1487 3308 ne,
1510 3279 1660 3311 magnam
1684 3270 1752 3302 vim
1777 3271 1876 3303 urinae
1901 3271 2079 3313 mingeret:
2101 3281 2286 3314 quanquam
2309 3271 2432 3307 nihilo-

1429 3312 1535 3346 minus
1559 3313 1587 3345 ei
1610 3313 1750 3355 contigit
1772 3313 1859 3355 quod
1883 3324 1948 3346 non
1970 3325 2043 3346 raro
2066 3315 2097 3346 &
2120 3314 2191 3346 aliis
2218 3340 2226 3353 ,

1429 3355 1570 3398 longiori
1593 3364 1741 3398 ternpore
1763 3357 1890 3390 urinam
1915 3356 2042 3390 tandem
2064 3356 2295 3398 reddentibus,
2317 3369 2354 3392 ut
2378 3363 2428 3394 vi-

1421 3399 1512 3432 tiatis
1535 3398 1747 3438 humoribus,
1769 3402 1800 3433 &
1824 3400 2017 3438 visceribus,
2041 3411 2105 3433 non
2131 3400 2235 3434 multo
2258 3401 2325 3444 post
2348 3403 2429 3437 inte-

1426 3444 1524 3476 riret.
1550 3443 1761 3477 Excretiones
1786 3444 1863 3477 alias
1889 3455 1942 3485 per
1965 3455 2043 3485 quas
2067 3443 2214 3478 homines
2237 3446 2353 3488 quibus
2376 3446 2425 3478 lo-

1420 3486 1504 3519 tium
1528 3485 1724 3529 suppressum
1748 3487 1814 3528 est,
1837 3488 1938 3521 vitam
1960 3487 2082 3521 diutius
2099 3487 2256 3526 trahunt,
2283 3498 2336 3521 aut
2361 3488 2424 3522 ser-

2173 3545 2175 3547 *
2281 3540 2356 3564 vant
2371 3553 2381 3569 ,

801 3613 2427 3648 ——ff——ss——ss———d———g

1328 3699 1341 3716 e
1356 3692 1423 3717 Med.
1441 3692 1498 3718 nist.
1515 3691 1605 3716 Mirab.
1619 3690 1637 3715 1.
1653 3701 1676 3723 4.
1693 3700 1713 3717 c.
1731 3701 1770 3721 ²7·

1276 3722 1290 3752 (
1307 3730 1321 3753 a
1336 3721 1351 3752 )
1367 3730 1391 3748 n.

1409 3731 1432 3752 4·
1498 3723 1645 3754 (r)n.7.
1706 3724 1871 3754 (s)n.19.
1931 3722 2100 3766 (t)n.›13.

2271 3325 2429 3351 retentam
2472 3323 2474 3325 '
