2498 4075
249 186 399 252 Epist.
439 186 596 239 Anat.
635 185 832 239 Medica
868 184 1004 238 Lm.
1041 186 1253 249 Art.35.
1276 185 1352 251 36.
1373 202 1449 255 37.
1469 186 1547 253 38.
1566 185 1711 253 39.&
1731 199 1808 247 40.

48 258 115 301 eJ'us
138 264 307 297 ventriculi
334 276 399 299 tarn
422 266 517 298 citam
532 275 666 298 mortem
678 266 822 299 attulerit
837 289 845 305 ,
870 263 892 297 si
908 264 1048 298 animad-

52 307 205 350 verteris,
227 319 266 341 ex
288 308 387 342 illaeso
410 308 584 351 pei-icardio
610 309 741 343 minime
766 308 945 349 sanguinem
969 329 979 345 ,
1012 316 1048 342 ut

50 350 227 394 in-caeteris
250 350 356 386 cordis
381 352 562 386 vulneribus
577 375 585 389 ‚
611 350 704 385 exire
720 347 854 393 p'otuiss'e
872 369 885 386 ⁷,
918 352 1050 393 illicque

51 398 152 430 lgltur
174 403 391 428 coacervatum
415 393 690 438 constipatumque
713 394 747 427 id
771 392 902 428 effecisse
925 395 1013 437 quod
1038 417 1051 433 ,

48 442 180 478 prppter
201 436 358 472 internam
379 438 502 472 causam
525 439 557 471 in
590 437 760 481 pericardii
791 439 907 481 integri
937 448 1051 471 cavum

51 474 186 514 CstUsUS,
209 480 330 522 potest,
354 489 390 514 ut
413 482 491 515 alibi
514 482 568 521 (i)
592 481 634 515 est
656 481 836 516 indicatum
860 504 872 521 ,
896 481 1015 515 efficere
1039 504 1047 511 .

50 518 149 563 Quod
172 532 246 555 vero
268 535 345 564 cor,
369 524 547 566 pericardio
570 524 688 564 illaeso,
714 534 842 565 ruptum
865 523 904 557 sit
929 549 939 565 ,
971 534 1048 558 cau-

49 562 113 609 sam
134 564 262 607 quidem
287 567 447 601 Boirellus
471 567 499 600 se
522 569 665 610 proxime
690 568 906 602 indicaturum
928 591 936 604 ‚
972 578 1046 609 pro-

47 607 199 647 miserat,
221 621 293 642 cum
319 610 403 645 suam
428 610 531 645 edidit
566 610 833 644 Observationem
865 610 952 652 (lq).
986 609 1046 643 Sed

48 659 124 682 num
150 652 331 692 praestiterit
354 655 495 686 invenire
517 665 581 687 non
616 655 707 696 potui
729 680 737 686 .
771 655 908 688 Vaterus
941 663 1045 687 autem

47 692 126 734 quid
149 695 305 735 cogitaret
321 722 329 734 ,
353 697 386 728 in
410 698 494 731 calce
517 697 582 739 ejus
608 697 850 732 Observationis
876 719 885 733 ,
908 696 1049 732 videbis.

47 734 137 769 Mihi
162 738 316 779 quidem,
341 740 477 774 aliorum
500 742 642 783 cogitata
659 740 953 782 nonimprobanti,
978 740 1049 774 sane

45 780 104 812 ubi
129 777 166 811 de
187 781 305 822 corde,
329 792 383 817 aut
410 785 536 816 arteriis
561 785 692 826 agitur,
714 784 752 816 ab
776 784 845 817 iectu
866 786 1008 825 corporis
1030 792 1049 814 a

45 832 112 862 quo
135 833 201 856 non
227 827 449 867 attingantur,
472 827 650 868 disruptis,
675 826 850 860 addendum
863 826 989 859 videtur
1013 825 1049 859 id

42 865 131 906 quod
157 867 316 902 Lancisius
338 867 397 909 (l)
418 870 451 902 in
477 872 600 904 arteriis
625 869 663 903 ab
684 869 779 904 simili
804 868 1050 903 ic'tuinfirmatis

44 919 109 940 non
133 907 300 944 dubitabat
323 911 382 945 esse
406 913 633 948 attendendum
655 936 665 951 ,
703 914 858 946 nimirum
889 923 929 946 an
961 913 1048 946 forte

45 951 195 992 percussio
219 965 257 987 eo
283 956 433 996 temporis
458 958 579 998 puncsto
601 957 778 998 contigerit
798 979 810 995 ,
833 968 900 1000 quo
930 955 1047 988 dilata-

44 993 186 1035 bamur,-
208 1006 283 1030 tunc
307 1000 392 1031 enim
414 999 453 1031 ab
475 1001 542 1033 ic'tu
567 1011 632 1032 non
655 999 832 1033 recedentes
854 1025 862 1037 ‚
896 1000 964 1033 imo
996 999 1047 1031 illi

44 1048 263 1084 occurrentes,
288 1044 319 1074 ἃ
344 1053 455 1075 contra
480 1044 639 1081 nitentes,
664 1043 722 1076 suae
756 1042 899 1085 ipsaemet
933 1051 1047 1085 augent

44 1080 180 1114 laeslossis
203 1083 325 1117 causam
340 1109 349 1119 .
373 1086 505 1126 Qanto
528 1096 636 1119 autem
659 1087 780 1127 paries,
804 1085 898 1128 perse
922 1087 1047 1126 tenuis,

44 1124 166 1157 dexteri
190 1126 297 1160 cordis
320 1131 510 1165 ventriculi,
534 1141 611 1162 curn
633 1129 808 1169 dilatatur,
834 1130 960 1162 tenuior
982 1127 1019 1161 fit
1036 1154 1044 1166 ‚

46 1176 140 1200 tanto
161 1172 222 1202 erit
246 1181 337 1204 noxae
364 1184 379 1204 a
404 1173 594 1215 percussione
627 1175 860 1215 opportunior.
897 1171 999 1211 Qod
1020 1170 1044 1205 fi

45 1209 141 1259 addas
165 1211 324 1256 sanguinis
350 1216 382 1247 in
405 1215 593 1258 quibusdam
615 1214 965 1257 corporibusmajorem
987 1226 1043 1247 co-

43 1264 151 1296 pias-n,-
176 1266 268 1289 tanto
291 1261 392 1299 magis
415 1270 485 1293 eum
510 1262 662 1300 parietem
685 1262 717 1292 &
749 1260 918 1292 dilatatum
950 1258 1045 1291 intel-

44 1299 144 1339 liges>
168 1302 199 1333 ὃ(
223 1310 427 1336 extenuatum
453 1328 464 1344 ,
489 1306 520 1336 ὃς
543 1303 679 1339 subitae³
711 1302 1046 1344 vehementissimaeque

44 1341 244 1381 percussionis
268 1346 298 1376 vi
321 1357 385 1378 non
409 1347 598 1381 difficillime
623 1346 831 1387 rumpendum
851 1371 857 1377 .
898 1345 969 1377 Nec
994 1354 1042 1377 ta-

44 1395 115 1429 men
138 1397 207 1418 eam
228 1385 394 1422 dumtaxat
417 1389 553 1423 Lancisii
579 1389 873 1423 animadversionem
900 1389 973 1421 satis
995 1386 1041 1420 es-

44 1430 91 1465 st,
115 1429 232 1468 credo,
256 1442 290 1465 ut
315 1435 472 1467 rationem
497 1433 688 1475 assequamur
710 1444 771 1475 qua
806 1431 928 1465 facium
963 1431 1043 1465 illud

43 1474 101 1512 ht,
124 1473 210 1513 quod
234 1486 249 1506 a
274 1475 301 1508 se
334 1476 434 1510 visum
450 1500 462 1517 ,
483 1488 556 1510 cum
581 1476 712 1509 Salsubii
738 1474 831 1515 esset,
863 1474 1044 1515 Valsalvae,

43 1517 75 1552 δι’
100 1515 182 1561 m1hi
208 1516 392 1552 asseverabat
410 1521 551 1565 Jacobus
578 1521 777 1562 Cicogninus
801 1520 833 1551 in
857 1521 897 1552 R..
925 1520 1043 1551 Tauri-

43 1562 126 1590 nensi
152 1561 235 1593 Aula
262 1565 402 1604 primum
427 1563 660 1600 Consiliarius,
685 1566 716 1596 &
742 1562 905 1599 Medicus,
931 1560 1044 1594 deinde

41 1603 76 1633 in
100 1600 161 1648 hoc
185 1606 361 1647 Gymnafio
386 1607 522 1648 Collega
545 1606 669 1645 noster,
693 1605 769 1640 dum
801 1608 942 1645 viveret,
978 1607 1044 1637 Or-

42 1645 231 1680 natisiimus.

84 1699 135 1731 3)*-
163 1691 313 1725 SENEX
336 1692 434 1725 aliena
459 1693 492 1724 in
516 1691 600 1734 sylva
624 1693 710 1727 ligna
734 1692 877 1731 caedens,
901 1690 939 1723 ab
950 1688 1043 1732 sylvae

38 1732 174 1765 domino
199 1737 230 1767 in
254 1734 360 1768 medio
373 1734 463 1769 furto
475 1735 741 1777 deprehenditur.
767 1737 832 1768 Hic
844 1733 1044 1780 maledfflris,

37 1778 69 1808 ὃς
96 1777 189 1810 minis
215 1777 400 1812 resistentem
425 1780 512 1821 prius
538 1780 704 1820 increpat,
728 1788 798 1812 tum
831 1778 966 1819 denique
990 1779 1043 1809 su-

38 1820 156 1862 gientis
179 1821 310 1855 dorsum
336 1822 452 1862 semel,
476 1823 559 1856 baud
583 1822 745 1863 amplius,
770 1821 848 1855 fuste
881 1822 1041 1862 percutit.

39 1864 202 1897 Percussus
228 1866 296 1907 post
319 1865 399 1901 duos
423 1866 522 1898 tresve
554 1864 655 1907 passus
689 1874 834 1897 mortuus
865 1863 1010 1896 concidit
1034 1887 1042 1895 .

167 1909 382 1942 ARTERIA
408 1910 549 1950 Magna,
573 1910 647 1941 licet
670 1907 823 1940 vertebrae
849 1929 858 1943 ,
890 1906 1044 1949 costaeque

34 1948 129 1983 essent
153 1951 282 1993 integrae
297 1974 305 1988 ‚
328 1961 423 1994 atque
443 1951 547 1985 illaesae
565 1975 577 1992 ,
600 1961 692 1994 rupta
706 1952 739 1983 in
755 1949 986 1989 transversum,
1007 1952 1039 1983 &

33 1993 155 2026 discissa
181 2006 301 2036 reperta
327 1994 387 2028 est.

75 2034 126 2079 36.
152 2038 255 2076 Quod
279 2038 422 2081 superius
444 2041 526 2077 (m)
548 2037 584 2071 de
596 2036 703 2070 eadem
727 2037 839 2070 arteria
851 2035 945 2077 dixi,
968 2047 1042 2071 cum

32 2080 102 2122 post
123 2084 229 2115 casum
253 2093 292 2114 ex
316 2081 464 2114 altissimo
488 2083 560 2114 loco
583 2081 610 2114 se
634 2080 789 2114 Valsalvae
814 2080 969 2122 pertusam
982 2080 1041 2113 ob-

33 2124 111 2156 tulit
135 2126 218 2157 intra
241 2125 475 2167 pericardium,
497 2125 581 2158 idem
605 2133 695 2156 tanto
717 2124 817 2165 magis
840 2122 892 2156 hic
907 2123 1013 2156 dicam
1027 2148 1039 2163 ,

33 2167 153 2201 necesse
177 2167 241 2208 est,
265 2168 319 2201 ubi
343 2170 376 2201 in
402 2167 607 2202 transversum
630 2168 772 2200 occurrit
799 2165 960 2208 disrupta.
986 2168 1039 2199 Se-

32 2221 93 2244 nex
116 2221 180 2244 erat
205 2212 379 2253 percussus;
404 2214 438 2244 in
463 2211 583 2245 senibus
607 2221 710 2244 autern
722 2211 871 2252 quoties,
894 2213 1039 2252 &quan-

36 2264 109 2288 tum
133 2256 253 2288 erosam
280 2256 367 2289 intus
392 2257 537 2288 arteriam
559 2256 650 2287 illam
683 2253 856 2286 viderimus
879 2276 890 2291 ,
924 2253 1034 2287 nostrae

33 2300 72 2332 ad
96 2308 126 2330 te
153 2298 304 2341 Epistola?
329 2299 404 2332 satis
426 2298 610 2333 ostendunt.
637 2299 668 2330 Si
681 2296 764 2330 forte
786 2295 850 2338 jam
862 2295 1035 2337 disruptio-

34 2344 68 2375 ni
92 2354 146 2385 per
169 2343 197 2376 se
222 2344 369 2384 proxima
391 2351 456 2375 erat
480 2353 551 2375 cum
575 2341 732 2374 vertebras
754 2341 794 2373 ad
817 2351 895 2382 quas
928 2339 1035 2372 adhae-

30 2394 78 2418 ret
95 2409 105 2425 ,
130 2387 293 2420 vehemens
316 2387 399 2420 ictus
422 2386 594 2424 concussit3
619 2396 682 2417 non
707 2385 751 2416 ita
776 2395 790 2415 a
822 2384 887 2415 veri
920 2382 1035 2416 simili-

30 2428 142 2463 tudine
165 2431 302 2462 alienum
325 2429 504 2465 videbitur,
531 2426 665 2470 potuisse
689 2427 849 2469 perrumpi
873 2450 883 2466 ‚
908 2426 1035 2468 praeser-

31 2476 93 2506 tim
115 2485 190 2506 cum
213 2474 257 2505 ob
281 2475 385 2506 varios
408 2470 613 2513 deprehensi,
637 2472 735 2508 irati,
761 2471 793 2502 in
828 2468 939 2512 fugam
970 2470 1034 2503 aeti

31 2516 111 2550 senis
134 2515 261 2550 affectus
292 2517 383 2550 simul
419 2516 583 2548 abnormes
609 2514 851 2548 -contraetiones
887 2515 1035 2546 arteriam

32 2560 223 2602 quibusdam
246 2561 324 2594 locis
348 2560 524 2598 aretas-eut,
547 2558 637 2592 simul
663 2559 750 2597 rixa,
774 2555 964 2605 &fugiendi
979 2567 1037 2602 co-

31 2613 123 2639 natus
147 2605 279 2638 celerius
304 2605 485 2646 sanguinem
513 2628 521 2640 ,
554 2605 586 2635 &
618 2600 836 2647 vehementius
869 2611 903 2632 in
936 2602 1036 2641 ipsam

30 2656 201 2689 urgerent5
224 2659 258 2681 ut
281 2649 435 2680 omittam
459 2658 474 2679 a
498 2645 621 2680 duobus
635 2642 788 2688 ejusmodi
804 2643 1036 2685 ictibusmuos

31 2689 283 2732 hypochondria
309 2701 413 2724 tamen
436 2692 645 2732 exceperant)
668 2688 842 2721 Samuelem
854 2685 1033 2736 tiraffium,

31 2743 69 2767 ut
93 2735 126 2766 in
150 2734 359 2775 Sepulchreto
383 2735 479 2766 etiam
503 2737 567 2773 (n)
590 2733 671 2774 leges
686 2756 697 2772 ,
712 2740 821 2771 praeter
836 2730 951 2761 lienem
968 2752 976 2766 ‚
1001 2732 1033 2764 &

31 2787 144 2810 venam
167 2779 316 2816 Cavam,
340 2777 439 2818 ipsam
471 2788 599 2818 quoque
633 2776 779 2808 arteriam
813 2774 964 2814 Magnam
999 2783 1034 2805 m

26 2821 151 2865 Juvene
175 2819 364 2862 discerptam
387 2818 512 2852 vidisse.
642 2821 680 2851 In
714 2817 828 2859 Bajulo
860 2827 964 2849 autem
996 2815 1033 2849 de

32 2876 99 2906 quo
122 2875 197 2896 mox
221 2863 347 2902 dicam,
369 2871 439 2895 tum
464 2863 639 2904 repentinae
663 2863 802 2900 mortis,
825 2868 894 2893 tum
921 2870 1033 2892 eorum

32 2919 104 2949 quae
128 2909 160 2938 in
185 2917 316 2940 mortuo
339 2905 437 2939 frasta
462 2915 584 2948 reperta
608 2905 701 2941 sunt,
727 2903 825 2937 causae
838 2902 966 2936 fuerunt
978 2914 1033 2943 per

35 2955 66 2984 ie
88 2950 236 2984 omnibus
258 2948 490 2983 evidentissimae
505 2973 512 2987 ,
536 2960 634 2990 neque
658 2947 696 2981 ad
720 2946 883 2980 thoracem
905 2945 1035 2978 dumta-

36 3003 113 3033 xat,
137 2993 185 3026 sed
209 2992 247 3026 ad
272 3002 366 3034 caput
390 2993 485 3025 etiarn
510 2992 681 3033 specstantes
715 3000 778 3022 non
811 2989 895 3022 secus
930 3000 963 3021 ac
1002 2990 1037 3021 in

34 3038 139 3074 Viro,
161 3040 194 3070 δε
211 3038 331 3080 Juvene
353 3046 431 3078 quos
443 3036 576 3068 Litteris
601 3033 813 3077 superioribus
836 3036 899 3072 (o)
924 3031 1039 3064 descri-

36 3079 106 3122 ps13
128 3090 164 3113 ut
189 3079 456 3113 Observationern
482 3079 585 3118 hanc,
608 3089 677 3120 quae
701 3076 883 3117 ibiquoque
897 3076 1037 3123 proponi

36 3122 211 3165 potuisset,
235 3134 299 3156 non
335 3123 394 3154 alia
427 3120 525 3155 ferme
536 3122 657 3154 ratione
682 3119 742 3153 huc
752 3119 949 3156 distulerim,
973 3117 1032 3152 nisi

35 3177 74 3199 ne
97 3177 165 3201 tum
189 3167 269 3199 forte
293 3165 451 3208 prolixior
473 3164 582 3198 essem.

78 3222 129 3252 37.
155 3209 383 3253 BAJULUS,
408 3209 455 3239 vir
477 3207 683 3249 subpinguis,
707 3204 1031 3244 &lacertosus‚cum

35 3254 154 3286 valeret
177 3249 323 3296 optime,
348 3254 379 3284 &
403 3250 508 3283 nescio
530 3250 608 3293 quid
633 3252 665 3282 in
685 3250 818 3293 praealto
841 3249 927 3281 testo
941 3259 1032 3280 cura-

34 3307 102 3335 ret,
126 3296 198 3328 inde
223 3298 255 3328 in
280 3294 403 3327 stratam
425 3293 562 3326 silicibus
586 3295 670 3326 viam
695 3304 830 3336 prceceps
854 3302 967 3329 ruens,
991 3292 1031 3323 il-

33 3342 100 3374 lico
123 3349 265 3373 mortuus
288 3338 351 3376 est,
374 3348 446 3370 cum
470 3336 571 3370 mense
593 3337 747 3378 Januario
773 3339 811 3369 A.
842 3344 931 3378 1725.
946 3344 1029 3367 tem-

33 3395 92 3424 pus
115 3381 239 3415 instaret
260 3394 326 3424 quo
348 3380 494 3413 solemnis
517 3381 550 3411 in
574 3380 722 3413 Theatro
734 3384 895 3414 Anatome
918 3376 1028 3411 haberi

32 3426 87 3460 hic
110 3426 208 3459 solet.
341 3424 568 3457 CADAVER
590 3424 690 3463 igitur
713 3421 888 3464 Gymnafio
899 3418 1026 3454 conces-

32 3469 100 3503 sum
123 3468 186 3506 est,
209 3471 242 3502 δε
265 3479 280 3500 a
304 3466 397 3499 nobis
420 3479 458 3500 eo
481 3465 667 3507 diligentius
691 3466 884 3508 perfec-stum.
906 3475 971 3507 quo
990 3463 1030 3496 ad

30 3524 99 3547 earn
122 3522 188 3545 rem
211 3520 275 3545 erat
295 3511 330 3544 in
361 3509 515 3553 plerisque
537 3511 638 3552 magis
671 3509 843 3544 idoneum.
868 3509 927 3545 Sed
958 3518 1028 3550 quae

1950 203 2035 253 3¹9

1101 263 1270 300 secundum
1294 272 1412 297 naturae
1445 262 1710 296 consuetudinem
1743 263 1873 297 suerunt
1897 287 1906 302 ,
1939 267 1972 296 in
2012 266 2098 299 aliud

1103 316 1249 348 tempus.
1274 305 1297 339 fi
1322 318 1418 348 pauca
1441 306 1581 348 excipias
1606 330 1619 346 ,
1651 305 1807 341 servantes
1828 333 1836 347 ‚
1873 317 1987 341 caetera
2020 320 2103 347 nuuc

1101 349 1371 389 memorabimus,
1395 360 1450 383 nec
1472 358 1577 381 tamen
1600 351 1735 389 omnia3
1759 361 1831 383 cum
1856 351 1961 393 aliqua
1992 361 2031 393 ex
2052 351 2104 385 his

1101 395 1298 435 attigerimus
1322 394 1397 428 alias
1421 392 1458 427 ad
1480 400 1512 426 te
1535 391 1723 430 scribentes,
1747 403 1782 426 ut
1793 405 1868 427 mox
1882 394 1936 428 suo
1954 393 2103 436 quodque

1100 436 1173 470 loco
1196 436 1412 470 indicabitur.
1543 436 1664 468 Ventre
1688 446 1799 477 aperto
1819 461 1831 477 ,
1865 438 2000 480 aliquem
2036 438 2103 470 Te-

1099 481 1212 513 nuium
1238 480 1457 513 intestinorum
1482 478 1616 513 tranum
1629 488 1735 513 totum
1750 481 1928 515 invenimus
1941 479 2102 513 lividum.-

1098 525 1130 555 &
1153 534 1226 556 cum
1250 535 1265 554 a
1289 533 1389 557 morte
1414 522 1548 555 necdum
1581 523 1695 556 exa&ae
1729 521 1824 557 essent
1862 525 1950 558 horae
1983 523 2103 565 viginti

1096 564 1187 602 duae,
1212 566 1368 607 chylifera
1394 565 1514 599 vascula
1538 565 1771 607 transpeximus
1796 567 1850 600 sub
1872 569 1991 601 extima
2015 568 2103 599 tuni-

1095 620 1130 641 ca
1163 607 1229 650 ejus
1262 609 1485 651 intestinorum
1520 609 1649 642 illorum
1688 610 1787 651 partis
1819 622 1890 653 quae
1923 611 2104 644 ventriculo

1100 653 1230 694 propior
1256 662 1340 692 crat,
1363 653 1445 685 cibis
1466 651 1627 690 distento5
1651 653 1860 694 quamobrem
1884 654 1981 687 bilem
2004 656 2037 687 in
2050 654 2103 688 sua

1102 693 1180 737 cysti
1207 701 1335 736 paucam
1359 694 1662 729 animadvertimus.
1692 695 1821 732 Quibus
1854 706 1960 730 autem
1994 697 2104 740 pylori

1105 738 1221 770 annulo
1245 739 1468 780 prominentiae
1493 737 1660 770 infiderent
1676 760 1684 774 ,
1710 738 1855 781 Epistola
1882 740 2034 781 scriptum
2059 739 2102 774 est

1103 782 1222 814 XXIX.
1246 785 1315 825 (p)
1338 782 1428 815 sicuti
1451 780 1578 815 XLIII.
1612 784 1680 822 (q)
1709 783 1876 824 quomodo
1911 782 2039 817 urethra
2069 783 2102 816 >se

1101 823 1229 858 haberet
1245 848 1258 864 ,
1278 826 1319 858 est
1342 824 1539 858 indicatum.
1564 825 1716 858 Truncus
1739 826 1867 867 Magnae
1890 827 2013 860 arteria:
2033 834 2104 860 tota

1099 879 1132 899 ea
1168 876 1256 909 parte
1288 880 1351 911 qua
1389 868 1426 901 ad
1461 876 1604 901 ventrem
1639 869 1803 909 pertinet,
1836 869 1892 903 hic
1916 870 1985 904 illic
2008 870 2104 903 initia

1099 909 1279 944 ostendebat
1302 912 1434 945 interius
1457 909 1559 944 futuri
1583 910 1675 951 ossis,·
1695 912 1833 946 interius
1855 922 1982 951 autem,
2007 915 2103 948 &ex-

1097 955 1196 988 terius
1220 953 1401 996 inspersus,
1426 965 1486 997 pro
1509 965 1569 988 una
1595 963 1656 988 tres
1682 965 1719 987 ex
1742 954 1769 987 se
1793 955 1953 989 nascentes
1976 957 2104 991 Coelia-

1096 1007 1147 1030 cas
1162 1023 1169 1036 ‚
1193 1009 1325 1039 quarum
1348 1009 1410 1030 una
1433 997 1548 1037 exilis,
1571 998 1727 1043 duaennon
1752 1009 1878 1040 parvae,
1898 1000 2104 1034 omnesinter

1099 1039 1129 1073 se
1152 1042 1329 1082 proximae.
1355 1041 1492 1075 Thorax
1514 1040 1615 1073 costas
1638 1041 1753 1073 irastas
1776 1041 1890 1078 habuit
1926 1042 2105 1084 septemde-

1097 1084 1180 1117 cim.
1207 1083 1338 1116 Sinister
1359 1085 1465 1125 pulmo
1489 1094 1562 1115 cum
1588 1082 1693 1125 pleura
1707 1083 1908 1119 cohaerebat.
1932 1088 2023 1119 Vena
2039 1088 2104 1119 Ca-

1098 1138 1135 1159 va
1160 1127 1310 1169 Superior
1332 1127 1364 1158 in
1388 1126 1459 1168 ipso
1483 1127 1544 1159 fine
1568 1137 1584 1159 a
1611 1125 1691 1159 facie
1714 1128 1844 1169 quidem
1874 1130 2027 1162 interiore
2061 1130 2105 1163 le-

1095 1170 1178 1202 viter
1199 1168 1283 1212 quasi
1310 1170 1394 1203 erosa
1408 1169 1596 1210 apparebam
1622 1172 1736 1204 arteria
1749 1180 1853 1207 autem
1870 1174 2013 1214 Magna,
2036 1170 2103 1214 ipsa

1095 1224 1221 1255 quoque
1245 1214 1402 1253 interius,
1425 1211 1511 1245 haud
1537 1213 1649 1255 procul
1675 1225 1690 1247 a
1715 1213 1833 1254 corde,
1856 1215 1894 1248 ad
1930 1226 1993 1249 non
2032 1215 2104 1249 bre-

1099 1266 1167 1288 vem
1190 1257 1329 1289 tractum
1352 1256 1517 1289 reticulata
1542 1267 1579 1289 ex
1589 1256 1714 1296 craffis,
1739 1257 1877 1300 albisque
1888 1257 2000 1293 fibris:
2025 1269 2106 1300 prae-

1097 1308 1180 1331 tei-ea
1205 1298 1243 1332 ad
1265 1310 1463 1334 curvaturam
1488 1301 1574 1332 intus
1599 1301 1719 1340 pariter
1750 1302 1931 1338 induruerat
1955 1303 1988 1335 in
2012 1302 2104 1344 squa-

1096 1354 1179 1375 mam
1203 1341 1336 1376 ossearn.
1472 1344 1628 1377 Granium
1652 1342 1788 1387 denique
1822 1346 1860 1379 ad
1892 1346 2047 1386 occiput,
2070 1348 2104 1380 ὅ(

1093 1385 1253 1428 sincipitis
1279 1386 1471 1428 posteriora,
1493 1388 1526 1419 in
1550 1385 1728 1429 fragmenta
1751 1387 2038 1431 disruptumlerat.

1140 1430 1188 1468 38.
1216 1431 1246 1461 Si
1274 1432 1465 1473 praecipuam
1489 1428 1600 1464 subitae
1633 1432 1748 1466 mortis
1779 1431 1903 1466 causam
1938 1431 2103 1468 attendere

1094 1472 1278 1517 voluissem;
1301 1473 1505 1515 proponenda
1536 1471 1638 1507 fuerat
1672 1473 1807 1510 historia
1848 1473 1915 1509 haec
1952 1475 2099 1518 Epistola

1095 1517 1275 1557 superiore‚·
1297 1516 1383 1549 vides
1405 1519 1491 1549 enim
1523 1528 1562 1550 ex
1593 1519 1696 1551 cranii
1731 1520 1764 1550 in
1796 1518 1973 1561 fragmenta
2009 1530 2101 1553 corn-

1096 1560 1275 1591 minutione
1296 1585 1305 1599 ‚
1329 1571 1423 1602 eaque
1448 1560 1483 1593 ad
1508 1561 1637 1601 occiput
1658 1583 1671 1599 ,
1703 1571 1820 1603 quanta
1852 1560 1909 1595 ess‘e
1943 1562 2103 1600 concussio

1094 1602 1237 1635 debuerit
1261 1613 1324 1635 non
1347 1603 1466 1636 cerebri
1490 1602 1612 1641 modo,
1635 1613 1743 1637 verum
1774 1607 1873 1642 etiam
1911 1605 2059 1639 cerebelli
2085 1630 2098 1637 .,

1096 1645 1155 1678 Sed
1178 1657 1238 1686 ego
1259 1656 1329 1679 tum
1352 1646 1396 1678 ob
1419 1658 1487 1680 earn
1509 1658 1603 1689 quam
1628 1656 1697 1679 ante
1708 1647 1800 1689 dixi,
1826 1648 2008 1688 rationem,
2033 1658 2104 1683 tum

1095 1688 1136 1720 ob
1160 1697 1285 1722 tantum
1309 1688 1480 1724 fractarum
1513 1689 1668 1723 costarum
1704 1701 1870 1725 numerum
1903 1690 1965 1725 huc
2000 1693 2102 1727 malui

1098 1730 1245 1765 differre.
1272 1734 1324 1766 Ex
1346 1732 1401 1765 illa
1435 1734 1578 1776 Epistola
1614 1735 1756 1776 exempla
1791 1734 1888 1771 habes
1921 1737 1954 1768 in
1989 1736 2103 1777 quibus

1097 1774 1194 1808 costas
1217 1787 1363 1818 quoque,
1387 1776 1435 1809 sed
1460 1777 1566 1811 multo
1590 1778 1753 1817 pauciores
1768 1801 1775 1813 ‚
1797 1781 1875 1820 quin
1900 1778 2102 1812 &vertebras

1098 1819 1222 1860 aliquot
1246 1818 1328 1852 dorsi
1355 1818 1468 1854 frae'tas
1488 1818 1727 1861 conspeximus.
1754 1823 1866 1864 Itaque
1889 1833 1951 1857 non
1975 1833 2008 1855 ea
2032 1832 2105 1854 tan-

1095 1861 1288 1901 tummodo,
1311 1862 1360 1895 sed
1383 1865 1414 1895 &
1438 1864 1519 1899 illud
1545 1862 1596 1896 hic
1622 1866 1900 1905 praetermittimus
1922 1864 2013 1907 quod
2037 1866 2102 1900 tibi

1097 1905 1289 1947 descriptum
1313 1905 1354 1939 est
1377 1906 1453 1940 alias
1479 1910 1540 1949 (r)
1563 1908 1692 1939 Lanarii
1726 1910 1861 1948 vulnus,
1895 1908 2028 1950 scapulae
2051 1910 2102 1942 in-

1093 1947 1239 1985 flffiium.
1266 1948 1326 1982 hoc
1350 1960 1447 1982 unum
1472 1963 1510 1986 ex
1533 1952 1694 1986 Anatome
1707 1952 1878 1992 addentes,
1904 1954 1937 1985 in
1954 1950 2020 1994 ejus
2032 1964 2104 1995 par-

1093 1992 1135 2023 tis
1163 1993 1346 2026 vulneribus
1372 1994 1546 2030 cavendum
1569 1993 1655 2034 esse,
1675 2006 1712 2028 ne
1735 1994 1878 2038 superior
1889 1994 2029 2033 e'usdem
2051 1997 2098 2033 la-

1094 2036 1170 2068 teris
1192 2044 1279 2069 artus
1304 2038 1464 2079 agitetur3
1489 2038 1584 2080 hujus
1609 2038 1694 2072 enirn
1719 2048 1826 2075 motus
1851 2039 1893 2072 ob
1922 2047 1978 2081 at,
1999 2050 2036 2073 ne
2059 2041 2103 2075 il·

1092 2077 1122 2111 la
1145 2077 1239 2112 facile
1262 2079 1301 2112 ad
1324 2081 1507 2115 cicatricem
1531 2079 1757 2123 perducantur.

1148 2133 1201 2164 39.
1236 2122 1421 2165 Priusquam
1468 2124 1610 2166 Epistola
1657 2128 1802 2168 proxima
1835 2126 1874 2161 de
1917 2128 2100 2163 vulneribus

1091 2166 1260 2199 scribamus
1282 2177 1350 2208 quae
1387 2166 1425 2200 ad
1459 2169 1613 2202 Ventrem
1645 2172 1782 2205 attinent
1805 2194 1819 2212 ,
1863 2182 1927 2204 non
1966 2172 2009 2207 est
2044 2172 2100 2206 hic

1090 2210 1207 2242 vulnus
1230 2209 1559 2254 omittenduniquod
1583 2211 1674 2246 simul
1700 2214 1736 2247 ad
1763 2226 1925 2253 ventrem,
1940 2214 2040 2251 fimul.
2058 2216 2098 2251 ad

1087 2252 1250 2285 thoracem
1276 2254 1453 2294 pertinebat
1468 2279 1477 2293 ,
1499 2254 1674 2296 praesertim
1697 2269 1771 2291 cum
1795 2259 1827 2291 in
1841 2257 1970 2294 thorace
1983 2260 2100 2303 dequo

1086 2296 1139 2329 hic
1164 2296 1349 2338 loquimur,
1374 2298 1555 2339 inciperet,
1579 2300 1612 2330 in
1636 2299 1809 2344 eodemque
1833 2300 2006 2336 desineret.
2070 2332 2073 2333 γ

1129 2350 1183 2381 40.
1209 2340 1401 2373 SARTOR
1424 2352 1521 2374 annos
1544 2351 1634 2376 natus
1659 2344 1810 2386 viginti,
1842 2344 1886 2378 ob
1923 2344 2097 2380 fortuitam

1088 2383 1207 2415 nullius
1230 2386 1386 2417 momenti
1410 2384 1535 2418 causam
1560 2385 1598 2419 ab
1632 2387 1806 2431 alienigena
1841 2389 2020 2424 vulneratus
2055 2389 2100 2424 est

1086 2427 1247 2466 ancipiti,
1272 2438 1368 2468 neque
1393 2427 1522 2469 angusto
1544 2430 1649 2462 cultro
1673 2430 1709 2464 ad
1735 2434 1831 2465 imam
1847 2442 1966 2472 partem
1991 2434 2098 2467 lateris

1088 2468 1234 2509 dexteri,
1259 2481 1295 2502 ne
1317 2471 1393 2511 quid
1417 2471 1520 2504 sceleri
1544 2471 1678 2514 deesset,
1700 2475 1802 2509 VIII.
1829 2475 2040 2519 Kal.Aprilis
2052 2477 2097 2511 A.

1093 2523 1183 2555 1742.
1209 2524 1274 2554 quo
1298 2514 1453 2547 nimirum
1478 2515 1528 2547 die
1552 2515 1756 2551 Resurreffio
1789 2520 1966 2553 Servatoris
1998 2519 2096 2554 nostri

1088 2557 1324 2590 celebrabatur.
1348 2558 1399 2590 Ab
1422 2566 1552 2600 accepto
1567 2560 1696 2594 vulnere
1712 2572 1774 2594 non
1787 2562 1924 2602 cecidit.
1951 2564 2009 2597 Sed
2021 2574 2099 2597 con-

1089 2600 1182 2632 tinuo
1204 2601 1238 2632 in
1261 2601 1495 2635 Nosocomium
1519 2603 1604 2645 quod
1629 2604 1826 2646 longiuscule
1851 2606 1925 2639 inde
1957 2607 2062 2640 aberat
2083 2631 2098 2648 ,

1087 2643 1232 2682 delatus,
1257 2645 1289 2676 in
1313 2645 1362 2677 via
1386 2647 1534 2681 vomuit,
1560 2646 1709 2689 alvique,
1733 2651 1766 2682 δε
1789 2647 1893 2684 vesicae
1916 2661 2099 2684 excremen-

1086 2695 1117 2718 ta
1142 2685 1268 2720 emisit:
1292 2687 1432 2730 illucque
1458 2691 1600 2730 pervenit
1616 2699 1689 2723 toto
1712 2690 1775 2733 jam
1787 2703 1920 2733 corpore
1936 2693 2096 2736 frigidus,

1086 2728 1148 2762 fine
1172 2730 1308 2768 viribus,
1335 2731 1396 2764 fine
1420 2731 1581 2774 pulsibus,
1606 2743 1659 2766 aut
1682 2733 1735 2767 his
1758 2735 2004 2774 obscurissimis,
2040 2738 2096 2771 vix

1086 2782 1122 2807 ur
1147 2784 1259 2816 paucas
1282 2776 1347 2816 pias
1371 2786 1461 2808 voces
1486 2774 1627 2817 proferre
1650 2775 1767 2817 posset.
1791 2780 1878 2811 Cum
1897 2779 2019 2822 sanguis
2029 2781 2097 2813 exi-

1086 2827 1146 2858 gua
1170 2819 1261 2859 copia
1288 2819 1457 2858 proflueret
1473 2843 1481 2857 ‚
1504 2818 1678 2861 vulnusque
1702 2831 1868 2862 propterea
1901 2819 2095 2864 dilatarent,

1084 2859 1167 2892 nihil
1191 2860 1304 2894 sentire
1328 2860 1377 2900 se,
1401 2861 1538 2894 ostendit
1553 2886 1560 2892 .
1588 2863 1700 2904 Itaque
1713 2864 1779 2904 post
1791 2864 1928 2905 horam,
1951 2875 2004 2900 aut
2017 2878 2095 2908 pau-

1084 2903 1117 2935 lo
1140 2904 1294 2945 amplius.
1321 2904 1359 2936 ab
1382 2904 1510 2938 inflicto
1534 2905 1659 2938 vulnere
1675 2927 1683 2940 ‚
1706 2905 1767 2939 sine
1790 2907 1928 2950 spirandi
1948 2909 2095 2944 difficul-

1087 2955 1173 2987 tate,
1196 2947 1320 2989 ullaque
1345 2947 1505 2989 sanguinis
1529 2959 1583 2989 per
1605 2947 1828 2991 osejestione,
1851 2962 2001 2986 mortuus
2024 2951 2066 2987 est
2078 2978 2091 2985 ..

1217 2991 1451 3025 CADAVER
1475 2991 1594 3023 ibidem
1607 2993 1668 3025 VI.
1689 2993 1869 3035 Kalendas,
1893 2996 1989 3030 &sex
2011 2996 2093 3030 inse-

1088 3034 1258 3075 quentibus
1282 3033 1390 3066 diebus
1414 3043 1555 3067 accurate
1579 3035 1811 3077 persecuimus,
1833 3039 1952 3082 quippe
1977 3039 2091 3074 nostris

1087 3078 1277 3118 aptiffimum
1304 3075 1415 3110 studiis
1438 3081 1467 3110 &
1492 3078 1735 3120 magnitudine,
1762 3083 1792 3113 δε
1818 3080 1931 3117 habitu
1953 3106 1965 3122 ,
1995 3094 2092 3126 quem

1084 3129 1139 3153 nec
1166 3122 1316 3163 pinguem
1341 3119 1439 3161 posses
1465 3118 1589 3161 dicere,
1615 3133 1670 3154 nec
1694 3124 1918 3158 macilentum.
1942 3126 2009 3158 Hic
2022 3136 2092 3159 tan-

1084 3163 1251 3197 tummodo
1275 3174 1345 3205 quae
1369 3163 1407 3196 ad
1430 3164 1543 3198 vulnus
1567 3165 1734 3207 speetant,
1758 3170 1788 3200 &
1806 3167 1918 3209 siquid
1932 3168 2018 3202 aliud
2034 3180 2091 3202 oc-

1081 3210 1181 3240 currit
1206 3216 1318 3249 praeter
1341 3206 1618 3249 expectationem,
1641 3208 1885 3243 adnotabimus.
2018 3212 2091 3245 Ab·

1082 3250 1234 3290 domine,
1256 3248 1342 3292 quod
1357 3260 1454 3291 neque
1479 3250 1641 3285 tumidum
1658 3276 1667 3291 ‚
1690 3264 1789 3294 neque
1830 3252 1953 3286 tensum
1988 3264 2055 3288 erat
2078 3270 2090 3297 ‚·

1081 3296 1114 3326 &
1138 3303 1259 3327 tantam
1281 3293 1467 3325 continebat
1490 3302 1595 3327 tamen
1610 3318 1621 3333 ‚
1643 3304 1794 3337 quantam
1817 3296 1959 3331 dicemus
1974 3319 1984 3334 ,
2019 3298 2089 3333 san-

1079 3339 1189 3378 guinis
1213 3337 1361 3377 copiam,
1385 3335 1506 3377 incisO,
1530 3340 1561 3370 δε
1583 3336 1741 3376 diduet0,
1765 3339 1879 3371 leviter
1901 3350 2030 3374 cruenta
2051 3355 2088 3377 ο.

1079 3382 1201 3414 mnium
1224 3379 1383 3413 viscerum
1406 3379 1581 3420 superficies
1595 3381 1739 3422 apparuit
1750 3406 1758 3414 .
1772 3382 1922 3420 Quorum
1937 3386 2083 3419 animad-

1081 3422 1170 3457 versis
1194 3422 1339 3461 sedibus,
1363 3425 1394 3455 δε
1419 3423 1453 3455 in
1478 3423 1527 3457 his
1550 3424 1694 3463 omenti,
1717 3425 1804 3466 quod
1827 3437 1900 3459 cum
1923 3438 1939 3458 a
1963 3427 2085 3463 dextris

1081 3466 1212 3509 oblique
1244 3466 1280 3498 ad
1315 3466 1435 3499 ventris
1466 3466 1609 3500 medium
1642 3465 1840 3500 descenderet
1861 3491 1872 3507 ,
1906 3481 1923 3502 a
1957 3468 2086 3507 sinistris

1078 3509 1198 3544 sursum
1222 3510 1395 3543 retractum
1416 3519 1509 3551 erat,
1531 3513 1563 3543 δε
1586 3510 1791 3552 revolutum,
1811 3520 1848 3545 ut
1872 3514 2087 3550 ventriculum

1965 3569 2044 3601 ope-

34 3644 2076 3671 s———m—-—t-—-———-——————-—-—-—————-

89 3708 105 3736 (
119 3707 154 3732 ι’)
174 3705 246 3735 Epist.
263 3707 298 3730 26.
316 3711 341 3728 n.
358 3703 393 3728 18.

87 3738 103 3766 (
119 3745 142 3760 m
157 3737 170 3766 )
185 3745 208 3760 n.
227 3738 250 3761 3.
308 3737 318 3759 (
334 3744 349 3758 η
366 3735 379 3762 )
395 3734 428 3769 in'
438 3734 518 3759 Addit.
534 3736 562 3759 ad
579 3736 641 3762 hanc
657 3736 716 3761 Sest.
732 3735 792 3761 ΟΜ.
808 3744 849 3776 ξι.

86 3769 106 3796 K
119 3773 134 3796 4
150 3770 200 3795 >n.
218 3775 242 3796 9.
302 3767 317 3797 (
330 3775 342 3791 r
355 3765 369 3796 2
383 3765 456 3796 Epist.
473 3769 510 3791 16.
527 3774 551 3792 n.
568 3767 603 3792 ιδ.

456 3703 465 3727 (
481 3702 498 3726 k
517 3702 524 3730 l
543 3703 639 3730 zodiac.
656 3703 722 3729 Med.
739 3704 803 3730 Gau.
820 3708 850 3732 Α.
866 3714 890 3733 ²·
906 3706 944 3730 M.
963 3703 1014 3737 Jul.
1032 3704 1092 3728 Obs.
1109 3713 1147 3732 ιο,

911 3737 1165 3769 (⁰)n-34-&35.

1210 3703 1220 3736 (
1236 3706 1247 3731 ι
1262 3704 1277 3733 )
1292 3707 1328 3730 De
1343 3706 1434 3731 Aneur.
1450 3707 1468 3732 1.
1485 3715 1510 3732 2.
1527 3713 1548 3732 c.
1566 3713 1587 3732 a.
1604 3707 1701 3738 Propon
1718 3715 1755 3735 ιι.
1772 3715 1828 3735 curn
1846 3709 1930 3736 sthol-

1225 3739 1240 3769 (
1251 3742 1269 3767 r
1286 3735 1297 3766 )
1311 3743 1335 3763 n.
1353 3743 1392 3766 27·
1882 3744 1883 3749 ’
