2498 4075
519 235 671 301 Epist.
708 236 869 290 Anat.
904 234 1119 292 Medica
1153 235 1212 291 L·
1246 236 1368 290 Art.
1406 250 1480 303 59.-
1513 238 1566 291 ὅ(
1598 239 1682 292 60.

66 310 208 353 quaeris;
230 322 303 346 cuin
328 311 408 347 tlibi
431 336 441 353 ‚
462 320 534 348 tum
557 316 591 347 in
614 313 791 349 Gedanensi
814 315 868 349 illa
890 327 985 358 quam
1011 316 1063 351 su.

66 364 122 394 pra
145 357 157 393 (
181 353 199 393 Ις
222 358 233 393 )
257 356 419 393 indicavi.
444 356 674 390 Differtatione
694 359 853 392 invenies.
877 359 982 400 Cujus
995 360 1064 394 Au-

66 396 137 430 ἃοι·
174 399 366 439 peculiarem
388 398 515 442 insuper
550 400 683 434 exhibet
705 400 855 435 exostolis
886 401 1062 437 Claviculae

64 439 360 480 Observationem,
382 454 448 485 quo
471 445 503 475 iri
528 442 591 477 offe
615 454 655 476 an
680 444 720 478 ab
743 446 815 478 aliis
836 456 926 479 antea
950 468 959 483 ‚
992 455 1061 479 tan-

64 493 106 518 tae
130 485 305 526 praesertim
329 486 563 528 magnitudinis
578 512 586 525 ,
610 486 776 529 conspecqa
799 486 874 521 esset
889 513 897 527 ,
920 500 982 523 non
995 500 1060 523 me-

62 528 215 569 minine,
239 528 378 563 fatetur.
404 529 483 563 Vidi
501 541 562 574 ego
583 539 724 572 quatuor
735 529 900 574 postquam
921 532 1062 567 illaDis-

63 572 196 606 serratio
219 576 339 606 exierat
361 598 371 613 ,
392 575 482 606 annis
503 572 677 607 exstantem
699 574 732 607 in
755 585 936 617 permagnae
960 575 1060 617 sphae-

61 615 166 649 roidis
191 615 322 649 modum
345 627 362 649 e
384 616 541 650 clavicula
566 618 685 658 pariter
707 616 828 651 sinistra
844 640 855 657 ‚
879 619 1061 661 pariterque

63 660 146 693 olim
171 658 332 700 percussa,
356 659 605 696 adolescentuli,
627 661 755 701 origine
779 661 880 700 Itali,
903 662 959 704 qui
974 662 1061 695 Vin-

61 702 193 736 dobona
218 701 279 736 huc
304 712 454 740 venerat,
478 702 500 736 fi
525 702 611 737 foi-te
634 703 703 745 post
726 704 904 738 multorum
929 713 1002 743 tot,
1028 709 1059 738 δι

60 755 129 780 tam
153 746 273 783 varias,
296 745 468 788 omnesque
490 746 640 783 inutiles,
663 747 888 780 meditationes
910 747 963 781 hic
987 749 1061 791 pos-

62 789 107 823 set
131 790 188 833 qui
210 789 386 823 curandum
401 788 571 831 susciperet
586 814 595 828 ,
617 790 782 823 invenire.
807 791 852 823 Et
875 790 957 824 mihi
973 803 1058 835 quo-

61 845 146 876 que,
171 840 207 866 ut
229 834 319 870 aliis,
341 830 435 866 facile
457 834 484 866 is
506 841 616 866 tumor
638 832 839 878 imposuisset
862 835 906 868 ob
924 843 958 870 ea
981 836 1057 878 qui-

61 877 122 911 bus
146 877 368 918 integebatur,
393 874 453 910 Sed
475 874 556 910 ossea
580 875 720 917 subjecta
745 875 883 910 durities
903 901 916 917 ‚
950 881 982 912 &
1004 878 1058 912 fir-

61 919 198 953 rniffirna
220 931 293 953 curn
315 919 473 953 clavicula
502 919 707 953 continuatio
731 917 874 953 fecerunt
897 943 908 959 ,
941 931 974 955 ut
997 921 1064 962 ejus

59 959 302 1001 Differtationis
325 963 448 997 veniret
470 963 503 995 in
529 972 693 1002 mentem,
716 973 772 997 nec
795 961 857 997 fine
881 963 963 997 serra
987 974 1064 999 tunc

59 1007 208 1042 adhibita
241 1007 445 1040 curationem
470 1004 592 1039 absolvi
628 1005 712 1047 posse
736 1027 746 1041 ‚
779 1009 1028 1049 pronunciarent
1051 1021 1060 1044 :

59 1062 181 1093 quam,
204 1058 240 1085 ut
261 1049 300 1083 de
322 1050 466 1093 periculo
491 1048 574 1083 nihil
596 1049 759 1089 dicerem,
774 1061 831 1083 nec
845 1049 964 1084 ferrent
987 1062 1061 1095 gra-

58 1095 153 1132 cilis,
177 1096 208 1128 &
229 1093 359 1128 delicati
370 1092 553 1133 corpusculi
577 1093 715 1126 infirmae
737 1094 843 1133 vires,
868 1104 924 1127 nec
940 1094 1060 1128 admit-

58 1146 141 1171 teret
166 1149 264 1180 prava
286 1149 301 1170 a
326 1135 515 1176 primordiis
538 1135 636 1179 usque
659 1135 833 1170 humorum
844 1136 1035 1171 constitutio
1050 1153 1075 1169 :-

57 1192 129 1224 quae
162 1182 271 1215 omnia
295 1180 344 1212 illi
377 1178 552 1222 praesertim
575 1181 633 1222 qui
668 1181 743 1222 aegri
768 1189 903 1214 matrem
934 1193 971 1215 ne
995 1181 1057 1216 sine

58 1235 133 1258 meo
163 1223 360 1266 potiffimum
383 1222 518 1256 confine»
551 1223 730 1265 quidquam
752 1221 821 1256 fieri
861 1233 1026 1264 pateretur
1048 1249 1057 1264 ‚

58 1279 120 1309 pro
143 1265 195 1301 sua
218 1278 290 1310 erga
315 1277 365 1300 me
388 1264 540 1309 singulari
563 1267 765 1301 humanitate
788 1268 975 1308 monuerat,
1002 1270 1060 1302 Pio

57 1310 203 1345 Nicol'ao
224 1309 383 1351 Garellio
399 1310 512 1350 Equiti
535 1332 544 1348 ,
566 1313 598 1344 &
621 1310 842 1344 Caesareorum
867 1311 1060 1345 Archiatro-

57 1365 131 1388 rum
155 1355 285 1387 Comiti
309 1351 531 1392 meritiffimo,
555 1363 611 1396 per
634 1354 760 1387 litteras
773 1353 991 1394 confirmavi,
1014 1357 1062 1389 in-

55 1399 162 1432 dicata
185 1396 279 1431 fimul
303 1407 399 1439 quam
423 1396 559 1430 necdum
575 1395 723 1438 viderat,
747 1396 925 1431 Gedanenfi
939 1396 1062 1432 Differ-

56 1442 201 1475 tatione.
228 1441 343 1483 Itaque
367 1438 449 1473 nihil
473 1440 581 1474 acini-n
602 1440 664 1477 est,
688 1439 759 1482 ipso
781 1452 911 1484 quoque
931 1462 940 1477 ‚
965 1451 999 1475 ut
1023 1442 1062 1476 ad

58 1496 110 1519 me
133 1482 295 1526 rescripsit
311 1506 319 1521 ,
345 1483 522 1526 probante,
546 1486 576 1517 δε
600 1492 759 1517 tumorem
774 1506 782 1520 ‚
807 1485 998 1517 inrerinitia
1022 1487 1062 1520 si-

57 1528 94 1561 bi
118 1526 276 1561 ostensum
302 1548 310 1563 ‚
335 1525 479 1560 nondum
503 1526 567 1561 ulla
592 1528 733 1561 exterius
757 1526 864 1560 addita
889 1527 1061 1563 humorum

57 1570 293 1605 subsistentium
315 1569 522 1612 congestione
540 1594 549 1606 ‚
575 1581 683 1603 revera
707 1572 844 1604 omnino
866 1569 1006 1611 osseum,
1031 1576 1063 1606 &

56 1612 227 1648 manifesto
250 1626 289 1648 ex
312 1613 469 1647 clavicula
494 1612 560 1654 ipsa
584 1612 675 1647 fuisse
697 1634 707 1650 ,
740 1613 920 1647 affirmante
944 1640 952 1648 .
986 1616 1061 1654 Qua

55 1656 215 1691 structura
237 1657 341 1699 igitur
364 1654 514 1689 exostosis
538 1654 605 1689 haec
627 1655 701 1689 effet
721 1678 733 1694 ‚
757 1659 788 1688 δε
811 1656 890 1699 quid
913 1659 1061 1693 contine-

57 1710 130 1737 ret,
155 1711 219 1733 non
246 1699 313 1734 vidi
338 1724 346 1733 .
381 1698 462 1732 Vidi
487 1701 521 1731 in
546 1698 641 1731 altera
666 1710 737 1738 quae
761 1711 799 1732 ex
825 1701 911 1733 virili
936 1699 1059 1736 femore

56 1743 239 1786 prostabat.
265 1744 316 1777 De
337 1753 401 1785 qua
426 1741 612 1785 priusquam
635 1741 771 1777 scribam
786 1765 797 1782 ,
821 1754 986 1779 occurram
1009 1753 1060 1779 ta-

54 1788 129 1820 citae
153 1787 407 1828 interrogationi
432 1784 561 1818 cuidam
586 1793 649 1819 tua:
674 1810 681 1817 .
717 1787 803 1819 Scire
826 1788 913 1820 enim
948 1789 1057 1822 avebis

51 1831 112 1874 qui
136 1830 202 1863 fieri
230 1829 322 1871 poffit
347 1851 356 1867 ‚
391 1837 425 1862 ut
450 1827 647 1870 rigidiffimae
682 1827 914 1872 duriffimaeque
944 1831 1057 1866 ollium

53 1875 182 1908 laminae
206 1875 240 1905 in
264 1871 418 1905 exostoses
443 1871 522 1905 adeo
546 1870 575 1904 se
596 1872 791 1905 extendant.

98 1927 149 1958 59.
175 1917 282 1958 Igitur
306 1916 448 1958 primum
472 1913 522 1947 fac
546 1925 657 1948 eorum
681 1915 864 1949 memineris
875 1927 946 1958 quae
968 1916 1060 1960 supra

53 1965 67 2001 (
90 1959 137 2003 l)
160 1970 198 1993 ex
220 1958 362 2001 quodam
395 1957 559 1991 Valsalvae
593 1957 761 1999 Responso
795 1959 920 2000 prolata
955 1960 1027 1995 sunt
1051 1987 1060 2000 ,

50 2001 112 2039 efl‘e
138 2003 260 2044 aliquas
276 2026 284 2041 ,
307 2010 342 2042 ut
367 2013 383 2034 a
408 2002 514 2042 primo
538 1998 689 2034 videntur
712 2024 725 2041 ,
760 2002 917 2036 exostoses
941 2026 949 2041 ‚
984 2016 1057 2047 quae

49 2044 136 2081 nihil
160 2057 269 2079 revera
292 2044 379 2084 sint,
403 2042 461 2077 nifi
485 2044 680 2086 ligamenta,
703 2048 736 2077 &
760 2046 904 2080 tendines
932 2069 941 2083 ,
975 2059 1058 2090 quo-

48 2100 125 2124 rum
147 2101 163 2123 a
187 2087 371 2122 subsistente
395 2088 525 2122 materia
549 2086 720 2121 crassitudo
743 2111 752 2124 ,
785 2092 817 2122 δε
841 2090 978 2123 durities
1003 2103 1058 2125 au-

49 2135 110 2168 ecae
135 2155 144 2171 ‚
167 2131 236 2165 offis
260 2130 297 2164 ad
321 2132 408 2174 quod
433 2130 642 2164 attenduntur
666 2153 677 2169 ‚
711 2139 872 2165 tum-irem
899 2136 1059 2168 mentian-

57 2186 132 2210 tur.
153 2175 277 2211 Quales
301 2173 371 2216 post
394 2175 515 2210 istum,
540 2174 763 2211 luxationem,
790 2175 905 2209 aliasve
917 2176 1056 2217 ejusmo-

50 2219 88 2254 di
110 2218 305 2253 extrinsecus
330 2216 434 2251 illatas
457 2216 592 2259 injurias
604 2217 779 2259 aliquando
802 2229 1000 2260 occurrunt,
1024 2224 1055 2255 &

52 2264 90 2304 in
114 2260 326 2295 Nobiliffimo
351 2261 480 2294 Abbate
504 2282 513 2297 ‚
533 2259 671 2302 >Collega
694 2260 805 2295 nostro
826 2285 838 2302 ‚
877 2263 1054 2304 praesertim

51 2306 266 2341 occurrebant
293 2330 301 2343 ‚
336 2305 388 2338 cui
406 2304 480 2351 'post
505 2304 649 2338 luxatum
674 2315 709 2337 ac
746 2304 920 2348 repositum
943 2306 1054 2347 pedem

53 2350 112 2383 diu
147 2350 181 2382 in
207 2349 331 2382 summo
354 2346 449 2389 hujus
470 2347 565 2380 dorso
590 2355 679 2379 tanta
710 2357 800 2381 certo
825 2349 897 2382 loco
920 2350 1056 2384 durities

55 2391 180 2427 exstitit
202 2415 214 2432 ‚
238 2401 273 2425 ut
296 2390 487 2437 osxaliquod
511 2401 598 2425 extra
624 2389 710 2424 suam
736 2391 839 2424 sedem
871 2397 1056 2434 prominens

53 2436 211 2480 plerisque
235 2435 419 2472 videretur,
444 2444 540 2477 quam
567 2444 673 2467 rameri
705 2445 808 2467 cerata
841 2439 964 2477 gummi
990 2449 1056 2470 am-

54 2480 245 2513 moniacum
270 2478 422 2511 habentia
445 2501 455 2515 ,
494 2486 638 2520 tempus,
662 2479 692 2510 &
724 2479 904 2512 ambulatio
929 2482 1055 2522 penitus

53 2522 193 2565 denique
218 2520 405 2554 sustulerunt
428 2545 436 2554 .
471 2520 544 2553 Nec
570 2521 639 2554 aliae
662 2519 792 2554 fortasse
817 2520 946 2556 fuerunt
972 2535 1053 2558 exo.

52 2564 147 2599 stoses
169 2565 235 2599 illae
257 2575 336 2606 quas
360 2565 399 2598 ab
423 2564 452 2598 se
475 2564 545 2605 ipso
571 2563 746 2598 secundum
769 2564 917 2599 infimum
930 2575 1055 2601 utrum-

54 2620 119 2652 que
152 2609 301 2642 cubitum
326 2607 382 2642 diu
414 2607 544 2650 gestatas
581 2608 692 2641 scribit
726 2609 895 2642 Severinus
918 2613 932 2649 (
954 2611 1019 2653 m)
1043 2633 1053 2649 ,

48 2661 233 2694 perpetuo,
254 2649 383 2685 dumiis
396 2652 610 2691 inniteretur,
635 2652 930 2690 incommodantes,
955 2654 1055 2688 donec

51 2695 123 2737 post
146 2696 271 2737 aliquot
298 2705 396 2729 annos
419 2694 509 2728 nullo
533 2694 673 2729 remedio
699 2695 769 2730 sunt
792 2695 933 2730 discuffae
959 2721 966 2729 .
992 2698 1055 2730 Eas

53 2739 89 2771 in
113 2737 268 2779 jumentis
283 2763 290 2776 ,
312 2739 356 2770 ait
371 2760 381 2774 ‚
406 2750 422 2770 a
446 2739 648 2771 veterinariis
664 2736 798 2783 soprosso
822 2762 831 2776 ‚
856 2737 943 2782 quali
960 2739 1055 2782 super

52 2778 114 2823 offa
138 2778 245 2822 fades
267 2779 397 2823 acceffus
429 2781 491 2814 dici
513 2780 693 2825 consueviffe
717 2795 727 2813 .·
763 2794 857 2824 quem
883 2784 989 2816 locum
1014 2796 1055 2818 ex

55 2824 262 2857 innominato
285 2825 432 2857 Antion:
455 2823 522 2866 post
537 2826 596 2857 alia
621 2826 774 2859 nonnulla
789 2838 859 2868 quae
886 2837 961 2858 mox
973 2827 1057 2868 apud

56 2869 245 2900 Severinum
267 2865 401 2900 eundem
426 2867 602 2910 sequuntur
626 2890 636 2905 ‚
659 2880 734 2902 cum
757 2868 949 2903 describeret
973 2870 1057 2903 Stal-

57 2912 182 2953 partius
205 2912 218 2948 (
240 2920 259 2941 n
282 2912 295 2949 )
320 2933 328 2947 ‚
353 2912 471 2945 mirum
495 2909 537 2944 est
562 2932 572 2947 ‚
602 2922 699 2952 quam
724 2912 804 2945 male
829 2913 973 2946 italicam
998 2924 1057 2945 vo-

57 2965 127 2988 cem
151 2954 240 2987 illam
256 2952 390 2996 soproffo
413 2954 453 2987 fic
477 2954 676 2988 intellexerit
697 2977 705 2991 ‚
729 2965 765 2988 ut
788 2955 890 2998 offium
902 2954 1060 2998 exulcera-

61 2998 181 3031 tionem
214 2995 338 3029 diceret
372 2996 570 3039 significare.
704 2999 829 3031 Verum
863 3009 898 3032 ut
933 3011 949 3033 a
974 3000 1058 3034 saliis

58 3038 254 3074 exostofibus
277 3039 315 3072 ad
340 3050 446 3078 veras,
470 3043 500 3074 δι
523 3042 562 3074 ab
582 3040 785 3083 ligamentis,
809 3042 1057 3084 tendinibusque

58 3082 98 3117 ad
134 3084 267 3126 propius
300 3081 462 3117 adhaerens
492 3084 608 3119 offibus
642 3085 829 3126 periosteum
874 3087 1055 3127 veniamus5

60 3126 278 3160 Boerhaavius
301 3129 314 3165 (
338 3136 354 3158 o
377 3128 390 3164 )
414 3127 574 3169 duplicem
608 3129 758 3162 exostosis
780 3130 912 3164 modum
935 3142 1056 3172 propo-

59 3171 132 3210 nit,
157 3171 299 3211 primum
323 3169 381 3202 ubi
405 3169 505 3204 solum
529 3170 723 3212 periosteum
747 3172 940 3212 obstruitur,
964 3173 1055 3207 dein-

58 3213 99 3247 de
131 3213 342 3247 intumescens
376 3224 429 3254 per
452 3215 556 3247 varios
588 3214 702 3257 gradus
737 3216 774 3249 ad
805 3216 875 3249 offis
904 3215 1060 3252 duritiem

61 3257 228 3299 pervenit;
251 3256 409 3293 alterum,
433 3257 489 3290 ubi
515 3259 649 3291 lamellae
661 3259 771 3294 offium
798 3272 813 3293 a
839 3261 959 3294 mutuis
980 3272 1058 3294 con-

62 3298 203 3332 tactibus
227 3299 376 3333 recedunt
401 3299 442 3333 fic
468 3326 478 3340 ‚
510 3311 546 3334 iit
569 3302 688 3335 viderit
711 3302 773 3336 ossa
797 3304 895 3335 cranii
919 3304 1061 3346 quadru-

62 3343 121 3385 plo
145 3341 291 3375 craffiora
315 3353 410 3385 quam
434 3342 602 3378 secundum
613 3354 757 3379 naturam
776 3343 940 3388 ‚'fungoia
953 3358 1058 3381 autem

61 3395 135 3418 tota
158 3394 194 3418 ut
218 3386 378 3427 pumicem
403 3383 555 3420 referrent
579 3413 585 3419 .
622 3390 729 3422 Priore
752 3392 854 3432 igitur
879 3391 936 3424 illo
960 3392 1058 3425 niodo

61 3429 161 3462 utaris
185 3429 261 3461 licet
286 3428 323 3461 ad
347 3429 499 3464 exostoses
525 3431 595 3464 illas
617 3433 818 3473 explicandas
852 3445 921 3475 quae
947 3435 980 3466 in
1003 3446 1059 3468 ex-

62 3472 181 3505 teriore
203 3471 316 3505 ollium
337 3469 420 3506 facie
443 3472 617 3510 exstantes,
642 3485 681 3507 ex
693 3477 860 3517 compacta
887 3476 969 3510 ossea
987 3478 1059 3511 sub-

61 3513 177 3548 stantia
200 3513 369 3552 constant,
394 3525 430 3549 ut
454 3518 486 3548 in
509 3516 549 3549 iis
572 3520 724 3559 exemplis
748 3531 819 3562 quae
846 3532 884 3553 ex
909 3521 1025 3555 Bidloo
1048 3546 1061 3563 ,

151 3559 316 3600 Morgagni
326 3559 361 3592 de
372 3560 438 3592 Sed.
453 3563 494 3595 (φ
503 3563 588 3599 sau).
602 3560 702 3593 Morb.
717 3563 817 3595 Tom.
832 3565 876 3596 ΙΙ.

124 3708 139 3736 (
155 3707 171 3732 k
186 3707 200 3736 ¹)
216 3715 240 3732 n.
256 3715 293 3737 57.
312 3707 366 3732 Vid.
382 3707 433 3736 ejus
447 3716 469 3733 e.
487 3715 511 3734 ².
571 3710 610 3739 (l
629 3710 637 3733 l
653 3718 676 3735 n.
695 3719 729 3741 ¹3-

124 3738 139 3766 (
153 3746 166 3761 ο
183 3737 191 3767 )
210 3738 304 3763 Ρηείεξὶ
328 3740 358 3762 ad
378 3739 452 3762 Instit.
471 3739 495 3770 §.
511 3746 583 3774 7¹¹·.
626 3741 640 3770 ζ
653 3748 671 3771 p
687 3743 695 3770 )
710 3742 794 3772 supra,
811 3753 838 3769 ῃ,
855 3753 892 3775 5⁷·

125 3769 261 3826 {agnon
280 3770 294 3792 h
309 3770 338 3792 ad
356 3770 460 3794 l’raelefiz
478 3771 561 3796 Βοιὼ.
577 3778 602 3795 in
620 3771 696 3796 lnslit.
715 3772 736 3803 §.
752 3780 807 3802 401.

128 3827 168 3859 (1
184 3829 197 3857 2

213 3829 259 3854 cit.
273 3831 353 3860 lupia,
370 3838 394 3855 n.
413 3839 450 3859 57.

792 3712 798 3742 (
815 3723 839 3738 m
855 3716 869 3743 )
886 3717 921 3739 De
937 3717 1030 3741 recond.
1049 3717 1116 3742 Absc.
1134 3723 1183 3743 nat.
1199 3717 1215 3742 l.
1233 3726 1256 3746 4.
1273 3724 1293 3741 c.
1313 3724 1333 3745 9.
1352 3716 1376 3747 §.
1394 3725 1416 3745 ⁴·

1950 237 2043 304 283

1114 314 1347 358 Ruyschioque
1371 317 1564 359 protulimus
1585 319 1600 355 (
1618 325 1641 357 p
1655 316 1676 358 )
1698 324 1711 353 3
1744 314 1851 349 multo
1872 321 1979 347 autem
2002 317 2106 348 liben-

1113 361 1179 393 tius
1202 357 1243 392 fic
1266 360 1441 401 explicabis
1466 360 1632 402 postquam
1657 357 1883 400 explicationes
1914 358 2029 400 legeris
2050 358 2106 391 Cl.

1113 401 1257 436 Hamelii
1281 402 1391 445 (q),
1413 414 1478 436 non
1503 402 1605 436 solum
1630 413 1695 435 non
1718 400 1932 443 discrepantes
1957 422 1966 437 ,
2000 399 2050 448 secl
2073 402 2106 433 δε

1112 446 1250 486 propriis
1272 446 1501 487 experimentis
1523 445 1750 481 confirmatas,
1773 444 1852 477 dum
1876 446 1909 476 in
1922 442 2104 477 viventibus

1113 488 1220 523 bestiis
1253 493 1404 523 excitatas
1426 489 1466 523 ab
1489 488 1519 522 se
1551 485 1781 532 ejusdemmodi
1805 486 1961 521 exostoies
1995 485 2106 520 secun-

1111 531 1189 566 dum
1212 534 1317 566 varios
1350 531 1566 566 indurationis
1588 532 1703 575 gradus
1736 530 1905 572 inspiceret
1928 555 1940 572 ,
1971 533 2001 564 δι
2023 528 2106 565 unde

1112 574 1406 617 proficiscerentur,
1432 575 1632 609 attenderet.
1657 577 1749 615 Qin
1773 573 1828 607 etii
1851 572 1975 607 fatetur
1996 597 2007 614 ‚
2030 584 2108 607 exo-

1110 617 1206 651 stoses
1229 619 1356 653 alterius
1378 621 1521 661 generis,
1545 619 1576 651 id
1600 619 1643 653 est
1668 616 1871 660 spongiosas,
1895 616 2028 650 necdum
2052 627 2107 650 ex-

1110 663 1210 696 citare
1235 662 1369 704 potuisse
1391 676 1400 700 ς
1424 661 1555 695 modum
1582 672 1685 695 tamen
1713 661 1833 694 indicat
1857 672 1922 701 quo
1947 660 2001 694 has
2023 671 2107 702 quo·

1111 716 1173 747 que
1195 715 1233 739 ex
1256 706 1410 747 periosteo
1433 705 1504 738 fieri
1527 707 1748 746 concipiamus
1769 725 1782 744 ,
1815 703 1950 745 denique
1973 702 2108 736 conclu-

1110 749 1186 781 dens
1201 771 1211 786 ,
1237 747 1399 791 quidquid
1413 748 1559 783 vulnerat
1573 770 1582 786 ,
1606 749 1715 781 irritat
1727 771 1740 788 ‚
1763 746 1943 793 inflammat
1955 767 1965 782 ‚
1989 755 2044 779 aut
2057 755 2107 778 tu-

1111 792 1234 825 midum
1257 791 1335 826 facit
1359 792 1549 833 periolleum
1565 818 1573 831 ,
1596 790 1925 834 cujusmodiinjurias
1950 798 2022 822 ante
2033 799 2110 837 exo-

1108 834 1237 868 stosium
1269 834 1515 877 productionem
1538 835 1673 878 persaepe
1704 834 1830 868 constat
1863 829 2008 866 accidisse
2034 853 2043 864 ,
2071 830 2111 879 ‚id

1114 889 1209 911 omne
1236 878 1285 911 his
1309 877 1392 920 polle
1415 880 1554 920 praebere
1575 880 1737 921 originem
1762 890 1771 910 2
1796 888 1865 919 qua.-
1891 873 2110 915 ExDel‘lem's·

1115 920 1185 954 fimi
1209 921 1282 954 Viri
1316 921 1470 956 sententia
1496 922 1595 965 majus
1632 923 1797 964 aliquanto
1822 920 1903 961 apud
1929 928 1960 951 te
1985 917 2109 965 pondus

1116 963 1264 998 habitura
1286 964 1330 998 est
1351 988 1364 1005 ,
1395 966 1450 999 ubi
1473 967 1716 1000 Commentaria
1739 977 1811 1009 quae
1834 974 1926 997 antea
1950 960 2073 1012 scripsit
2100 984 2111 999 2

1111 1008 1282 1050 perlegeris
1305 1031 1314 1046 ‚
1343 1008 1456 1042 offium
1480 1009 1725 1051 produfflonem
1746 1031 1756 1046 ,
1781 1011 1812 1041 &
1836 1014 2069 1051 reparationem
2094 1014 2111 1037 e

1111 1050 1267 1094 periosteo
1289 1049 1479 1086 deducentia
1500 1077 1511 1085 .
1545 1053 1710 1090 Quoniam
1734 1062 1840 1086 tamen
1864 1062 1965 1093 neque
1994 1046 2109 1081 desunt
2130 1091 2131 1094 Ἴ

1109 1095 1167 1137 qui
1190 1094 1385 1127 adversantia
1418 1106 1584 1138 opponant
1608 1099 1826 1138 experimenta
1850 1118 1859 1133 ,
1892 1097 1924 1128 &
1946 1093 2011 1136 ipse
2035 1116 2044 1131 ,
2074 1098 2112 1124 ut

1111 1136 1300 1179 prudentem
1322 1137 1413 1171 decet
1435 1138 1709 1179 Observatorem‚
1731 1149 1824 1180 negat
1843 1162 1855 1179 ‚
1881 1137 1909 1171 se
1933 1133 2113 1171 contende-

1110 1190 1144 1213 re
1162 1203 1173 1220 ,
1195 1180 1350 1214 exostoses
1373 1192 1483 1215 omnes
1507 1194 1522 1215 a
1547 1184 1694 1222 periostei
1719 1184 1834 1216 morbo
1859 1181 1970 1223 aliquo
1995 1189 2113 1222 prove-

1111 1224 1179 1257 nire
1202 1237 1212 1261 ;
1246 1223 1267 1256 si
1291 1234 1340 1257 eas
1363 1224 1566 1266 excipiendas
1598 1225 1656 1259 esse
1679 1225 1788 1260 credas
1811 1231 1842 1258 in
1867 1224 1983 1267 quibus
2007 1221 2116 1257 secun·

1109 1267 1187 1300 dum
1212 1266 1346 1300 alterum
1371 1269 1502 1302 modum
1526 1280 1542 1301 a
1567 1268 1769 1303 Boerhaavio
1793 1278 2008 1314 memoratum
2030 1291 2039 1305 ,
2062 1263 2119 1298 os-

1112 1309 1150 1342 fis
1173 1309 1269 1352 ipsius
1292 1311 1422 1345 laminae
1446 1323 1462 1344 a
1485 1311 1613 1346 laminis
1637 1312 1836 1350 recesserint3
1860 1323 1924 1344 non
1950 1310 2045 1345 facile
2063 1310 2119 1342 in-

1111 1354 1238 1396 telliges
1262 1365 1325 1396 qua
1350 1358 1494 1393 ratione,
1519 1366 1593 1389 cum
1616 1356 1790 1390 duriffimae
1815 1355 1875 1389 sint
1902 1381 1909 1393 ,
1933 1358 1962 1388 &
1986 1351 2119 1396 rigidis-

1112 1395 1221 1435 fimae,
1244 1397 1405 1431 dimoveri
1427 1400 1595 1441 potuerint
1609 1423 1620 1439 ‚
1644 1403 1675 1433 ὅς
1697 1399 1877 1432 extrorsum
1892 1398 2019 1440 urgeri,
2043 1406 2119 1430 cur-2

1113 1441 1206 1479 vari,
1230 1441 1391 1482 expandi,
1415 1441 1551 1476 crescere
1574 1455 1583 1479 3
1608 1442 1664 1476 nisi
1690 1442 1710 1476 si
1735 1444 1853 1477 iterum
1882 1442 1992 1475 molles
2016 1439 2118 1474 fastas

1114 1482 1236 1516 censeas
1260 1506 1269 1521 ‚
1302 1486 1333 1517 &
1356 1484 1443 1527 quali
1476 1484 1513 1518 ad
1538 1486 1740 1528 cartilaginis
1773 1496 1921 1519 naturam
1947 1483 2115 1524 pristinam

1114 1525 1238 1560 rediisse
1253 1551 1260 1558 .
1283 1525 1386 1568 Cujus
1411 1529 1603 1562 mutationis
1624 1538 1734 1563 extant
1759 1529 1828 1562 sane
1852 1531 1885 1561 in
1910 1527 2119 1561 Medicorum

1115 1570 1206 1602 libris
1229 1570 1397 1612 complura
1422 1572 1563 1613 exempla
1586 1594 1600 1611 ,
1621 1583 1761 1613 quorum
1786 1584 1848 1605 non
1873 1582 1973 1614 pauca
1995 1570 2124 1604 indica-

1116 1622 1146 1645 ta
1172 1612 1296 1646 videbis
1319 1613 1358 1646 ab
1382 1613 1609 1648 Eruditiffimo
1633 1614 1769 1648 Hallero
1795 1619 1807 1654 (
1830 1626 1845 1646 r
1869 1617 1904 1654 ),
1929 1617 1959 1647 δε
1982 1625 2020 1648 ne
2044 1613 2123 1648 asu-

1114 1668 1169 1698 pra
1194 1658 1460 1691 commemoratis
1485 1657 1925 1700 Observationibuslongius
1949 1658 2120 1694 abeamu53

1114 1700 1254 1742 ’I'ulpius
1276 1711 1408 1743 quoque
1431 1700 1513 1742 (s)
1536 1699 1601 1734 offa
1624 1701 1707 1734 vidit
1731 1701 1804 1734 adeo
1817 1709 1921 1735 tenera
1941 1725 1949 1739 ,
1974 1699 2121 1742 flaccida,

1111 1755 1147 1776 ac
1170 1742 1277 1776 mollia
1297 1765 1305 1779 ‚
1327 1752 1364 1776 ut
1388 1743 1481 1782 instar
1503 1755 1576 1778 certe
1593 1743 1741 1787 scalpello
1758 1741 1916 1786 facillime
1929 1745 2123 1777 concideren-

1110 1795 1183 1824 tur,
1208 1788 1239 1818 δι
1265 1786 1404 1820 Richius
1426 1790 1437 1826 (
1461 1795 1477 1819 c
1502 1791 1513 1826 )
1535 1787 1683 1821 emollita
1706 1789 1855 1826 invenit,
1880 1798 1915 1821 ut
1944 1788 2034 1821 illam
2046 1799 2125 1821 exo-

1110 1830 1216 1863 stofim
1240 1840 1298 1871 pro
1321 1829 1422 1871 specie
1434 1831 1573 1871 quadam
1599 1830 1746 1865 habuerit
1761 1830 1859 1872 spinae
1884 1831 2024 1865 ventosae
2038 1829 2125 1864 scor-2

1111 1872 1231 1906 buticae
1255 1896 1263 1903 .
1297 1873 1374 1906 Huc
1400 1872 1477 1907 adde
1500 1886 1572 1917 quae
1595 1873 1679 1907 hand
1704 1873 1799 1907 semel
1825 1885 1839 1906 a
1865 1875 1937 1907 Cel.
1963 1874 2118 1907 Heistero

1111 1920 1122 1954 (
1146 1915 1199 1957 u)
1224 1915 1412 1950 ηοηίτιοάο
1437 1916 1469 1949 in
1494 1919 1624 1960 pueris,
1646 1916 1695 1951 sed
1718 1921 1749 1950 &
1775 1918 1807 1949 iri
1835 1919 1913 1950 viris
1941 1917 2124 1959 deprehen-

1111 1959 1140 1992 sa
1166 1958 1237 1992 sunt
1261 1968 1327 1992 tam
1352 1959 1464 1993 mollia
1487 1983 1498 2000 ‚
1523 1971 1558 1994 ut
1583 1959 1732 2003 scalpello
1757 1958 1914 1995 facillime
1940 1961 2125 1996 scinderen-

1109 2010 1164 2035 tur
1189 2025 1198 2040 ‚
1231 2013 1306 2036 cum
1330 2001 1441 2036 affecta
1465 2001 1564 2037 essent
1589 2004 1679 2046 spina
1702 2003 1832 2038 ventosa
1857 2016 1865 2036 :
1899 2006 2116 2047 quamobrem

1110 2045 1189 2080 licut
1212 2045 1375 2079 existimat
1401 2059 1415 2078 a
1441 2049 1548 2088 pravis
1573 2045 1764 2082 humoribus
1788 2050 1929 2080 venereis
1952 2074 1960 2087 ,
1989 2047 2126 2083 scorbu-

1110 2090 1208 2128 ticis,
1231 2089 1396 2122 variolosis
1421 2112 1431 2126 ,
1463 2091 1626 2125 rachiticis
1649 2103 1779 2134 quoque
1802 2104 1812 2129 ς
1846 2103 1918 2124 nam
1944 2092 2124 2127 rachiticos

1110 2143 1330 2166 extremorum
1353 2132 1468 2167 ollium
1488 2136 1671 2168 tumoribus
1694 2136 1854 2168 obnoxios
1869 2134 1949 2175 esse,
1971 2135 2120 2175 constat3

1109 2186 1166 2216 per
1189 2174 1368 2218 {anguifera
1392 2177 1482 2210 erosa
1505 2178 1632 2212 vascula
1656 2181 1688 2211 in
1713 2177 1827 2212 offium
1852 2189 1952 2219 cava,
1973 2182 2003 2212 ὃ(
2022 2180 2126 2214 cellu-

1107 2218 1152 2252 las
1175 2217 1300 2256 effulis,
1326 2221 1357 2252 &
1380 2220 1487 2254 oleum
1510 2222 1688 2257 medullare
1713 2221 1931 2262 vitiantibus;
1954 2233 1988 2257 ut
2014 2223 2123 2258 existi-

1107 2271 1195 2300 mat,
1220 2265 1353 2305 inquam
1372 2286 1381 2300 ‚
1409 2264 1450 2297 ab
1473 2264 1650 2299 istiusmodi
1672 2265 1864 2299 humoribus
1887 2263 1987 2299 osseas
2009 2267 2122 2301 lamel-

1107 2305 1152 2339 las
1174 2308 1336 2343 emolliri3
1361 2306 1402 2341 (ic
1427 2308 1611 2348 emollitas,
1634 2307 1675 2341 ab
1697 2309 1874 2342 eorundem
1885 2310 2117 2351 congestione„

1107 2351 1138 2382 δι
1162 2350 1312 2392 pressione
1335 2352 1517 2385 extrorsum
1542 2353 1648 2394 urgeri
1671 2374 1683 2391 ‚
1707 2353 1738 2391 ὃς
1762 2352 1916 2394 paulatim
1942 2354 2082 2390 expandi
2108 2378 2118 2392 ,

1109 2392 1302 2427 arbitratur.
1327 2394 1453 2435 Qam.
1482 2405 1536 2430 aut
1562 2406 1626 2429 non
1652 2395 1744 2429 valde
1769 2394 1949 2429 absimilem
1976 2399 2121 2439 explica-

1109 2437 1231 2470 tionem
1255 2439 1335 2479 quin
1361 2439 1501 2479 sequaris
1525 2440 1558 2473 in
1582 2440 1622 2472 iis
1646 2438 1823 2481 praesertim
1839 2441 2022 2474 tumoribus
2035 2453 2117 2483 quos

1108 2479 1243 2513 lamellae
1265 2481 1356 2513 osseae
1382 2482 1494 2515 mules
1518 2482 1622 2516 adhuc
1647 2482 1920 2524 comprehendant
1945 2505 1955 2520 ,
1980 2486 2036 2517 vix
2059 2485 2130 2519 clu-¹¹

1109 2523 1181 2556 bito
1205 2546 1213 2560 ,
1248 2524 1281 2556 in
1305 2524 1372 2557 illis
1395 2527 1503 2565 potius
1529 2525 1731 2559 haelitaturus
1769 2527 1802 2558 in
1824 2529 1944 2569 quibus
1968 2539 2040 2561 cum
2072 2542 2116 2563 eae

1107 2567 1280 2609 rigidae·ac
1303 2567 1390 2600 durae
1417 2569 1558 2612 undique
1583 2571 1823 2610 perciperentur
1848 2596 1857 2608 ‚
1884 2572 1984 2604 moles
2008 2582 2114 2607 tamen

1109 2612 1219 2651 augeri
1244 2620 1410 2652 pergeret,
1437 2614 1505 2646 imo
1530 2613 1767 2646 incrementum
1792 2615 1880 2646 annis
1893 2615 2016 2648 ultimis
2042 2628 2115 2649 nari-

1107 2654 1280 2688 cisceretur
1306 2655 1484 2689 maximum
1507 2677 1518 2694 2
1555 2666 1631 2697 puta
1655 2667 1814 2698 quantum
1851 2657 2033 2698 digitorum
2061 2661 2113 2693 illa

1107 2696 1189 2738 apud
1212 2698 1369 2739 Meryuin
1393 2702 1403 2737 (
1428 2710 1450 2732 x
1472 2703 1504 2737 )‚
1529 2701 1559 2732 ὃ(
1582 2700 1748 2733 clavicula:
1773 2702 1804 2732 iii
1828 2701 2007 2734 Geiancnli
2035 2704 2114 2736 Dis-

1108 2740 1279 2774 sertatione
1303 2746 1355 2783 (y
1377 2745 1391 2781 )
1414 2755 1422 2773 :
1455 2754 1641 2785 quanquam
1665 2744 1697 2774 in
1731 2743 1779 2776 his
1801 2744 1925 2777 duobus
1958 2748 2113 2786 exemplis

1108 2782 1203 2817 restat
1228 2785 1436 2826 explicationi
1461 2786 1571 2824 locus,
1597 2788 1629 2817 in
1655 2785 1717 2819 hoc
1741 2786 1873 2828 quidem
1886 2798 2016 2828 propter
2040 2801 2113 2822 car-

1108 2828 1275 2869 tilagineas
1299 2838 1400 2868 partes
1424 2830 1456 2861 in
1481 2831 1603 2862 ambitu
1628 2827 1682 2862 hic
1706 2829 1775 2862 illic
1798 2829 2112 2872 osseisinrerjectas,

1112 2872 1144 2904 in
1169 2872 1274 2913 primo
1298 2881 1405 2904 autem
1428 2871 1472 2904 ob
1494 2873 1627 2905 eundem
1663 2872 1821 2905 ambitum
1844 2872 1975 2906 cari-olis
1997 2876 2110 2909 ulceri-
2150 2912 2153 2918 Δ

1112 2915 1190 2951 bus,
1214 2914 1360 2955 pluribus
1384 2915 1416 2946 in
1442 2916 1585 2955 partibus
1612 2918 1849 2957 interruptum.
1980 2919 2036 2952 Sed
2053 2919 2110 2953 hi-

1112 2960 1222 2991 &enus
1245 2957 1335 2994 haec3
1362 2958 1410 2989 vel
1436 2960 1528 3000 plura
1541 2960 1626 2991 enim
1651 2961 1818 3001 attigimus
1830 2972 1927 3003 quam
1950 2974 2030 3003 opus
2047 2963 2111 3003 lit,

1108 3011 1144 3035 ut
1168 3000 1258 3041 cujus
1282 3000 1355 3034 esset
1379 3004 1503 3043 generis
1527 3025 1535 3039 ‚
1570 3005 1600 3036 &
1627 3005 1708 3036 unde
1733 3001 1815 3036 iacta
1850 3005 1904 3037 illa
1927 3004 2074 3040 exostoiis
2100 3032 2111 3048 ‚

1107 3045 1290 3086 intelligas,
1317 3055 1387 3085 quse
1411 3057 1425 3077 a
1451 3047 1545 3078 nobis
1569 3049 1601 3079 in
1627 3058 1665 3080 eo
1687 3046 1724 3080 de
1747 3058 1814 3089 quo
1834 3048 1981 3090 protinus
2006 3048 2109 3084 sti-mo

1107 3088 1164 3165 get
1198 3111 1209 3128 ‚
1252 3087 1416 3129 conspecta
1450 3087 1491 3122 est
1523 3112 1536 3130 ‚
1579 3091 1608 3123 δι
1654 3101 1707 3133 per
1751 3088 1976 3129 dissertionem·
2004 3096 2109 3138 perlu-

1136 3142 1202 3165 rata
1217 3156 1224 3163 .

1153 3180 1204 3207 60.
1232 3175 1335 3208 VIRI
1361 3187 1459 3209 annos
1483 3178 1549 3210 nati
1574 3178 1611 3211 ad
1637 3179 1794 3221 triginta,
1816 3178 1854 3214 de
1877 3192 1944 3224 quo
1968 3181 2048 3215 nihil
2074 3192 2106 3214 a-

1110 3219 1180 3253 liud
1203 3219 1386 3256 constabat,
1413 3218 1470 3252 nifi
1497 3222 1662 3263 apoplexia
1687 3221 1777 3257 fuisse
1802 3222 1983 3263 sublatum,
2010 3228 2107 3259 Artu-

1112 3263 1170 3295 bus
1213 3264 1245 3294 in
1270 3263 1487 3304 Gymnasium
1511 3264 1608 3298 illatis
1632 3277 1704 3300 cum
1731 3267 1775 3299 ibi
1804 3269 1984 3301 Anatomen
2009 3267 2106 3300 doce-

1113 3317 1179 3338 rem
1198 3306 1355 3348 Januario
1379 3305 1484 3339 mense
1508 3309 1548 3341 A.
1581 3319 1670 3351 «732.
1694 3310 1914 3342 extuberantia
1938 3315 1969 3344 in
1987 3311 2101 3344 finillri

1111 3347 1242 3382 femoris
1264 3349 1326 3382 osse
1350 3354 1516 3388 occurrit,
1541 3350 1724 3393 sphaeroidis
1747 3352 1872 3389 forma,
1899 3365 2105 3394 pom:ai1tem

1109 3393 1278 3425 mediocris
1314 3394 1562 3433 magnitudine.
1600 3393 1749 3428 Exstabat
1776 3394 1842 3430 liaec
1878 3398 1987 3439 aliquo
2015 3398 2104 3436 supia

1109 3434 1261 3467 inferiora
1295 3435 1360 3477 ejus
1384 3436 1456 3468 offis
1489 3440 1594 3479 capita
1617 3441 1790 3471 intervallo
1812 3464 1824 3480 ,
1858 3451 1872 3471 a
1899 3440 1977 3472 facie
2003 3440 2104 3482 polle-

1111 3479 1197 3511 riore
1224 3505 1231 3511 .
1363 3481 1449 3512 Serra
1496 3491 1531 3511 os
1564 3505 1572 3518 ,
1617 3483 1780 3524 ipiarnque
1827 3482 1998 3517 secundum
2034 3486 2106 3517 lon-

1111 3521 1293 3563 gitudinem
1340 3521 1467 3556 dissecta
1511 3533 1584 3557 cum
1627 3525 1828 3601 1{inspicerem
1861 3552 1871 3567 ‚
1915 3538 2013 3603 eamd
2036 3529 2105 3568 qui.

1685 3579 1705 3600 ri
1751 3578 1768 3601 2
2017 3582 2065 3604 em

279 3650 2095 3672 ἫἫ

1480 3719 1494 3748 ζ
1509 3726 1524 3741 n
1539 3717 1552 3745 )
1568 3718 1648 3743 sel-iol>
1665 3719 1694 3744 ad
1710 3718 1765 3743 Obs.
1785 3720 1827 3744 eit.
1848 3720 1914 3749 supra
1932 3729 1954 3745 n.
1973 3729 2011 3751 57.

952 3746 961 3775 (
979 3751 1019 3781 q)
1036 3749 1115 3772 Mein.
1131 3749 1161 3773 de
1176 3748 1272 3772 l'Aead.
1290 3750 1320 3771 R.
1337 3747 1376 3773 des
1392 3749 1430 3773 Se·
1447 3750 1477 3772 Δ.
1495 3754 1560 3777 ¹743-
1578 3751 1657 3774 Mem.
1676 3754 1698 3774 6.
1715 3751 1753 3774 sur
1770 3751 1803 3776 les
1822 3753 1858 3776 0⁵
1878 3752 1980 3782 Obs.3i.
1997 3754 2020 3778 ἃ
2037 3751 2102 3782 seqq.

270 3800 273 3804 .
351 3798 356 3803 .
867 3776 882 3805 (
893 3775 933 3809 s.)
950 3785 972 3801 c·
989 3782 1031 3802 cit·
1049 3778 1118 3807 supi-a
1134 3779 1164 3803 ad
1180 3787 1205 3804 n.
1224 3783 1258 3806 56.

221 3799 293 3824 instit,
313 3799 380 3823 Chir.
398 3803 426 3823 P.
446 3809 467 3825 i.
485 3801 503 3826 l.
522 3810 543 3832 ς.
560 3809 582 3826 c.
599 3809 619 3830 9.
636 3809 687 3827 not.
703 3811 719 3826 ι
733 3803 763 3828 ad
778 3812 802 3828 n.
820 3813 841 3835 ς.
857 3806 880 3830 δι
896 3807 952 3832 Diff.
969 3808 998 3832 de
1013 3808 1064 3833 Off.
1081 3811 1184 3835 Tun-int.
1200 3819 1226 3835 n.
1243 3812 1282 3836 28.
1300 3811 1322 3834 8:
1338 3809 1399 3839 seqq.

1318 3779 1330 3807 (
1347 3785 1357 3801 r
1374 3780 1387 3806 )
1402 3780 1442 3804 cit.
1460 3779 1529 3808 supra
1544 3781 1574 3804 ad
1593 3789 1616 3804 n.
1635 3789 1671 3809 57.

1461 3809 1470 3839 (
1487 3818 1502 3834 κ
1518 3810 1531 3838 )
1548 3810 1587 3835 cit.
1605 3811 1688 3840 supra,
1705 3820 1730 3836 n.
1750 3817 1787 3842 56.
