2498 4075
462 193 629 264 Epist.
668 195 836 252 Anah
869 193 1087 249 Medica
1121 193 1202 248 LI.
1241 191 1356 246 Art·
1390 204 1461 259 59.
1483 187 1550 245 ’δε
1582 188 1668 243 60.

58 287 123 310 non
155 277 218 311 levi
242 277 495 316 imminutione,
520 276 656 321 paralyfi
669 286 797 319 tamen,
820 274 870 310 his
892 274 1057 318 perfisten-

56 321 170 360 tibus,
193 319 303 355 sensim
326 322 475 364 deinceps
498 320 590 354 valde
613 322 715 354 levata
742 346 749 358 ,
781 321 888 353 vivere
920 329 1056 362 pergen-

57 372 144 404 tem,
167 374 204 397 ut
228 364 346 399 menses
370 364 433 407 jam
455 374 595 407 quatuor
618 364 657 397 ab
690 363 817 397 inflisto
840 363 969 396 vulnere
992 373 1057 395 tra-

55 406 216 445 duxisset,
239 419 314 442 cum
338 408 536 442 Observatio
559 407 675 447 scripta
702 407 744 440 est
769 430 777 445 ‚
812 409 844 438 &
876 404 975 439 ferme
998 417 1056 439 no-

56 460 128 483 vem
144 473 154 488 ,
180 460 215 484 ut
250 452 403 492 videtur,
427 463 501 485 cum
524 451 702 492 Augustam
727 449 977 482 vindelicorum
1012 447 1056 482 est

56 492 147 526 missa
171 518 180 526 .
217 495 296 531 Quo
328 493 455 529 felicior
477 494 541 528 fuit
560 494 697 536 Juvenis
730 493 808 526 alter
840 493 880 525 ab
914 491 1055 524 Nebelio

55 538 75 580 (
96 544 112 569 c
135 540 145 574 )
170 538 376 579 propositus,
398 540 455 581 qui
467 549 521 579 per
544 536 701 570 sinistram
712 537 854 569 orbitam
877 535 1055 571 sauciatus,

56 590 132 614 curn
155 579 260 614 statim
286 582 419 624 paralysi
444 580 584 623 ejusdem
622 580 751 619 lateris,
775 579 917 612 motibus
949 588 1055 613 autem

56 625 92 656 in
115 624 268 665 opposito
290 623 484 658 convulsiv'is
499 646 508 661 ,
533 623 673 666 aphonia
687 646 696 662 ‚
717 625 836 655 &mox
858 621 997 659 delirio,
1022 633 1056 654 ac

54 665 224 700 oblivione
247 677 413 710 correptus
435 667 508 702 esset
531 689 544 707 ,
579 667 647 710 post
670 668 799 701 tertiam
824 664 1058 699 hebdomadam

56 720 154 752 pauca
178 709 263 744 sanie
286 722 324 744 ex
346 712 473 744 dextera
498 721 593 751 aure,
616 711 706 752 cujus
730 720 864 750 magnus
899 709 1058 750 praecesse—

54 762 106 785 rat
128 752 245 793 dolor,
272 765 326 796 per
351 754 475 796 aliquot
498 753 564 787 dies
587 753 762 793 effluente,
787 755 950 794 integramv
974 752 1058 784 sani-

55 804 155 829 tatem
179 796 250 838 post
274 797 329 830 sex
350 799 480 830 circiter
501 798 541 831 ab
565 808 695 839 accepto
718 797 855 830 vulnere*
881 794 1059 829 hebdoma-

54 839 109 872 das
124 840 338 885 recuperavit
355 864 363 872 .
387 840 440 874 Ne
466 851 541 874 vero
563 840 648 874 forte
661 840 808 876 mireris,
833 837 1058 882 hemiplexiam

56 882 240 924 subje&um
264 883 385 917 vulneri
409 883 492 916 latus
506 882 758 924 ‚¹convulfiones
777 881 960 924 oppositum
980 893 1059 915 con.

57 934 108 958 tra
131 936 166 958 ac
189 924 302 968 saepius
314 926 385 960 fieri
410 926 489 960 solet
505 950 515 966 ,
539 926 681 971 utsupra
705 930 716 966 (
740 936 760 958 u
784 929 795 964 )
818 926 984 966 diximus,
1007 927 1059 958 in-

55 966 185 1006 vafiffe;
211 967 289 1002 scias
313 979 466 1012 oportet,
490 971 605 1006 vulnus
629 978 724 1004 acuto
748 969 857 1012 gladio
872 968 935 1010 sub
957 977 1061 1002 exter-

55 1022 94 1044 no
115 1010 198 1044 oculi
212 1011 330 1055 sinistri
351 1012 464 1047 cantho
490 1022 547 1055 per
575 1013 757 1055 palpebram
787 1009 964 1055 inferiorem
988 1035 1015 1045 ...
1031 1035 1060 1044 ..

51 1053 195 1095 punctim
209 1076 218 1092 ‚
241 1056 283 1089 Θ·
297 1054 425 1097 sursum
448 1054 556 1097 versus
578 1057 625 1089 ita
647 1054 798 1096 inftibium
807 1054 924 1099 fusffe,
947 1054 1060 1097 utgla-

56 1096 223 1139 dii-cuspis
246 1096 365 1141 oblique
382 1098 442 1142 sub
451 1098 542 1133 bulbo
565 1099 655 1133 illius
679 1098 762 1132 oculi
768 1110 826 1142 per
836 1101 903 1141 ejus
925 1097 1060 1132 orbitam

55 1139 165 1184 osseam
189 1139 297 1183 versus
320 1143 504 1176 anteriorem
527 1141 643 1177 cerebri
660 1141 754 1184 bafim
773 1142 966 1184 penetrarit.
990 1142 1061 1176 Ad-

56 1186 97 1219 de
118 1185 225 1225 igitur
248 1196 374 1219 mecum
397 1185 486 1229 quod
509 1186 663 1228 obliquus
685 1185 741 1218 ille
764 1185 864 1227 gladii
888 1181 1024 1218 incess'us
1049 1206 1060 1222 ,

55 1231 88 1261 δε
110 1237 244 1269 magnus
267 1227 405 1262 dexterae
429 1230 638 1268 aurisdolor,
664 1231 694 1261 &
719 1229 868 1262 salutaris
891 1228 988 1261 saniei
1004 1239 1060 1270 per

55 1269 159 1312 ipsam
181 1269 332 1304 defluxus
356 1273 524 1313 indicant,
545 1271 750 1314 hemzsphaerii
772 1272 894 1306 cerebri
918 1271 1039 1305 dexteri
1052 1283 1061 1303 .·

55 1315 163 1357 licque
184 1314 346 1355 intelliges
370 1315 489 1355 facile,
512 1315 670 1349 sinistrum
703 1319 849 1358 corporis
872 1316 973 1350 latus,
996 1325 1061 1348 non

56 1358 247 1397 dexterum,
271 1355 364 1392 fuisse
396 1360 519 1393 cerebri
543 1358 663 1392 laefioni
683 1359 871 1402 oppositum
895 1383 903 1393 .
938 1359 995 1390 Per
1027 1354 1061 1391 te

57 1411 165 1435 autem
188 1400 366 1444 intelligis,
391 1402 736 1445 pertinerealiquando
749 1401 787 1439 ad
810 1402 977 1436 cerebrum
989 1402 1063 1434 vul-

56 1455 132 1478 nera
155 1456 219 1478 non
243 1446 342 1479 modo
365 1446 505 1486 orbitis,
528 1445 580 1479 sed
602 1448 632 1478 &
655 1444 739 1480 infra
761 1446 885 1479 orbitas
908 1442 1061 1482 inflieta,

55 1487 144 1530 quod
166 1490 197 1521 δε
220 1489 418 1530 Egermeieri
441 1490 573 1523 historia
599 1490 617 1531 (
634 1499 655 1522 x
676 1493 688 1528 )
720 1488 917 1527 ostenderat,
940 1491 972 1523 &
993 1485 1061 1521 haec

56 1532 154 1565 altera
185 1532 338 1565 Valsalvae
363 1533 462 1567 nostri
486 1531 677 1566 confirmat.
994 1566 996 1569 ,

100 1585 152 1618 59.
172 1575 377 1619 JUVENIS
402 1587 559 1610 annorum
584 1576 704 1617 viginti
730 1576 875 1619 quinque
909 1575 1057 1618 punffim

55 1630 153 1653 acuto
175 1619 246 1652 ense
268 1619 354 1653 circa
376 1618 563 1654 inferiorem
575 1620 752 1660 marginem
774 1621 892 1654 orbitae
915 1617 1001 1653 oculi
1013 1617 1054 1653 fi-

1946 205 2041 255 297

1107 272 1196 308 nistri
1220 271 1400 306 sauciatur.
1426 272 1456 305 A
1490 271 1620 305 vulnere
1653 266 1740 302 cadit
1763 276 1771 300 :
1806 265 1925 301 cessant
1956 269 2104 301 omnium

1107 316 1301 350 interiorum
1335 314 1480 349 sensuum
1515 313 1728 348 funfflones:
1762 321 1826 344 non
1858 311 2007 352 loquitur
2030 333 2039 343 .
2070 310 2104 343 Si

1107 360 1281 394 nonnullos
1303 358 1506 392 convulfivos
1540 367 1646 390 motus
1669 356 1829 396 excipiam
1853 352 2020 387 vixullum
2034 363 2107 385 mo-

1107 413 1158 437 tus
1182 402 1338 436 indicium
1360 402 1415 435 dat
1437 412 1451 440 ‚·
1477 409 1519 434 vut
1543 411 1617 433 cum
1654 398 1822 441 specillum
1843 398 1876 430 in
1902 396 2019 429 vulnus
2042 397 2105 427 im-

1108 448 1275 484 mittitur,
1300 446 1438 487 aliquem
1462 443 1583 478 doloris
1606 441 1728 476 senium
1752 441 1912 475 ostendit.
1936 440 1975 471 In
1997 437 2107 480 singu-

1106 490 1150 523 las
1174 487 1266 522 horas
1290 488 1508 530 respirationis
1534 496 1640 521 motus
1664 494 1818 528 augetur.
1846 481 2028 516 Novissime
2052 481 2109 514 de-

1106 533 1233 567 ficiente
1256 531 1345 575 pulsu
1362 553 1372 569 ,
1393 532 1479 565 circa
1502 530 1616 564 horam
1639 531 1679 563 ab
1702 538 1835 571 accepto
1860 527 1989 560 vulnere
2020 524 2111 558 deci·-

1109 587 1193 609 mam
1219 577 1376 608 moritur.
1469 586 1472 588 ·
1509 574 1734 608 CEREBRO
1757 584 1772 605 e
1796 572 1909 605 cranio
1931 575 2109 611 exempto,

1111 619 1304 663 specilloque
1328 619 1361 652 in
1382 617 1523 651 exterius
1545 613 1995 652 vulnerisorificiumindito‚
2019 622 2112 645 com-

1110 672 1238 705 pertum
1271 663 1314 696 est
1336 685 1347 702 ‚
1384 660 1554 694 secundum
1586 661 1668 693 latus
1702 658 1804 692 ferme
1835 655 1906 690 offis
1939 652 2112 698 Spongiofi

1111 707 1290 748 Superioris
1313 704 1418 744 ensem
1442 706 1475 736 in
1499 704 1602 736 cranii
1626 712 1755 736 caveam
1787 697 1953 743 perrexisse
1977 712 1984 730 τ
2019 696 2110 741 quod

1109 752 1140 782 &
1164 748 1344 790 fragmenta
1367 746 1448 781 offea
1473 748 1507 779 in
1531 745 1611 784 hac,
1636 749 1669 778 ὅ(
1692 744 1857 778 vulnerata
1880 741 2000 775 ibidem
2022 751 2113 774 cere-

1109 793 1161 826 bri
1185 792 1355 826 substantia
1379 789 1611 824 confirmarunt
1627 813 1634 820 .
1659 787 1777 830 Qoad
1801 797 1908 820 autem
1931 786 2045 819 vulnus
2058 793 2112 826 per

1110 836 1278 869 cerebrum
1302 833 1523 877 procederet,
1552 832 1668 867 frustra
1693 831 1818 874 specilli
1842 841 1903 871 ope
1942 826 2115 870 quaefitum

1109 879 1204 919 esset,
1226 878 1318 920 quod
1339 878 1382 911 ob
1405 876 1529 910 cerebri
1553 876 1729 910 mollitiem
1753 885 1842 917 aeque
1866 883 1963 906 novas
1988 870 2114 907 facere,

1109 933 1208 964 quarn
1231 922 1347 956 fatiam
1370 920 1536 955 ostendere
1558 921 1645 953 viam
1677 918 1778 961 posset
1803 943 1810 949 .
1846 918 1987 962 Dempta
2010 916 2114 964 igitur

1111 967 1203 999 Dura
1225 967 1371 1008 meninge
1386 989 1395 1004 ,
1417 966 1448 996 &
1473 964 1528 997 Pia
1552 961 1787 999 animadversa,
1811 972 1881 1003 quae
1894 959 1926 992 in
1946 960 2119 1001 sincipite,¹

1111 1007 1324 1045 inflammatae
1346 1008 1440 1042 instar
1466 1007 1565 1048 partis
1590 1030 1599 1045 ,
1635 1006 1786 1048 sanguine
1820 1003 1969 1046 turgebat
1998 1023 2008 1040 ‚
2038 1008 2118 1035 tum

1113 1054 1301 1088 ventriculis
1324 1050 1528 1084 Lateralibus
1551 1051 1688 1092 apertis,
1710 1049 1744 1081 in
1777 1056 1916 1089 utroque
1947 1053 2118 1079 concretus

1112 1094 1263 1140 sanguis,
1285 1095 1343 1138 qui
1367 1106 1383 1127 e
1406 1093 1509 1130 vafis‚
1536 1092 1630 1127 facile
1653 1091 1726 1135 ipso
1751 1092 1882 1125 vulnere
1916 1089 2042 1131 ruptis,
2065 1085 2120 1121 ef-'

1112 1137 1272 1177 fluxerat,
1296 1137 1484 1178 conspectus
1508 1136 1551 1170 est
1574 1161 1581 1170 .
1616 1137 1667 1169 Ex
1689 1137 1729 1168 iis
1753 1133 1937 1168 redundasse
1961 1134 1994 1182 in
2018 1141 2120 1177 quar⁴

1111 1190 1181 1219 tum
1205 1181 1442 1217 ventriculum,
1466 1191 1539 1213 nam
1561 1180 1595 1212 in
1620 1179 1682 1213 hoc
1705 1189 1835 1221 quoque
1857 1184 2002 1211 occurrit
2033 1173 2119 1216 ejusv

1112 1229 1202 1262 modi
1226 1226 1373 1267 sangui53
1398 1222 1591 1257 videbatur.

1155 1274 1211 1304 60.
1239 1269 1349 1302 Habes
1372 1266 1534 1301 Valsalvae
1556 1265 1831 1301 Observationes,
1856 1262 1919 1297 hoc
1942 1264 2041 1296 etiam
2053 1272 2121 1295 ma-

1113 1317 1163 1358 gis
1186 1310 1456 1348 commendandas
1480 1335 1488 1350 ,
1519 1311 1605 1353 quod
1638 1311 1672 1343 in
1706 1307 1859 1342 omnibus
1895 1305 1992 1339 ferme
2017 1302 2085 1338 dies
2108 1314 2125 1344 ‚¹

1113 1359 1241 1392 horaeve
1266 1357 1429 1390 adnotatae
1454 1353 1549 1393 sunt,
1575 1354 1693 1396 quibus
1716 1362 1769 1386 aut
1794 1350 2039 1392 symptomata,
2064 1359 2124 1383 aut

1113 1413 1198 1436 mors
1221 1400 1384 1442 inguerit:
1407 1397 1496 1439 quod
1520 1395 1573 1430 etii
1598 1396 1736 1430 Medicis
1751 1419 1760 1433 ,
1783 1392 2017 1435 Chirurgisque
2041 1390 2122 1427 scire

1113 1445 1253 1487 perutile
1275 1441 1339 1480 est3
1364 1450 1469 1474 tame-n
1493 1442 1527 1473 in
1552 1440 1691 1474 aliorum
1716 1438 1867 1481 plurimis
1881 1437 2124 1470 defiderantur.

1112 1488 1243 1522 Nostrae
1265 1497 1343 1521 vero
1367 1495 1407 1517 ne
1430 1485 1707 1527 numeroquidern
1732 1482 1805 1516 sunt
1829 1492 1905 1514 cum
1930 1481 2017 1513 illius
2030 1491 2124 1512 com-

1113 1532 1263 1575 parandae
1289 1554 1296 1562 .
1332 1530 1491 1562 Attamen
1504 1528 1592 1573 ,quia
1616 1526 1690 1560 satis
1715 1526 1843 1566 prolixa
1869 1523 1937 1560 haec
1972 1523 2126 1566 Epistola.

1109 1577 1176 1614 est,
1200 1577 1234 1610 in
1259 1572 1442 1621 proximam
1465 1571 1672 1618 rejicientur.
1697 1570 1804 1604 Vale.

119 1813 646 1906 EPlsToLA
701 1789 1877 1906 ANATOMtco-MEDICA
1945 1826 2113 1896 Liri

444 1987 529 2039 De
565 1988 881 2044 Vulneribus
918 2028 936 2052 ‚
984 1990 1041 2043 ὃς
1074 1988 1270 2040 Ictibus
1304 1982 1514 2051 Capitis
1547 1982 1729 2037 Sermo

923 2055 1212 2110 absolvitur
1238 2089 1251 2101 .

186 2189 264 2223 UAE
288 2189 327 2223 ad
349 2188 476 2231 Capitis
497 2187 664 2226 Vulnera,
691 2188 843 2230 ICtusque
867 2187 1029 2230 pertinent
1050 2211 1064 2228 ,

198 2232 350 2267 historias
373 2232 510 2274 reliquas
521 2229 571 2263 his
584 2232 718 2265 Litteris
731 2230 953 2273 propofiturus
965 2254 972 2268 ,
986 2242 1066 2265 eun-

204 2277 276 2310 dem
299 2287 395 2319 quem
418 2275 638 2318 superioribus
653 2300 663 2315 ‚
685 2275 830 2308 ordinem
842 2275 1063 2312 conservabo,

50 2321 184 2354 initium
207 2321 247 2354 ab
270 2320 335 2353 illis
358 2319 474 2352 ducens
497 2320 530 2350 in
555 2318 672 2358 quibus
703 2319 848 2351 calvariae
882 2317 967 2352 laefio
1003 2328 1060 2352 aut

52 2363 244 2403 nulla,-aut
268 2373 353 2397 certe
377 2361 526 2395 leviffima
549 2359 632 2395 fuit.
658 2361 748 2393 Nam
768 2362 822 2394 etii
834 2362 944 2395 Celsus
966 2364 980 2401 (
1001 2373 1020 2394 a
1038 2362 1058 2403 )

51 2418 147 2447 raro,
172 2409 218 2440 ait
242 2429 252 2445 ‚
287 2406 409 2440 evenire
433 2430 443 2445 ,
474 2411 512 2438 ur
534 2415 568 2438 os
590 2404 711 2445 quidem
734 2412 839 2438 totum
862 2407 895 2438 in
919 2405 1057 2439 calvaria

53 2451 207 2492 integrum
231 2457 355 2483 manea-t
378 2471 388 2487 ,
421 2449 508 2482 intus
530 2457 603 2480 vero
625 2458 664 2481 ex
686 2447 750 2480 ieta
781 2458 860 2482 vena
894 2448 1000 2490 aliqua
1023 2449 1057 2481 in

51 2493 169 2526 cerebri
191 2491 368 2526 membrana
391 2497 577 2533 rumpatur;
598 2489 748 2533 frequens
781 2501 888 2525 tamen
922 2490 1057 2525 cadave-

50 2547 123 2571 rum
148 2536 246 2569 sectio
270 2536 410 2578 posteros
431 2535 545 2568 docuit
559 2556 571 2572 ‚
595 2533 721 2576 integro
733 2533 819 2573 osse,
844 2534 981 2578 persaepe
996 2536 1056 2568 ali-

51 2580 132 2623 quid
144 2578 320 2621 ejusmodi,
346 2588 400 2613 aut
416 2579 514 2611 etiam
527 2579 654 2619 gravius
668 2576 809 2612 accidere
821 2603 829 2610 .
854 2578 955 2619 Qod
975 2578 1056 2611 Val-

50 2623 192 2663 salvam,
214 2622 277 2657 suis
298 2621 545 2658 diffeffionibus
559 2620 729 2657 edoemrn,
751 2624 783 2654 &
806 2621 872 2664 ipse
895 2623 1058 2655 dicentem

53 2665 192 2704 audivi,
217 2669 247 2700 δι
270 2675 306 2699 tu
327 2664 467 2709 potuisti
490 2675 530 2697 ex
563 2663 694 2702 iisdem,
718 2666 802 2698 inter
826 2666 943 2707 primas
965 2666 1057 2706 supe-

51 2711 148 2744 rioris
171 2710 327 2752 Epistolae
350 2709 540 2751 descriptis,
563 2706 776 2749 cognoscere.
802 2708 854 2742 Ad
866 2719 942 2751 quas
962 2707 1057 2742 addes

51 2761 169 2796 praeter
192 2762 244 2786 tot
269 2753 343 2785 alias
365 2763 443 2793 quas
467 2749 707 2793 Sepulchreturn
719 2751 864 2790 versans,
888 2749 1056 2792 offendes,

53 2798 110 2832 has
135 2793 235 2830 etiam
259 2806 329 2837 quae
354 2796 504 2837 protinus
527 2793 759 2836 subjicientur.

98 2838 344 2887 2.,MULIER
367 2848 464 2871 annos
476 2845 550 2870 nata
573 2837 885 2881 adquinquaginta,
908 2837 1052 2879 plurium

50 2883 228 2916 liberorum
252 2890 379 2922 mater,
402 2882 554 2923 pinguior
577 2880 744 2922 aliquanto
768 2893 866 2924 quam
898 2880 1052 2922 agrestes,

50 2926 156 2969 qualis
180 2922 249 2965 ipsa
272 2934 361 2962 erat,
386 2926 544 2966 pleraeque
575 2923 632 2957 esse
666 2925 814 2958 mulieres
848 2925 951 2958 solent
975 2949 983 2964 ‚
1016 2927 1051 2958 in

48 2969 166 3004 foffam
189 2968 325 3008 cadens,
345 2968 479 3001 alterurn
504 2965 663 3008 fincipitis
689 2967 772 3001 latus
795 2968 834 3002 ad
869 2967 1050 3010 praeduram

49 3013 185 3056 glaciem
209 3010 368 3047 alliserat,
393 3011 516 3044 medius
539 3012 624 3043 enirn
647 3019 712 3043 erat
737 3010 849 3045 mensis
874 3011 1052 3044 December

48 3059 94 3089 A.
121 3066 216 3098 1725.
242 3054 296 3087 Ab
319 3064 356 3086 eo
381 3054 446 3087 ietu
468 3053 596 3087 allisum
620 3065 655 3087 os
680 3055 835 3088 retectum
869 3053 974 3088 fuerat
1010 3053 1050 3088 ad

49 3100 132 3133 duos
154 3097 257 3133 tresve
280 3097 424 3138 digitos.
448 3096 547 3137 Qod
574 3098 617 3130 ob
632 3097 747 3131 vulnus
762 3097 795 3130 in
809 3097 1049 3131 Nosocomium

50 3141 113 3178 hoc
139 3145 244 3176 venit:
270 3141 381 3183 ibique
404 3140 489 3188 nulla
514 3140 670 3183 paralysi,
702 3141 789 3174 nulla
823 3138 1051 3178 convulsione,

48 3187 142 3220 nullo
163 3187 309 3229 graviore
332 3184 497 3227 praegresso
529 3185 763 3226 symptomate3
788 3185 842 3217 vix
874 3186 960 3217 enirn
994 3185 1052 3217 ali-

48 3241 149 3272 quam
173 3228 310 3263 senserat
336 3227 486 3260 vomendi
501 3227 731 3266 voluntatem,
756 3227 895 3261 infirmis
917 3238 974 3260 nec
999 3229 1051 3266 yi-

48 3274 161 3310 ribus,
185 3284 242 3307 nec
265 3269 427 3313 pulfibus,
451 3280 577 3312 repente
611 3271 702 3304 arido
724 3293 734 3309 ,
768 3283 801 3305 ac
832 3270 936 3304 livido
961 3270 1050 3304 fa&o

47 3317 180 3350 vulnere
194 3341 203 3354 ,
228 3313 378 3359 postridie
396 3334 405 3350 ‚
426 3315 483 3354 qui
507 3313 692 3349 undecimus
714 3325 780 3347 erat
803 3326 844 3348 ex
867 3326 932 3356 quo
965 3315 1048 3348 ceci-

48 3359 160 3397 derat,
182 3359 269 3398 diCS,
296 3358 442 3391 interiit.
573 3358 829 3395 CADAVER;
852 3358 909 3391 etsi
922 3357 1048 3399 praefri-

47 3403 125 3446 gida
147 3403 203 3436 illa
226 3401 433 3442 tempestate,
454 3402 489 3435 δέ
512 3401 633 3442 viginti
656 3411 798 3442 quatuor
818 3423 831 3441 ³
864 3400 949 3434 haud
981 3412 1047 3433 am-

46 3448 152 3490 plius,
177 3445 219 3479 ab
241 3445 337 3478 obitu
363 3441 453 3477 horis
474 3444 595 3480 incidi;
619 3454 712 3485 grave
735 3444 842 3478 olebat
865 3444 943 3478 adeo
964 3466 974 3481 ,
1009 3452 1046 3476 ut

48 3493 136 3524 intra
158 3489 244 3522 diem
269 3500 369 3522 unum
392 3486 608 3520 disseffionem
630 3499 758 3521 omnem
784 3487 943 3521 absolvere
972 3498 1046 3520 coa-

48 3536 118 3568 &us
139 3533 213 3567 sim.
238 3533 332 3565 Plura
355 3540 462 3564 tamen
487 3530 640 3564 adnotavi
663 3543 733 3571 quae
757 3540 829 3564 turn
852 3530 890 3564 ad
912 3540 1046 3564 natura-

48 3580 138 3616 lem,
158 3587 233 3611 tum
255 3576 293 3609 ad
316 3575 511 3609 contrariam
537 3575 709 3607 attinerent
742 3574 1010 3608 constitutionem
1033 3598 1043 3607 .

131 3619 298 3663 Morgagni
319 3619 353 3651 de
367 3618 435 3650 Sed.
460 3617 602 3659 &Caufi
612 3616 712 3649 Morb.
730 3617 891 3652 Tom.II.

190 3771 295 3797 Earund.
312 3773 382 3797 Cent.
398 3771 424 3793 6.
440 3768 498 3794 obs.
516 3776 552 3800 54.

614 3770 630 3800 (
645 3778 662 3795 u
676 3770 692 3799 )
707 3771 730 3795 n·
747 3775 786 3797 47·

195 3807 231 3830 De
245 3801 336 3828 Medic.
352 3804 371 3828 1.
388 3802 412 3826 8.
428 3807 449 3825 c.
465 3807 491 3830 4.
606 3804 609 3806 ·

103 3775 179 3834 ξε),

1116 2186 1198 2220 Haec
1222 2185 1320 2218 altera
1341 2184 1512 2219 dumtaxat
1525 2182 1686 2219 referam:
1712 2186 1750 2220 In
1762 2185 1889 2219 Ventr‘e
1913 2182 2120 2217 contraecurn

1116 2237 1310 2268 omentum,
1334 2229 1531 2262 ventriculus
1553 2228 1688 2270 oblique
1711 2230 1811 2263 nimis
1834 2225 2035 2260 dextrorsum
2070 2227 2124 2259 in.-

1115 2274 1275 2305 clinatus.
1301 2272 1366 2305 Sub
1390 2285 1428 2305 eo
1451 2272 1560 2305 Colon
1584 2272 1772 2306 intestinum
1798 2282 1862 2304 non
1895 2271 1928 2302 in
1962 2269 2122 2303 transver-

1116 2316 1185 2349 sum
1209 2327 1336 2355 means,
1359 2314 1409 2349 sed
1432 2314 1579 2348 deorsum
1602 2326 1772 2349 curvatum
1788 2338 1797 2353 ,
1820 2314 1969 2355 idemque
1993 2314 2032 2346 ab
2056 2315 2122 2346 ini-

1113 2361 1165 2393 tio
1188 2359 1226 2392 ad
1249 2369 1456 2392 curvaturam
1479 2356 1561 2391 hanc
1584 2358 1680 2400 usque
1704 2360 1884 2400 plurimum
1907 2357 2079 2389 dilatatum
2106 2380 2121 2397 ‚

1112 2405 1145 2436 &
1168 2403 1290 2436 livens.
1305 2404 1414 2445 AEquo
1437 2403 1568 2443 longior
1590 2401 1654 2434 lien
1668 2426 1675 2433 .
1701 2402 1810 2435 Testes
1821 2411 1885 2434 non
1910 2400 2010 2433 modo
2021 2401 2085 2432 albi
2102 2425 2116 2440 ,

1110 2446 1207 2486 duri,
1230 2447 1402 2486 inaequales
1417 2470 1426 2486 ‚
1449 2444 1500 2478 sed
1523 2445 1557 2477 in
1582 2455 1693 2478 eorum
1717 2446 1819 2480 altero
1841 2446 1940 2477 latens
1965 2443 2004 2477 ad
2040 2455 2118 2478 cen-

1110 2499 1200 2523 trum
1224 2489 1451 2531 corpusculum
1476 2487 1585 2521 album
1607 2511 1617 2526 ,
1653 2488 1888 2522 subrotundum
1910 2509 1923 2526 ,
1956 2484 2056 2520 ferme
2082 2490 2116 2520 δε

1109 2544 1225 2567 cavum
1240 2556 1249 2571 ‚
1274 2535 1305 2565 &
1327 2531 1594 2574 cartilagineum.
1619 2533 1726 2565 Tubae
1738 2533 1838 2565 ambae
1862 2529 1987 2565 duobus
2010 2530 2116 2563 trans-

1109 2577 1205 2609 versis
1227 2575 1310 2608 infra
1336 2576 1436 2618 majus
1459 2574 1620 2608 orificium
1643 2575 1759 2617 digitis
1783 2574 2114 2618 prorsusimperviae:

1109 2618 1244 2662 Vagina
1267 2621 1354 2652 intus
1380 2620 1564 2661 nigricans,
1586 2621 1617 2650 δε
1642 2620 1678 2652 ad
1703 2620 1801 2652 imam
1829 2617 1892 2651 fere
1917 2618 2113 2651 anteriorem

1110 2673 1235 2705 partem
1259 2663 1347 2704 quasi
1372 2663 1411 2696 ab
1434 2666 1498 2695 acri
1529 2661 1668 2696 humore
1702 2661 1809 2696 erosa.-
1833 2659 2014 2702 cujusmodi
2040 2673 2114 2694 ero-

1107 2705 1154 2739 fio
1187 2708 1221 2739 in
1257 2707 1359 2739 altero
1389 2716 1520 2749 quoque
1544 2705 1641 2739 latere
1672 2707 1807 2740 cervicis
1848 2705 1931 2738 uteri
1966 2704 2113 2737 animad-

1108 2750 1315 2783 vertebatur.
1447 2750 1485 2781 In
1510 2748 1663 2782 Thorace
1676 2750 1977 2790 pulmonesatergo
2003 2749 2111 2789 perni-

1107 2794 1180 2834 gri.
1206 2795 1276 2825 Cor
1300 2793 1429 2830 laxum,
1454 2790 1622 2834 pluresque
1644 2794 1677 2824 in
1703 2791 1769 2834 ejus
1792 2791 1978 2824 ventriculis
2011 2791 2110 2833 poly-

1106 2835 1194 2877 posae
1216 2838 1455 2869 concretiones.
1482 2834 1565 2867 Vasa
1580 2859 1590 2874 ‚
1616 2845 1650 2868 ut
1674 2837 1705 2868 &
1727 2836 1760 2867 in
1787 2835 1912 2876 reliquo
1925 2833 2032 2875 paffim
2056 2845 2110 2868 ca-

1103 2879 1216 2913 davere
1231 2902 1240 2917 ,
1266 2879 1370 2912 multo
1394 2878 1546 2920 sanguine
1578 2877 1714 2911 referta.
1849 2879 1888 2910 ln
1912 2879 2031 2918 Capite
2053 2877 2110 2911 de-

1103 2934 1217 2963 mum,
1240 2934 1275 2955 os
1299 2922 1453 2963 fincipitis
1476 2931 1538 2962 qua
1572 2921 1696 2954 allisum
1723 2920 1825 2955 fuerat
1849 2943 1861 2960 ,
1891 2920 1983 2954 intus
2007 2942 2016 2958 ,
2050 2932 2107 2954 ex-

1103 2975 1219 3009 traque
1241 2965 1399 3002 lividum3
1422 2964 1507 2997 nulla
1534 2972 1640 2997 tamen
1654 2966 1735 2998 rima
1760 2964 1886 2997 fissum.
1910 2964 2106 3004 Meninges‚

1103 3009 1163 3043 sub
1185 3010 1304 3052 quibus
1332 3019 1397 3041 non
1420 3018 1477 3050 pus
1501 3030 1510 3045 ‚
1548 3016 1602 3040 aut
1627 3009 1751 3049 languis
1774 3032 1783 3047 ‚
1818 3006 1869 3040 sed
1902 3018 1982 3049 aqua
2004 3006 2105 3046 effusa

1103 3062 1193 3092 erat,
1215 3065 1276 3094 qua
1302 3061 1392 3093 parte
1416 3050 1763 3091 respondebantlivido
1775 3051 1852 3089 offi,
1877 3050 1951 3091 ipsae
1973 3061 2104 3094 quoque

1101 3108 1139 3129 ex
1162 3094 1318 3130 subviridi
1341 3094 1484 3128 livebant
1507 3119 1516 3128 .
1551 3094 1602 3128 Sic
1635 3106 1674 3127 eo
1707 3104 1835 3128 tantum
1868 3093 1942 3127 loco
1964 3096 1995 3125 δι
2020 3105 2105 3128 cere-

1102 3141 1198 3174 brum
1222 3140 1323 3171 livore
1345 3137 1493 3171 affectum
1515 3146 1605 3177 erat,
1627 3149 1692 3171 non
1717 3138 1813 3171 altius
1838 3146 1943 3170 tamen
1975 3136 2104 3170 descen-

1104 3182 1199 3216 dente
1214 3207 1224 3222 ,
1246 3193 1345 3225 quam
1367 3181 1405 3215 ad
1426 3181 1550 3222 digitos
1572 3181 1673 3215 duos.
1698 3183 1810 3214 Foetor
1833 3191 1907 3214 cum
1930 3180 2064 3213 aliarum
2093 3206 2104 3223 ‚

1101 3237 1138 3262 ut
1149 3227 1218 3260 dixi
1231 3250 1239 3263 ‚
1264 3226 1431 3266 partium,
1455 3233 1526 3257 tum
1539 3224 1653 3258 harum
1668 3225 1844 3267 praesertim
1857 3246 1867 3261 ,
1892 3232 1959 3256 erat
1973 3225 2101 3264 gravis.

1142 3281 1174 3313 3.
1200 3267 1308 3302 VIRI
1329 3268 1387 3310 qui
1416 3268 1536 3309 pariter
1559 3279 1597 3301 ex
1620 3268 1688 3301 alto
1711 3267 1889 3304 ceciderat,
1912 3275 2007 3308 caput
2032 3278 2101 3301 me-

1101 3314 1183 3348 mini
1205 3310 1296 3345 fuisse
1321 3311 1358 3345 ad
1383 3321 1433 3344 me
1456 3311 1589 3346 allatum
1620 3313 1663 3344 A.
1690 3322 1784 3353 1722.
1916 3309 2100 3344 CALVA-

1098 3357 1183 3391 RIA
1207 3366 1280 3389 cum
1304 3354 1379 3387 esset
1404 3365 1460 3388 nec
1483 3354 1603 3391 frasta,
1628 3365 1685 3388 nec
1708 3354 1772 3387 fissa
1787 3375 1797 3391 ‚
1819 3352 1885 3386 fere
1897 3351 2027 3387 eandem
2050 3363 2100 3387 ta-

1099 3411 1171 3434 men
1195 3398 1436 3439 &meningum
1452 3422 1462 3438 ,
1482 3401 1515 3432 &
1537 3397 1662 3432 cerebri
1686 3397 1754 3441 ipsa
1789 3407 1917 3439 quoque
1949 3396 2099 3432 exhibuit

1096 3441 1365 3478 constitutionem
1378 3465 1387 3473 .

1139 3502 1169 3524 4.
1196 3486 1220 3518 F
1242 3488 1289 3520 GE
1312 3484 1349 3516 Μ
1373 3485 1390 3517 Ι
1411 3483 1447 3517 N
1467 3484 1498 3516 A
1528 3484 1717 3527 paupercula
1741 3510 1750 3525 ,
1795 3482 1983 3526 subpinguis
2003 3506 2013 3521 ,
2057 3496 2099 3519 ex

1095 3530 1207 3564 dolore
1241 3526 1340 3561 amiffi
1366 3551 1376 3567 ,
1418 3538 1494 3561 cum
1539 3526 1606 3567 ipsa
1649 3527 1757 3570 junior
1799 3528 1898 3559 etiam
1943 3534 2014 3561 tum
2048 3528 2097 3560 es-

1097 3574 1142 3607 set
1165 3596 1178 3613 ‚
1210 3572 1318 3608 mariti
1341 3593 1354 3610 ,
1391 3581 1496 3604 amens
1542 3570 1626 3604 faCta
1648 3593 1658 3609 ,
1705 3583 1722 3604 a
1764 3571 1872 3614 paucis
1915 3571 2004 3603 annis
2048 3572 2096 3606 ita

1664 3616 1688 3647 P
1710 3625 1731 3657 p
1995 3625 2051 3656 per

1629 3701 2090 3716 —am—-q

847 3771 862 3801 (
877 3778 892 3795 x
907 3769 921 3800 )
936 3768 1060 3799 sepulchr.
1079 3768 1140 3794 Sest.
1158 3768 1204 3794 hac
1214 3774 1237 3799 3.
1255 3766 1314 3792 obs.
1331 3774 1352 3797 3.
1370 3767 1397 3797 §·
1416 3775 1460 3797 13.
