2498 4075
352 229 516 297 '‘Epist-
553 230 715 288 Anat.
749 228 959 288 Medica
993 226 1261 289 XXXIX.
1295 225 1412 285 Art.
1432 232 1506 292 32.
1528 228 1675 301 33.&
1699 241 1778 293 34:

80 316 173 352 fffius
195 311 421 354 cruciabatur3
445 322 551 350 tamen
572 309 622 347 his
645 319 734 348 antea
755 308 905 348 cartusie,
930 321 989 354 pro
1012 319 1080 347 cer-

84 371 122 395 to
145 367 209 391 non
234 355 321 392 scio,
934 358 936 360 ’

129 411 178 444 3²-
203 398 305 441 Quod
330 407 437 434 autem
462 409 526 432 non
548 396 679 437 haberet
703 395 756 434 hic
781 421 790 436 ,
814 405 851 431 ut
874 395 1051 439 Episcopus
1074 419 1083 434 ,

82 443 232 478 intestina
254 442 422 479 dumtaxat
445 442 670 483 conglutinata
691 463 702 479 ‚
724 439 775 473 sed
800 450 854 482 per
877 439 1085 476 substantiam

84 485 173 531 quasi
196 486 439 527 cartilagineam
461 486 545 521 inter
568 484 596 516 se
619 493 721 524 nexa‚·
744 483 776 520 id
790 493 892 524 neque
916 482 997 515 mihi
1024 482 1085 514 mi-

83 542 158 563 rum
181 529 224 563 est
248 530 303 571 qui
329 530 446 572 pariter
470 529 539 569 post
563 526 690 559 ascitem
715 528 747 559 iel
772 526 934 565 viderim,
958 536 993 559 ut
1015 525 1084 558 dixi

82 574 136 616 (g
157 574 172 611 )
196 596 206 613 ,
236 582 311 605 cum
335 571 481 608 Valsalva
506 595 515 610 ‚
550 581 649 611 neque
672 571 819 611 ignorem
841 593 848 606 ,
872 570 1085 612 peritonaeum

81 615 188 658 ipsum
209 636 220 653 ‚
252 614 342 658 cujus
363 615 490 648 demum
514 613 684 656 produfflo
707 611 750 646 est
774 613 890 645 extima
916 610 1086 644 intestino-

84 670 156 692 rum
193 661 299 696 tunica
324 681 334 696 ‚
366 658 399 689 in
422 656 614 699 hydropicis
650 657 738 690 valde
772 653 983 694 crassescere,
1016 655 1085 686 imo

84 702 235 743 temporis
261 699 399 744 suet-effu
420 699 654 742 cartilagineam
684 700 832 732 duritiem
855 699 1010 740 acquirere
1042 707 1081 729 ex

83 745 307 778 observatione
331 744 419 779 Pauli
444 743 594 779 Barbette
619 746 628 782 (
653 741 672 775 h
691 747 728 783 ),
751 743 807 784 qui
830 741 862 775 id
882 764 890 777 ,
914 749 950 774 ut
974 741 1006 773 in
1024 749 1079 781 pa„

83 787 228 829 racentefi
251 786 424 820 abdominis
439 785 525 828 scitu
549 783 744 828 necessarium
757 806 768 824 ,
793 783 961 821 admonuit
988 808 995 816 .
1022 781 1082 816 Sed

84 834 115 864 &
139 829 202 868 sine
225 829 319 864 ascite
344 840 398 872 per
420 828 497 863 dura
523 828 681 870 ejusmodi
706 829 831 866 vincula
854 827 1002 860 intestina
1027 826 1081 859 ali.

84 874 213 915 quando
246 873 396 906 conneRi
422 895 431 910 ‚
467 873 606 915 Saporiti
643 870 840 907 Observatio
870 870 965 910 docet
998 868 1082 910 apud

84 916 342 955 Vallisnerium(
368 916 379 948 i
401 918 432 954 ).
458 916 638 953 Invenimus
652 913 792 953 intestina
803 912 902 958 Craffa
918 941 926 954 ,
951 913 1082 955 inquit,

81 959 234 1001 praecipue
256 959 308 992 ubi
331 961 362 994 in
384 959 502 992 vicinia
526 955 842 1000 Duodeniflebi‘untur
860 982 867 996 ,
890 957 1001 993 mediis
1010 964 1084 996 pro-

84 1001 271 1036 tuberantiis
293 1001 411 1043 callofis
434 1002 592 1041 invicem,
616 1001 659 1034 Θ
680 1010 751 1033 cum
776 998 990 1041 adjacentibus
1014 1008 1083 1030 con·

78 1043 234 1086 solidata,
259 1054 295 1079 ut
318 1045 479 1088 obscurum
501 1042 572 1087 esser
595 1054 689 1078 unum
700 1043 738 1075 ab
761 1042 861 1076 altero
879 1041 1061 1083 distinguere
1074 1063 1083 1079 ,

83 1087 145 1124 Θ,
169 1090 247 1129 quoa
264 1089 354 1130 p'ejus
378 1096 466 1125 erat,
490 1097 593 1121 eorum
610 1085 815 1129 substantiam
838 1085 877 1118 ad
899 1083 992 1124 instar
1026 1084 1084 1117 du-

84 1130 223 1172 riusculae
248 1131 445 1174 cartilaginis
465 1139 637 1174 concretam
657 1151 666 1166 ‚
691 1129 732 1162 ά]-
754 1127 882 1171 craffam
905 1154 913 1165 ‚
937 1136 973 1165 ut
997 1127 1084 1166 nulla

78 1169 150 1215 fere
173 1175 297 1207 cavitas
319 1174 453 1216 amplius
470 1171 635 1215 supereffet
650 1197 657 1204 .
680 1172 820 1209 Qualem
843 1171 1051 1206 substantiam
1074 1193 1083 1208 ,

83 1218 115 1248 δι
138 1216 313 1259 angustiam
337 1220 369 1251 in
384 1217 486 1256 Recto
510 1216 661 1250 intestino
675 1215 886 1258 deprehendit
899 1214 1086 1256 Ruyschius

81 1261 96 1297 <
118 1258 190 1301 k),
213 1272 287 1298 cum
311 1261 393 1298 illud
415 1271 519 1295 cuneo
542 1258 646 1293 ferreo
664 1281 676 1300 ,
711 1259 890 1301 malleoque
916 1259 1024 1300 ligneo
1046 1258 1087 1295 ab

83 1303 181 1337 Sacro
203 1301 268 1343 osse
291 1303 435 1339 dividere
458 1303 588 1341 coa6tus
611 1302 654 1336 est
673 1326 681 1335 .
707 1303 765 1336 Sed
788 1302 868 1339 olim
895 1302 1086 1336 Benivenius

86 1350 96 1384 (
120 1346 165 1388 l)
190 1348 415 1386 intestinorum
438 1346 524 1380 idem
551 1369 560 1384 ‚
590 1355 626 1379 ut
653 1345 806 1386 videtur,
831 1346 973 1383 vitium,
997 1343 1087 1387 quod

83 1391 118 1422 in
149 1394 279 1428 vivente
303 1389 503 1434 praesenserat
538 1401 612 1423 cum
646 1389 753 1423 alvum
785 1390 940 1432 prementi
976 1388 1086 1421 nescio

82 1433 163 1475 quid
185 1435 302 1469 durum
315 1436 531 1473 reniteretur,
556 1434 623 1475 post
647 1433 931 1469 obituminvenit.
957 1433 1087 1465 Aliam-

83 1486 146 1517 que
184 1490 222 1512 ex
266 1479 419 1512 Hollerio
459 1477 730 1513 Observationem
771 1474 895 1518 profert
935 1477 1086 1509 Donatus

81 1521 96 1557 (
118 1532 148 1554 m
172 1524 207 1564 ),
229 1521 368 1565 aliasque
391 1533 430 1555 ex
453 1520 524 1554 aliis
535 1521 724 1562 Stalpartius
747 1521 761 1559 (
783 1529 803 1551 n
824 1521 857 1558 ).
881 1518 1086 1561 Apudquem

82 1565 97 1603 (
120 1575 135 1597 ⁰
157 1568 171 1605 )
194 1578 269 1603 curn
291 1566 435 1606 exempla
466 1565 649 1601 indicantur
671 1562 830 1605 ejusmodi
866 1563 964 1595 etiam
986 1562 1088 1595 coali-

82 1619 135 1642 tus
156 1632 168 1649 ,
199 1612 255 1652 qui
281 1606 390 1646 referri
424 1607 461 1641 ad
483 1618 557 1640 eum
590 1605 682 1648 poffit
705 1617 802 1648 quem
835 1605 874 1644 ad
908 1614 1088 1642 extremam

82 1653 161 1690 Coli
184 1663 307 1695 partem
330 1653 364 1686 in
378 1649 541 1687 Monacho
566 1650 677 1682 nostro
700 1650 870 1685 inventurn
894 1649 984 1686 dixi,
1011 1650 1088 1682 alia-

81 1708 145 1739 que
167 1696 296 1738 insuper
319 1703 431 1728 extent
466 1694 499 1726 in
524 1692 734 1735 Sepulchreto
758 1696 771 1732 (
791 1702 813 1734 p
836 1697 846 1732 )
869 1706 878 1730 ς
912 1703 977 1726 non
1002 1691 1090 1730 aliud

81 1739 195 1777 addam
210 1762 219 1777 ‚
244 1738 300 1776 nisi
325 1737 387 1771 hoc
411 1748 518 1774 tamen
542 1736 699 1777 peculiare
720 1737 753 1768 in
769 1735 933 1774 Monacho
956 1735 1090 1770 habuis-

79 1781 111 1816 se
126 1805 135 1820 ‚
158 1782 248 1826 quod
271 1782 318 1815 ibi
340 1781 450 1815 Colon
473 1792 511 1814 ex
533 1779 623 1815 fibris
644 1780 782 1813 omnino
804 1781 927 1813 carneis
950 1779 1090 1813 constare

80 1827 280 1864 videbatur:
304 1835 342 1857 an
367 1823 456 1866 quod
478 1835 518 1856 ex
541 1821 709 1866 praegresso
732 1822 836 1856 ulcere
860 1822 902 1857 sic
923 1825 1051 1857 ruberet
1077 1826 1089 1856 ἓ

81 1870 183 1911 Qod
216 1868 238 1902 fi
274 1867 369 1908 fuit;
408 1866 633 1902 intestinorum
668 1866 836 1900 doloribus
880 1876 971 1901 antea
993 1890 1006 1907 ,
1050 1875 1087 1899 ut

78 1912 335 1957 conjiciebamus
363 1937 372 1954 ,
414 1921 517 1944 carere
550 1921 615 1943 non
658 1911 765 1952 potuit
787 1935 796 1943 .
929 1910 990 1945 Sed
1018 1910 1087 1952 jam

82 1957 124 1991 ad
179 1954 337 1992 viscerum
392 1954 519 1989 alterIus
571 1954 697 1997 generis
718 1975 728 1995 2
785 1962 929 1992 tumores
975 1955 1087 1992 venia-

83 2011 176 2037 mus.

123 2055 177 2088 33,
205 2043 401 2079 MULIER
424 2043 515 2090 annis
539 2067 549 2083 ,
581 2051 618 2077 ut
641 2041 813 2078 videbatur
829 2067 838 2083 ,
871 2043 1086 2087 quadraginta

80 2099 148 2122 non
172 2088 277 2121 multo
301 2090 408 2120 minor
423 2112 430 2125 ‚
453 2098 518 2129 jam
541 2094 613 2119 ante
637 2098 755 2121 annum
780 2086 944 2131 profluvio
957 2087 1085 2130 sangui-

80 2133 131 2165 nis
155 2143 194 2165 ex
227 2131 421 2172 genitalibus
444 2131 645 2164 laboraverat
672 2156 680 2163 .
712 2131 788 2165 Hoc
812 2133 960 2164 uterinus
993 2129 1085 2164 fluor

79 2184 244 2217 exceperat
267 2198 276 2214 ,
309 2185 376 2217 quo
399 2173 508 2207 colore
526 2195 537 2212 ‚
573 2183 626 2206 aut
647 2172 747 2207 odore
769 2197 777 2211 .
799 2175 979 2212 incertum3
1004 2174 1085 2207 illud

78 2230 203 2254 certum
226 2243 235 2258 ,
270 2228 345 2251 cum
370 2216 574 2251 acerbiffimis
609 2216 808 2258 hypogastrii
826 2240 835 2254 ‚
861 2220 892 2249 ὃ(
916 2216 991 2251 huic
1014 2216 1088 2250 sub-

79 2262 239 2306 je5tarum
267 2261 417 2308 ‘partium
435 2282 445 2298 ‚
480 2260 647 2292 nocturnis
672 2259 849 2302 praesertim
875 2284 883 2300 ‚
915 2260 1087 2295 doloribus

81 2304 174 2341 fuisse
198 2305 410 2347 conjunetum
434 2328 444 2344 ‚
477 2305 509 2336 δι
530 2313 604 2336 cum
628 2312 756 2337 tumore
776 2328 785 2344 ,
809 2305 842 2337 in
866 2315 961 2344 quem
986 2315 1086 2337 unum

40 2357 43 2359 ’
79 2348 252 2389 coaluisse,
274 2347 404 2382 dicebat
429 2368 438 2383 ,
471 2346 640 2380 tubercula
663 2346 830 2388 quaedam,
852 2346 982 2389 disjecPca
1005 2347 1087 2381 olim

81 2394 116 2427 in
142 2393 249 2426 medio
284 2391 329 2433 hy
353 2390 494 2432 ogastrio
518 2390 719 2434 percipienda
743 2414 751 2423 .
774 2391 852 2424 Erat
876 2401 961 2423 nnnc
984 2393 1010 2423 is
1033 2400 1086 2424 tu-

80 2446 153 2470 mor
175 2437 208 2468 in
232 2446 268 2468 ea
291 2436 324 2477 ip
341 2445 356 2466 a
380 2434 470 2473 sede,
491 2445 531 2466 eo
554 2441 661 2466 tamen
688 2432 785 2475 usque
810 2432 977 2468 ascendens
1000 2456 1010 2471 ‚
1048 2443 1084 2467 ut

75 2480 114 2514 ab
137 2478 297 2514 umbilico
332 2478 386 2511 vix
409 2475 536 2511 duobus
569 2475 703 2510 distaret
728 2476 910 2510 transversis
932 2476 1049 2518 digitis
1069 2499 1082 2517 ‚

73 2522 288 2565 proportione
312 2520 416 2559 latus,
442 2519 520 2554 adeo
545 2521 730 2561 prominens
741 2520 948 2559 extrorsum,
973 2530 1007 2552 ut
1031 2521 1082 2555 vel

73 2568 196 2601 eminus
219 2566 254 2597 in
278 2565 390 2600 oculos
413 2565 614 2603 incurreret,
637 2562 853 2597 subrotundus
873 2585 882 2600 ‚
916 2564 1047 2606 :equalis
1070 2586 1083 2603 ‚

74 2610 97 2644 fi
124 2619 268 2651 tangeres
297 2630 309 2647 ‚
344 2609 376 2640 δι
398 2607 537 2641 renitens
559 2629 567 2636 ·
593 2606 766 2641 Affiduum
790 2606 957 2641 accesserat
981 2608 1082 2640 urinae

75 2653 275 2687 stillicidium
299 2674 309 2689 ‚
339 2650 434 2683 dolor
460 2648 675 2692 spasmodicus
700 2650 736 2683 ad
762 2661 876 2693 guttur
896 2674 905 2687 ,
933 2649 1045 2684 nausea
1065 2665 1081 2686 ·‚

78 2699 111 2730 δε
134 2697 279 2736 vomitus
302 2693 495 2735 aliquando,
520 2694 656 2732 macies,
680 2692 781 2727 febris
805 2721 812 2727 .
837 2694 967 2733 Quibus
991 2694 1083 2727 malis

78 2741 232 2773 omnibus
255 2737 295 2773 fic
308 2737 476 2772 debilitata
492 2761 500 2774 ‚
524 2739 554 2771 δὲ
577 2734 678 2771 frasta
694 2737 750 2771 sub
773 2738 908 2771 initium
929 2738 969 2771 A.
989 2747 1081 2779 1741.

78 2783 168 2816 venit
190 2783 226 2816 in
239 2781 478 2815 Nosocomium
491 2779 694 2817 Patavinum.
709 2790 745 2814 ut
759 2782 843 2815 intra
857 2780 908 2814 sex
920 2805 927 2818 ,
951 2779 1084 2822 septem-

80 2838 119 2859 ve
141 2824 208 2859 dies
231 2823 382 2858 defecerit
396 2847 406 2862 ‚
430 2825 556 2858 nemine
579 2824 749 2858 dubitante
763 2849 774 2865 ‚
796 2825 876 2867 quin
901 2835 938 2857 ex
950 2834 1085 2857 cancro-

80 2870 116 2903 so
140 2868 224 2902 uteri
246 2877 373 2901 tumore
396 2866 565 2902 deceffiffet
580 2892 587 2899 .
613 2868 657 2900 Et
672 2878 784 2901 cancer
807 2868 939 2911 quidem
954 2877 1082 2900 uterum

81 2919 124 2946 'ex
147 2920 236 2954 parte
259 2910 394 2944 eroserat
415 2921 426 2951 ,·
459 2909 510 2944 sed
534 2920 644 2944 tumor
675 2911 714 2944 ad
738 2910 844 2953 ipsum
877 2922 942 2944 non
967 2912 1085 2943 attine-

80 2957 136 2990 bat
158 2979 167 2995 ,
201 2962 237 2988 ut
262 2964 316 2995 per
339 2951 561 2987 differ-”tionem
586 2955 695 2987 inveni
717 2975 726 2989 ,
758 2956 788 2986 δι
813 2965 937 2996 magnae
962 2954 1086 2987 Dosto-

81 3010 177 3036 rum‚
202 3009 236 3031 ac
250 2995 646 3041 StudiosorumJuvenum
668 3008 796 3032 coronae
807 2996 950 3031 ostendi.

79 3041 287 3077 VENTRE
310 3040 397 3074 enim
419 3039 600 3082 patefaeto,
625 3042 782 3075 continuo
806 3041 978 3082 apparuit,
1001 3039 1080 3073 vefi-

79 3097 152 3120 cam
177 3085 270 3119 urina
293 3082 482 3123 distentam;
506 3083 539 3117 id
562 3083 651 3127 quod
677 3095 796 3124 nemo,
818 3083 939 3127 jugiter
963 3084 1051 3117 lotio·
1070 3105 1080 3121 ,

80 3140 118 3164 ut
142 3129 268 3163 dietum
291 3124 358 3163 est,
381 3126 558 3161 destillante
580 3150 593 3167 ,
626 3129 776 3161 inducere
799 3128 832 3160 in
856 3129 999 3161 animum
1024 3138 1081 3167 po-

80 3173 208 3209 tuislet3
232 3181 389 3212 magnum
409 3170 502 3203 illum
525 3179 688 3205 tumorem
703 3169 813 3205 fuisse.
838 3170 1016 3207 Coaluerat
1040 3170 1081 3202 il-

79 3218 111 3251 la
133 3215 292 3249 anteriore
315 3210 397 3246 facie
433 3212 496 3246 alte
519 3213 609 3256 supra
634 3215 751 3255 pubem
774 3225 848 3248 cum
882 3215 1003 3248 ventris
1027 3225 1080 3255 pa-

79 3259 216 3293 rietibus
239 3269 248 3291 :
282 3258 314 3290 &
337 3256 358 3290 si
394 3257 562 3291 anterioris
584 3256 724 3300 ejusdem
756 3256 849 3292 faciei
870 3280 882 3298 ‚
904 3269 939 3291 ac
963 3257 1079 3290 summi

79 3302 173 3346 fundi
195 3311 261 3335 non
284 3300 452 3334 modicum
476 3298 613 3341 spatium
636 3303 818 3343 exciperes,
842 3301 914 3335 suos
939 3300 1080 3342 reliquos

79 3347 217 3388 parietes
238 3355 347 3377 omnes
371 3353 410 3377 ex
431 3343 511 3377 dura
537 3343 671 3386 albaque
684 3343 858 3379 substantia
881 3345 979 3385 digiti
995 3343 1077 3377 cras-

78 3388 216 3423 situdine
239 3387 377 3422 habebat
401 3409 410 3424 ,
444 3396 480 3421 ut
499 3411 508 3425 ‚
541 3389 632 3422 urina
656 3388 767 3422 educta
784 3413 795 3429 ,
828 3388 1045 3430 perspeximus
1069 3412 1078 3427 ‚

77 3431 172 3475 cujus
205 3442 352 3474 magnam
375 3432 442 3463 vim
475 3431 662 3465 continebat
686 3442 751 3464 non
786 3431 944 3467 lixiviosae
968 3454 977 3470 ‚
1012 3442 1077 3465 non

62 3474 206 3519 ‚crassae‚
228 3486 292 3509 non
317 3485 412 3516 grave
443 3473 561 3507 olentis
579 3497 593 3514 ,
626 3473 676 3508 sed
700 3473 800 3509 ferme
823 3474 968 3517 aquosae.
994 3475 1078 3507 Inti-

77 3530 128 3553 ma
150 3517 256 3553 veficae
280 3517 377 3551 facies
400 3516 472 3549 sana
498 3526 584 3553 erat,
608 3518 760 3552 tenuibus
781 3519 948 3552 dumtaxat
972 3520 1002 3551 δι
1028 3529 1078 3551 ra-

73 3564 118 3596 ris
150 3561 339 3606 sanguiferis
364 3560 498 3595 vasculis
528 3560 677 3596 distincta
701 3562 864 3597 nonnullis
896 3563 1006 3602 locis;
1040 3570 1077 3596 ut

1973 240 2061 295 133

1131 306 1239 346 veficae
1262 304 1422 346 orificium
1436 329 1444 345 ‚
1470 306 1509 343 ad
1529 304 1619 349 quod
1642 305 1720 347 saepe
1742 303 1887 342 conferta
1910 301 1969 336 effe
1993 304 2093 338 solent
2115 323 2128 343 ,

1132 352 1173 384 iis
1205 349 1341 383 vasculis
1363 351 1498 384 omnino
1529 357 1648 385 careret
1674 372 1680 379 .
1708 351 1762 383 Ab
1786 347 1852 392 ejus
1874 345 1994 379 orificii
2020 346 2129 379 lateri-

1134 395 1194 432 bus
1226 393 1355 438 singulis
1377 392 1497 434 singula
1535 393 1618 428 intra
1644 391 1776 428 vesicam
1806 391 2034 434 prominebant
2058 389 2129 420 alba

1134 448 1295 479 corpora,
1319 437 1481 472 abnormis
1503 434 1633 476 figurae,
1658 436 1785 476 pollicis
1808 436 1928 476 apicem
1948 432 2130 474 aequantia‚

1136 480 1290 524 pmdudh
1315 491 1353 514 ex
1376 479 1545 513 substantia
1571 477 1733 513 urethram
1745 479 1905 513 ambiente
1927 499 1939 516 ,
1962 486 2034 518 quae
2059 474 2131 510 sub-

1134 525 1247 562 stantia
1271 521 1322 556 hic
1348 533 1412 556 erat
1435 531 1504 555 tota
1527 521 1613 558 fausta
1637 520 1784 558 craffior,
1809 523 1840 554 δι
1860 518 1961 556 dura,
1984 521 2014 551 δι
2037 518 2130 553 alba,

1134 580 1202 611 quo
1232 566 1341 600 colore
1361 565 1428 607 ipsa
1462 576 1593 608 quoque
1617 566 1704 599 intus
1742 574 1808 599 erat
1833 561 1965 597 urethra
1990 586 1999 595 .
2030 562 2132 598 Porro

1136 620 1206 649 tota
1232 610 1287 642 illa
1311 619 1472 646 ureterum
1498 619 1567 652 pars
1589 619 1659 650 quae
1684 608 1769 644 inter
1792 605 1901 644 veficae
1935 605 2133 640 membranas

1136 653 1337 691 traducitur,
1363 653 1463 694 magis
1485 662 1582 693 quam
1608 650 1687 685 solet
1707 673 1716 687 ‚
1741 653 1825 684 intra
1850 649 1984 684 vesicam
2009 648 2133 690 promi-

1132 698 1229 733 nebat
1254 700 1355 729 donec
1390 707 1421 728 tn
1446 694 1552 733 oscula
1577 693 1729 732 desineret
1760 693 1919 733 consuetis
1943 693 2097 733 ampliora
2124 704 2132 727 ;

1131 741 1283 783 valdeque
1305 739 1432 775 dilatati
1456 748 1545 771 erant
1570 740 1632 771 toti
1659 748 1815 777 meteres,
1835 747 1976 778 quorum
2000 744 2066 768 erat
2091 734 2136 767 al-

1133 795 1179 817 ter
1204 785 1310 821 lotio,
1334 783 1413 816 alter
1437 793 1505 815 aere
1528 780 1616 824 quasi
1642 781 1769 824 plenus.
1796 780 1853 817 Sed
1879 781 1909 823 &
1933 789 2064 816 renum,
2089 778 2136 809 sa-

1133 838 1251 865 norum
1274 826 1440 869 alioquin,
1465 827 1495 858 &
1519 825 1623 866 pelves
1649 854 1655 863 ‚
1691 827 1722 863 ὃς
1746 824 1890 867 pelvium
1914 822 2019 856 tubuli
2044 830 2136 854 erant

1133 871 1280 905 dilatati.
1416 869 1578 904 Urinariis
1607 869 1754 903 Partibus
1779 867 1927 907 inspectis
1951 888 1960 904 ‚
1983 864 2139 908 genitales

1135 913 1414 957 perlustravimus.
1440 912 1482 949 Et
1507 913 1648 953 primum
1673 910 1766 949 testes
1783 911 1906 945 ‚arffius
1939 909 2138 955 ad'parietes

1135 958 1242 991 Pelvis
1268 967 1407 991 annexos
1443 955 1518 988 albo
1541 965 1714 997 utrumque
1746 955 1876 993 colore,
1899 963 2039 995 quorum
2061 952 2140 984 sini-2

1134 1000 1193 1037 ster
1217 1011 1368 1043 magnam
1391 998 1568 1035 castaneam
1591 1022 1603 1038 ,
1635 999 1745 1032 dexter
1770 999 1925 1031 minorem
1960 1006 2075 1029 nucem
2099 1006 2141 1028 ae-

1135 1043 1276 1085 quabat.
1305 1044 1346 1075 Et
1371 1042 1422 1075 hic
1446 1041 1576 1084 quidem
1603 1053 1693 1083 aquae
1716 1041 1896 1083 pauxillum
1920 1062 1929 1079 ‚
1967 1041 2052 1077 intra
2080 1039 2142 1072 ali-

1136 1099 1234 1128 quam
1271 1085 1400 1121 fortasse
1422 1084 1593 1118 vesiculam
1624 1085 1811 1120 continebat
1832 1107 1845 1123 ,
1877 1092 1991 1118 caetera
2016 1083 2106 1116 albus
2127 1104 2140 1122 ‚

1137 1141 1172 1165 ut
1198 1131 1359 1165 emerius,
1383 1131 1414 1162 &
1435 1128 1534 1161 durus
1557 1140 1567 1158 .·
1602 1137 1633 1160 at
1659 1126 1781 1160 sinister
1804 1126 1862 1159 sub
1887 1128 1996 1162 tunica
2022 1125 2104 1159 nihil
2128 1148 2141 1166 ‚

1140 1174 1200 1208 nisi
1227 1173 1380 1210 mollem,
1403 1171 1573 1214 albamque
1587 1169 1651 1204 sebi
1676 1170 1772 1204 instar
1784 1174 1952 1207 materiam
1979 1169 2140 1208 habebat.

1140 1219 1265 1252 Uterus
1290 1228 1389 1251 vero,
1413 1216 1437 1254 fi
1462 1213 1600 1248 fundum
1624 1214 1797 1256 sp'et‘itares,
1821 1213 1912 1247 albus
1925 1215 2086 1252 exterius,
2110 1215 2142 1245 δι

1140 1262 1230 1300 laevis
1251 1273 1261 1300 ς
1296 1262 1383 1294 intus
1406 1284 1415 1298 ‚
1445 1261 1476 1295 &
1500 1260 1533 1294 in
1569 1258 1746 1306 parietibus
1770 1257 1861 1291 sanus
1883 1282 1892 1297 ,
1914 1256 1972 1289 nisi
1998 1256 2084 1299 quod
2108 1257 2145 1293 hi

1141 1315 1230 1339 erant
1263 1316 1357 1347 aequo
1381 1303 1575 1339 molliores.
1613 1300 1671 1340 Sed
1695 1303 1833 1341 cervicis
1866 1302 2004 1334 exterior
2048 1298 2145 1335 facies

1141 1349 1345 1391 inaequaliter
1368 1358 1384 1381 a
1408 1355 1500 1388 tergo
1523 1345 1695 1387 turgebat:
1720 1357 1759 1385 ex
1782 1345 1960 1387 parietibus
1985 1353 2090 1376 autem
2113 1345 2146 1376 δι’

1137 1394 1247 1426 cervix
1271 1392 1336 1434 ipsa
1360 1416 1368 1427 ‚
1402 1393 1432 1424 &
1457 1390 1571 1432 vagina
1597 1392 1635 1422 ab
1669 1388 1793 1426 summo
1817 1387 1855 1426 ad
1885 1389 1988 1421 imum
2011 1385 2110 1420 ferme
2134 1409 2147 1426 ‚

1138 1436 1261 1474 fiebant
1284 1434 1510 1473 crassioribus,
1534 1433 1699 1475 albisque,
1722 1435 1752 1467 δι
1774 1432 1862 1467 duris
1883 1455 1895 1473 ,
1929 1442 2070 1474 quorum
2095 1432 2147 1464 in-

1139 1481 1239 1513 terior
1263 1477 1358 1512 facies
1376 1500 1388 1517 ,
1422 1476 1593 1519 ipsumque
1617 1478 1701 1513 uteri
1724 1474 1874 1509 osculnm
1907 1474 1997 1511 erosa
2020 1484 2109 1507 erant
2137 1496 2171 1512 ,-

1140 1533 1234 1565 atque
1260 1522 1347 1555 exesa
1375 1519 1545 1561 profundis
1568 1519 1751 1559 ulceribus,
1775 1522 1806 1556 δι
1828 1519 2046 1555 discoloribus
2071 1542 2078 1550 .
2103 1518 2151 1551 E-

1140 1576 1213 1603 rant
1237 1567 1324 1602 enim
1348 1564 1417 1598 alba
1440 1562 1633 1606 quibusdam
1658 1564 1691 1597 in
1714 1563 1793 1596 locis
1816 1584 1825 1599 ‚
1857 1574 1895 1596 ex
1920 1573 1993 1596 atro
2015 1570 2151 1599 cruenta

1139 1610 1173 1647 in
1198 1610 1289 1649 aliis,
1311 1610 1434 1645 cinerea
1457 1609 1491 1640 in
1516 1606 1700 1641 nonnullis.
1725 1607 1777 1644 Ex
1798 1607 1950 1639 omnibus
1974 1617 2078 1639 autem
2091 1616 2152 1648 pu-

1140 1653 1226 1686 trida
1249 1653 1403 1689 materia,
1428 1651 1467 1683 iis
1490 1650 1655 1683 coloribus
1680 1649 1797 1687 inseeta
1821 1671 1830 1686 ‚
1854 1649 1952 1684 cultri
1977 1651 2152 1688 manubrio

1142 1696 1235 1731 facile
1259 1696 1473 1730 abradebatur
1494 1692 1596 1726 donec
1621 1692 1658 1726 ad
1682 1692 1795 1727 duram
1819 1692 1991 1737 albamque
2005 1693 2151 1727 substan-

1141 1741 1244 1778 tiam,
1268 1751 1307 1772 ex
1330 1750 1392 1781 qua
1417 1739 1552 1778 parietes
1575 1735 1716 1774 constare
1741 1736 1811 1771 dixi
1836 1761 1845 1776 ,
1866 1737 2115 1781 perveniebatur
2140 1759 2151 1775 ,

1141 1784 1272 1827 qualern
1295 1783 1329 1815 in
1352 1781 1562 1815 substanttam
1586 1778 1774 1819 conversum
1798 1792 1928 1823 quoque
1962 1791 2027 1814 erat
2051 1781 2150 1825 quid-

1141 1827 1221 1869 quid
1246 1839 1262 1864 a
1285 1826 1408 1868 vaginae
1433 1824 1587 1863 lateribus
1611 1822 1672 1857 esse
1696 1824 1833 1866 pingue,
1859 1824 2145 1862 &membraneum

1142 1871 1221 1904 solet
1243 1896 1252 1904 .
1287 1869 1344 1903 Sed
1369 1879 1554 1912 quanquam
1579 1879 1594 1900 a
1617 1869 1750 1905 cervicis
1781 1870 1813 1905 ὃς
1836 1869 1961 1910 vaginae
1987 1871 2150 1904 anteriore

1141 1914 1225 1948 facie
1248 1913 1289 1947 sic
1306 1922 1447 1947 mutatae
1469 1910 1618 1947 fuerant,
1643 1912 1690 1944 uti
1714 1911 1809 1949 dixi,
1832 1912 1998 1952 &velica',
2021 1915 2051 1945 δι
2076 1925 2149 1947 ure..

1140 1956 1250 1993 thram
1274 1957 1418 1992 ambiens
1441 1954 1612 1989 substantia
1633 1967 1643 1992 ς
1667 1954 1854 1988 intestinum
1876 1966 1980 1989 tamen
2007 1957 2149 1992 Renum

1139 2013 1156 2040 a
1180 2003 1296 2044 vagina
1311 2023 1319 2037 ‚
1343 2011 1415 2041 quae
1440 1998 1546 2033 multo
1568 1997 1716 2040 alioquin
1742 1999 1844 2041 magis
1865 2009 1935 2033 -erat
1960 2000 2146 2036 exulcerata

1137 2058 1236 2089 quarn
1258 2044 1389 2082 cervix,
1412 2042 1547 2078 illaesurn
1571 2042 1681 2084 potuit
1706 2040 1863 2084 separari.
1889 2045 1927 2080 In
1953 2054 2023 2077 tota
2036 2054 2146 2080 autem

1137 2089 1196 2125 hac
1219 2088 1408 2123 disseffione
1432 2087 1537 2128 gravis
1561 2085 1642 2119 odor
1666 2094 1832 2129 perceptus
1855 2088 1901 2119 est
1924 2088 2050 2121 nullus.
2075 2089 2147 2122 Cae-

1137 2143 1205 2167 tera
1227 2131 1381 2173 inspicere
1405 2141 1461 2164 nec
1486 2128 1605 2163 necesse
1630 2127 1694 2162 fuit
1715 2152 1727 2169 ,
1750 2141 1805 2164 nec
1831 2132 1978 2165 vacavit.
2007 2134 2044 2165 In
2070 2143 2146 2165 ven-

1141 2186 1190 2211 tre
1211 2186 1320 2212 tamen
1343 2173 1425 2209 nihil
1449 2174 1552 2209 oculis
1583 2182 1734 2216 praeterea
1757 2176 1901 2208 occurrit
1935 2175 2023 2217 quod
2059 2187 2146 2214 mor..

1141 2220 1254 2255 bidum
1278 2220 1438 2255 videretur
1455 2242 1469 2261 ,
1501 2229 1576 2256 cum
1599 2216 1817 2257 ventriculum
1853 2219 1993 2257 maxime
2014 2235 2149 2258 contra-

1140 2264 1231 2300 &um
1250 2287 1260 2303 ,
1296 2266 1326 2298 &
1349 2265 1500 2298 intestina
1524 2275 1654 2307 quoque
1676 2267 1788 2299 omnia⁴
1810 2277 1904 2308 aequo
1926 2270 2145 2303 contraetiora

1139 2308 1381 2347 adnotaverim3
1406 2319 1546 2350 quotum
1560 2317 1710 2342 neutrum
1733 2309 1765 2341 in
1791 2321 1824 2342 ea
1840 2311 1960 2343 mirum
1983 2311 2025 2344 est
2040 2333 2047 2347 ,
2073 2324 2146 2354 quae

1139 2353 1196 2386 vix
1219 2351 1362 2394 aliquid,
1386 2351 1431 2384 ob
1454 2351 1602 2385 nauseam
1618 2372 1627 2388 ‚
1650 2352 1715 2385 cibi
1730 2351 1914 2387 admitteret
1929 2375 1938 2391 ,
1962 2354 2149 2391 admissum-

1138 2406 1226 2438 que,
1250 2394 1448 2438 aliquando,
1473 2404 1507 2429 ut
1531 2395 1623 2432 dixi,
1649 2395 1816 2438 rejiceret.

1182 2450 1234 2481 34.
1259 2438 1482 2479 Multiplicem
1506 2438 1542 2471 ad
1568 2448 1679 2472 cautos
1706 2439 1881 2474 reddendos
1904 2441 2052 2477 Medicos
2075 2446 2145 2478 uti—

1135 2484 1263 2530 litatem
1296 2481 1393 2515 habet
1417 2481 1484 2514 haec
1516 2481 1717 2515 Observatio
1739 2487 1755 2516 .'
1786 2484 1871 2525 Qs
1892 2488 1981 2519 enim
2015 2489 2071 2529 qui
2107 2499 2148 2522 ex

1135 2527 1275 2568 disjee'tis
1298 2526 1379 2558 olim
1402 2525 1578 2558 tuberculis
1603 2536 1701 2559 unum
1727 2524 1848 2560 fretum
1873 2526 1932 2562 esse
1958 2539 2146 2571 tumorem,

1135 2572 1166 2604 δι
1192 2569 1299 2605 hunc,
1325 2567 1388 2602 five
1424 2566 1589 2610 praegreffa
1607 2590 1619 2607 ,
1654 2569 1716 2603 sive
1741 2570 1906 2612 praesentia
1933 2573 2112 2608 attenderet
2135 2599 2147 2615 ,

1134 2624 1210 2647 cum
1246 2613 1368 2646 uterini
1410 2613 1516 2644 cancri
1550 2612 1680 2646 indiciis
1719 2612 1932 2656 conjunetum
1980 2616 2147 2655 audiiffet;

1135 2657 1227 2699 quis,
1250 2657 1401 2696 inquam.
1425 2665 1490 2688 non
1514 2657 1597 2689 uteri
1622 2656 1718 2699 ipsius
1743 2667 1905 2692 tumorem
1930 2661 1988 2693 effe
2004 2684 2011 2696 ,
2035 2662 2147 2695 existi-

1135 2698 1268 2733 masset?
1291 2699 1358 2733 Hic
1383 2709 1490 2732 tamen
1515 2709 1579 2731 non
1604 2701 1640 2733 ad
1667 2709 1817 2736 uterum,
1843 2700 1892 2736 sed
1917 2704 1954 2737 ad
1973 2703 2143 2739 distentam

1135 2743 1297 2777 attinebat
1323 2741 1479 2782 vesicam,
1504 2753 1575 2784 quae
1599 2742 1677 2776 dum
1712 2742 1741 2776 se
1765 2743 1860 2777 altius
1884 2745 1995 2780 efferre
2020 2748 2145 2791 incipe-

1136 2795 1210 2823 ret,
1234 2787 1381 2830 proxima
1406 2784 1556 2818 intestina
1580 2783 1703 2819 sursum
1725 2787 1892 2827 urgendo,
1917 2792 1947 2822 &
1972 2800 2076 2831 partes
2087 2804 2144 2826 eo-

1135 2840 1207 2865 rum
1241 2830 1362 2871 aliquas
1385 2827 1551 2862 inferiores
1583 2830 1827 2870 comprimendo
1850 2855 1860 2871 ,
1891 2832 1980 2865 illam
2014 2832 2145 2870 fortasse

1135 2873 1316 2907 divisorum
1348 2871 1593 2905 tuberculorum
1628 2871 1761 2914 speciem
1794 2884 1833 2906 ex
1866 2876 1904 2907 iis
1946 2875 2105 2912 efficiebat
2130 2905 2142 2914 .

1136 2917 1221 2955 Quis
1245 2918 1323 2949 item
1344 2917 1399 2958 qui
1426 2915 1543 2947 lotium
1568 2926 1584 2946 a
1609 2916 1710 2947 vesica
1736 2927 1799 2949 non
1824 2919 1955 2952 retineri
1977 2942 1986 2957 ‚
2012 2920 2063 2954 sed
2087 2921 2141 2963 ju-

1136 2962 1169 3002 gi
1194 2958 1359 2993 stillicidio
1381 2957 1509 2991 effluere
1536 2958 1739 2992 intellexisset
1762 2981 1770 2996 ‚
1797 2959 1970 3004 suspicatus
1994 2963 2026 2998 id
2049 2967 2140 3007 quod

1137 3012 1228 3043 erat,
1253 3001 1360 3035 fuisset
1384 3028 1393 3041 ,
1427 3011 1576 3042 magnam
1599 3012 1706 3034 tamen
1730 3003 1803 3035 lotii
1837 3014 1958 3046 partem
1982 3008 2014 3039 in
2039 3007 2139 3044 vesica

1135 3046 1278 3081 restitare
1300 3068 1307 3081 ,
1342 3044 1431 3087 quod
1454 3043 1585 3078 dextere
1608 3044 1752 3078 immisso
1774 3047 1942 3082 catethere
1961 3050 2053 3085 educi
2081 3051 2140 3087 sal-

1134 3098 1202 3123 tem
1225 3101 1264 3122 ex
1287 3098 1375 3131 parte
1399 3087 1499 3128 posset
1522 3099 1588 3121 non
1613 3089 1676 3122 fine
1700 3100 1817 3132 magno
1852 3092 1970 3126 miserae
1995 3096 2138 3132 mulieris

1133 3133 1291 3167 levamine
1311 3137 1320 3164 ?
1356 3130 1445 3163 Nam
1468 3131 1555 3172 quod
1580 3131 1765 3174 Ruyschtus
1789 3138 1799 3173 (
1824 3145 1842 3176 q
1865 3139 1879 3174 )
1903 3147 1972 3168 earn
1995 3138 2138 3182 denique

1134 3175 1244 3209 vesicae
1280 3174 1515 3217 plenitudinem
1538 3176 1569 3207 in
1603 3187 1754 3219 puerpera
1785 3178 2025 3219 deprehendit,
2062 3194 2136 3224 quae

1132 3221 1253 3262 pariter
1286 3215 1368 3250 nihil
1392 3218 1491 3250 urinae
1516 3220 1549 3251 in
1579 3218 1678 3252 vesica
1704 3242 1713 3257 ,
1747 3223 1894 3262 quamvis
1919 3233 2032 3264 magna
2065 3225 2135 3266 ejus

1131 3264 1226 3305 copia
1258 3260 1391 3294 distenta
1416 3260 1489 3303 ‚pse
1512 3260 1663 3296 credebat
1688 3261 1824 3298 habere,
1853 3262 1936 3298 haud
1962 3266 2099 3302 absimili
2125 3295 2135 3309 ‚

1132 3316 1168 3340 ut
1192 3305 1344 3341 videtur,
1368 3302 1539 3338 stillicidio
1561 3303 1714 3348 decepta3
1741 3306 1859 3339 scilicet
1883 3308 2008 3343 nullum
2022 3314 2134 3346 omni-

1130 3359 1173 3383 no
1198 3347 1321 3391 fignum
1353 3348 1387 3380 in
1414 3359 1448 3381 ea
1471 3357 1539 3382 erat
1573 3359 1725 3390 puerpera
1750 3347 1811 3381 laefi
1837 3353 1944 3391 uteri,
1970 3354 2006 3387 ad
2032 3367 2131 3392 quem

1128 3401 1238 3427 tumor
1262 3391 1382 3424 ventris
1405 3388 1506 3428 posset
1529 3390 1656 3424 referri.
1683 3392 1725 3424 Et
1750 3391 1819 3424 sane
1840 3394 1873 3426 in
1895 3395 1990 3428 altera
2016 3400 2131 3433 mulie-

1129 3446 1162 3468 re
1184 3439 1198 3476 (
1221 3446 1235 3467 r
1257 3438 1289 3475 ).
1316 3436 1366 3468 cui
1392 3432 1491 3467 foetus
1515 3436 1632 3468 indicia
1658 3444 1746 3469 erant
1770 3445 1896 3470 uterum
1929 3444 2092 3480 gravmtjs

1128 3490 1224 3512 nemo
1260 3477 1324 3510 alio
1346 3489 1442 3520 quam
1475 3477 1512 3511 ad
1537 3487 1664 3512 uterum
1686 3502 1693 3515 ‚
1728 3479 1837 3512 retulit
1863 3483 1984 3515 ventris
2020 3469 2132 3520 turno:

1128 3532 1215 3559 rem,
1241 3531 1335 3563 quem
1363 3530 1468 3554 tamen
1495 3532 1625 3562 magnus
1649 3520 1785 3555 faciebat
1821 3522 1971 3558 abscessus
1996 3530 2050 3568 qui
2077 3530 2128 3564 in-

1127 3574 1175 3599 ter
1198 3565 1372 3598 anteriores
1394 3565 1571 3598 increverat
1603 3562 1711 3598 vesicae
1735 3566 1859 3604 tunicas
1882 3592 1890 3601 .
1929 3568 1997 3602 Ubi
2024 3573 2127 3613 igitur

1974 3613 2086 3649 foemi-

79 3695 2127 3718 *ss———Q——Q——ssm

138 3766 181 3797 (g
198 3767 206 3795 )
224 3774 239 3789 n
269 3775 316 3802 30¹.
369 3765 380 3795 (
396 3767 410 3791 h
428 3766 435 3796 )
455 3768 530 3792 Anat.
549 3766 627 3791 Prast.
645 3767 662 3790 l.
678 3775 700 3795 4.
718 3773 740 3791 c.
757 3776 779 3792 2.
840 3769 853 3798 (
869 3769 880 3792 i
894 3769 908 3797 )
924 3770 1004 3796 Opere
1020 3770 1094 3793 Tom.
1114 3777 1135 3799 3.
1152 3771 1180 3795 P.
1197 3778 1219 3800 3.
1282 3769 1291 3800 (

132 3797 141 3822 (
158 3799 168 3821 l
187 3799 194 3825 J
211 3798 244 3830 De
262 3798 336 3821 abdit.
355 3797 459 3822 morbor.
476 3798 520 3821 ὅτε.
538 3797 611 3823 causis
626 3805 647 3821 c.
666 3805 703 3827 34.
767 3800 781 3829 Ε
797 3806 819 3823 m
835 3799 850 3827 )
866 3801 900 3823 De
917 3799 1007 3822 Medic.
1027 3799 1086 3822 Hist.
1106 3799 1121 3823 l.
1137 3809 1160 3829 4.
1177 3808 1195 3825 c.
1218 3809 1251 3825 10.

132 3827 149 3858 ζ
163 3836 175 3852 u
190 3828 203 3855 >
219 3835 243 3852 in
260 3829 313 3854 eod.
330 3827 410 3854 Schol.
470 3830 478 3859 (
494 3835 511 3858 p
526 3828 541 3858 3·
557 3829 575 3854 l.
595 3837 617 3859 3·
635 3827 695 3855 sest.
713 3836 751 3859 13.
815 3829 831 3859 (
845 3838 859 3860 q
873 3830 888 3860 )
907 3830 1003 3856 Advers.
1022 3833 1095 3856 Anat·
1112 3832 1171 3857 Dec.
1188 3838 1210 3857 2.
1226 3839 1248 3857 c.
1258 3838 1281 3860 9.

1306 3770 1322 3795 k
1341 3769 1348 3801 )
1367 3770 1421 3794 Obs
1444 3772 1518 3796 Anat.
1538 3770 1602 3794 Chir.
1624 3778 1661 3801 ⁹5-

1312 3802 1326 3831 (
1341 3809 1355 3825 n
1373 3802 1386 3829 )
1402 3802 1475 3826 Cent.
1497 3810 1513 3824 1.
1532 3801 1588 3824 Obs.
1608 3805 1645 3830 56.
1664 3801 1686 3826 ἃ
1704 3801 1826 3830 ἰπὲοὴοῐ,

1342 3834 1352 3863 s
1368 3839 1381 3857 r
1396 3831 1410 3861 )
1427 3831 1480 3858 vid.
1491 3831 1637 3862 sepulchra.
1656 3832 1718 3859 sest.
1729 3833 1772 3860 hac
1787 3842 1827 3862 ιι.
1837 3835 1896 3862 Obs.
1907 3837 1978 3870 κάη
1995 3838 2121 3865 Additam„
