2498 4075
343 2064 348 2069 '
397 2059 566 2102 utriusque
590 2057 774 2098 Albuginea
797 2054 905 2089 tunica
929 2079 938 2095 ‚

382 231 576 274 originem
600 231 783 267 acrimoniae
806 242 882 268 cum
903 240 995 266 tanto
1017 231 1270 272 manifestiorem
1305 237 1338 269 in
1362 248 1413 271 ca-

414 274 527 309 davere
558 276 820 317 deprehenderim
843 302 853 318 ‚
894 286 1015 317 quanto
1048 278 1214 318 improvisi
1260 281 1413 314 interitus

411 317 635 352 obscuriorem
659 330 669 356 3
706 321 830 353 idcirco
862 319 923 352 hoc
956 321 1064 360 potius
1088 331 1184 361 quam
1215 323 1280 358 alio
1303 323 1377 356 loco
1399 346 1413 363 ,

378 379 385 385 =
408 361 564 394 narranda
589 362 650 400 tibi
675 362 782 396 censui
805 372 1001 405 quaecunque
1035 361 1102 395 vidi
1125 364 1213 397 sexto
1244 366 1373 400 circiter
1395 379 1411 400 a

409 414 516 438 morte
537 404 589 437 die
612 418 622 441 3
654 414 756 448 neque
779 408 865 440 enim
895 406 939 437 ob
962 415 1010 437 eas
1041 406 1146 439 causas
1177 419 1255 449 quas
1278 408 1330 442 hic
1364 418 1412 442 at-

409 449 534 489 tingere
568 447 686 482 necesse
719 460 782 482 non
816 448 859 481 est
883 470 894 487 ,
927 449 1019 488 potui
1043 449 1170 482 citius:
1210 450 1330 493 frigore
1361 461 1411 485 ta-

410 501 482 523 men
508 515 517 529 ,
538 491 658 533 quippe
683 491 790 525 medio
813 491 878 534 jam
901 491 1075 524 Decembri
1101 494 1142 525 A.
1169 503 1263 536 1749.
1287 496 1335 528 ita
1358 507 1411 528 ca-

406 533 505 567 daver
529 532 690 568 servatum
714 544 781 569 erat
803 557 813 572 ,
847 543 883 567 ut
906 545 980 567 cum
1004 535 1152 569 intestina
1172 560 1181 575 ,
1203 540 1233 570 δε
1257 540 1410 572 mesenre-

409 578 494 609 rium
519 576 621 618 pridie
644 589 741 620 quam
766 578 887 611 adirem
910 597 920 614 ‚
942 576 1185 612 detraherentur
1208 600 1218 616 ,
1251 592 1316 614 non
1340 592 1410 614 mo-

406 619 449 653 rlo
472 620 556 653 nihil
579 622 654 653 vitii
677 620 877 655 ostenderent
899 644 907 660 ‚
933 630 1041 654 verum
1065 633 1104 655 ne
1127 624 1254 663 gravius
1277 624 1409 667 quidem

404 663 548 697 olerent.
575 664 632 697 Sed
655 674 766 700 caetera
790 675 862 707 quae
885 663 1023 697 vidimus
1044 687 1056 703 ,
1088 662 1175 697 facto
1198 667 1296 699 initio
1320 679 1335 700 a
1358 679 1410 701 ca*

547 706 589 740 fic
637 706 755 741 habeto
787 733 796 742 .
930 708 961 741 C
987 708 1015 739 E
1041 709 1067 743 R
1092 708 1120 740 E
1143 709 1168 741 Β
1191 709 1223 742 R
1248 712 1264 742 I
1308 708 1410 745 herni-

404 749 574 792 sphaerium
599 750 756 784 sinistrum
780 773 791 789 ‚
825 759 860 783 ut
884 751 1022 783 exterius
1055 750 1158 791 plures
1183 750 1297 786 habuit
1321 755 1410 788 vaso-

404 805 478 827 rum
511 802 638 826 truncos
663 806 701 827 ex
724 795 764 827 iis
797 804 868 836 quae
891 803 948 835 per
972 794 1120 827 Tenuem
1153 797 1334 838 meningem
1359 810 1408 832 re-

402 846 483 880 punt
506 858 517 873 ‚
551 834 702 878 sanguine
726 835 872 879 turgidos
895 857 905 872 ,
939 834 982 871 sic
1006 838 1041 869 in
1065 837 1204 879 subjecto
1227 841 1407 875 ventriculo

403 890 518 921 aquam
552 878 687 913 ostendit
712 877 936 914 subturbidam
960 890 1024 913 non
1057 891 1172 923 magna
1195 882 1326 925 quidem
1350 897 1406 918 co-

403 926 456 965 pia
480 945 490 960 ,
525 921 575 956 sed
601 923 705 956 multo
729 922 845 965 majori
878 933 975 964 quam
1000 925 1034 956 in
1057 923 1189 958 dextero
1213 949 1221 964 ‚
1258 927 1292 959 in
1316 937 1405 961 utro.

402 978 464 1008 que
490 975 597 1000 autem
620 966 802 1000 Choroides
827 965 936 1007 plexus
960 967 1110 1009 pallentes
1134 991 1143 1001 .
1176 968 1222 1002 Et
1244 981 1316 1003 cum
1341 983 1408 1004 me-

401 1010 535 1042 dullaris
557 1010 681 1043 cerebri
706 1010 884 1043 substantia
906 1008 979 1043 effet
1003 1008 1140 1044 subdura
1163 1023 1172 1047 5
1212 1013 1406 1048 cerebellum

401 1052 595 1087 laxiffimum
628 1052 724 1087 fuit.
859 1053 897 1084 In
930 1051 1083 1087 Thorace
1125 1054 1286 1096 pulmonis
1321 1059 1407 1100 pari-

400 1106 453 1130 ter
484 1096 598 1130 sinistri
642 1097 795 1140 posterior
832 1095 928 1130 facies
970 1097 1053 1130 arfie
1089 1109 1164 1132 cum
1207 1099 1318 1141 pleura
1351 1114 1405 1135 co-

361 1150 367 1155 ·
399 1139 575 1175 haerebat:
612 1140 740 1183 ejusque
765 1165 773 1178 ‚
806 1142 837 1173 δε
870 1139 993 1173 dexteri
1018 1140 1196 1183 crepidines
1229 1142 1291 1176 late
1326 1144 1405 1178 vesi-

401 1184 490 1219 culas
524 1184 733 1217 ostendebant
758 1184 825 1217 suas
858 1194 926 1217 aere
949 1182 1099 1218 distentas
1123 1210 1132 1217 .
1164 1186 1328 1220 Caeterum
1351 1200 1405 1221 ne-

400 1239 463 1270 que
497 1229 611 1261 arteria
647 1226 767 1269 Aspera
792 1249 801 1263 ,
836 1236 937 1267 neque
968 1228 1084 1267 larynx
1106 1248 1116 1264 ,
1151 1228 1284 1262 interius
1319 1241 1403 1272 quo-

399 1283 463 1313 que
487 1270 659 1314 perspec'tae
684 1293 694 1308 ‚
719 1270 898 1313 quidquam
923 1269 997 1302 vitii
1019 1269 1182 1304 habebant
1207 1292 1216 1307 ‚
1241 1281 1277 1305 ut
1300 1283 1402 1317 neque

399 1315 522 1356 Magna
546 1312 615 1348 vasa
637 1335 649 1352 ,
684 1325 741 1347 nec
762 1325 819 1346 cor
842 1311 948 1355 ipsum
973 1325 983 1345 :
1007 1313 1041 1346 in
1064 1324 1131 1355 quo
1155 1313 1236 1347 nihil
1261 1317 1402 1360 polypo-

397 1356 421 1391 fi
446 1357 508 1391 fuit
533 1382 540 1389 .
574 1358 668 1399 Aqua
692 1356 823 1390 turbida
859 1357 943 1389 intra
974 1356 1187 1397 pericardium
1219 1369 1283 1391 non
1320 1363 1403 1395 mul.

398 1411 431 1435 ta
456 1413 465 1439 3
499 1403 533 1434 in
560 1410 699 1442 utroque
724 1409 831 1434 autem
863 1400 1006 1432 thoracis
1029 1411 1108 1433 cavo
1132 1422 1142 1439 ,
1176 1410 1212 1434 ut
1234 1402 1268 1434 in
1292 1413 1402 1438 ventre

397 1457 529 1488 qnoque
553 1467 563 1483 ‚
594 1454 695 1486 pauca
720 1444 798 1479 adeo,
821 1466 833 1482 ‚
866 1452 903 1476 ut
925 1444 1030 1476 omnis
1054 1444 1163 1478 uncias
1187 1445 1313 1487 aliquot
1338 1459 1402 1482 non

397 1489 566 1522 excederet
589 1511 596 1520 .
730 1488 854 1521 Venter
877 1485 1016 1527 denique
1037 1498 1050 1525 ;
1083 1486 1104 1519 fi
1129 1489 1284 1530 genitales
1307 1491 1401 1532 quas.

398 1534 474 1567 dam
499 1554 508 1570 ‚
531 1535 560 1565 δέ
585 1532 740 1565 urinarias
765 1529 939 1573 praesertim
964 1529 1073 1562 Partes
1098 1551 1108 1568 ,
1133 1534 1165 1564 &
1188 1533 1321 1567 arterias
1344 1534 1402 1567 ali-

396 1586 479 1620 quot
501 1576 644 1617 excipias
666 1589 675 1613 3
710 1583 835 1608 caeteras
861 1572 1009 1606 exhibuit
1034 1572 1136 1608 ferme
1159 1575 1247 1609 intra
1278 1586 1402 1611 naturae

397 1620 567 1657 modum3
601 1618 687 1660 jecur
722 1619 807 1651 enim
832 1638 841 1655 ‚
877 1619 908 1650 δι
940 1618 1138 1651 ventriculus
1161 1639 1171 1656 ‚
1203 1620 1348 1653 comestis
1372 1623 1402 1654 &

395 1662 739 1706 epotissemiplenus,
764 1671 857 1703 ,aequo
880 1667 1095 1702 apparuerunt
1120 1662 1285 1704 aliquanto
1310 1674 1404 1705 gran.

395 1709 490 1742 diora
516 1731 523 1740 .
559 1706 619 1741 Sed
646 1706 776 1747 Magnae
812 1705 936 1736 arteria:
959 1713 1090 1736 truncus
1122 1705 1312 1739 lumborum
1336 1718 1405 1740 ver-

395 1752 499 1786 tebris
532 1748 668 1783 insidens
692 1771 703 1787 ‚
735 1748 806 1780 alba
837 1745 948 1780 offium
981 1746 1099 1781 alicubi
1124 1746 1240 1782 habuit
1273 1750 1408 1788 inchoa-

396 1804 507 1830 menta
530 1817 542 1834 ,
573 1803 643 1837 quae
668 1795 698 1825 &
723 1792 802 1825 rami
826 1789 986 1825 habebant
1010 1811 1020 1828 ‚
1052 1790 1133 1833 quin
1156 1793 1186 1823 δε
1211 1803 1323 1827 verum
1346 1805 1405 1831 os,

397 1839 480 1874 sicut
509 1838 556 1871 ibi
581 1836 759 1880 praesertim
782 1834 820 1870 de
848 1833 979 1869 teht-'ndi
1009 1834 1066 1873 ubi
1090 1834 1118 1868 se
1142 1834 1239 1869 Iliaca
1270 1835 1402 1872 dextera

396 1883 550 1918 bifariam
573 1881 740 1915 dividebat
763 1903 772 1913 .
809 1846 909 1922 &od
933 1890 1010 1914 vero
1043 1878 1085 1915 acl
1104 1879 1260 1922 genitales
1282 1881 1401 1915 attinet

396 1930 506 1962 Partes
530 1950 541 1965 ‚
574 1925 738 1960 testiculus
761 1924 871 1958 dexter
896 1923 997 1967 triplo
1020 1932 1088 1957 erat
1113 1924 1215 1966 major
1238 1934 1337 1967 quarn
1361 1925 1402 1958 si-

397 1973 498 2008 nister
523 1996 531 2003 .
567 1969 625 2004 Sed
658 1968 720 2002 hoc
752 1965 881 2000 fortasse
914 1980 930 2001 a
965 1976 1113 2005 natura3
1149 1978 1288 2011 uterque
1315 1969 1403 2002 enim

398 2018 499 2053 sectus
525 2023 662 2058 repertus
686 2012 728 2046 est
751 2010 843 2044 sanus
867 2035 875 2043 .
912 2011 998 2045 Illud
1023 2023 1039 2044 a
1072 2010 1186 2044 morbo
1209 2034 1219 2050 ,
1253 2011 1342 2054 quod
1366 2024 1405 2045 ex

961 2054 1140 2097 eodemque
1160 2055 1334 2096 Utrobique
1357 2056 1407 2089 lo-

398 2118 442 2140 co
473 2101 702 2145 corpusculum
727 2098 886 2142 pendebat
919 2099 1071 2140 exiguum
1098 2120 1106 2135 ,
1138 2097 1372 2132 subrotundum
1396 2122 1405 2138 ,

399 2153 455 2186 ἃ,
478 2158 552 2181 cum
576 2157 610 2179 ea
643 2144 754 2178 tunica
778 2142 933 2176 albicaret
955 2165 963 2182 ‚
999 2142 1161 2175 rubellum
1186 2163 1196 2179 ‚
1229 2141 1406 2184 praegreslae

403 2190 572 2236 hydatidis
595 2210 606 2227 ‚
637 2197 672 2221 ut
703 2187 852 2228 opinor,
889 2185 1032 2227 reliquiae
1057 2197 1067 2223 3
1101 2196 1285 2227 quanquam
1318 2184 1404 2218 nihil

403 2248 493 2280 aquae
518 2243 585 2267 erat
610 2234 693 2264 intra
718 2231 861 2263 tunicam
885 2228 1081 2275 Vaginalem
1105 2252 1114 2261 .
1151 2229 1252 2261 Renis
1275 2227 1406 2262 tandem

405 2278 575 2320 utriusque
609 2275 760 2309 structura
786 2274 899 2306 intima
934 2272 1066 2305 confusa
1092 2273 1244 2313 apparuit
1268 2284 1276 2306 :
1306 2283 1408 2314 neque

402 2327 532 2359 deerant
566 2328 673 2364 parvae
696 2317 820 2352 cellule
854 2315 1000 2349 humoris
1026 2317 1122 2357 plenae
1146 2336 1155 2355 ,
1187 2326 1323 2358 quarum
1349 2316 1409 2349 ali-

400 2379 465 2411 qua
490 2381 499 2403 ·‚
534 2375 608 2397 nam
631 2370 756 2396 caeterae
781 2361 951 2401 aliquanto
976 2360 1145 2392 interiores
1167 2359 1337 2396 latebant3
1371 2371 1411 2392 ex

404 2421 495 2455 parte
529 2408 558 2441 se
593 2409 628 2439 in
672 2404 835 2446 superficie
870 2401 1054 2435 ostendebat
1080 2428 1087 2435 .
1133 2403 1237 2435 'Pelvis
1272 2412 1410 2445 utraque

404 2454 574 2499 postquam
596 2463 612 2484 e
636 2449 765 2482 renibus
789 2455 881 2488 aequo
907 2446 1045 2486 amplior
1069 2444 1270 2478 descenderat
1296 2446 1333 2479 ad
1358 2446 1409 2479 di-

403 2500 492 2539 gitos
516 2492 687 2528 trasversos
710 2492 790 2525 duos
814 2514 822 2527 ,
861 2490 894 2521 in
921 2500 1074 2521 ureterem
1100 2488 1129 2521 se
1162 2488 1374 2522 contrahebat
1399 2514 1407 2522 .

404 2537 565 2575 Ureteres
598 2546 704 2571 autem
731 2534 840 2567 medio
862 2531 927 2565 fere
959 2532 1051 2566 cursu
1076 2532 1223 2565 absoluto
1249 2554 1259 2570 ,
1288 2531 1408 2565 fiebant

406 2586 537 2620 latiores
562 2606 570 2620 ,
602 2580 724 2614 finister
748 2576 924 2620 praesertim
949 2602 958 2614 ‚
990 2576 1047 2618 qui
1069 2577 1099 2608 &
1132 2576 1262 2618 longior
1284 2577 1327 2609 ob
1351 2575 1406 2609 fle-

406 2640 466 2663 :tus
498 2635 568 2659 erat
591 2650 600 2658 .
642 2626 679 2656 In
715 2632 853 2663 utroque
887 2644 896 2658 ,
939 2619 961 2652 si
997 2621 1134 2653 exterius
1163 2621 1378 2654 contrectares
1401 2642 1412 2659 ‚

408 2671 587 2706 mediocres
610 2667 749 2701 calculos
772 2661 966 2707 quibusdam
990 2687 999 2703 ,
1025 2662 1074 2696 sed
1099 2665 1178 2696 raris
1201 2688 1210 2704 ‚
1233 2665 1311 2696 locis
1333 2672 1412 2695 con-

405 2715 505 2750 tineri
530 2736 543 2753 ‚
575 2711 716 2745 crederes
744 2734 750 2741 .
775 2706 959 2749 Aperiendo
984 2715 1090 2739 autern
1116 2731 1126 2746 ‚
1157 2708 1190 2739 in
1214 2704 1346 2748 singulis
1371 2707 1413 2739 iis

409 2760 490 2794 100ss
515 2756 687 2799 hydatides
714 2751 851 2794 singulas
872 2749 1159 2792 deprehendimus,
1181 2750 1333 2792 quasdam
1359 2762 1411 2783 ro-

409 2802 526 2837 tundas
548 2823 561 2841 ,
593 2799 668 2832 alias
692 2797 797 2829 ovales
821 2819 828 2832 ,
864 2805 902 2826 ex
925 2794 1039 2827 intima
1077 2794 1186 2827 tunica
1210 2794 1242 2826 in
1278 2794 1412 2826 ureteris

368 2865 371 2869 .
409 2857 551 2884 cavum,
575 2854 675 2884 neque
700 2851 755 2882 per
780 2838 937 2881 petiolum
960 2846 1065 2870 tamen
1089 2859 1098 2874 ‚
1134 2836 1285 2878 pendulas
1308 2861 1316 2870 .
1343 2838 1412 2870 Ro-

411 2889 522 2923 tundae
547 2886 762 2919 minutiorum
786 2892 922 2915 uvarum
945 2881 1115 2923 aequabant
1139 2881 1247 2913 acinos
1272 2891 1281 2917 3
1305 2880 1412 2913 ovales

412 2941 504 2966 erant
527 2928 697 2963 secundum
721 2925 958 2966 longitudinem
982 2923 1083 2966 duplo
1105 2933 1202 2966 quam
1226 2923 1288 2956 illae
1311 2948 1321 2964 ,
1345 2935 1412 2956 ma-

412 2976 514 3018 jores.
538 2974 693 3005 Ureteres
716 2968 919 3003 craffioribus
942 2967 1128 3000 constabant
1152 2968 1272 3001 tunicis
1297 2991 1306 3006 ,
1330 2978 1410 3008 qua-

410 3030 484 3052 rum
508 3018 625 3049 intima
659 3013 811 3046 rubedine
835 3020 985 3052 perpetua
1019 3011 1226 3043 inficiebatur
1251 3022 1258 3042 :
1295 3009 1411 3043 oblon-

410 3061 559 3105 gioribus
582 3068 689 3092 autern
714 3057 746 3088 in
770 3054 867 3088 vesica
891 3054 1024 3088 hiabant
1047 3053 1180 3087 orificiis
1204 3077 1212 3083 .
1239 3053 1317 3087 Haec
1342 3064 1410 3086 earn

408 3105 603 3138 continebat
628 3101 726 3134 urinae
749 3100 900 3140 copiam,
925 3107 961 3132 ut
983 3100 1016 3130 in
1040 3097 1154 3140 supino
1177 3096 1337 3131 cadaveris
1352 3108 1411 3139 po-

410 3148 473 3182 situ
513 3146 550 3180 ad
574 3146 674 3178 imam
709 3142 738 3175 se
762 3142 943 3175 extenderet
977 3142 1160 3174 lumborum
1195 3140 1374 3173 vertebram
1400 3162 1409 3168 -

409 3191 501 3231 Quin
526 3191 624 3224 etiam
650 3186 731 3226 ubi,
754 3186 845 3219 urina
871 3184 997 3217 detrusa
1013 3210 1022 3224 ,
1045 3196 1115 3218 aere
1139 3182 1280 3218 immiffo
1292 3182 1407 3216 disten-

406 3244 441 3268 ta
465 3233 531 3273 est,
555 3231 612 3266 etsi
637 3230 674 3265 ad
696 3240 765 3263 eam
790 3228 957 3263 accedebat
979 3225 1118 3261 formam
1143 3239 1214 3270 quae
1238 3238 1254 3259 a
1279 3239 1327 3260 me
1351 3227 1408 3259 ali-

409 3279 444 3312 bi
469 3282 478 3316 (
503 3276 560 3320 z)
588 3274 751 3317 proposita
776 3271 859 3309 fuit3
883 3282 947 3305 non
971 3271 1068 3313 paulo
1092 3281 1197 3304 tamen
1223 3281 1287 3304 erat
1309 3281 1406 3312 quam

407 3321 532 3356 soleat,
556 3319 689 3359 longior
713 3329 722 3350 .·
755 3327 905 3349 caeterum
928 3325 983 3347 nec
1009 3314 1166 3347 crassiores
1192 3313 1328 3347 habebat
1355 3322 1407 3345 tu-

408 3366 498 3398 nicas
517 3385 526 3400 ‚
563 3373 664 3403 neque
687 3359 822 3400 usquam
846 3360 934 3392 intus
957 3357 1090 3391 rubebat
1116 3383 1124 3397 ‚
1149 3369 1214 3400 quo
1236 3357 1346 3390 colore
1371 3367 1408 3389 ne

406 3406 536 3442 urethra
560 3404 693 3447 quidem
717 3413 781 3437 erat
805 3401 925 3436 infecta
947 3426 955 3434 .
988 3401 1074 3435 lllud
1096 3400 1224 3435 demum
1247 3400 1334 3442 quod
1359 3400 1408 3432 su-

406 3451 530 3492 periore
555 3447 698 3491 Epistola
722 3450 732 3484 (
757 3457 775 3478 a
796 3449 810 3485 )
834 3444 987 3488 promifi‚
1008 3455 1072 3477 non
1096 3443 1141 3477 est
1164 3443 1382 3478 omittendum
1398 3468 1406 3477 .

407 3494 461 3526 Ex
483 3504 536 3526 ora
563 3491 737 3533 posteriore
762 3488 827 3530 ejus
852 3487 969 3523 orificii
995 3499 1010 3520 a
1035 3499 1100 3530 quo
1113 3488 1243 3522 urethra
1267 3487 1404 3528 incipit,

403 3536 475 3571 dua:
497 3537 581 3569 inter
614 3534 643 3568 se
666 3533 828 3575 contiguae
861 3531 1113 3576 protuberabant
1147 3532 1235 3565 intra
1267 3531 1404 3565 vesicam

430 708 473 738 ite
495 730 507 746 ,

995 155 1152 209 Liber
1184 158 1275 213 ΙΙΙ.
1308 155 1394 211 De
1429 157 1634 212 Morbis
1667 160 1879 215 Ventris

1464 238 1566 278 albae,
1589 237 1677 270 durae
1696 259 1707 275 ‚
1740 235 1980 280 hemisphericae
1999 243 2009 279 3
2040 239 2200 282 rnodicae;
2223 251 2259 275 ae
2281 243 2364 285 paris
2389 248 2457 278 ma:

1463 280 1646 323 gnitudinis
1681 283 1935 322 prominentiae:
1978 293 2054 324 quas
2088 282 2180 317 simul
2212 295 2286 318 cum
2319 287 2460 329 subjecta

1465 323 1606 357 Prostata
1630 323 1778 365 glandula
1803 324 1974 358 secundum
1999 326 2239 368 longitudinem
2262 329 2423 370 persecans
2446 352 2458 368 ,

1462 368 1491 400 ei
1524 367 1730 401 continuatas
1754 388 1764 403 ,
1796 379 1833 400 ex
1865 368 2036 410 eademque
2071 369 2245 403 substantia
2274 371 2372 405 saetas
2404 372 2459 406 de-

1462 409 1613 452 prehendi
1635 422 1642 443 :
1676 411 1706 441 δι
1728 421 1910 451 quanquam
1936 413 2083 445 Prostatae
2108 423 2176 453 pars
2209 413 2314 456 aliqua
2339 425 2402 448 non
2426 427 2463 449 ea

1462 464 1527 486 erat
1553 453 1696 486 albedine
1721 475 1730 489 ,
1757 464 1790 486 ac
1813 453 1956 493 duritie‚·
1978 454 2101 498 reliqua
2125 465 2250 495 tamen,
2274 460 2304 490 δε
2328 458 2460 500 praeser-

1463 498 1524 529 tim
1556 507 1627 538 quae
1651 496 1800 537 utrinque
1834 497 1873 529 ab
1895 497 2047 531 lateribus
2080 499 2247 533 Seminalis
2281 502 2460 536 carunculae

1460 539 1673 579 ascendebat,
1696 539 1790 588 haud·
1805 541 1865 573 alia
1888 551 1956 575 erat
1978 563 1990 580 ‚
2020 552 2117 583 quam
2141 542 2228 576 illius
2249 545 2284 576 in
2307 556 2405 586 quam
2429 543 2459 577 se

1460 583 1683 625 producebat,
1707 592 1842 623 genunae
1866 584 2117 625 prominentiae3
2142 595 2176 617 ut
2201 585 2223 618 fi
2247 585 2295 619 hae
2320 587 2461 621 scirrho-

1462 627 1500 660 sae
1524 636 1632 665 erant,
1655 636 1720 658 non
1745 627 1850 659 minus
1872 626 2026 662 scirrhosa
2050 628 2202 662 Prostatae
2224 631 2354 673 quoque
2390 635 2461 673 pars

1464 672 1603 706 maxima
1627 669 1810 703 videretur.

1509 724 1556 747 12.
1580 714 1705 746 Caetera
1728 722 1799 761 quae
1822 714 1856 745 in
1881 712 2018 756 ejusdem
2040 714 2199 749 cadaveris
2209 716 2366 756 cerebro,
2388 727 2462 750 cor-

1459 758 1498 792 de
1520 780 1530 796 ,
1565 756 1694 798 aliisque
1727 756 1900 790 Visceribus
1921 780 1934 797 ‚
1967 759 2000 791 in
2024 757 2153 801 ejusque
2177 759 2255 793 vasis
2285 760 2458 802 diligenter

1460 800 1605 844 persec'tis
1627 797 1769 836 ostendi,
1795 810 1858 832 non
1882 800 1954 833 sunt
1976 800 2070 843 hujus
2092 802 2157 835 loci
2182 812 2348 845 propterea
2367 804 2458 846 quod

1459 843 1632 878 secundum
1657 852 1806 875 naturam
1831 843 1859 876 se
1882 843 2043 878 habebant
2066 871 2075 879 .
2206 846 2290 887 Qae
2313 857 2386 880 cum
2411 848 2458 880 ita

1459 888 1590 925 elsent3
1623 895 1690 918 tam
1722 888 1894 927 repentinae
1929 888 2045 920 mortis
2074 890 2199 925 causam
2233 900 2297 923 non
2329 890 2423 923 licuit
2446 912 2459 929 ,

1457 931 1514 965 nisi
1540 932 1574 963 in
1599 928 1868 964 vehementissima
1892 930 2030 973 quadam
2054 934 2180 967 Tenuis
2196 934 2353 975 meningis
2375 944 2457 966 con-

1457 973 1602 1009 vulfione
1628 971 1780 1014 suspicari
1805 997 1814 1012 ,
1845 975 1964 1016 quippe
1988 974 2055 1007 sero
2077 977 2165 1018 quod
2176 976 2329 1010 diuturna
2352 976 2386 1008 in
2409 975 2459 1009 fe-

1457 1028 1548 1052 more
1569 1015 1729 1058 stagnatio
1762 1018 1864 1049 acrius
1887 1016 2014 1050 fortasse
2045 1020 2225 1053 reddiderat
2249 1043 2259 1058 ‚
2293 1030 2357 1053 non
2382 1019 2457 1052 satis

1456 1072 1511 1104 per
1544 1060 1652 1093 alvum
1685 1057 1821 1101 egest03
1855 1060 1965 1103 itaque
1996 1062 2083 1094 oculi
2105 1064 2248 1105 primum
2270 1084 2282 1102 ‚
2314 1061 2456 1104 denique

1455 1103 1576 1138 cerebri
1623 1105 1821 1137 membranas
1863 1103 1988 1137 summa
2022 1115 2095 1138 cum
2128 1105 2270 1139 hominis
2314 1106 2457 1147 pernicie

1455 1149 1571 1182 adorto
1596 1172 1603 1180 .
1736 1146 1885 1189 Qerelae
1917 1156 2024 1180 autern
2060 1147 2099 1181 de
2143 1151 2243 1182 urinae
2278 1149 2457 1181 acrimonia

1456 1191 1560 1224 multo
1593 1190 1789 1232 antiquiores
1814 1214 1824 1229 ,
1854 1191 1971 1233 opinor
1997 1212 2006 1228 ,
2040 1188 2168 1224 fuerant
2194 1216 2202 1230 ‚
2233 1202 2330 1233 quam
2356 1190 2462 1224 semo-⁷

1453 1236 1497 1267 ris
1530 1232 1716 1266 infarstus:
1749 1233 1879 1266 illarum
1915 1242 2001 1266 certe
2034 1236 2130 1275 origo
2165 1232 2257 1269 fuisse
2290 1233 2457 1267 videbitur

1453 1277 1628 1319 longinqui
1662 1277 1819 1318 temporis
1842 1298 1854 1315 ‚
1895 1275 1918 1309 s1
1952 1287 2065 1310 renum
2089 1302 2101 1318 ,
2143 1288 2305 1311 ureterum
2329 1299 2342 1316 ,
2376 1275 2459 1310 vesi-

1452 1332 1498 1356 cae
1530 1318 1796 1353 constitutionem
1829 1319 2016 1361 spectaveris
2048 1345 2057 1353 .
2100 1321 2228 1354 Calculi
2250 1320 2344 1363 olim
2388 1319 2464 1353 for-

1453 1362 1530 1398 tasse
1562 1373 1611 1396 eas
1641 1373 1752 1396 omnes
1786 1371 1890 1403 partes
1922 1363 2002 1395 male
2034 1362 2214 1397 habuerant
2239 1391 2249 1406 ,
2289 1373 2380 1396 renes
2402 1374 2459 1395 or-

1454 1416 1491 1441 tu
1514 1430 1522 1445 ‚
1561 1409 1591 1440 &
1623 1407 1824 1439 incremento
1845 1428 1858 1446 ,
1903 1416 1992 1439 mora
2027 1417 2133 1441 autem
2168 1408 2255 1440 varia
2286 1408 2321 1439 in
2354 1415 2461 1440 urete-

1453 1451 1542 1485 ribus
1565 1473 1578 1490 ,
1612 1451 1641 1482 &
1674 1449 1774 1484 vesica
1797 1473 1806 1488 ‚
1852 1460 1939 1482 renes
1971 1450 2091 1483 iterum
2115 1473 2125 1488 ‚
2170 1451 2277 1493 pelves
2312 1458 2419 1484 autem
2445 1474 2458 1489 ,

1452 1498 1483 1528 δι
1518 1503 1620 1535 partes
1660 1502 1789 1526 caeteras
1823 1503 1894 1534 quae
1937 1494 2036 1526 modo
2068 1494 2258 1527 dicebantur
2291 1517 2300 1532 ,
2343 1491 2461 1526 laeden-

1453 1547 1500 1572 tes
1523 1559 1531 1574 ‚
1565 1536 1728 1578 plerasque
1761 1545 1867 1569 autem
1901 1545 2026 1569 retento
2062 1537 2148 1570 lotio
2190 1537 2424 1579 amplificantes
2447 1558 2459 1574 ,

1454 1585 1485 1615 &
1518 1579 1699 1614 ureteribus
1733 1579 1859 1620 insuper
1891 1589 2012 1611 noxam
2043 1580 2237 1622 peculiarem
2259 1603 2271 1619 ‚
2303 1591 2400 1622 quam
2423 1580 2458 1613 in

1455 1626 1495 1657 iis
1531 1623 1607 1656 alias
1641 1622 1751 1657 vidisse
1784 1632 1848 1655 non
1882 1623 2052 1662 memini,
2095 1624 2292 1656 internarum
2325 1623 2461 1665 hydati-

1455 1668 1532 1702 dum
1567 1664 1730 1700 afferentes
1752 1689 1764 1706 ,
1797 1677 1868 1707 quae
1902 1669 1932 1698 &
1966 1667 2085 1699 morari
2120 1665 2193 1707 ipsae
2215 1667 2354 1699 'urinam
2378 1691 2388 1707 ,
2428 1668 2459 1699 &

1458 1710 1509 1744 vel
1541 1708 1605 1742 sine
1638 1709 1771 1744 calculis
1805 1709 1954 1750 pleraque
1988 1720 2099 1742 eorum
2133 1707 2238 1742 fecisse
2260 1732 2270 1747 ,
2306 1720 2360 1743 aut
2399 1709 2460 1742 sal-

1458 1762 1526 1787 tem
1557 1753 1675 1786 auxisse
1710 1761 1858 1795 poterant
1892 1763 1962 1792 quae
1995 1752 2092 1786 modo
2126 1765 2142 1785 a
2173 1753 2303 1785 calculis
2340 1760 2461 1795 repete.

1458 1797 1570 1831 bamus
1593 1821 1602 1830 .
1633 1795 1693 1831 Sed
1725 1805 1925 1838 quaecunque
1959 1794 2057 1840 fuerit
2089 1795 2181 1828 causa
2214 1807 2285 1837 quae
2317 1795 2373 1829 has
2404 1796 2462 1829 lae-

1456 1842 1557 1876 siones
1589 1840 1816 1883 importaverit
1841 1853 1849 1877 3
1885 1837 1924 1871 ab
1947 1838 2104 1880 ejusmodi
2136 1847 2220 1872 certe
2244 1840 2371 1872 renibus
2394 1850 2461 1873 non

1458 1886 1575 1920 mirum
1607 1885 1649 1918 est
1674 1910 1685 1924 ‚
1727 1894 1823 1927 aequo
1860 1882 1961 1915 acrius
2002 1882 2124 1915 lotium
2167 1881 2365 1925 destillaffe5
2406 1890 2463 1916 aut

1455 1931 1496 1964 ab
1529 1928 1684 1971 ejusmodi
1716 1936 1881 1961 ureterum
1914 1925 2074 1965 glandulis
2111 1933 2169 1967 pro
2204 1927 2342 1960 humore
2386 1926 2461 1958 ido-

1456 1985 1518 2007 neo
1550 1972 1588 2006 ad
1622 1974 1694 2005 illos
1726 1969 1872 2004 adversus
1904 1969 1977 2001 lotii
2014 1968 2129 2002 salinas
2161 1969 2334 2011 particulas
2376 1970 2464 2002 obli-

1459 2016 1593 2051 niendos
1617 2040 1626 2055 ‚
1658 2024 1713 2048 aut
1739 2024 1842 2047 acrem
1874 2011 2014 2045 debuiffe
2038 2035 2050 2052 ‚
2081 2021 2137 2045 aut
2171 2012 2295 2046 nullum
2321 2013 2463 2054 amplius

1458 2060 1576 2093 secerni
1612 2056 1748 2101 putuisse
1772 2082 1780 2089 .
1815 2055 1874 2090 Ab
1909 2055 2078 2091 utralibet>
2098 2056 2184 2088 enirn
2216 2055 2308 2089 causa
2340 2066 2463 2097 repetas

1456 2103 1534 2138 licet
1557 2125 1569 2142 ,
1600 2113 1656 2136 cur
1679 2101 1745 2135 toti
1775 2110 1833 2142 pro
1857 2099 1967 2132 nativa
2001 2097 2149 2132 albedine
2182 2100 2268 2132 intus
2291 2100 2464 2137 ruberent,

1457 2147 1495 2181 ad
1530 2145 1728 2187 veficamque
1751 2144 1878 2177 urinam
1914 2143 2081 2175 mitterent
2104 2142 2138 2173 in
2172 2142 2245 2183 ipsis
2269 2153 2323 2177 aut
2356 2144 2464 2177 acrio-

1458 2202 1526 2225 rem
1550 2188 1667 2223 factam
1693 2210 1701 2225 ‚
1740 2196 1793 2221 aut
1820 2186 1932 2220 saltem
1955 2185 2156 2219 demulcente
2179 2185 2238 2218 illo
2262 2186 2464 2220 additamen.

1458 2243 1497 2268 to
1519 2245 1587 2267 non
1611 2239 1844 2274 temperatam.
1867 2230 1950 2269 Qae
1962 2227 2091 2270 preffius
2115 2228 2167 2261 hic
2181 2230 2371 2271 attigimus,
2396 2242 2465 2264 ma-

1460 2279 1509 2320 gis
1533 2276 1684 2319 probabis
1705 2299 1715 2314 ,
1739 2274 1761 2306 si
1787 2273 1979 2306 Amicorum
2002 2272 2187 2305 nostrorum
2211 2272 2337 2306 Clariis.
2365 2273 2466 2315 Puja-

1462 2323 1508 2357 ti,
1533 2323 1564 2353 δε
1588 2318 1739 2353 Benevoli
1766 2328 1798 2349 ea
1825 2317 1946 2358 Scripta
1970 2317 2102 2357 legeris,
2129 2327 2226 2358 eaque
2238 2315 2299 2350 huc
2323 2316 2465 2350 transtu-

1463 2365 1537 2398 leris
1561 2375 1631 2405 quae
1655 2361 1814 2403 superiore
1838 2358 1982 2401 Epistola
2006 2361 2019 2397 (
2041 2358 2059 2391 b
2083 2362 2093 2396 )
2119 2360 2333 2393 indicavimus
2357 2385 2364 2392 .
2387 2362 2463 2404 jam

1462 2409 1548 2442 enim
1572 2406 1615 2439 est
1638 2405 1751 2443 nobis,
1775 2402 1964 2444 promissum
1988 2402 2135 2435 ordinem
2160 2402 2358 2437 servantibus
2380 2424 2389 2440 ‚
2423 2403 2463 2438 ad

1460 2462 1530 2485 earn
1552 2448 1717 2492 dysuriam
1751 2456 1824 2490 quae
1846 2457 1886 2481 ex
1920 2444 2028 2482 vesicae
2054 2445 2162 2489 lapide
2186 2447 2227 2481 est
2253 2471 2267 2489 ‚
2299 2445 2463 2480 transeun-

1459 2495 1558 2529 dum.

1508 2548 1557 2581 13.
1603 2534 1956 2569 ANDREAS
2014 2534 2462 2568 CORTINIUS

1462 2583 1557 2616 Civis
1581 2590 1667 2612 meus
1687 2602 1696 2616 ‚
1730 2577 1993 2611 Reverendifflmi
2032 2581 2065 2611 P.
2091 2578 2138 2611 M.
2163 2581 2222 2619 qui
2261 2588 2344 2611 nunc
2370 2578 2464 2611 Reli-

1462 2625 1570 2669 gionis
1593 2621 1756 2660 Qiaeiitor
1781 2622 1931 2654 Ferrariae
1954 2623 1997 2655 est
2021 2646 2031 2661 ‚
2061 2621 2175 2653 Parens
2196 2643 2206 2658 ‚
2242 2622 2381 2654 Antonii
2407 2633 2463 2654 au-

1462 2679 1528 2702 tem
1555 2668 1666 2705 Avus,
1689 2665 1753 2697 mei
1778 2663 2004 2703 amantissimi,
2026 2666 2056 2696 ὅ(
2079 2665 2142 2696 Rei
2167 2662 2438 2699 Pharrnaceuticae
2453 2685 2462 2701 ‚

1464 2725 1499 2747 ac
1522 2710 1726 2751 Chirurgicae
1760 2707 1936 2750 peritiffimi
1961 2708 2037 2740 Viri
2060 2729 2069 2744 ‚
2103 2706 2205 2740 homo
2236 2706 2428 2750 subpinguis
2451 2729 2461 2745 ‚

1463 2764 1642 2800 parumque
1665 2752 1893 2785 exercitatione
1915 2751 2058 2792 corporis
2081 2761 2130 2783 uti
2156 2750 2287 2789 solitus,
2312 2763 2386 2785 cum
2410 2762 2463 2784 an-

1464 2810 1522 2833 nos
1546 2796 1711 2831 excederet
1733 2794 1917 2837 sexaginta,
1941 2795 2009 2828 alba
2031 2817 2040 2831 ‚
2065 2797 2096 2826 &
2120 2794 2205 2827 lenta
2229 2796 2371 2837 mingere
2394 2807 2463 2828 coe-

1464 2845 1536 2885 pit,
1558 2852 1614 2874 nec
1638 2838 1703 2871 sine
1725 2838 1835 2871 dolore
1850 2861 1857 2869 .
1882 2836 2104 2882 Suspicionem
2130 2837 2204 2871 hinc
2226 2848 2332 2872 ortam
2355 2839 2462 2873 calcu-

1463 2887 1487 2919 li
1511 2887 1545 2918 in
1568 2881 1667 2918 vefica
1690 2880 1839 2915 haerentis
1854 2906 1862 2920 ,
1884 2882 2044 2914 cathetere
2067 2881 2193 2915 tandem
2217 2881 2376 2922 immisso,
2400 2881 2461 2915 fibi

1462 2929 1592 2972 quidem
1616 2924 1822 2959 confirmavit
1845 2923 2043 2968 Chirurgus,
2070 2936 2134 2958 non
2157 2936 2244 2967 aegro
2263 2948 2276 2965 ,
2305 2926 2362 2967 qui
2386 2934 2461 2959 curn

1461 2973 1518 3006 ille
1549 2969 1706 3005 calculum
1731 2978 1859 3011 tangere
1882 2967 1910 3001 se
1930 2993 1938 3006 ,
1970 2970 2093 3001 diceret
2118 2967 2227 3012 ,sipse
2251 2968 2364 3003 calculi
2400 2970 2461 3002 im..

1461 3015 1555 3060 pulsu
1578 3015 1729 3054 deceptus
1753 3037 1762 3051 ,
1795 3022 1861 3044 non
1881 3012 2043 3045 calculum
2078 3012 2167 3054 tangi
2193 3038 2202 3053 ,
2230 3011 2424 3046 asseverabat
2449 3034 2461 3050 ,

1460 3060 1513 3093 sed
1536 3058 1671 3091 vesicam
1694 3081 1702 3089 .
1735 3056 1842 3092 Quam
1876 3056 2064 3097 opinionem
2099 3067 2137 3088 eo
2169 3058 2269 3098 magis
2303 3055 2459 3096 fovebat,

1461 3101 1551 3144 quod
1584 3113 1600 3133 a
1632 3099 1803 3134 catheteris
1845 3098 2036 3132 immiffione
2069 3097 2194 3133 reddita
2235 3098 2364 3132 facilior
2396 3099 2459 3131 mi-

1462 3147 1529 3178 etio
1553 3142 1657 3177 fuerat
1682 3167 1689 3175 .
1726 3144 1840 3184 Itaque
1864 3154 1927 3176 non
1961 3141 2026 3183 jam
2049 3142 2086 3175 de
2119 3141 2177 3176 hac
2201 3166 2212 3183 ,
2244 3142 2295 3175 sed
2318 3141 2355 3175 de
2378 3153 2462 3184 quo-

1459 3189 1536 3223 dam
1568 3188 1676 3230 potius
1715 3185 1827 3219 dolore
1858 3186 2053 3229 querebatur
2097 3187 2130 3219 in
2175 3185 2355 3219 scrobiculo
2388 3196 2457 3218 cor-

1457 3231 1506 3265 dis
1529 3254 1538 3270 ‚
1583 3231 1674 3272 qui,
1719 3227 1742 3261 fi
1778 3231 1876 3270 paulo
1915 3231 2112 3263 concitatius
2145 3229 2323 3263 ambularet
2348 3250 2357 3265 ,
2382 3239 2462 3270 gra--

1456 3275 1535 3309 dum
1568 3272 1671 3306 sistere
1715 3273 1850 3314 cogebat
1873 3296 1882 3306 .
1927 3271 2133 3307 Accedebant
2165 3274 2351 3306 arteriarum
2384 3271 2456 3312 pul-

1461 3318 1510 3352 sus
1555 3316 1681 3358 turgidi
1704 3339 1713 3354 ,
1759 3319 1789 3349 &
1832 3317 1994 3350 vibrantes
2025 3340 2035 3356 ,
2078 3321 2185 3358 quales
2230 3315 2306 3357 saepe
2350 3313 2453 3346 solent

1461 3362 1500 3395 ab
1533 3360 1753 3401 aneur-ysmate
1778 3382 1786 3390 .
1821 3359 1893 3392 Nec
1925 3370 2001 3392 vero
2046 3360 2113 3393 haec
2146 3358 2300 3394 cessarunt
2323 3382 2333 3397 ,
2376 3367 2452 3389 cum

1461 3405 1530 3446 post
1565 3404 1699 3445 longum
1731 3404 1887 3445 temporis
1908 3402 2113 3436 intervallum
2144 3402 2240 3436 rediit
2265 3401 2362 3434 urinae
2384 3399 2451 3449 dif-

1458 3448 1583 3481 ficultas
1623 3457 1697 3479 cum
1737 3446 1858 3480 ardoris
1896 3445 1983 3479 sensu
2024 3448 2107 3479 circa
2153 3446 2268 3488 pubem
2300 3468 2308 3476 .
2357 3442 2452 3484 Qm

1458 3491 1522 3525 fere
1576 3489 1698 3524 affiduae
1744 3500 1834 3523 erant
1887 3491 2020 3531 querelae
2067 3489 2105 3523 de
2158 3489 2215 3522 illo
2258 3486 2367 3520 dolore
2413 3487 2447 3519 in

1454 3533 1634 3568 scrobiculo
1666 3533 1805 3568 cordis:
1837 3533 1940 3575 pulsus
1972 3532 2070 3566 iidem
2095 3556 2102 3564 .
2138 3533 2219 3566 Tres
2239 3553 2252 3570 ,
2286 3539 2337 3562 aut
2370 3539 2451 3569 qua-

2332 3581 2407 3605 tuor

1372 3735 1388 3752 ir

467 3752 477 3784 ί
493 3759 510 3780 z
528 3753 536 3781 )
551 3753 623 3782 Epist.
641 3757 710 3780 Anat.
731 3762 751 3781 1.
768 3763 792 3781 n.
808 3760 848 3782 61.
1134 3756 1142 3786 (
1160 3755 1174 3780 b
1188 3755 1202 3785 )
1217 3763 1241 3781 n.
1259 3761 1295 3780 1².

907 3752 1071 3788 (alu-19.
