2498 4075
367 162 462 211 252

298 227 447 261 vellicans
472 226 535 261 est.
561 227 686 260 Verum
709 224 756 257 ibi
778 223 818 263 de
842 221 1009 265 pericardii
1035 221 1184 265 hydro-pe
1200 223 1309 266 loqui-

301 282 356 305 tur
375 295 387 312 ‚
411 273 467 314 qui
489 283 528 304 ex
552 270 581 304 se
606 269 678 311 ipso
696 292 709 309 ‚
743 270 775 301 ἃ
799 267 883 301 solus
915 264 1040 298 infestet
1064 291 1071 297 .
1105 267 1179 299 Nos
1202 276 1310 300 autem

298 314 432 348 eundem
465 313 656 347 habebamus
689 322 760 345 curn
792 321 825 342 ea
860 320 959 356 quam
992 320 1070 342 mox
1100 309 1311 343 considerabi-

299 370 370 392 mus
395 381 404 396 ‚
438 358 543 391 cordis
576 355 829 399 amplificatione
861 354 1073 395 conjunctum
1098 377 1106 384 .
1241 354 1313 386 Nec

299 414 375 435 vero
398 411 428 434 te
453 400 534 435 illud
556 398 721 442 perturbet
743 421 756 438 ,
779 396 867 439 quod
892 406 945 429 aut
969 398 1002 428 in
1026 397 1098 429 aliis
1122 397 1279 438 Epistolis
1302 421 1315 437 ,

291 447 332 479 dn
358 444 458 488 iisque
482 444 655 486 praesertim
688 443 720 474 in
744 440 861 483 quibus
884 439 922 472 de
947 440 1211 481 Peripneumonia
1246 452 1315 482 age-

295 489 411 525 bamus
438 511 445 525 ,
480 489 573 529 longe
596 487 676 520 alios
711 483 818 527 pulsus
853 481 1025 525 aliquando
1056 495 1129 518 cum
1164 495 1197 515 ea
1221 496 1310 527 aquae

297 534 393 575 copia
419 531 677 574 proposuerimus
694 552 704 568 ‚
729 537 781 561 aut
806 528 839 559 in
863 527 918 559 illa
940 527 1033 560 XVI·
1060 527 1156 560 exiles
1179 551 1187 565 ‚
1217 526 1310 559 insir-

299 575 429 617 mosque
453 574 558 617 pulsus
582 575 664 606 inter
688 571 771 613 signa
796 570 967 612 peculiaria
993 568 1150 612 hydropis
1173 571 1310 612 pericar-

299 619 346 652 dii
370 630 433 651 non
457 619 664 660 receperimus
679 639 686 645 .
711 617 750 648 In
774 614 829 646 illa
854 614 940 647 enim
956 612 1101 655 Epistola
1125 613 1210 655 signa
1224 625 1310 657 quae-

299 662 466 700 rebamus,
489 661 574 695 hunc
598 673 614 693 a
636 659 758 694 morbis
780 658 903 690 caeteris
929 666 1086 699 perpetuo
1110 656 1304 699 distinguen-

296 707 346 740 tia
361 729 372 746 ,
396 706 501 748 qualia
525 702 681 746 ejusmodi
704 712 769 735 non
792 699 849 734 effe
873 700 981 743 pulsus
1003 724 1014 740 ,
1048 700 1094 732 vel
1120 712 1158 733 ex
1191 702 1232 735 iis
1255 713 1308 744 ap-

297 757 389 792 paret
413 761 484 792 quae
508 747 606 781 modo
636 757 675 779 ex
698 745 874 777 Albertino
907 741 1177 786 proferebantur.

295 795 339 826 ln
358 793 429 826 aliis
452 801 557 825 autem
582 789 736 832 Epistolis
760 798 824 820 non
844 786 1035 826 diuturnus,
1059 787 1108 821 sed
1133 788 1235 821 brevis
1248 785 1309 831 hy-

297 837 417 878 drops,
439 835 495 877 qui
520 834 626 866 cordis
650 832 743 866 fibras
768 830 840 863 satis
861 831 988 869 laxare,
1012 834 1044 864 δε
1067 829 1226 864 infirmare
1247 843 1310 865 non

297 878 423 923 potest,
451 877 514 910 fere
539 876 631 909 nobis
655 874 917 919 proponebatur3
939 885 1013 907 cum
1040 875 1093 908 hic
1116 876 1150 908 in
1164 877 1249 909 Viro
1271 876 1311 908 iis

296 934 377 966 quos
399 920 619 963 descripsimus
643 946 650 958 ,
684 917 885 962 paroxysmis
909 917 972 960 jam
1008 929 1098 952 antea
1129 918 1274 953 obnoxio
1297 942 1311 959 ,

299 969 332 999 δε
355 977 410 999 eos
433 976 514 1009 quos
538 964 700 1003 diximus,
726 961 831 1004 pulsus
854 963 887 994 in
914 960 1153 996 Nosocomium
1178 961 1310 996 afferen-

296 1019 349 1049 te,
373 1020 436 1043 non
460 1009 566 1041 minus
590 1018 687 1051 quam
710 1004 816 1039 cordis
841 1006 931 1040 aneta
966 1007 1066 1041 moles
1089 1005 1179 1040 fuisse
1203 1006 1311 1040 videa*

296 1063 349 1087 tur
372 1053 533 1095 longioris
563 1050 741 1093 temporis.

347 1107 395 1139 15.
420 1098 493 1130 Nec
516 1107 565 1128 me
590 1094 677 1138 fugit
699 1118 712 1135 ,
744 1105 816 1127 curn
842 1094 933 1127 aneta
956 1094 1063 1127 cordis
1086 1094 1311 1136 magnitudine

298 1140 501 1174 vehementes
524 1137 604 1181 saepe
620 1162 628 1176 ‚
652 1149 725 1172 cum
751 1137 900 1170 videlicet
924 1137 1005 1171 nihil
1022 1137 1157 1170 obstaret
1172 1162 1184 1178 ,
1205 1137 1309 1171 vibra-

294 1184 412 1226 tosque
436 1181 527 1217 fuisse
552 1182 684 1224 pulsus,
707 1190 742 1214 ut
766 1183 799 1213 in
825 1182 900 1213 Sene
927 1186 936 1220 (
957 1191 980 1223 p
1001 1185 1040 1221 )‚
1063 1181 1152 1225 cujus
1179 1193 1217 1215 ex
1230 1181 1309 1215 Val-

299 1226 393 1261 salvae
417 1225 562 1265 schedis,
588 1229 620 1259 δέ
644 1226 677 1258 in
703 1225 790 1257 Viro
814 1225 894 1256 item
917 1230 929 1264 (
952 1236 970 1266 q
992 1229 1006 1265 )
1027 1246 1036 1262 ‚
1060 1234 1153 1268 atque
1178 1227 1211 1258 in
1234 1226 1308 1259 Anu

293 1273 382 1310 (r)
415 1281 552 1313 quorum
577 1268 724 1302 historias
759 1279 797 1301 ex
820 1268 900 1300 meis
933 1268 993 1301 tibi
1029 1269 1104 1302 alias
1137 1268 1310 1312 descriptas

295 1314 365 1347 mifi
391 1339 398 1346 .
434 1316 557 1348 Verum
581 1314 614 1346 in
638 1321 755 1345 neutro
779 1312 925 1354 priorum
950 1312 1163 1353 pei-icardium
1197 1324 1309 1356 aquam

294 1357 427 1391 habebat
449 1381 458 1397 ‚
483 1368 544 1401 qua
569 1357 751 1390 laxarentur
775 1356 881 1388 cordis
904 1354 992 1388 fibrae
1010 1367 1024 1396 ,·
1054 1357 1124 1388 imo
1146 1367 1203 1389 cor
1235 1358 1310 1390 Viri

291 1402 495 1437 craffioribus
530 1411 595 1434 erat
628 1398 882 1433 ventriculorum
908 1399 1083 1441 parietibus
1106 1425 1113 1432 .
1151 1400 1234 1438 Quae
1261 1411 1307 1434 res

296 1457 371 1480 cum
394 1447 427 1478 in
449 1447 541 1479 Anus
566 1445 665 1477 etiarn
687 1440 781 1476 corde
804 1440 926 1481 fuerit3
951 1454 1015 1476 non
1039 1445 1083 1477 ita
1098 1444 1218 1477 mirum
1243 1443 1307 1485 est,

299 1490 324 1524 fi
359 1488 454 1532 hujus
477 1489 648 1522 interiores
685 1485 771 1520 fibrae
795 1496 812 1518 a
835 1485 1041 1529 circumjecta
1064 1488 1201 1530 plurima
1226 1499 1306 1530 aqua
1353 1507 1356 1508 ν

296 1533 457 1568 infirmari
483 1544 547 1565 non
572 1531 759 1573 potuerint.
784 1531 935 1570 Contra,
958 1533 992 1563 in
1018 1531 1082 1563 alio
1094 1532 1179 1563 Viro
1202 1533 1311 1574 (s),

296 1590 314 1611 a
337 1575 486 1610 Valsalva
510 1576 703 1612 observato,
726 1582 762 1607 ut
785 1573 818 1605 in
843 1574 944 1607 multa
967 1585 1046 1616 aqua
1070 1576 1241 1617 pericardii
1254 1586 1311 1608 cor

295 1631 448 1662 magnum
471 1619 605 1663 quidem
628 1617 719 1657 fuit,
744 1616 795 1650 sed
820 1617 996 1658 parietibus
1019 1640 1027 1655 ‚
1065 1619 1154 1661 quod
1178 1619 1308 1652 adnora-

293 1658 375 1698 verit
397 1687 406 1702 ‚
446 1675 510 1697 non
534 1661 761 1698 craffioribus3
795 1661 841 1692 ita
866 1661 922 1693 vix
955 1661 1063 1703 pulsus
1087 1663 1308 1704 percipiebam-

292 1720 372 1744 tur:
396 1706 484 1750 isque
508 1718 573 1741 non
599 1705 683 1739 secus
708 1713 801 1746 atque
825 1703 879 1735 ille
905 1704 942 1737 de
966 1715 1033 1746 quo
1064 1704 1231 1739 institutus
1255 1705 1309 1738 hic

293 1753 397 1787 sermo
420 1751 462 1784 est
484 1776 494 1792 ,
528 1762 567 1784 ex
590 1748 771 1792 improviso
803 1746 888 1780 obiit
913 1772 920 1778 .
960 1747 1053 1784 Quid
1088 1750 1175 1782 enim
1209 1749 1311 1791 potest

294 1808 350 1831 cor
374 1793 502 1838 majus,
523 1795 580 1828 ubi
604 1794 670 1838 ejus
695 1790 781 1825 fibrae
806 1789 942 1832 infirmae
965 1790 1049 1831 lint,
1073 1793 1216 1835 niliplus
1243 1792 1311 1825 san-

291 1842 400 1884 guinis
423 1838 595 1872 admittere
610 1861 620 1877 ,
645 1846 742 1880 quarn
765 1835 871 1868 valeat
895 1834 1065 1883 extrudere
1085 1832 1097 1866 ?
1131 1837 1310 1878 impleatur

291 1887 403 1928 itaque
438 1881 552 1916 necesse
578 1881 619 1915 est
640 1906 649 1921 ‚
681 1890 780 1923 eoque
803 1879 906 1921 magis
942 1879 1067 1911 laxetur
1088 1902 1096 1911 .
1120 1879 1228 1921 Magis
1256 1891 1310 1912 au-

294 1938 384 1969 tem,
408 1926 573 1969 magisque
599 1927 741 1958 laxatum
763 1946 777 1962 ‚
808 1924 916 1956 minus
941 1921 1103 1965 sanguinis
1124 1945 1136 1961 ,
1171 1924 1310 1955 minori-

293 1984 354 2016 que
377 1964 507 2005 cum‘vi
531 1972 564 2003 in
589 1968 716 2002 arterias
740 1964 872 2009 ejiciet,
895 1965 976 1999 unde
1001 1965 1109 2007 pulsus
1133 1968 1274 2008 par-vitas
1299 1989 1308 2003 ‚

292 2027 328 2050 ac
352 2016 504 2050 debilitas
523 2039 530 2047 .
568 2014 700 2046 Laxitas
723 2019 829 2043 autem
863 2008 1013 2042 fibrarum
1035 2008 1143 2042 'cordis
1167 2033 1179 2049 ,
1210 2011 1309 2042 etiarn

291 2062 327 2093 in
352 2057 524 2102 pericardii
550 2068 630 2099 aqua
650 2064 718 2087 non
743 2055 895 2086 macerati
917 2076 930 2093 ,
953 2062 1041 2086 tanta
1068 2053 1241 2094 aliquando
1264 2053 1309 2086 es-

293 2104 322 2138 se
348 2102 469 2145 potest,
494 2110 531 2135 ut
555 2103 587 2134 δε
611 2109 669 2132 cor
692 2096 802 2131 sensim
828 2095 1053 2139 amplissimum
1076 2095 1156 2135 fiat,
1183 2099 1214 2128 ἃ
1234 2097 1309 2129 nul-

292 2149 317 2181 li
341 2147 477 2189 denique
502 2144 608 2188 pulsus
633 2142 852 2185 percipiantur
874 2164 882 2171 .
921 2139 1022 2183 Qod
1046 2141 1079 2171 in
1114 2150 1151 2171 eo
1189 2138 1308 2172 accidit

292 2193 408 2235 Iuvene
423 2216 431 2230 ‚
455 2200 551 2233 quem
576 2186 668 2229 supra
691 2188 705 2224 (
728 2192 741 2218 t
764 2187 776 2224 >
800 2196 927 2227 quoque
951 2184 1274 2230 commemoravimus
1296 2207 1309 2223 ,

288 2232 326 2268 ¹in
350 2245 489 2268 extrema
513 2230 660 2274 Epistola
692 2227 854 2271 descripto
878 2228 967 2260 XXI.
993 2229 1097 2268 Cujus
1130 2239 1190 2272 ego
1211 2227 1310 2271 Juve-

294 2281 342 2312 nis
368 2306 374 2316 ‚
409 2281 441 2312 δε
464 2277 541 2311 Viri
566 2275 685 2317 pariter
715 2271 752 2305 de
775 2283 842 2315 quo
865 2271 1017 2305 haetenus
1041 2272 1170 2305 locutus
1205 2272 1273 2305 sum
1297 2293 1309 2310 ‚

293 2322 544 2357 Observationes
576 2315 755 2360 spestabam
777 2338 785 2352 ‚
817 2326 892 2348 cum
914 2313 985 2347 dixi
1021 2315 1077 2347 Cl.
1103 2313 1199 2356 hujus
1231 2315 1306 2356 Gy-

294 2365 407 2401 mnasii
432 2361 603 2398 Professori
627 2360 831 2393 Homobono
856 2356 964 2406 Piso-ni
987 2358 1042 2399 (u
1066 2361 1102 2399 ),
1126 2369 1174 2391 me
1196 2356 1306 2402 vidiffe

295 2410 400 2444 cordis
423 2414 623 2450 augmentum
647 2413 718 2436 cum
738 2401 831 2451 pulsu
855 2399 952 2435 elet.
1229 2445 1234 2450 ¹

343 2456 391 2485 16.
418 2451 525 2485 SENI
560 2458 689 2491 quoque
725 2445 898 2491 macilento
930 2454 1024 2484 quem
1048 2456 1130 2477 anno
1155 2443 1309 2477 secuimus

299 2507 393 2541 1743.
418 2493 521 2528 mense
557 2490 762 2529 Decembri,
798 2489 904 2531 pullus
929 2486 1053 2521 fuerant
1085 2487 1207 2521 debiles
1234 2511 1246 2528 ‚
1279 2490 1310 2519 ἆ

297 2542 385 2586 parvi
409 2537 566 2582 quidem,
590 2534 644 2569 sed
665 2533 799 2566 minime
822 2531 1075 2565 intermittentes
1094 2555 1107 2572 ‚
1137 2543 1211 2566 cum
1237 2542 1313 2574 pro-

295 2595 365 2630 pter
388 2584 611 2617 incarceratam
637 2602 647 2617 ,
679 2586 714 2611 ut
738 2585 858 2609 vocant
878 2599 891 2616 ,
922 2576 1119 2609 enterocelen
1141 2576 1249 2609 illatus
1272 2573 1315 2607 est

296 2632 330 2663 in
354 2624 595 2661 Nosocomium
622 2620 830 2657 patavinum.
859 2619 930 2662 Qj
955 2627 1026 2652 ante
1050 2619 1135 2653 hunc
1160 2618 1311 2652 morbum

297 2672 338 2707 iic
362 2669 480 2710 essent,
505 2678 542 2701 an
566 2666 676 2709 potius
699 2663 743 2697 ob
767 2663 852 2697 hunc
875 2662 980 2706 ipsum
997 2684 1007 2701 ‚
1030 2674 1102 2697 curn
1127 2674 1162 2696 ea
1187 2662 1311 2695 intesti-

296 2726 414 2750 norum
445 2710 702 2747 inflammatione
733 2706 943 2750 conjunctum
965 2729 975 2744 ,
1005 2716 1040 2740 ut
1065 2709 1131 2740 cita
1165 2717 1251 2751 mors
1275 2717 1312 2737 0-

297 2770 405 2795 mnem
435 2756 637 2791 curationem
672 2751 876 2786 anteverterit
898 2775 910 2791 ,
941 2749 1011 2797 etsi·
1030 2762 1090 2793 pro
1112 2759 1201 2783 certo
1237 2750 1314 2782 lcire

298 2815 365 2838 non
388 2802 508 2845 potui,·
531 2808 637 2831 tamen
659 2807 731 2839 quae
755 2796 788 2827 in
812 2795 958 2838 pluribus
983 2805 1049 2836 ejus
1072 2795 1217 2837 corporis
1242 2804 1313 2835 par-

298 2849 409 2886 tibus,
433 2847 465 2877 &
488 2844 523 2876 in
545 2840 618 2885 ipso
641 2839 817 2882 praesertim
841 2839 937 2871 corde
961 2837 1098 2880 spectavi
1124 2861 1135 2877 ‚
1167 2837 1318 2883 frequen-

300 2891 486 2931 tiffirnaeque
508 2882 724 2919 studiosorum
747 2893 872 2916 coronae
884 2882 1005 2915 ostendi
1022 2905 1030 2919 ‚
1054 2880 1210 2924 ejusmodi
1224 2883 1316 2920 lunt,

299 2944 336 2970 ut
359 2943 426 2967 non
448 2928 583 2971 indigna
606 2926 747 2960 censeam
768 2937 839 2968 quae
871 2936 977 2960 tecum
1000 2926 1279 2958 communicentur
1304 2947 1311 2954 .

431 2973 609 3008 CORDIS
642 2970 833 3002 exteriorem
858 2968 976 3003 faciem
1010 2970 1208 3001 examinanti
1235 2977 1317 3000 arte-

303 3024 349 3056 ria
375 3021 404 3055 se
426 3017 550 3051 obtulit
572 3014 754 3048 Coronaria
776 3012 894 3047 sinistra
917 3016 950 3047 in
978 3013 1118 3045 canalem
1138 3011 1255 3045 osseum
1281 3010 1318 3042 ab

300 3066 367 3110 ipsa
391 3063 518 3103 origine
542 3059 581 3092 ad
605 3058 747 3094 trasturn
781 3057 921 3098 plurium
946 3056 1127 3099 digitorum
1159 3066 1282 3089 mutata
1306 3077 1319 3093 ,

301 3121 365 3154 qua
389 3105 471 3142 basis
496 3112 646 3146 magnam
670 3110 793 3144 partem
817 3101 1024 3143 amplectitur
1048 3125 1054 3131 .
1092 3098 1152 3132 Sed
1175 3103 1206 3132 &
1233 3099 1314 3130 rami

301 3155 390 3188 illius
414 3148 570 3194 praelongi
595 3172 604 3187 ,
638 3156 731 3188 quem
756 3154 810 3185 per
840 3145 1031 3177 anteriorem
1072 3143 1178 3176 cordis
1202 3141 1316 3175 faciem

302 3196 451 3231 demittit
477 3219 486 3233 ,
518 3202 589 3234 pars
611 3198 677 3223 erat
710 3187 792 3222 ossea
815 3187 880 3230 jam
917 3186 1001 3221 faSta
1025 3186 1062 3220 ad
1096 3196 1222 3221 tantum
1248 3185 1317 3228 spa-

302 3244 409 3281 tium,
432 3245 589 3280 quantum
611 3232 710 3275 digiti
736 3231 902 3265 transversi
936 3240 996 3265 tres
1019 3233 1182 3273 operirent
1206 3254 1212 3259 .
1248 3231 1315 3261 Ita-

303 3296 364 3328 que
394 3283 446 3315 via
469 3278 613 3321 sanguini
645 3275 818 3318 utrobique
843 3276 968 3318 patebat
1002 3286 1066 3307 non
1090 3286 1145 3318 per
1175 3274 1315 3306 canalem

305 3327 559 3362 membraneum,
577 3329 634 3355 aut
658 3331 754 3363 quem
775 3317 916 3360 disicerae
940 3319 1073 3352 lamellae
1095 3317 1185 3365 offere
1201 3318 1254 3350 hic
1277 3316 1317 3348 il-

306 3373 348 3405 lic
376 3369 542 3404 duriorem
566 3366 705 3400 facerent
726 3387 737 3403 ,
767 3363 819 3397 sed
844 3374 898 3404 per
933 3363 1082 3396 tubulum
1105 3362 1224 3395 oneum
1250 3372 1318 3406 per-

307 3424 463 3459 petuum,
485 3413 541 3445 vix
562 3408 725 3443 nonnullis
751 3409 783 3441 in
809 3407 890 3439 locis
915 3407 1021 3439 minus
1045 3405 1160 3439 dui-uzu
1184 3430 1192 3445 ,
1215 3406 1319 3446 iisque

308 3457 508 3501 perexiguis,
531 3457 563 3487 &
585 3464 660 3486 curn
685 3450 857 3484 transversa
882 3450 997 3482 lineola
1022 3449 1192 3483 modorum
1224 3448 1319 3480 exilis

310 3501 472 3534 arundinis
496 3495 719 3540 comparandis
741 3519 748 3526 .
775 3497 865 3528 Tum
889 3493 985 3527 corde
1010 3503 1119 3536 aperto
1135 3517 1143 3532 ,
1168 3496 1199 3525 δε
1225 3491 1321 3534 ροὶγῃ

855 3674 866 3687 »¹

372 3709 385 3736 (
399 3715 416 3738 p
432 3707 445 3735 >
463 3706 535 3735 Epist.
554 3713 591 3733 ιγ.
608 3706 670 3738 fl·.⁶.·
733 3704 747 3732 (
765 3712 778 3731 17
797 3688 900 3736 Jerui'n.
920 3701 957 3724 18.
976 3708 999 3722 n.
1019 3708 1057 3729 30.
1084 3730 1089 3733 Π

371 3738 381 3767 (
399 3747 414 3762 u
433 3739 445 3764 )
462 3737 518 3760 vid.
534 3736 586 3763 ejus
603 3737 714 3764 Spicileg.
732 3735 861 3757 Curation,
879 3732 901 3754 S.
920 3739 943 3759 4.
962 3730 1020 3754 obs.
1045 3739 1065 3754 1.
1084 3738 1107 3753 in
1126 3730 1168 3754 (in.

371 3770 419 3798 (τ,
434 3768 448 3796 )
466 3766 539 3796 Epist.
557 3775 580 3796 7.
600 3773 621 3790 n,
642 3773 677 3790 ιι.
695 3766 718 3788 ἔτι
737 3763 834 3788 Advers.
853 3763 929 3785 Anat.
950 3762 969 3785 1.
989 3770 1012 3784 n.
1032 3770 1070 3790 24.

1119 3708 1131 3728 ς
1148 3708 1159 3722 ι·
1176 3699 1189 3728 )
1209 3698 1271 3723 lbid.
1291 3707 1316 3723 n.
1336 3701 1373 3723 28.

1232 3731 1243 3758 ξ
1262 3739 1274 3753 κ
1294 3733 1302 3760 )
1320 3730 1389 3759 Epist¹
1409 3738 1447 3758 ³7.
1467 3740 1492 3754 n.
1512 3738 1546 3754 22.

890 145 1048 197 Liber
1080 143 1147 196 ΙΙ.
1182 143 1268 196 De
1302 141 1512 196 Morbis
1547 142 1809 198 Thoracis

1361 221 1443 265 posis
1466 222 1655 265 quibusdam
1679 222 1936 257 concretionibus
1959 223 2109 258 detrae‘tis
2131 246 2140 262 ‚
2166 223 2220 258 etsi
2244 234 2368 266 aggeres

1361 266 1563 300 valvularum
1588 267 1716 308 Magnae
1741 268 1868 299 arteriae
1892 267 2042 301 duriores
2065 269 2175 302 multo
2198 279 2294 310 quarn
2318 268 2371 301 so-

1364 310 1470 347 leant,
1497 313 1528 343 &
1553 320 1630 352 pene
1653 307 1753 342 osseos
1775 311 1840 343 vidi
1866 322 1877 348 3
1911 310 1994 343 nihil
2021 321 2125 344 tamen
2158 310 2231 345 ossei
2258 320 2311 345 aut
2336 312 2368 343 in

1365 352 1438 396 ipsis
1463 379 1471 391 ,
1505 364 1557 387 aut
1582 355 1615 385 in
1640 353 1710 385 aliis
1735 353 1893 393 valvulis,
1915 364 1969 387 aut
1993 356 2025 387 in
2050 355 2106 387 illa
2132 356 2244 387 arteria
2271 365 2370 397 prope

1364 408 1421 430 cor
1443 396 1597 439 quidem,
1620 394 1813 438 deprehendi
1835 423 1842 429 .
1878 397 1936 430 Sed
1961 398 2072 441 aliquo
2106 411 2121 431 a
2144 397 2238 430 corde
2260 399 2370 430 *inter-

1364 441 1451 474 vallo
1466 463 1477 479 ‚
1500 444 1532 474 &
1556 439 1593 474 ad
1620 439 1819 482 superiorum
1844 442 2033 475 arteriarum
2057 443 2201 484 origines
2222 465 2234 481 ,
2257 443 2289 474 &
2316 441 2369 474 de-

1363 486 1469 524 inceps
1490 484 1531 517 ad
1556 483 1744 517 divisionem
1767 484 1864 525 usque
1888 485 1919 516 in
1946 486 2058 519 Iliacas
2090 495 2155 518 erat
2180 487 2295 517 Aoi-tae
2318 486 2369 517 in-

1349 530 1462 561 *terior
1485 526 1582 561 facies
1607 527 1685 570 saepe
1707 526 1875 569 inaequalis
1900 528 1943 560 ob
1965 530 2062 563 osseas
2085 529 2260 562 durjffimas
2275 527 2369 560 lami-

1362 583 1414 605 nas
1446 592 1454 607 ‚
1485 582 1620 614 quarum
1643 570 1750 613 plures
1784 570 1999 612 amplitudine
2033 584 2173 615 unguem
2204 579 2368 615 aequarunt

1361 615 1460 658 digiti
1486 615 1635 657 pollicis:
1661 615 1811 647 intimam
1838 623 1966 656 tamen,
1989 626 2058 659 quae
2082 628 2130 649 eas
2156 626 2265 648 omnes
2288 625 2369 655 ope-

1360 660 1461 692 riebat
1480 681 1491 698 ‚
1525 659 1648 691 arteriae
1666 658 1817 691 >tunicam
1850 668 1915 690 uno
1940 668 2067 693 tantum
2104 661 2138 693 in
2163 661 2237 693 loco
2260 657 2367 691 laesam

1360 701 1477 736 offendi
1507 724 1519 740 ‚v
1548 701 1745 735 craffiusculo
1781 700 1827 733 ibi
1854 700 1987 736 humore
2022 702 2050 736 se
2081 703 2263 737 ostendente
2284 725 2294 741 ,
2328 701 2367 734 de

1360 758 1426 790 quo
1445 769 1458 786 ,
1497 748 1525 789 ἒς
1552 746 1589 778 de
1613 746 1677 787 ipsa
1701 745 1892 777 laminarum
1915 745 1982 779 sede
2005 746 2086 789 quid
2105 748 2142 780 in
2168 747 2230 781 hoc
2255 744 2368 779 horni-

1362 801 1422 829 ne,
1445 790 1575 832 aliisque
1598 789 1828 822 observaverim
1846 811 1859 827 ‚
1882 790 1944 822 erit
1956 790 2036 823 alibi
2059 791 2277 834 opportunior
2291 789 2368 822 scri-

1363 832 1458 868 bendi
1483 833 1573 866 locus
1608 836 1726 872 (x).
1763 833 1908 874 Squamae
1943 843 2050 867 autem
2081 833 2171 867 osseae
2205 830 2368 876 nequead

1345 876 1553 911 vdivisionem
1583 877 1617 909 in
1652 874 1855 909 Subclaviam
1877 898 1890 915 ,
1924 879 1957 909 &
1987 877 2178 911 Carotidem
2216 877 2368 910 arteriam

1360 922 1529 961 dexteras,
1553 931 1650 963 neque
1675 920 1709 951 in
1734 919 1845 951 Iliacis
1868 918 2037 954 defuerunt
2061 945 2072 961 ,
2096 932 2195 964 neque
2221 922 2253 953 in
2278 922 2368 963 Sple-

1361 967 1431 998 nica
1468 963 1641 1006 praesertim
1661 985 1669 1000 ‚
1704 964 1734 996 in
1759 962 1970 1006 qua‘crebrae
1993 974 2083 997 erant
2118 966 2155 997 ad
2180 965 2294 997 lienem
2318 963 2368 997 us-

1360 1020 1440 1051 que.
1467 1010 1556 1040 Intra
1579 1008 1725 1040 cranium
1747 1016 1852 1039 tamen
1876 1030 1885 1044 ,
1919 1008 2061 1049 itemque
2086 1010 2117 1040 in
2144 1007 2272 1041 artubus
2295 1016 2368 1040 tum

1364 1052 1581 1094 superioribus
1602 1074 1612 1089 ,
1645 1060 1716 1084 tum
1740 1049 1948 1084 inferioribus
1971 1051 2055 1084 nihil
2080 1050 2153 1085 oss'ei
2187 1053 2220 1083 in
2244 1051 2368 1084 arteriis

1362 1093 1596 1135 animadverti,
1619 1093 1674 1127 etsi
1700 1096 1732 1126 in
1755 1093 1885 1127 artubus
1910 1093 1958 1127 hae
1981 1094 2136 1128 firmiores
2159 1103 2246 1127 erant
2270 1117 2278 1131 ‚
2310 1093 2369 1128 du-

1362 1138 1522 1180 rioresque
1545 1162 1557 1178 ,
1589 1141 1621 1171 &
1646 1137 1773 1171 sortasse
1808 1138 1904 1171 etiam
1928 1138 2058 1172 latiores
2082 1139 2178 1180 paulo
2200 1149 2295 1181 quarn
2322 1136 2370 1170 so-

1363 1183 1471 1215 leant.-
1496 1194 1571 1224 quas
1594 1180 1671 1214 cium
1698 1180 1893 1221 secaremus,
1915 1182 1982 1214 vidi
2008 1185 2040 1215 in
2064 1182 2254 1216 Cruralibus
2279 1181 2369 1223 quod

1362 1227 1518 1267 supererat
1553 1225 1714 1268 sanguinis
1734 1248 1745 1265 ,
1780 1236 1842 1257 non
1877 1225 2013 1259 liuidum
2044 1225 2203 1267 quidem<
2239 1225 2287 1257 sed
2313 1236 2368 1257 nec

1361 1268 1573 1313 polyposum.
1709 1270 1747 1301 In
1774 1268 1975 1301 Lateralibus
2009 1280 2084 1302 vero
2106 1269 2272 1303 Craffioris
2305 1279 2370 1300 me-

1363 1315 1470 1355 ningis
1508 1312 1637 1346 Sinibus
1662 1311 1827 1355 polyposae
1860 1320 1948 1345 erant
1971 1313 2193 1346 concretiones
2230 1310 2271 1345 sic
2297 1311 2370 1345 satis

1361 1357 1464 1391 crassae
1482 1381 1489 1388 .
1525 1359 1564 1390 In
1588 1355 1717 1389 Cerebri
1743 1364 1849 1389 autem
1881 1357 2069 1390 ventriculis
2096 1356 2228 1389 dextero
2249 1379 2262 1396 ,
2296 1354 2372 1387 {ini-

1362 1401 1485 1443 stroque
1509 1411 1574 1433 non
1598 1398 1702 1432 deerat
1728 1410 1807 1441 aqua
1829 1421 1837 1435 ‚
1871 1410 1969 1441 neque
1993 1401 2026 1433 in
2051 1399 2231 1433 Choroide'
2252 1398 2371 1432 utrius-

1357 1455 1417 1487 que
1452 1444 1547 1486 plexu
1579 1442 1748 1484 hydatides
1770 1465 1778 1481 ‚
1814 1446 1845 1476 δε
1878 1445 1911 1476 in
1947 1444 1988 1477 iis
2021 1443 2167 1487 quaedam
2202 1441 2337 1485 majores
2360 1468 2369 1474 .

1492 1487 1551 1521 Sed
1575 1487 1613 1520 acl
1638 1487 1847 1527 Thoracem,
1870 1490 1901 1520 ὃς
1928 1489 2083 1521 Ventrem
2102 1497 2138 1521 ut
2162 1486 2312 1524 redeam3
2337 1487 2371 1520 in

1360 1531 1422 1564 illo
1455 1542 1529 1563 cum
1552 1531 1708 1572 Asperam
1741 1531 1889 1563 arteriam
1911 1554 1923 1570 ,
1955 1534 1988 1563 &
2012 1533 2134 1573 primos
2168 1529 2233 1573 ejus
2267 1541 2372 1564 ramos

1361 1573 1555 1611 inciderem,
1581 1574 1785 1616 cartilagines
1810 1573 1915 1615 passim
1937 1572 2031 1607 osseas
2056 1573 2157 1608 fassas
2173 1573 2374 1607 animadver..

1364 1621 1390 1651 ti
1414 1642 1425 1658 ,
1453 1617 1641 1659 easdemque
1664 1619 1697 1649 in
1729 1618 1817 1650 illius
1841 1618 1967 1650 arteriae
2002 1627 2119 1651 trunco
2144 1617 2181 1651 ad
2205 1629 2273 1650 eam
2301 1616 2372 1649 for-

1364 1672 1450 1695 mam
1474 1661 1637 1700 redac‘has,
1659 1669 1694 1693 ut
1718 1660 1847 1702 singulae
1872 1662 1973 1703 magis
1991 1673 2086 1703 quam
2110 1672 2373 1701 curvamunam‚

1364 1714 1401 1737 ut
1424 1705 1525 1738 solent
1547 1728 1559 1744 ,
1592 1705 1707 1736 lineam
1728 1726 1738 1742 ,
1768 1704 1842 1736 bina
1867 1705 2019 1746 trianguli
2056 1704 2209 1738 referrent
2237 1706 2334 1737 latera
2360 1728 2373 1744 ‚

1363 1749 1502 1781 anterius
1527 1748 1565 1780 ad
1588 1748 1740 1791 angulum
1763 1749 1988 1780 convenientia
2009 1760 2018 1779 :
2051 1759 2147 1790 quam
2170 1749 2214 1781 ob
2245 1749 2374 1782 ca'usam

1363 1791 1417 1825 hic
1440 1792 1564 1825 adnoto
1586 1803 1596 1829 ς
1629 1802 1730 1834 neque
1753 1792 1839 1824 enim
1864 1791 1960 1825 osleas
1994 1790 2061 1824 fieri
2088 1792 2121 1824 in
2145 1790 2268 1825 senibus
2289 1804 2338 1825 eas
2362 1815 2374 1831 ,

1362 1839 1394 1868 ὃ(
1419 1836 1561 1878 lai-yngis
1586 1836 1811 1878 cartilagines,
1835 1846 1941 1868 rarum
1965 1834 2006 1867 est
2022 1861 2031 1875 ,
2054 1833 2143 1879 quod
2168 1847 2206 1869 ex
2230 1834 2374 1868 observa·

1361 1879 1505 1912 tionibus
1532 1888 1660 1920 apparet
1686 1901 1695 1916 ‚
1719 1890 1795 1921 quas
1821 1890 1860 1911 ex
1882 1878 2029 1921 pluribus
2053 1879 2191 1922 collegit
2216 1880 2375 1912 Ariftori-

1360 1922 1418 1955 bus
1442 1923 1495 1955 Cl.
1524 1922 1716 1960 Winklerus
1741 1925 1795 1964 (y
1818 1925 1852 1961 >3
1877 1933 1913 1956 ut
1938 1933 2043 1955 rarum
2069 1924 2179 1965 potius
2194 1922 2235 1955 sit
2252 1945 2260 1959 ‚
2284 1933 2376 1955 exer-

1360 1965 1581 1998 citatiffimum
1606 1988 1614 2001 ,
1649 1965 1725 1998 dum
1751 1974 1871 1999 viveret
1890 1989 1899 2004 ‚
1936 1966 2171 2000 Anatomicum
2194 1965 2375 1999 Caffcboh-

1359 2011 1464 2042 mium
1487 2019 1669 2051 nunquam,
1696 2008 1774 2042 sicut
1798 2009 1853 2042 ille
1877 2018 2006 2048 narrat,
2029 2009 2125 2043 osseas
2151 2009 2251 2043 fat-“tas
2277 2008 2376 2042 vidis-

1359 2052 1389 2085 se
1411 2064 1422 2091 5
1455 2063 1514 2084 nos
1538 2061 1622 2084 certe
1663 2052 1810 2095 utrasque
1834 2064 1900 2085 non
1937 2052 2026 2086 seme]
2064 2052 2206 2087 vidimus
2244 2055 2257 2092 (
2281 2066 2303 2096 c<
2328 2057 2340 2092 )
2365 2077 2374 2085 .

1492 2096 1614 2128 Venter
1640 2106 1745 2131 autem
1770 2095 1824 2128 etii
1849 2105 1962 2138 praeter
1986 2096 2184 2130 inflammata
2206 2120 2214 2134 ‚
2249 2106 2285 2130 ut
2309 2097 2376 2129 ini-

1361 2139 1411 2172 tio
1433 2137 1527 2176 dixi,
1553 2138 1727 2178 intestina,
1751 2138 1866 2171 viscera
1891 2141 2001 2172 omnia
2026 2139 2097 2172 sana
2121 2140 2261 2181 habuit,
2285 2143 2316 2173 &
2340 2141 2376 2173 in

1362 2183 1413 2216 his
1436 2181 1543 2225 jecur,
1566 2185 1599 2215 &
1622 2183 1757 2222 lienem,
1781 2194 1922 2226 quorum
1947 2193 2117 2227 utrumque
2141 2185 2297 2217 mediocri
2309 2193 2376 2217 crat

1361 2226 1621 2268 magnitudine3
1658 2228 1691 2259 in
1714 2225 1855 2269 jecinore
1889 2237 1996 2260 tamen
2022 2228 2088 2261 haec
2121 2226 2255 2262 ‘fuerunt
2288 2230 2377 2260 exci-

1363 2268 1497 2314 pienda.
1523 2271 1606 2302 Erat
1630 2270 1695 2313 ejus
1719 2269 1851 2303 vesicula
1876 2272 1909 2303 in
1937 2270 2149 2305 transversum
2176 2272 2283 2305 locata
2311 2283 2318 2304 .·
2343 2274 2376 2304 δε

1358 2324 1541 2358 quanquam
1565 2312 1641 2354 justa
1665 2317 1697 2347 ὃς
1732 2312 1799 2356 ipsa
1824 2324 1890 2348 erat
1918 2315 2143 2357 magnitudine
2167 2338 2180 2355 ,
2214 2313 2316 2349 sinum
2338 2316 2377 2348 in

1358 2358 1496 2401 jecinore
1521 2355 1654 2389 habebat
1678 2358 1813 2390 omuino
1836 2359 1986 2398 nullutn,
2010 2360 2042 2390 in
2068 2370 2165 2401 quem
2181 2381 2190 2396 ‚
2213 2368 2250 2392 ut
2274 2359 2378 2399 solet,

1361 2402 1584 2443 exciperetur5
1610 2410 1645 2434 ut
1670 2400 1834 2444 postquam
1861 2401 1899 2434 ab
1920 2413 1958 2433 eo
1982 2401 2119 2441 viscere,
2144 2402 2177 2434 id
2189 2402 2277 2445 quod
2303 2404 2376 2436 nul-

1362 2447 1391 2478 la
1416 2445 1446 2476 vi
1470 2468 1481 2483 ,
1515 2444 1669 2487 nulloque
1692 2445 1827 2487 negotio
1861 2445 1992 2487 praestiti
2014 2469 2027 2485 ,
2060 2443 2199 2479 fundum
2217 2446 2315 2480 illius
2338 2458 2379 2479 o-

1363 2498 1470 2522 mnem
1495 2487 1711 2530 disjunxeram
1732 2511 1741 2526 ‚
1776 2489 1831 2521 vix
1857 2488 1961 2528 sedes,
1985 2488 2024 2521 ad
2048 2500 2145 2531 quarn
2169 2488 2342 2522 adhaescrat
2365 2514 2378 2530 ,

1366 2530 1492 2575 agnosci
1519 2529 1640 2573 poss'et:
1663 2543 1732 2574 quae
1756 2541 1823 2564 erat
1849 2532 1932 2565 laevis
1957 2532 2035 2565 adeo
2058 2556 2066 2569 ,
2108 2536 2139 2566 &
2163 2532 2377 2574 uniusmodi,

1365 2585 1402 2610 ut
1424 2573 1536 2617 siquod
1560 2572 1643 2607 forte
1669 2575 1772 2608 fuerat
1807 2575 1968 2609 vasculum
1992 2575 2235 2619 cujusqucmodi
2270 2577 2308 2609 ab
2330 2576 2378 2620 je-

1364 2621 1472 2652 cinore
1497 2617 1533 2650 ad
1560 2630 1632 2651 eum
1658 2619 1819 2661 pertinens
1844 2617 1980 2652 fundum
2004 2642 2012 2657 ‚
2046 2630 2100 2653 aut
2126 2621 2162 2653 ab
2188 2620 2248 2654 hoc
2273 2620 2310 2654 ad
2335 2622 2380 2654 il-

1363 2663 1440 2698 lud,
1466 2661 1580 2695 necesse
1597 2662 1677 2695 esset
1701 2663 1848 2695 exilitate
1884 2661 1976 2696 fuisse
2000 2663 2184 2698 incredibili
2208 2691 2217 2704 ‚
2251 2667 2283 2697 δι
2307 2675 2378 2708 quae

1363 2717 1493 2740 omnem
1519 2705 1641 2748 fugeret
1667 2705 1806 2740 sensum.
1831 2707 1878 2739 Et
1903 2705 2035 2740 vesicula
2058 2707 2191 2751 quidem
2215 2709 2260 2740 ita
2285 2709 2380 2751 apri-

1366 2749 1500 2784 mordiis
1525 2750 1621 2792 usque
1645 2750 1673 2783 se
1697 2749 1850 2783 habebat.
1882 2750 1959 2783 ssilis
1982 2762 2057 2783 vero
2082 2754 2115 2784 in
2141 2763 2173 2784 ea
2200 2753 2302 2785 inerat
2327 2755 2379 2785 ni-

1368 2796 1517 2837 gricans,
1541 2797 1570 2826 &a
1596 2793 1796 2833 subviscida,
1821 2792 1977 2827 mediocri
1990 2796 2106 2837 copia,
2133 2797 2167 2828 in
2191 2807 2287 2838 eaque
2313 2797 2380 2829 cal-

1369 2838 1434 2871 culi
1459 2836 1497 2869 ad
1522 2837 1640 2879 viginti
1664 2860 1672 2868 .
1710 2838 1803 2875 Quos
1827 2846 1863 2870 ut
1888 2838 1996 2879 nigros
2022 2839 2090 2872 vidi
2111 2863 2123 2879 ‚
2158 2841 2316 2874 continuo
2339 2841 2380 2874 iis

1370 2883 1426 2924 qui
1450 2880 1603 2920 aderant,
1627 2880 1789 2923 praedixi,
1814 2880 1847 2913 id
1870 2880 1959 2923 quod
1985 2880 2072 2920 fuit,
2096 2894 2199 2926 neque
2217 2884 2381 2919 flammam

1367 2935 1600 2967 concepturos‚
1625 2926 1857 2967 necliquatum
1878 2926 1946 2964 iri,
1972 2924 2022 2958 sed
2040 2927 2178 2960 flramrnae
2204 2928 2381 2971 admotos,

1369 2970 1424 3002 vix
1448 2969 1588 3009 crepitus
1614 2968 1783 3001 levillimos
1807 2966 1865 3000 esse
1890 2968 2053 3003 edituros.
2080 2971 2242 3006 Mediocri
2269 2983 2381 3015 erant,

1369 3024 1423 3045 nec
1448 3011 1526 3045 adeo
1549 3013 1636 3043 varia
1662 3010 1882 3053 magnitudine
1908 3023 1915 3043 .-
1951 3025 2062 3047 omncs
2087 3024 2193 3048 aurern
2217 3028 2255 3049 ex
2279 3018 2383 3059 pluri-

1369 3057 1427 3090 bus
1450 3054 1535 3099 quafi
1562 3054 1702 3098 globulis
1726 3053 1912 3087 constabant
1937 3081 1944 3095 ,
1978 3069 2116 3100 quorum
2141 3059 2196 3091 alii
2222 3060 2294 3093 aliis
2319 3062 2383 3096 im-

1370 3100 1491 3142 positi,
1515 3099 1640 3131 modica
1665 3098 1710 3132 sui
1737 3108 1823 3140 parte
1848 3099 1932 3132 inter
1958 3100 1985 3133 se
1996 3102 2250 3144 contingebant.

1370 3145 1516 3186 Denique
1540 3145 1572 3175 δε
1597 3142 1738 3175 scrotum
1762 3141 1883 3184 inspexi
1911 3168 1919 3182 ‚
1952 3144 2035 3178 unde
2056 3145 2158 3188 ¹paulo
2181 3147 2252 3189 post
2275 3146 2383 3180 homi-

1369 3199 1417 3220 nis
1442 3196 1580 3219 mortem
1598 3211 1606 3224 ‚
1631 3197 1680 3217 me
1704 3184 1828 3217 absente
1849 3210 1861 3225 ,
1896 3188 2081 3222 intestinum
2105 3188 2285 3224 detractum
2309 3191 2380 3225 fue-

1369 3240 1416 3263 rat
1438 3254 1451 3270 ,
1484 3233 1516 3263 &
1537 3240 1610 3263 cum
1643 3230 1769 3262 caeteris
1790 3252 1802 3269 ,
1839 3241 1873 3263 ut
1898 3231 2031 3265 cadaver
2054 3231 2180 3267 diutius
2216 3234 2346 3268 duraret
2371 3260 2384 3277 ,

1368 3283 1512 3307 amotum
1529 3298 1536 3304 .
1566 3271 1691 3306 Testem
1707 3295 1715 3309 ‚
1739 3274 1793 3315 qui
1821 3271 1925 3308 fuerat
1949 3274 2070 3309 herniae
2095 3278 2292 3318 proximus,
2317 3280 2385 3311 mi-

1373 3330 1483 3350 norem
1506 3317 1632 3357 altero,
1657 3327 1710 3348 nec
1735 3317 1852 3362 paul-o,
1880 3320 1987 3352 inveni
2006 3346 2013 3352 .
2039 3319 2172 3360 Sestus,
2195 3322 2384 3355 interiorem

1373 3361 1575 3395 substantiam
1599 3359 1713 3393 habuit
1736 3371 1774 3393 ex
1798 3361 1887 3394 lusco
1911 3364 2101 3400 rubentem5
2124 3374 2199 3397 curn
2226 3366 2304 3398 alter
2327 3376 2386 3398 co-

1372 3405 1438 3437 lore
1463 3404 1588 3437 haberet
1613 3403 1770 3437 naturali.
1795 3405 1884 3437 Inter
1906 3405 1990 3440 hunc
2009 3416 2121 3439 >tamen
2145 3430 2153 3443 ,
2180 3411 2211 3440 &
2238 3409 2387 3446 Vagina-

1372 3448 1437 3481 lem
1461 3449 1602 3482 tunicam
1636 3447 1803 3481 modicum
1824 3459 1915 3491 aquae
1947 3449 2047 3488 suit'3
2087 3459 2142 3481 nec
2178 3450 2217 3483 ad
2251 3447 2385 3485 alterum

1374 3492 1470 3534 ipfius
1503 3491 1643 3525 testiculi
1678 3501 1858 3525 extremum
1894 3492 2001 3528 defuit
2034 3493 2264 3535 corpusculum
2305 3495 2387 3530 illud

2203 3537 2343 3580 exstans,

1435 3701 1450 3729 ς
1466 3699 1504 3730 s)
1522 3701 1594 3729 rpus
1616 3704 1650 3725 ιε.
1669 3709 1691 3724 n.
1709 3705 1733 3724 ε.
1795 3702 1809 3730 (
1825 3707 1836 3724 ι
1852 3702 1862 3731 )
1878 3710 1901 3725 n.
1921 3708 1945 3730 7:

1610 3732 1617 3754 (
1637 3740 1650 3760 y
1667 3733 1678 3759 ·)
1698 3734 1720 3755 in
1738 3734 1801 3756 calce
1819 3733 1913 3756 Dissert.
1931 3734 1960 3757 de
1976 3733 2051 3757 vafer.
2067 3740 2131 3762 corf.
2150 3735 2179 3760 hu
2192 3745 2215 3759 ιι.
2235 3736 2318 3762 {sithri
