2498 4075
410 183 511 238 282

349 273 430 299 vena
451 274 523 307 quae
548 261 631 294 inter
652 260 737 292 imos
759 270 776 292 a
797 269 891 301 tergo
917 257 1139 299 prominentes
1160 258 1231 292 offis
1245 257 1348 292 femo-

346 309 392 344 ris
426 302 583 349 processus
607 303 730 336 arteriae
760 303 897 337 comites
921 301 950 333 se
982 299 1105 333 addunt
1129 313 1138 331 ι
1153 335 1157 338 ,
1172 303 1228 336 vix
1250 300 1347 343 hujus

345 352 531 384 tunicarum
553 347 700 388 reliquiae
724 346 842 387 aliquae
867 345 1078 386 supererant,
1101 342 1220 379 offibus
1243 344 1347 379 adhae-

346 403 472 428 rentes.
498 388 576 423 Ossa
599 397 706 421 autem
730 388 796 430 ipsa
819 398 949 429 quoque
965 396 1054 419 erant
1076 396 1115 419 ex
1131 397 1219 429 parte
1240 388 1346 427 erosa,

344 447 459 480 nempe
482 434 617 468 illorum
640 442 723 474 quos
746 430 847 464 modo
858 430 926 464 dixi
943 452 955 469 ‚
978 428 1179 471 processuum
1192 433 1346 474 posterior

343 481 464 517 facies,
488 479 519 509 &
542 475 674 509 summae
696 474 826 508 fibulae.

390 529 441 565 5⁶.
461 521 537 565 jam
561 530 637 553 vero
661 530 677 551 a
700 517 850 551 vasorum
883 524 1011 550 tumore
1032 515 1071 549 ad
1094 516 1208 551 ossium
1239 526 1348 552 tumo-

344 578 436 609 rem,
459 564 493 598 id
516 562 560 597 est
584 561 766 596 Exostofim
791 560 957 593 veniamus
981 581 989 596 ³
1025 561 1158 593 minime
1181 558 1242 594 hac
1273 564 1349 604 qui-

342 610 417 644 dem
441 605 587 650 Epistola
610 606 735 639 soliciti
757 615 832 638 cum
847 603 1108 649 Schelhammero
1131 606 1145 642 <
1163 607 1218 646 g.)
1234 626 1247 644 ‚
1268 616 1347 638 num

342 651 508 698 exostpfis,
538 650 699 686 sarcoma‚
725 648 865 691 polypus
880 672 889 688 ,
915 647 977 681 alia
999 645 1155 689 ejusmodi
1179 645 1252 680 satis
1264 648 1347 681 reete

341 698 428 730 inter
450 696 616 729 Tumores
638 691 843 728 referantur,
867 701 969 732 neque
992 700 1067 723 eum
1090 690 1210 723 Bidloo
1230 693 1245 730 (
1266 690 1286 724 h
1310 694 1320 729 )
1339 713 1347 727 ‚

342 751 422 775 num
446 741 480 772 in
500 736 633 771 homine
655 738 713 778 qui
736 742 842 768 caetero
866 743 988 774 corpore
1012 744 1076 766 non
1100 732 1138 767 fit
1154 732 1271 776 sanus,
1295 733 1348 767 os-

343 785 382 819 fis
404 792 515 817 tumor
538 779 648 814 vocari
671 789 736 811 non
762 775 1035 820 poffitexostofis‚
1058 776 1233 818 praesertim
1247 789 1348 819 quan-

342 828 386 863 do
411 827 565 860 Gorraeus
588 826 603 862 <
624 824 636 856 i
657 825 696 862 ),
719 822 753 854 in
778 821 921 863 propriis
945 820 1141 854 medicarum
1165 832 1282 854 vocum
1308 821 1346 853 si«

342 868 613 914 gnificationibus
636 864 853 907 proponendis
877 863 1126 898 accuratiffimus
1150 888 1160 904 ,
1188 865 1345 906 polypum

342 914 398 961 effe
422 921 593 947 tumorem,
619 907 735 941 diserte
759 908 804 941 ait
822 929 833 946 ‚
855 907 1013 942 exostoses
1037 915 1142 940 autem
1167 905 1222 950 effe
1244 915 1346 941 tumo-

342 969 391 992 res
413 958 513 990 etiam
536 951 656 986 Gallico
678 949 784 984 morbo
807 948 1020 984 laborantibus
1034 948 1217 993 frequentes
1240 977 1246 983 .
1281 952 1345 984 At-

342 1011 450 1035 tamen
485 1006 522 1032 ut
545 996 667 1031 nemini
699 1003 919 1037 repugnavero
943 996 999 1037 qui
1033 994 1181 1027 exostofis
1215 995 1344 1027 nornine

343 1045 434 1079 malit
458 1041 547 1086 quasi
570 1039 713 1084 quodam
736 1048 848 1080 genere
877 1047 1020 1072 tumores
1042 1037 1154 1071 offium
1178 1038 1343 1081 quoslibet

339 1090 396 1132 qui
420 1096 533 1131 praeter
556 1094 703 1118 naturam
728 1082 810 1119 fior,
835 1081 1134 1125 comprehendere;
1158 1082 1205 1115 ita
1229 1082 1344 1124 proba-

338 1143 462 1170 re,non
487 1128 599 1172 possim
622 1128 681 1170 qui
705 1124 897 1159 exostofium
921 1134 1144 1159 enumerantes
1168 1126 1310 1167 exempla
1331 1137 1344 1164 ⁴,

338 1177 425 1210 inter
448 1174 517 1209 haec
552 1170 720 1214 proferant
741 1180 814 1212 quae
846 1179 912 1202 non
934 1169 1057 1203 constet
1093 1169 1131 1201 ad
1154 1168 1266 1201 offium
1290 1178 1345 1201 tu-

337 1230 443 1254 mores
467 1218 626 1252 attinere3
650 1222 703 1247 aut
728 1212 751 1246 fi
774 1213 807 1247 id
831 1211 951 1246 constet
967 1235 979 1252 ‚
1003 1211 1161 1245 exostoses
1186 1213 1219 1244 in
1242 1213 1344 1244 varias

337 1261 426 1306 quasi
449 1261 565 1304 species
588 1257 747 1300 peculiari
770 1256 882 1290 addito
906 1264 960 1289 aut
984 1255 1115 1288 nomine
1132 1280 1141 1295 ‚
1163 1264 1218 1288 aut
1231 1253 1344 1296 adjun-

336 1309 391 1340 ἂο
423 1315 487 1338 non
521 1301 727 1344 distinguant
753 1325 760 1332 .
791 1300 938 1342 speetare
972 1298 1010 1331 ad
1042 1297 1155 1331 offium
1181 1307 1343 1332 tumorem

336 1361 403 1384 non
439 1346 561 1382 constat
592 1342 812 1378 monstrosum
845 1341 1017 1376 brachium
1041 1343 1077 1374 in
1100 1342 1340 1376 Observatione

335 1394 459 1428 LXIX.
483 1389 624 1424 Hildani
648 1389 745 1421 Cent.
773 1386 836 1420 IV.
860 1384 1079 1428 descriptum;
1102 1395 1138 1419 ut
1164 1387 1275 1428 potius
1290 1389 1340 1417 in-

337 1447 387 1471 ter
409 1448 462 1471 eos
487 1443 630 1468 tumores
652 1442 734 1475 quos
756 1429 848 1474 supra
872 1432 885 1469 (
907 1429 960 1470 lt)
982 1440 1055 1462 cum
1070 1429 1250 1463 Henselero
1274 1440 1341 1462 me-

337 1481 486 1518 moravi,
511 1477 564 1512 hic
587 1474 652 1518 ipse
676 1472 882 1508 referendum
904 1471 1082 1506 crediderit
1105 1475 1118 1512 (
1140 1472 1151 1505 l
1173 1476 1187 1512 )
1211 1498 1218 1505 .
1245 1473 1341 1506 Illam

336 1535 443 1559 tamen
466 1533 565 1566 quam
589 1519 672 1562 apud
695 1517 879 1563 Hildanum
902 1525 1010 1550 extare.
1030 1514 1170 1550 diximus
1185 1539 1193 1554 ‚
1218 1517 1353 1561 Obser-XX

336 1570 504 1603 vationem
526 1576 602 1600 curn
625 1564 659 1596 in
682 1560 766 1595 calce
788 1558 951 1602 cujusdam
975 1560 1036 1592 suae
1059 1560 1243 1594 laudavisset
1255 1560 1341 1593 Tul-

336 1613 409 1654 pius
429 1614 444 1651 (
465 1622 497 1644 m
519 1613 532 1649 )
555 1611 588 1641 in
612 1618 675 1649 qua
689 1613 724 1639 ut
749 1615 785 1637 os
797 1604 922 1638 humeri
948 1602 1069 1644 peffirne
1083 1603 1111 1637 se
1136 1603 1255 1637 habens
1268 1614 1343 1645 pro-

336 1665 458 1699 ponat,
481 1654 586 1695 ipsum
610 1660 718 1684 tamen
743 1659 778 1681 os
800 1647 887 1681 mole
911 1647 1040 1680 aunum
1062 1647 1233 1681 inventum
1266 1646 1345 1681 fuis-

336 1699 388 1739 se,
413 1708 479 1731 non
502 1696 605 1734 dicit;
627 1692 854 1737 §talpartiusss
875 1701 895 1722 n
917 1694 931 1729 )
954 1712 965 1729 ‚
989 1690 1029 1723 de
1052 1690 1249 1724 exostosibus
1273 1701 1343 1723 ver-

335 1742 376 1776 ba
409 1740 527 1775 faciens
549 1762 561 1780 ‚
595 1748 659 1770 non
696 1735 794 1768 modo
824 1733 905 1766 lllud
938 1743 1170 1766 commemorat
1207 1733 1344 1766 Hildani

336 1784 518 1827 exemplum
540 1805 549 1821 ,
574 1780 625 1815 sed
648 1784 679 1814 &
703 1777 866 1819 Tulpium
889 1778 936 1811 ibi
960 1787 995 1809 os
1019 1775 1140 1810 humeri
1163 1776 1251 1819 quod
1271 1776 1344 1817 plu-

338 1831 455 1863 rimum
477 1826 671 1864 increverit,
693 1820 832 1856 affirmat
858 1845 868 1861 ,
892 1818 1091 1862 proposuisse
1115 1832 1122 1853 :
1155 1830 1252 1861 quam
1274 1831 1343 1853 rem

334 1874 433 1906 initio
455 1871 587 1914 quidem
601 1867 766 1905 historiae,
789 1866 823 1897 in
836 1863 1083 1907 Sepulchretum
1107 1874 1236 1905 quoque
1259 1863 1344 1910 (o),

335 1928 392 1950 nec
417 1915 481 1949 fine
504 1922 677 1957 operarum
701 1920 808 1944 errore
832 1910 946 1951 aliquo
968 1929 978 1944 ‚
1017 1907 1125 1939 relatae
1149 1930 1159 1946 ,
1193 1907 1279 1947 quasi
1305 1917 1345 1940 ex

335 1959 463 2002 είρεᾶιι
487 1958 645 1991 exteriore
668 1953 813 1986 indicatis
837 1951 980 1993 Tulpius
1005 1948 1306 1999 videtur-indicare
1331 1961 1343 1988 ς

335 2014 449 2037 verum
472 2002 529 2036 ubi
554 2000 591 2033 ad
614 1997 836 2032 diffeetionem
860 2004 994 2029 ventum
1018 1992 1084 2033 est,
1108 2003 1244 2026 minime
1266 2003 1343 2026 con-

333 2047 469 2082 firmat.
497 2043 566 2078 Post
589 2042 680 2081 haec,
702 2051 877 2082 utrumque
901 2038 1086 2080 exemplum
1108 2034 1173 2070 fine
1197 2037 1261 2070 ulla
1284 2036 1344 2070 du-

334 2091 500 2125 bitatione
539 2090 622 2120 inter
646 2084 802 2119 exostoses
835 2084 875 2116 ab
898 2081 1063 2115 nonnullis
1096 2078 1268 2129 repositum
1293 2082 1344 2112 vi-

334 2135 408 2169 deas
431 2143 496 2166 non
519 2131 606 2165 secus
629 2141 664 2163 ac
689 2127 777 2162 aliud
800 2138 841 2160 ex
864 2126 913 2160 M.
929 2124 1067 2158 Aurelio
1091 2124 1244 2159 Severino
1269 2124 1318 2166 (p)
1334 2149 1342 2162 ‚

336 2180 508 2222 postquam
532 2175 667 2216 Meryus
690 2176 702 2212 (
725 2182 745 2214 q
766 2175 780 2211 )
807 2196 815 2209 ‚
849 2178 885 2203 ut
909 2167 1011 2202 simile
1041 2166 1214 2208 descriptis
1237 2168 1277 2200 ab
1312 2167 1347 2199 ser

337 2223 516 2265 digitorum
541 2228 653 2252 manus
674 2214 874 2249 exostofibus
900 2211 1103 2246 laudaverat.
1128 2210 1187 2243 Sed
1212 2210 1342 2260 M·A.u‘

336 2267 434 2300 relius
457 2273 494 2297 ut
519 2273 584 2296 non
610 2258 790 2294 absimilem
811 2257 953 2291 exterius
978 2266 1109 2289 manum
1120 2253 1344 2303 descripserit,

336 2313 369 2344 δε
392 2307 621 2343 delineaverit3
644 2303 811 2337 materiam
834 2310 942 2333 tamen
959 2322 966 2335 ,
989 2308 1053 2341 quae
1070 2296 1130 2346 sub
1150 2296 1245 2340 z'nczso
1259 2305 1342 2346 verz—o

336 2359 458 2395 reperta
483 2350 541 2391 esi,
565 2359 628 2382 non
653 2345 771 2381 osseam
795 2353 902 2381 certe,
927 2341 980 2376 sed
1002 2341 1105 2375 velun
1128 2339 1342 2389 cot‘z‘aetcarms

336 2394 424 2430 bulbi
447 2393 630 2437 cyclaminis
653 2385 844 2431 apparuisse,
867 2386 984 2422 diserte
999 2384 1135 2418 tradidit
1149 2408 1158 2423 ‚
1174 2381 1342 2425 friabilem

337 2439 484 2483 insuper,
506 2437 548 2471 ά·
571 2432 718 2475 levzffimo
741 2441 857 2473 quoque
871 2429 1015 2464 contaffu
1036 2425 1182 2469 ceffilem:
1207 2437 1242 2474 ut
1264 2437 1341 2467 pau-

337 2483 371 2516 lo
395 2484 501 2515 minus
523 2478 653 2513 difficile
677 2473 825 2509 ferendus
849 2472 922 2507 esset
946 2473 1005 2515 qui
1030 2481 1184 2507 manum,
1204 2471 1228 2502 11
1252 2479 1343 2502 exte-

339 2527 425 2560 riora
449 2524 587 2567 spedas,
609 2519 694 2555 haud
720 2521 764 2551 ita
787 2517 991 2556 diffiniilem‚
1016 2516 1147 2548 ineunte
1171 2512 1234 2546 hoc
1247 2514 1344 2546 saecu-

339 2571 374 2604 lo
396 2582 411 2602 a
437 2566 609 2610 Ruyschio
633 2564 682 2607 (r
704 2566 717 2602 )
740 2563 956 2595 examinatam
971 2583 980 2597 ‚
1006 2558 1044 2591 ad
1070 2556 1224 2591 exostoses
1247 2554 1345 2589 refer-

339 2622 412 2650 ret3
434 2623 508 2646 narn
530 2609 585 2643 etsi
610 2617 674 2641 non
699 2603 844 2647 poffibile
868 2603 933 2637 fuit
958 2601 1160 2645 perspicere,
1185 2611 1222 2649 an
1235 2599 1346 2633 tubera

339 2657 373 2691 in
384 2668 454 2698 quae
467 2660 664 2690 excreverat,
676 2660 715 2682 ex
726 2648 840 2681 osfibus
851 2648 1012 2689 originem
1024 2644 1180 2678 ducerent
1193 2666 1202 2681 ‚
1215 2643 1347 2676 illorum

341 2709 447 2733 tamen
460 2708 561 2732 unum
575 2693 659 2739 quafi
671 2702 708 2727 ex
719 2691 890 2725 innumeris
902 2687 1075 2724 minoribus
1090 2686 1263 2720 tumoribus
1271 2697 1348 2735 par-

339 2743 400 2777 tim
410 2737 635 2784 cartilaginofis
647 2760 660 2777 ,
680 2735 799 2778 partim
811 2731 896 2777 offeis
907 2731 1104 2774 cornpofitum
1116 2729 1326 2772 deprehendit
1338 2755 1345 2762 .

383 2797 435 2829 57.
463 2786 522 2818 Sed
544 2786 576 2817 δε
598 2781 674 2815 illos
695 2790 777 2822 quos
801 2788 892 2811 veros
917 2775 975 2809 esse
999 2773 1272 2809 tumoresconstet
1295 2772 1348 2822 os-

340 2827 380 2863 fis
402 2827 559 2870 alicujus,
583 2836 648 2859 non
672 2823 745 2857 satis
769 2821 810 2855 est
834 2832 899 2854 uno
922 2818 1071 2853 exostofis
1082 2818 1263 2867 vocabulo3
1288 2815 1345 2867 nisi

289 2894 294 2899 ·
341 2874 521 2916 generatim
536 2894 545 2908 ,
567 2865 856 2910 comprehendere,
879 2864 999 2906 quippe
1023 2863 1200 2905 plurimum
1224 2860 1347 2901 alioqui

341 2921 427 2950 inter
450 2915 478 2949 se
501 2913 740 2955 discrepantes.
765 2909 846 2942 Sunt
870 2910 957 2941 enim
981 2906 1148 2951 inquibus
1171 2903 1349 2945 nihilprae-

343 2969 393 2993 ter
416 2958 487 2992 offis
510 2954 812 2992 intumescentiam‚
835 2961 888 2985 aut
912 2950 1160 2985 excrescentiam
1182 2973 1190 2987 ,
1215 2960 1230 2981 a
1256 2957 1349 2980 natu-

343 3015 378 3037 ra
402 3002 541 3035 alienum
566 2999 713 3032 videatur
738 3018 747 3033 ,
781 2996 888 3038 quales
910 2995 1046 3035 Meryus
1070 2992 1151 3034 (s)
1174 2989 1230 3025 esse
1260 3001 1350 3024 com-

344 3056 455 3081 munes
478 3042 659 3078 exostoses,
683 3041 768 3073 dixit
783 3061 792 3076 ,
815 3038 987 3081 qualesque
1011 3038 1179 3070 dumtaxat
1203 3034 1262 3069 esse
1286 3033 1349 3068 hoc

342 3091 456 3126 dianas
479 3088 635 3124 nomine,
656 3082 789 3116 Bidlous
815 3086 825 3121 (
853 3091 867 3114 τ
893 3085 902 3120 )
927 3081 1072 3119 censuit,
1093 3091 1129 3112 os
1152 3080 1289 3112 omnino
1303 3076 1350 3111 sa-

346 3125 425 3167 mim
449 3143 514 3165 non
538 3129 635 3165 modo
658 3126 770 3169 supra,
793 3127 824 3158 &
846 3125 929 3158 infra
943 3148 954 3164 ,
976 3134 1141 3158 tumorem
1164 3124 1349 3166 requirens,

351 3177 401 3210 sed
434 3178 464 3213 &
487 3174 573 3209 hunc
606 3170 759 3217 periostio
783 3171 845 3202 rite
867 3169 1052 3202 contectum
1076 3190 1088 3206 ,
1118 3178 1223 3210 neque
1247 3166 1349 3214 ullum

349 3218 476 3263 prorsus
497 3219 613 3257 intus,
637 3224 770 3248 extrave
793 3211 1064 3246 inflammationis
1090 3235 1099 3249 ‚
1131 3211 1315 3243 acrimoniae
1338 3231 1348 3246 ,

346 3262 525 3306 putredinis
548 3284 559 3300 ,
591 3258 813 3300 corruptionis
844 3257 893 3289 vel
927 3256 1101 3290 minimum
1133 3253 1351 3287 ostendentem

347 3305 520 3348 vestigium
545 3317 555 3336 .·
578 3315 649 3346 quae
674 3300 829 3334 sententia
853 3311 917 3333 non
942 3310 1041 3333 unum
1065 3298 1179 3332 habuit
1203 3294 1352 3345 astipula—

349 3358 455 3382 torem
479 3371 491 3388 ‚
524 3349 554 3380 δι’
578 3348 612 3379 in
636 3346 686 3379 his
710 3343 917 3385 Discipulum
939 3342 992 3375 cl.
1019 3342 1135 3376 Kulmi
1158 3343 1190 3373 in
1214 3352 1249 3372 ea
1273 3338 1349 3372 Dis-

350 3392 522 3426 sertatione
546 3394 556 3430 (
581 3401 601 3424 u
624 3393 635 3428 )
659 3399 751 3430 quae,
774 3388 843 3430 ipso
868 3385 1021 3421 Praeside,
1046 3384 1198 3426 inscripta
1220 3383 1254 3415 cie
1266 3386 1349 3432 Exq-

341 3436 428 3479 sz'ofis
451 3432 681 3467 steatomatode
701 3430 867 3464 clavicula
891 3435 934 3464 A.
964 3439 1055 3471 1732.
1080 3428 1162 3462 edita
1186 3426 1250 3460 est.
1274 3426 1350 3460 Alii

640 179 799 233 Liber
829 179 922 233 IV.
956 177 1040 229 De
1074 178 1281 232 Morbis
1311 177 1671 246 Chirurgicis,
1709 180 1765 232 δε
1801 177 2194 232 Universalibus

1396 267 1504 293 tamen
1527 258 1632 300 plures
1653 260 1684 290 δι
1707 266 1797 291 antea
1819 284 1827 294 ,
1863 262 1895 291 δε
1920 257 2027 299 postea
2052 269 2104 291 eos
2129 269 2259 301 quoque
2290 261 2405 296 ossium

1397 311 1543 337 tumores
1565 300 1716 336 exostofis
1738 303 1870 335 nomine
1892 301 2101 343 designarunt
2137 302 2330 343 quibuscum
2353 306 2404 338 os·

1398 345 1479 379 sium
1503 347 1607 379 caries
1630 344 1703 378 esset
1727 343 1919 385 conjuncta.
1946 345 2129 387 Utriusque
2153 348 2261 379 autem
2279 348 2405 389 generis

1399 390 1522 422 iterum
1546 388 1738 430 partitiones
1761 397 1935 422 occurrunt
1952 411 1960 419 .
1985 389 2066 421 Non
2087 388 2201 421 cariofi
2224 390 2310 424 enim
2332 390 2404 424 offis

1398 441 1512 465 tumor
1537 429 1591 465 aut
1616 442 1656 464 ex
1676 430 1772 465 densa
1795 431 1958 474 solidaque
1981 430 2156 465 substantia
2179 430 2222 465 est
2243 453 2253 470 ‚
2276 435 2404 475 qualem

1399 477 1539 509 maxima
1562 486 1601 508 ex
1623 484 1713 518 parte
1736 475 1843 517 pinxit
1868 475 2002 508 Bidlous
2024 474 2081 513 ('x
2101 477 2116 515 )
2139 497 2147 511 ,
2184 484 2237 509 aut
2259 487 2298 510 ex
2330 477 2404 511 sub-

1399 519 1513 552 stantia
1538 519 1570 551 in
1592 525 1694 552 totum
1718 517 1891 557 cellulosa‚
1915 518 1963 552 vel
1988 516 2158 560 spongiosa
2184 543 2192 557 ‚
2217 528 2252 552 ut
2275 521 2309 552 in
2332 531 2404 562 par-

1398 571 1432 595 te
1454 563 1525 595 offis
1548 560 1683 595 femoris
1705 572 1777 604 quae
1816 562 1990 595 secundum
2014 571 2162 595 naturam
2185 561 2227 594 est
2250 573 2403 604 perquam

1398 605 1479 639 dura
1514 606 1552 639 ad
1577 608 1679 639 unciae
1713 604 1953 639 craffitudinem
1977 605 2070 644 arista
2095 604 2281 647 Ruyschius
2313 608 2367 649 (y
2390 611 2402 644 )

1398 649 1482 682 vidit
1498 673 1507 689 ,
1529 657 1584 682 aut
1607 649 1745 691 denique
1760 670 1769 685 ,
1791 658 1829 681 ut
1850 648 2025 681 delineavit
2049 647 2134 681 idem
2158 652 2172 688 (
2196 649 2254 690 z)
2281 650 2315 681 in
2337 649 2404 684 oss'e

1398 691 1514 732 tibiae,
1537 704 1576 726 ex
1598 691 1770 725 substantia
1792 692 1933 725 exterius
1954 691 2087 734 quidem
2122 692 2294 727 admodum
2318 692 2419 726 cras—-

1400 735 1453 774 sa,
1477 736 1580 776 dura,
1603 737 1790 776 common
1813 736 1950 768 interius
1975 743 2083 767 autem
2106 734 2277 769 cavernosa
2303 759 2311 767 .
2335 738 2403 770 Ca..

1399 778 1476 812 riofi
1498 789 1604 812 autem
1627 779 1699 812 offis
1722 789 1865 812 tumores
1889 788 1944 812 aut
1967 781 2089 812 cariem
2113 781 2288 821 sequuntur
2310 779 2402 820 cujus

1399 832 1538 856 externae
1560 822 1690 865 injuria:
1712 821 1801 855 causa
1826 821 1971 858 fuerint,
1997 832 2030 855 ut
2054 824 2086 854 in
2112 822 2243 855 maxilla
2265 821 2404 856 inferio-

1397 878 1431 900 re
1455 865 1566 907 puellae
1589 877 1661 909 quae
1684 877 1724 899 ex
1748 867 1815 898 alto
1840 866 2016 902 ceciderat,
2041 865 2203 909 descripta
2226 866 2261 898 in
2287 867 2402 909 Regiae

1396 909 1610 944 Scientiarum
1633 908 1818 942 Academiae
1841 907 2020 942 Parifiensis
2042 909 2188 942 Historia
2211 913 2224 949 (
2245 920 2263 942 a
2287 913 2322 948 ),
2346 920 2402 944 aut

1394 955 1576 990 internum,
1602 962 1637 986 ut
1659 953 1792 994 saepius,
1817 951 1994 985 humorum
2018 953 2135 986 vitium
2158 977 2168 992 ‚
2198 953 2262 987 five
2286 953 2327 987 ab
2351 953 2401 988 lue

1395 998 1541 1030 Venerea
1565 995 1628 1030 hoc
1650 996 1709 1035 sit,
1731 995 2001 1042 quemadmodum
2025 995 2058 1028 in
2081 996 2172 1029 tibiae
2194 1021 2203 1035 ‚
2226 997 2294 1030 imo
2319 1022 2328 1037 ,
2362 1006 2400 1032 ut

1393 1040 1571 1075 delineatio
1594 1040 1756 1077 ostendit,
1781 1042 1913 1072 semoris
1935 1039 2000 1072 osse
2025 1039 2190 1072 adnotavit
2210 1040 2399 1082 Stalpartius

1393 1088 1408 1124 (
1430 1082 1449 1117 b
1472 1087 1483 1122 )
1506 1105 1515 1122 ‚
1544 1082 1608 1116 five
1632 1082 1759 1117 aliunde
1783 1107 1791 1121 ,
1826 1091 1862 1116 ut
1886 1085 1920 1115 in
1952 1091 2027 1115 toto
2049 1080 2114 1115 osse
2146 1083 2236 1116 tsbiae
2269 1084 2397 1117 invenit

1395 1127 1567 1170 Bogdanus
1590 1129 1604 1166 ζ
1626 1138 1643 1159 c
1667 1129 1677 1165 )
1703 1148 1711 1163 ,
1744 1125 1869 1159 causam
1903 1124 2039 1160 referens
2072 1125 2111 1159 ad
2133 1138 2207 1160 eum
2245 1127 2399 1161 morbum

1394 1182 1491 1213 quem
1515 1170 1641 1205 Arabes
1665 1168 1882 1211 Ventofitarem
1907 1169 2006 1211 spina
2029 1169 2254 1211 appellarunt,
2278 1171 2398 1204 &sane

1396 1226 1434 1247 cx
1455 1226 1495 1247 eo
1518 1214 1634 1246 morbo
1656 1211 1719 1246 ossa
1744 1212 1968 1250 intumescere,
1994 1212 2192 1247 notiffimum
2205 1213 2247 1248 est
2262 1240 2269 1252 ‚
2295 1225 2400 1257 neque

1396 1260 1428 1291 in
1455 1258 1587 1291 artubus
1610 1257 1715 1290 solum
1738 1278 1748 1294 ,
1773 1255 1825 1290 sed
1848 1259 1879 1288 &
1904 1255 1982 1290 alibi
2005 1277 2015 1293 ‚
2051 1265 2087 1288 ut
2112 1257 2285 1291 Severinus
2306 1260 2320 1297 (
2341 1257 2398 1298 d)

1396 1302 1568 1334 adnotavit
1579 1324 1597 1340 ,γ
1614 1302 1645 1334 &
1668 1299 1822 1341 singulari
1845 1299 1995 1340 exemplo
2019 1298 2052 1331 in
2076 1300 2207 1334 maxilla
2241 1298 2398 1334 inferiore

1395 1345 1602 1379 confirmavit
1634 1354 1734 1386 nuper
1757 1344 1813 1377 Cl.
1837 1341 2112 1378 Kaltschmiedius
2135 1346 2150 1384 (
2171 1353 2186 1376 e
2209 1346 2224 1384 >
2251 1371 2256 1378 .
2288 1344 2401 1383 Quam

1394 1400 1472 1422 vero
1494 1387 1646 1421 differant
1670 1386 1704 1420 hi
1727 1385 1803 1420 ossei
1826 1394 1969 1419 tumores
1992 1386 2077 1420 inter
2100 1386 2131 1420 se
2146 1412 2154 1427 ,
2178 1387 2236 1421 ubi
2261 1396 2316 1421 aut
2336 1387 2403 1421 cel-

1393 1432 1531 1466 lularum
1553 1442 1632 1473 quas
1655 1430 1956 1470 comprehendunt,
1980 1431 2101 1463 variam
2114 1431 2402 1474 magnitudinem,

1392 1486 1447 1510 aut
1472 1477 1593 1509 variam
1617 1496 1626 1511 ‚
1659 1485 1731 1517 quae
1753 1473 1803 1507 his
1826 1475 2012 1507 continetur
2037 1474 2160 1507 cellulis
2184 1498 2196 1513 ‚
2230 1476 2403 1509 materiam

1392 1520 1591 1563 spectemus,
1615 1517 1756 1551 indicare
1778 1516 1910 1559 possunt
1933 1528 2007 1554 curu
2033 1519 2101 1550 aliae
2124 1518 2403 1560 Observationes,

1391 1572 1462 1597 tum
1497 1561 1670 1605 praesertim
1701 1572 1772 1604 quae
1808 1563 1840 1594 in
1876 1561 2009 1595 laudatae
2044 1560 2227 1595 Academiae
2252 1562 2403 1596 Historia

1394 1604 1498 1649 (ff),
1523 1608 1555 1639 δι
1575 1604 1831 1638 Commentariis
1854 1606 1942 1647 (g)
1967 1605 2144 1645 leguntur,
2168 1614 2204 1638 ut
2228 1605 2342 1648 Farcyi
2366 1607 2402 1639 in
2428 1606 2435 1613 “

1395 1650 1557 1691 superiore
1582 1648 1672 1682 tibiae
1697 1658 1787 1691 parte
1812 1663 1829 1694 .’'
1845 1657 1880 1681 ut
1906 1648 2015 1689 Meryi
2040 1649 2073 1681 in
2097 1646 2229 1681 femoris
2254 1648 2401 1691 proceffi-

1395 1694 1454 1726 bus
1478 1691 1708 1730 inferioribus,
1729 1701 1764 1724 ut
1788 1690 1929 1732 ejusdem
1953 1693 1986 1723 in
2013 1702 2123 1725 manus
2137 1692 2270 1733 digitis.

1395 1738 1563 1770 Caeterum
1587 1736 1636 1769 vel
1660 1745 1735 1767 cum
1760 1733 1918 1766 exostoses
1951 1734 2034 1768 nihil
2058 1739 2229 1768 continent
2254 1735 2341 1778 quod
2366 1749 2401 1770 a-

1395 1780 1516 1813 lienum
1541 1781 1579 1812 ab
1602 1788 1714 1811 natura
1736 1776 1850 1810 offium
1875 1777 1914 1809 sit
1941 1801 1949 1815 ‚
1982 1778 2119 1819 ideoque
2145 1788 2255 1819 aptum
2289 1780 2327 1812 ad
2350 1792 2400 1816 ca.

1396 1825 1501 1863 riem,
1525 1823 1562 1856 ad
1585 1821 1730 1857 dolores,
1755 1821 1793 1854 ad
1819 1821 1924 1853 ulcera
1947 1822 2104 1858 creanda;
2126 1821 2194 1863 ipsa
2218 1831 2324 1856 tamen
2347 1834 2403 1857 ex«

1394 1867 1578 1900 tuberantia
1602 1864 1777 1908 praesertim
1801 1875 1872 1906 quae
1896 1874 2018 1905 magnae
2050 1864 2088 1898 ad
2113 1865 2266 1900 articulos
2290 1866 2366 1899 sunt
2394 1889 2403 1903 ‚

1395 1910 1541 1943 tendines
1555 1908 1722 1950 impositos
1746 1909 1842 1940 nimis
1854 1906 2084 1944 distendendo¹
2109 1910 2253 1950 partium
2276 1911 2310 1943 in
2325 1921 2403 1952 quas

1394 1953 1429 1987 hi
1452 1952 1620 1990 desinunt,
1645 1951 1788 1984 motibus
1809 1949 2014 1983 vehementer
2036 1949 2208 1985 officiunt:
2235 1954 2344 1995 itaque
2367 1956 2402 1987 in

1394 1997 1519 2031 duabus
1542 2007 1614 2038 quae
1637 1993 1806 2027 novissime
1828 1993 1981 2027 indicatae
2006 1992 2078 2027 sunt
2103 2019 2112 2034 ,
2135 1996 2250 2037 Meryi
2276 1994 2402 2030 Obser-

1395 2039 1581 2074 vationibus
1606 2038 1696 2072 nullo
1719 2038 1818 2071 modo
1841 2046 1994 2078 poterant
2017 2038 2080 2070 illae
2094 2041 2237 2073 moveri:
2262 2039 2403 2082 singula-

1394 2095 1427 2117 re
1451 2092 1557 2117 autem
1580 2082 1624 2116 est
1645 2083 1679 2115 in
1704 2092 1738 2114 ea
1759 2091 1858 2122 quam
1880 2080 2018 2117 Ricliius
2041 2082 2054 2119 (
2077 2080 2097 2113 l>
2118 2085 2133 2121 >
2158 2083 2323 2116 Lutetiam
2341 2086 2401 2117 mi.

1395 2127 1433 2161 fit
1457 2151 1466 2165 ‚
1498 2125 1679 2160 sensibilem
1703 2124 1850 2157 flexionis
1875 2134 2001 2157 motum
2025 2125 2059 2156 iu
2082 2136 2173 2158 crure
2199 2125 2367 2160 substitisse
2390 2149 2402 2165 ,

1395 2181 1470 2204 cum
1494 2180 1564 2213 pars
1587 2168 1726 2203 inferior
1748 2166 1820 2200 offis
1843 2165 1976 2201 femoris
1999 2167 2275 2209 plurimumesset
2287 2171 2403 2212 ampli.

1395 2212 1491 2247 ficata
1516 2236 1524 2244 .
1558 2213 1617 2246 Sed
1641 2211 1748 2246 multo
1782 2211 1963 2244 mirabilius
1987 2210 2030 2244 est
2059 2211 2149 2254 quod
2183 2212 2222 2246 de
2254 2213 2403 2248 Romana

1392 2258 1550 2291 Matrona
1574 2256 1717 2290 summus
1740 2256 1956 2288 Anatomicus
1968 2254 2086 2288 litteris
2109 2256 2276 2291 mandavit
2292 2257 2404 2291 Eusta-

1392 2300 1485 2341 chius
1509 2304 1520 2340 (
1544 2300 1556 2333 ἱ
1578 2304 1612 2340 ).
1639 2301 1742 2333 Erant
1766 2297 1814 2331 illi
1837 2297 1992 2332 inferiora
2006 2297 2140 2333 femoris
2161 2303 2265 2343 capita
2288 2300 2320 2333 in
2330 2308 2402 2334 tan-

1394 2352 1463 2377 tum
1487 2351 1638 2377 tumorem
1661 2342 1744 2376 elata
1767 2366 1776 2382 ,
1811 2349 1848 2374 ut
1870 2342 1935 2374 viri
1957 2341 2009 2375 vel
2030 2344 2164 2378 maximi
2197 2344 2313 2385 capitis
2335 2355 2403 2377 ma-

1390 2388 1589 2430 gnitudinem
1613 2386 1699 2428 longe
1714 2384 1897 2427 superarent
1920 2406 1929 2421 ‚
1950 2386 2223 2428 quemadmodum
2247 2385 2328 2420 hanc
2352 2397 2403 2421 tu-

1395 2432 1496 2464 moris
1519 2440 1667 2463 naturam
1690 2440 1755 2461 non
1778 2429 1982 2462 credentibus
2006 2432 2129 2463 caeceris
2141 2430 2280 2465 Medicis
2304 2430 2404 2465 sefflo

1394 2474 1522 2507 tandem
1545 2474 1579 2505 in
1605 2483 1735 2506 mortua
1758 2471 2011 2511 demonstravit3
2038 2474 2159 2508 Mulier
2182 2485 2288 2508 tamen
2309 2475 2348 2506 ad
2370 2486 2403 2507 o-

1394 2527 1480 2551 rnnes
1500 2523 1607 2558 partes
1630 2512 1729 2557 facile
1747 2515 1908 2558 soluteque
1940 2516 2122 2550 movebatur
2145 2542 2154 2557 ,
2185 2529 2257 2558 quae
2282 2528 2346 2550 res.
2361 2518 2404 2551 ab

1396 2560 1571 2594 Eustachio
1595 2558 1813 2593 animadversa
1834 2580 1846 2598 ,
1869 2560 1899 2591 &
1923 2558 1983 2591 hoc
2010 2559 2102 2593 fimul
2125 2561 2214 2602 quod
2238 2572 2273 2593 ea
2297 2560 2403 2594 femo-

1398 2606 1441 2637 ris
1473 2606 1582 2646 capita
1605 2602 1658 2645 etsi
1693 2603 1765 2635 adeo
1788 2602 1908 2648 tumida
1941 2613 1975 2634 ac
2001 2603 2126 2644 turgida
2153 2603 2244 2645 fassa
2276 2602 2368 2646 effi‘nt
2391 2626 2404 2643 ‚

1397 2646 1602 2680 mln'lominus
1624 2644 1799 2679 naturalem
1816 2643 1953 2687 figuram
1976 2644 2151 2678 retinebant
2170 2672 2177 2683 ,
2197 2646 2328 2689 ipsum,
2353 2648 2403 2679 vi-

1399 2700 1492 2723 vente
1517 2689 1619 2723 adhuc
1643 2688 1778 2722 muliere
1801 2712 1810 2727 ,
1842 2688 1880 2721 ad
1906 2698 2015 2721 verum
2038 2688 2262 2730 assequendum
2283 2690 2404 2733 perdu-

1398 2743 1486 2767 xerat
1512 2758 1519 2765 .
1556 2733 1645 2766 Scite
1667 2733 1770 2774 igitur
1795 2731 1930 2773 Meryus
1951 2733 1985 2764 in
2019 2742 2132 2774 magna
2159 2734 2213 2766 illa
2237 2731 2367 2767 exostofi
2393 2756 2403 2772 ,

1400 2788 1497 2820 quam
1530 2777 1563 2816 in
1588 2774 1701 2808 iisdem
1737 2775 1897 2816 capitibus
1921 2775 1960 2808 ab
1992 2773 2065 2816 ipso
2087 2774 2281 2819 descriptam
2306 2778 2404 2817 paulo

1401 2830 1472 2854 ante
1495 2820 1844 2858 commemoravimus,
1866 2816 2092 2860 impossibilem
2116 2822 2218 2854 cruris
2232 2819 2404 2854 flexionem

1400 2874 1471 2897 turri
1494 2877 1511 2898 a
1535 2862 1721 2896 tendinibus
1745 2861 1950 2896 vehementer
1972 2860 2121 2895 distentis
2145 2887 2154 2902 ‚
2185 2873 2254 2897 tum
2279 2874 2294 2896 a
2318 2865 2404 2906 capi-

1401 2917 1473 2941 tum
1496 2907 1598 2950 figura
1622 2905 1757 2939 deduxit
1783 2905 1862 2939 adeo
1884 2914 2005 2939 mutata
2031 2916 2065 2939 ut
2089 2909 2153 2940 ima
2175 2906 2293 2941 horum
2307 2905 2406 2942 facies

1400 2962 1439 2984 ex
1462 2962 1608 2985 convexa
1631 2949 1714 2982 facta
1738 2948 1811 2983 esset
1836 2950 1927 2991 plana
1942 2971 1950 2986 ‚
1974 2950 2042 2982 imo
2063 2951 2159 2985 etiam
2183 2960 2358 2985 excavata.

1445 2996 1494 3036 58.
1520 2995 1570 3028 Ex
1602 2993 1651 3027 his
1676 2993 1738 3027 alia
1769 2993 1901 3034 colliges
1923 2991 2115 3027 exostofium
2147 2992 2336 3028 discrimina
2370 2994 2404 3027 in

1400 3038 1521 3081 figura,
1547 3048 1613 3070 non
1639 3037 1736 3070 modo
1758 3039 1791 3070 in
1818 3035 1910 3076 sede,
1932 3047 2029 3078 quam
2053 3040 2084 3069 &
2108 3038 2188 3070 olim
2204 3059 2213 3073 ‚
2236 3039 2266 3070 &
2288 3036 2405 3071 nostris

1400 3082 1602 3124 temporibus
1637 3081 1688 3113 vel
1711 3082 1744 3112 in
1776 3080 1925 3113 extremis
1947 3079 2166 3121 oblongorum
2200 3079 2314 3114 ossium
2337 3081 2407 3114 ani-

1403 3126 1601 3159 madversam
1626 3124 1735 3160 vides,
1761 3122 1885 3156 tametsi
1910 3124 1942 3155 in
1966 3134 2078 3157 eorum
2102 3134 2219 3158 trunco
2241 3134 2338 3165 quem
2350 3136 2407 3164 ap-

1402 3170 1522 3210 pellant
1546 3166 1754 3209 diaphyfim,
1777 3167 1889 3208 saepius
1912 3168 2023 3208 (quod
2046 3167 2227 3210 negandum
2252 3177 2317 3201 non
2341 3168 2405 3206 est)

1401 3213 1530 3246 dicatur
1553 3222 1720 3245 occurrere
1742 3237 1748 3243 .
1774 3211 1831 3243 Sed
1855 3212 1885 3241 δι
1910 3210 1968 3242 alia
1994 3220 2107 3251 praeter
2131 3220 2260 3244 artuum
2285 3211 2349 3245 ossa
2372 3210 2406 3245 id

1401 3258 1474 3289 vitii
1498 3256 1647 3288 invadit.-
1672 3263 1809 3296 quorum
1834 3254 1977 3295 exempla
1988 3256 2093 3287 omnia
2118 3261 2185 3288 non
2198 3252 2241 3286 est
2265 3253 2406 3288 instituti

1403 3300 1501 3333 nostri
1525 3308 1797 3332 commemorare.
1821 3297 1974 3330 Exlibris
1995 3299 2149 3338 quintine
2174 3304 2264 3330 erant
2286 3300 2321 3331 in
2339 3309 2407 3331 rna-

1400 3343 1516 3379 nibus‚
1541 3342 1684 3383 quaedam
1697 3341 1880 3382 attigimus,
1906 3342 1988 3374 unde
2002 3339 2098 3375 facile
2122 3341 2299 3378 existimes,
2323 3350 2404 3384 quot

1401 3384 1522 3428 possent
1537 3385 1573 3417 ad
1598 3384 1677 3417 hanc
1692 3384 1891 3425 Sepulchreti
1905 3384 2082 3417 Sefflonem
2104 3385 2202 3423 addi,
2224 3385 2256 3416 in
2269 3396 2330 3427 qua
2340 3395 2404 3417 non

1401 3430 1542 3462 recentia
1567 3427 1663 3461 modo
1687 3452 1695 3467 ‚
1732 3428 1780 3461 sed
1803 3431 1833 3462 &
1867 3436 1974 3460 vetera
2006 3427 2225 3462 desiderantur
2250 3449 2257 3457 .
2290 3429 2322 3460 Si
2345 3427 2405 3461 alia

2278 3480 2364 3512 quae-

350 3528 2406 3550 ffl-—ss———d‘

501 3580 537 3604 ne
553 3578 620 3603 hum.
638 3585 705 3606 corp.
724 3576 833 3609 Tumor..
847 3576 871 3600 S.
889 3582 912 3609 .¹·
930 3582 954 3598 n.
973 3584 994 3605 3.

504 3618 528 3633 n.
545 3617 582 3639 53.
645 3609 652 3636 s
671 3610 680 3631 Ι
696 3613 706 3635 )
723 3607 782 3631 Hist.
801 3607 860 3631 ibid.
876 3611 920 3630 cit.
939 3605 963 3635 §.
980 3615 1004 3634 4.

493 3641 553 3664 δεξῖ.
571 3640 615 3665 hac
632 3639 690 3663 ΟΜ.
708 3645 745 3667 15.
766 3637 788 3668 §.
806 3645 829 3667 3.

494 3670 567 3698 Epist.
585 3672 658 3694 Anat.
677 3676 713 3696 14.
798 3698 801 3700 -

496 3701 582 3724 Exere.
597 3700 640 3725 cit.
657 3698 720 3723 Tab.
738 3706 758 3722 2.
775 3700 826 3727 Fig.
845 3705 867 3727 3.

502 3731 530 3752 Α.
550 3737 618 3759 ¹7²7·
633 3729 689 3753 ΟΜ.
706 3732 776 3753 Anat.
793 3732 818 3753 6.

505 3761 540 3783 De
556 3760 651 3783 recond.
669 3759 738 3783 Absc.
755 3764 804 3784 nat.
821 3758 837 3782 1.
856 3767 877 3787 ς.
894 3765 914 3780 c.
936 3761 968 3781 16.

501 3791 531 3813 A.
551 3794 616 3819 1706.
634 3791 656 3813 δι
675 3797 742 3818 ¹7²0·

477 3796 485 3820 „
472 3706 489 3787 us.»-
465 3580 487 3699 Wuu

1056 3576 1070 3604 (
1087 3575 1102 3598 b
1117 3575 1130 3603 )
1145 3577 1204 3599 Dee.
1221 3582 1244 3599 2.
1261 3573 1366 3599 Exercit.
1387 3575 1459 3599 Anat.
1478 3574 1544 3599 Chir.
1563 3581 1584 3603 9.

1065 3606 1078 3634 ζ
1096 3613 1119 3629 m
1135 3606 1149 3634 )
1165 3605 1223 3629 Obs.
1243 3605 1311 3629 Med.
1329 3605 1345 3628 1.
1361 3613 1385 3632 4.
1402 3613 1424 3629 c.
1445 3613 1480 3633 ¹3·

891 3638 898 3665 (
916 3642 933 3665 p
952 3641 958 3665 )
976 3638 1011 3660 De
1030 3636 1128 3660 recond.
1145 3635 1245 3660 Absceff.
1261 3640 1312 3659 nat.
1329 3634 1346 3658 1.
1364 3643 1386 3663 4-
1403 3644 1425 3660 c.
1443 3643 1466 3659 1.

776 3670 790 3696 (
803 3668 843 3697 s)
860 3668 938 3691 Mem.
956 3664 985 3694 de
1002 3666 1100 3690 l'Acad.
1118 3667 1149 3690 R.
1169 3667 1210 3690 des
1226 3667 1262 3690 Sc.
1280 3668 1309 3689 A.
1329 3669 1399 3693 1706.
1441 3695 1445 3699 .

930 3698 938 3726 (
954 3704 972 3727 y
989 3701 999 3723 )
1015 3697 1085 3721 Thes.
1103 3699 1177 3720 Ana-t.
1193 3697 1265 3722 Max.
1283 3696 1307 3719 in
1324 3695 1369 3719 fine
1385 3696 1413 3719 ad
1431 3696 1481 3720 litt.
1496 3696 1534 3720 H.

880 3729 892 3756 ζ
909 3727 922 3751 b
939 3733 947 3754 )
966 3728 1038 3751 cent.
1058 3727 1143 3751 Foster.
1162 3729 1188 3751 Ρ.
1207 3734 1226 3750 1.
1245 3726 1302 3750 obs.
1320 3735 1349 3753 44
1362 3727 1398 3759 ’δε
1415 3728 1477 3750 Tan.
1498 3734 1532 3754 14.
1552 3725 1604 3755 Εἰς.
1625 3735 1646 3751 r.
1662 3727 1684 3749 8:
1703 3734 1722 3750 2.

1032 3756 1040 3783 (
1060 3765 1070 3779 ε
1088 3760 1095 3785 j
1112 3760 1194 3786 Progr.
1213 3756 1240 3780 de
1258 3763 1311 3779 raro
1329 3759 1406 3784 Spinae
1423 3758 1494 3781 Vent-
1513 3757 1566 3781 essu
1578 3774 1584 3779 .

803 3789 810 3818 (
828 3789 844 3812 h
861 3788 943 3818 )r-1ist.
961 3787 989 3812 de
1007 3786 1104 3812 l'Acad.
1123 3789 1152 3812 R.
1168 3787 1208 3812 des
1225 3789 1261 3812 Sc.
1278 3790 1307 3811 A.
1324 3795 1391 3816 ¹739-
1408 3785 1467 3812 ΟΜ.
1484 3789 1555 3811 Anat.
1573 3795 1596 3815 4.

1645 3573 1656 3603 (
1671 3574 1681 3597 ι’
1700 3575 1707 3602 )
1721 3574 1799 3599 Defln.
1815 3574 1904 3599 Medic.
1922 3574 1948 3598 in
1965 3574 2105 3605 ποιότης,
2121 3575 2143 3599 8:
2159 3575 2184 3600 in
2203 3571 2350 3602 Ε’ξίςωσιι.

1542 3608 1553 3631 (
1570 3614 1586 3628 n
1603 3604 1611 3634 J
1628 3604 1653 3628 in
1671 3605 1750 3630 Schol.
1768 3605 1798 3629 ad
1815 3606 1875 3629 Obs.
1892 3605 1962 3629 Med.
1981 3608 2055 3630 Anat.
2075 3613 2112 3634 94.
2129 3608 2199 3631 Cent-
2217 3613 2238 3630 ι.

1528 3635 1542 3664 (
1558 3644 1575 3664 q
1593 3635 1601 3664 )
1618 3637 1695 3659 Meni.
1714 3637 1742 3660 de
1761 3636 1860 3660 l'Acad.
1877 3637 1907 3659 R.
1925 3635 1965 3660 des
1981 3638 2018 3661 Sc.
2036 3638 2063 3660 Α.
2086 3642 2153 3664 ¹720·

1459 3666 1498 3694 (t
1514 3666 1527 3693 )
1545 3666 1651 3691 Exercit.
1668 3672 1711 3689 ert.
1733 3666 1799 3698 supra
1817 3666 1844 3690 ad
1862 3674 1884 3689 n.
1904 3670 1938 3695 56.
2003 3668 2011 3696 (
2030 3675 2045 3690 u
2063 3666 2071 3695 )
2089 3666 2113 3696 §t
2135 3674 2169 3695 ¹3·
2189 3667 2211 3690 δι
2226 3671 2264 3694 ²4.

1597 3696 1611 3725 ζ
1626 3704 1644 3724 z
1662 3699 1669 3725 )
1685 3697 1745 3720 Ther
1775 3700 1847 3720 Anat.
1867 3704 1902 3721 ιο.
1923 3696 1985 3720 Tab.
2002 3698 2095 3725 2..Fig.
2117 3704 2151 3720 io.

1787 3730 1799 3755 ζ
1817 3736 1827 3750 c
1849 3734 1854 3755 )
1872 3725 1930 3750 Obs.
1949 3729 2022 3751 Anat.
2038 3726 2148 3755 chirurg.
2166 3733 2202 3750 ιι.

1645 3757 1706 3786 (f)
1724 3759 1742 3780 Α
1776 3765 1839 3784 ¹7³7·
1857 3756 1912 3779 Ob(
1934 3759 2006 3780 Anat.
2025 3763 2046 3781 1.

1661 3790 1666 3816 ί
1687 3788 1697 3810 e·
1715 3787 1722 3816 )
1739 3789 1780 3811 De*
1792 3786 1952 3812 Multitudine
1968 3793 1990 3811 c.
2006 3788 2028 3811 8.
