2498 4075
377 207 528 273 Epist.
565 206 727 258 Anat.
762 203 978 263 Medica
1014 205 1136 258 Vll.
1170 203 1296 268 Am
1335 220 1406 265 ις.
1446 205 1518 256 16.
1552 204 1608 257 ὅ(
1646 219 1722 266 17.

57 283 273 323 flammatione
294 292 442 326 repetunt
460 308 472 325 ‚
495 282 632 315 tendinei
655 281 804 316 videlicet
836 282 902 326 ejus
924 282 1026 317 centri
1050 307 1062 324 ,

59 326 111 361 sed
134 336 263 368 uterque
295 327 436 361 carnosae¹
454 327 556 369 partis
587 325 667 365 vitia
698 324 839 367 proferat
870 338 880 365 3
912 326 1063 369 conspexi

59 381 120 413 ego
143 369 325 403 tendineam
346 381 472 413 quoque
488 369 553 411 ejus
575 377 699 410 partem
709 368 965 409 inflammatam,
989 382 1062 405 cum

60 415 118 446 vix
149 412 280 446 confusa
302 437 314 453 ,
347 417 378 446 δε
406 411 561 446 subdelira
594 412 699 444 morbi
733 422 878 446 extremo
919 422 1064 455 tempore

60 466 148 490 mens
169 454 276 489 fuisset
299 478 308 493 ,
340 454 609 500 quemadmodum
635 453 672 487 de
697 456 963 498 Peripneumonia
986 456 1065 488 scri-

59 501 134 533 bens
156 500 170 537 (
191 509 206 532 e
229 502 242 539 >
266 499 435 534 indicabo.
461 499 682 532 Veruntamen
716 498 749 531 in
773 498 982 541 Sepulchreto
1004 498 1063 531 ob.

59 542 249 577 servationes
270 542 339 577 duae
363 542 434 576 sunt
458 539 518 584 (f)
534 564 547 581 ‚
569 542 668 574 altera
686 539 802 581 Blasii,
826 542 921 575 Laelii
945 554 961 575 a
979 542 1065 576 Fon-

58 595 91 619 te
113 585 207 618 altera
235 609 247 625 ‚
278 596 417 629 quorum
439 582 494 618 hic
518 584 726 627 diaphragma
751 584 959 627 suppuratum
982 584 1071 621 vidit*

57 628 130 672 post
153 628 302 662 delirium
320 652 333 669 ‚
366 629 419 661 ille
443 638 519 661 vero
551 629 690 671 graviter
720 627 958 662 inflammatum
996 628 1065 670 post

58 671 303 716 phrenitidem.
339 671 492 712 Qorum
516 680 690 715 utrumque
722 682 797 705 cum
833 680 942 706 motus
969 672 1066 709 etiam

60 714 290 753 convulsivos',
316 720 331 747 a
355 726 404 747 me
429 715 547 757 pariter
570 714 743 749 adnotatos
768 737 782 755 ,
814 726 1068 748 commemorare

60 758 222 797 viderem,
247 756 455 791 meminissem
479 767 605 798 autem,
632 770 647 790 a
669 758 798 791 Caleno
821 761 834 797 (
853 769 875 801 g
896 762 911 799 )
947 758 1068 799 scribi,

62 801 175 843 quibus
199 799 426 843 inflammatum
449 800 487 840 cst
503 800 628 844 septum
653 799 862 843 transversum
889 825 901 842 ,
924 802 979 835 hos
1002 811 1074 834 con-

64 841 255 887 vulfionibus
280 843 334 888 esse
358 852 567 886 opportunos,
589 853 660 878 tum
682 855 758 877 vero
779 855 797 877 a
813 844 917 878 Blasio
931 843 1074 877 animad-

62 896 240 924 verterem,
267 898 330 920 non
356 886 456 921 modo
480 887 643 922 inferioris
680 888 780 930 partis
804 886 926 930 hepatis
947 887 1074 921 infiam-

63 931 240 971 mationem
260 954 273 970 ,
297 929 348 963 sed
372 933 405 963 δε
428 933 668 965 concretionem
692 930 882 974 polyposam
906 932 940 963 in
963 929 1075 966 eodem

60 982 155 1015 atque
180 985 195 1006 a
220 984 291 1017 me,
314 972 480 1008 Craffioris
505 977 663 1017 meningis
687 976 763 1008 Sinu
784 997 798 1016 ,
829 977 860 1007 &
885 975 919 1007 in
952 972 1075 1010 easdem

65 1027 277 1060 propagatam
310 1028 402 1050 venas
435 1017 527 1052 fuisse
561 1017 795 1060 conspeetam;
834 1028 901 1050 non
948 1018 1075 1059 prorsus

64 1061 183 1094 inutile
208 1060 301 1102 fore,
323 1060 445 1093 credidi
466 1085 479 1102 ,
511 1062 532 1095 si
558 1064 591 1096 in
615 1060 690 1104 ipfis
712 1060 877 1102 utriusque
911 1059 1000 1094 libris
1029 1072 1078 1093 eas

64 1104 261 1149 perlegerem
284 1103 543 1139 observationes.
569 1104 628 1139 Sed
650 1103 811 1147 quaerendi
835 1104 926 1137 labor
949 1113 1082 1148 propter

74 1148 258 1189 ambiguam
289 1157 399 1180 notam
421 1160 484 1191 qua
520 1149 615 1183 Blasii
650 1149 724 1181 Pars
745 1151 776 1179 6.
801 1146 982 1190 designatur
1004 1172 1017 1189 ‚
1049 1150 1081 1180 δε

69 1190 218 1224 fallacem
241 1192 390 1225 Consult.
418 1192 515 1226 Laelii
537 1202 728 1231 numerum,
755 1201 827 1233 132.
852 1202 911 1233 pro
938 1202 1007 1234 130.
1032 1193 1082 1223 in-

66 1234 231 1279 dicantem
257 1234 327 1267 sane
352 1232 475 1277 major,
498 1247 594 1278 quam
616 1235 743 1268 utilitas
767 1234 832 1268 fuit
854 1247 864 1274 5
901 1245 1082 1277 quanquam

65 1279 100 1310 in
112 1277 272 1321 descripta
296 1279 427 1311 alterius
448 1279 669 1312 observatione
693 1277 816 1321 aliquid
829 1278 1084 1322 emendandum,

64 1321 207 1356 alterius
233 1319 416 1355 addendum
438 1324 545 1355 inveni
564 1347 570 1354 .
594 1323 727 1355 Certior
750 1332 854 1355 tamen
871 1320 973 1356 fac‘ius
997 1322 1085 1362 sum,

75 1364 213 1405 Blafium
227 1390 237 1405 ,
260 1367 317 1406 qui
338 1373 434 1408 caput
457 1367 602 1408 aperuit;
624 1376 697 1398 nam
720 1366 838 1398 Laelius
858 1375 921 1397 non
941 1366 1084 1407 attigit5

70 1409 199 1449 ’Eenuis
221 1410 381 1452 meningis
414 1409 706 1449 inflammationem
729 1419 834 1449 revera
866 1419 930 1442 non
963 1419 1086 1446 memo-

67 1451 143 1485 rasse
177 1465 186 1491 5
223 1462 258 1486 ut
283 1451 557 1494 Paraphrenitidis
588 1452 771 1495 exemplum
805 1450 917 1485 habeas
952 1453 986 1484 in
1017 1451 1083 1495 ejus

76 1495 297 1529 observatione
321 1496 536 1537 luculentius,
558 1507 653 1538 quam
675 1497 709 1528 in
732 1495 835 1528 nostra
856 1517 866 1533 ,
890 1496 923 1527 in
946 1506 1006 1537 qua
1031 1496 1083 1529 vi-

67 1538 184 1572 delicet
199 1562 212 1579 ‚
234 1538 256 1570 si
281 1549 346 1571 non
373 1539 538 1581 primurn,
568 1530 610 1572 atl
620 1547 702 1571 certe
726 1538 829 1580 postea
853 1538 930 1571 adeo
952 1538 1081 1574 inflam-

70 1593 157 1615 mata
180 1593 213 1614 ea
238 1584 371 1614 meninx
394 1580 459 1614 fuit
475 1605 485 1621 ‚
508 1591 545 1615 ut
569 1593 734 1623 nunquam
758 1583 861 1625 magis
884 1581 996 1615 vidisse
1021 1593 1087 1615 me-

69 1627 274 1660 minerimus.
301 1626 423 1658 Verum
447 1634 612 1667 utcunque
636 1623 704 1660 haec
727 1624 797 1659 sunt
819 1637 829 1664 5
853 1636 927 1658 cum
951 1626 1087 1659 Crassio-

68 1673 113 1703 ris
136 1679 263 1712 quoque
287 1669 448 1710 meningis
471 1669 730 1702 inflammatione
752 1691 761 1706 ,
787 1678 841 1702 aut
862 1678 947 1702 certe
971 1667 1086 1703 afferfm

68 1714 106 1751 ad
141 1712 436 1747 inflammationem
477 1712 645 1747 accedente
678 1711 890 1754 conjunetum
933 1711 1085 1746 delirium

72 1756 291 1790 ostendamus.
723 1788 725 1791 .

116 1810 167 1842 15.
192 1800 384 1833 MULIER
416 1811 454 1832 ex
477 1800 546 1833 ictu
580 1800 698 1843 capitis
723 1797 787 1840 iarn
818 1797 945 1841 pridem
968 1800 1002 1832 in
1028 1801 1085 1833 Pa-

68 1845 179 1877 tavino
202 1842 410 1876 Nosocomio
434 1843 626 1877 decubuerat
642 1867 655 1884 ,
678 1845 710 1876 &
733 1842 803 1874 sana
827 1841 911 1876 faeta
935 1866 947 1883 ‚
971 1843 1095 1876 disces-'

69 1888 169 1923 serat.
194 1885 303 1919 Postea
330 1887 363 1918 in
389 1885 507 1919 febrem
522 1887 660 1921 incidit:
683 1885 834 1920 deliravit
849 1900 858 1918 .·
882 1894 1010 1920 mortua
1023 1886 1084 1920 est.

205 1930 386 1963 CAPITE
419 1930 649 1964 tantummodo
673 1953 683 1968 ,
723 1928 778 1963 sub
813 1928 927 1963 finem·
946 1930 1084 1963 Publicae

67 1977 247 2011 Anatomes
262 1996 274 2013 ,
297 1984 393 2016 quam
417 1983 500 2007 anno
526 1974 683 2012 habebam
710 1975 802 2015 1736.
814 1974 848 2005 in
871 1973 1085 2015 Gymnasium

69 2021 164 2053 illato
177 2042 193 2059 „
212 2016 376 2050 cerebrum
398 2028 414 2049 a
430 2028 479 2050 me
502 2017 555 2052 sua
579 2017 697 2051 insede
720 2016 892 2058 diligenter
903 2017 1086 2050 consectum

71 2063 134 2097 est.
161 2061 303 2095 Nullum
326 2061 457 2103 usquam
491 2062 651 2103 peculiare
675 2060 764 2093 illius
787 2060 871 2094 ic‘lus
894 2060 1051 2098 indicium
1074 2084 1080 2091 .

69 2105 178 2141 Craffa
201 2106 331 2137 meninx
354 2104 475 2138 sublata
498 2107 686 2138 interiorem
720 2103 835 2137 faciem
857 2103 995 2136 ostendit
1018 2114 1086 2136 cre-

70 2151 138 2185 bris
159 2148 316 2183 coccineis
340 2148 472 2182 maculis
493 2169 503 2185 ,
536 2147 624 2191 quasi
658 2148 763 2190 guttis
787 2146 946 2186 sanguinis
971 2146 1084 2179 distin-

70 2196 173 2230 stam.
199 2193 324 2226 Tenuis
346 2201 452 2225 autem
474 2190 543 2224 vasa
568 2191 716 2233 sanguine
740 2188 894 2230 turgida.-
919 2189 975 2224 sub
987 2200 1083 2231 eaque

73 2236 193 2274 alicubi
217 2232 344 2269 serum:
369 2233 456 2276 quod
480 2235 515 2266 in
538 2233 726 2267 ventriculis
749 2243 814 2265 non
838 2230 923 2264 fuit.
950 2235 988 2265 In
1013 2233 1082 2265 Ple-

76 2291 178 2316 xuum
214 2275 422 2315 Choroidum
456 2275 630 2320 posteriore
663 2286 751 2318 parte
782 2274 925 2308 veficulae
957 2299 966 2308 .
998 2277 1083 2315 Ante

75 2322 263 2368 glandulam
289 2320 450 2353 Pinealem
467 2320 614 2355 subflavte
639 2320 777 2352 materiae
789 2319 966 2360 pauxillum
979 2343 986 2350 .
1012 2320 1086 2351 Cae-

76 2377 144 2401 tera
168 2366 260 2403 sana3
284 2362 344 2397 nifi
367 2362 454 2405 quod
476 2362 664 2397 cerebellum
675 2361 739 2397 fuit
763 2361 974 2395 laxiffimum.
999 2362 1088 2395 Nul-

78 2412 113 2444 lo
145 2411 181 2446 in
211 2407 279 2442 vase
313 2407 492 2451 quidquam
529 2404 693 2448 polyposae
727 2406 943 2438 concretionis
977 2404 1087 2448 depre-

78 2452 197 2488 hendi.

126 2499 174 2530 16.
201 2496 239 2528 In
271 2492 421 2536 gravibus
446 2490 597 2532 deliriis‚
629 2488 896 2534 Crassaefquoque
930 2492 1087 2534 meningis

78 2554 143 2578 non
165 2538 234 2573 vasa
258 2536 356 2571 modo
377 2537 540 2569 admodum
563 2536 741 2577 turgentia,
767 2545 803 2568 ut
828 2533 1088 2577 Slevogtiusffl)

63 2588 127 2621 'ait
145 2584 172 2625 ,'
190 2580 242 2615 sed
265 2586 297 2614 δε
319 2580 386 2621 ejus
408 2578 613 2615 substantiam
637 2578 869 2625 inflammatam
906 2578 992 2613 haud
1016 2589 1087 2610 raro

81 2626 243 2665 inveniri,
264 2623 407 2657 constat:
432 2634 497 2665 quo
521 2623 592 2655 istas
616 2621 754 2664 ejusdem
778 2623 900 2665 poteris
923 2623 1087 2655 coccineas

82 2672 219 2711 maculas
242 2667 355 2701 referre
379 2692 385 2698 .
409 2668 574 2699 Caeterum
597 2676 634 2697 ne
658 2667 692 2698 in
718 2664 776 2699 hac
798 2665 930 2708 quidem
955 2666 1089 2699 muliere

151 2728 197 2751 ter
220 2712 362 2747 vasorum
388 2709 621 2754 plenitudinem
639 2732 652 2749 ,
675 2708 732 2742 sub
756 2710 863 2743 Tenui
887 2711 1033 2751 meninge
1058 2719 1091 2741 a-

85 2773 148 2807 qua
170 2757 294 2793 defuit.
319 2755 388 2787 Ubi
413 2764 468 2786 nec
492 2754 525 2786 in
549 2753 620 2785 viro
643 2751 771 2792 defuit,
793 2752 830 2786 de
853 2763 917 2795 quo
940 2753 1091 2787 Valenti-

87 2817 147 2841 nus
170 2807 184 2843 (
206 2803 216 2837 i
237 2804 252 2841 )
273 2799 389 2835 febrim
412 2799 444 2831 ὃ(
467 2795 580 2829 deliria
604 2797 712 2838 gravia
736 2793 876 2838 perpesso
896 2806 909 2835 ;
938 2795 1090 2839 siquidem

88 2859 165 2883 cum
188 2846 272 2879 venis
295 2845 329 2876 in
352 2850 426 2875 toto
448 2841 577 2874 cerebro
599 2837 692 2873 valde
715 2838 917 2882 turgentibus
938 2864 948 2879 ,
979 2839 1090 2879 statim

86 2891 147 2936 sub
169 2899 220 2924 aza
242 2894 340 2920 matre
365 2883 500 2918 multum
519 2883 667 2925 pituitae,
693 2883 735 2916 (φ
757 2893 840 2925 aquae
857 2880 1054 2925 flavescentis
1077 2906 1087 2921 ‚

89 2926 233 2980 gelasinae
254 2928 344 2968 instar
367 2925 577 2968 condensatae,
599 2935 759 2968 repertum
783 2925 866 2959 fuit.
893 2925 992 2959 Sed&
1015 2936 1091 2960 ven-

77 2977 231 3013 1tricnlos
253 2973 354 3006 multo
376 2970 442 3005 sero
465 2970 574 3013 plenos
596 2968 687 3011 supra
718 2972 731 3009 <
754 2968 773 3010 lq
794 2973 807 3009 )
841 2980 879 3002 ex
901 2969 1092 3011 Moglingio

94 3021 189 3057 retuli
211 3031 222 3058 5
254 3026 290 3051 ut
311 3016 372 3049 alia
407 3025 495 3057 aquae
517 3014 550 3046 in
573 3012 777 3047 delirantium
798 3012 925 3046 cerebro
949 3011 1094 3059 exempla

94 3065 247 3100 omittam
272 3084 279 3092 .
313 3060 361 3092 Ea
382 3068 464 3092 nunc
486 3058 520 3089 in
544 3057 731 3090 memoriam
755 3056 900 3098 redigunt
931 3056 1095 3097 conieffu-

97 3119 168 3143 ram
190 3101 345 3148 quandam
367 3112 493 3140 meam,
514 3099 552 3133 de
574 3111 636 3143 qua
655 3109 695 3146 ut
718 3098 858 3143 judicare
870 3098 996 3136 facilius
1020 3097 1092 3141 pos-

97 3151 159 3193 fis‚
180 3149 276 3193 paulo
299 3145 393 3179 altius
405 3144 512 3178 ordiar
526 3167 539 3185 ,
561 3144 675 3178 necesle
697 3143 756 3177 est.
781 3145 823 3177 A.
850 3152 941 3184 1711.
956 3142 1093 3176 Februa-

98 3198 150 3231 rio
172 3191 272 3229 mense
294 3190 422 3222 ineunte
439 3211 452 3228 ‚
480 3196 644 3230 coeperunt
667 3188 767 3220 moris
791 3186 907 3229 peffimi
940 3185 1042 3220 febres
1064 3188 1098 3221 in

102 3250 171 3273 mea
193 3237 299 3269 Patria
320 3243 356 3265 va
383 3232 426 3264 ari
439 3254 452 3272 ·,
472 3231 579 3265 Pulsus
602 3232 636 3263 in
659 3231 809 3264 omnibus
830 3253 840 3269 ‚
878 3230 977 3263 etiam
1000 3230 1096 3265 robu-

102 3281 238 3318 stiffimis
260 3276 349 3311 adole
365 3274 532 3315 centibus,
553 3286 649 3319 quam
672 3275 768 3307 exiles
785 3297 796 3313 ,
818 3276 851 3307 &
873 3284 970 3316 quam
995 3274 1096 3307 imbe-

104 3325 196 3365 cilli,
220 3320 370 3359 obscuri,
392 3321 424 3351 δι
445 3316 564 3352 confusi
582 3330 590 3350 :
613 3320 646 3351 in
658 3317 814 3361 plerisque
840 3316 876 3350 ad
899 3327 1008 3358 carpos
1023 3318 1095 3360 plu-

105 3369 178 3403 rimi
204 3365 362 3403 subsultus
373 3359 546 3395 convulfivi
558 3384 571 3401 ,
592 3361 782 3405 &soporosa
806 3358 953 3393 affeffio:
975 3360 1009 3392 in
1027 3363 1102 3404 qui-

106 3412 238 3446 busdam
260 3407 414 3450 singultus
436 3403 567 3447 denique
585 3428 595 3444 ,
620 3408 652 3439 δι
675 3414 815 3438 extrema
838 3402 975 3450 dejectio
984 3405 1103 3439 virium

108 3467 181 3490 cum
204 3453 319 3496 faciei,
345 3453 376 3483 δε
400 3447 576 3488 digitorum
597 3449 719 3490 livore,
742 3446 872 3490 aliisque
894 3445 1102 3489 ejusdemmo-

107 3500 143 3535 di
165 3523 173 3530 .
205 3498 329 3530 Primus
354 3493 501 3527 omnium
522 3490 579 3525 has
601 3490 701 3526 febres
725 3491 932 3525 animadverti
952 3512 961 3528 ‚
997 3494 1028 3524 δε
1052 3493 1101 3526 vel

109 3541 180 3587 post
210 3536 255 3574 ea'
266 3538 372 3573 omnia
404 3546 475 3579 quae
497 3533 566 3568 dixi
588 3557 598 3574 ‚
635 3535 760 3578 Superis
782 3535 859 3568 bene
890 3533 1069 3577 juvantibus
1090 3558 1101 3575 ‚

110 3596 212 3628 aegros
235 3594 294 3627 pro
318 3579 491 3623 deploratis
513 3577 578 3621 jam
609 3577 738 3612 habitos
760 3577 933 3619 felicissime
956 3578 1072 3613 servavi
1093 3600 1104 3617 ,

84 2731 148 2765 prae

1993 219 2051 272 53

1113 293 1153 316 ex
1173 280 1287 323 quibus
1306 304 1320 322 ‚
1352 283 1440 315 annis
1462 279 1678 324 superioribus
1699 276 1848 327 vivebant
1871 277 1973 313 adhuc
1996 282 2118 313 Corne-

1114 326 1175 359 lius
1200 324 1340 358 Dentius
1363 326 1428 358 Vir
1451 324 1633 362 Patricius,
1654 331 1713 363 qui
1736 321 1836 354 multa
1861 343 1871 359 ,
1894 323 1928 354 δε
1950 320 2007 355 diu
2031 323 2123 357 emis-

1116 369 1145 402 sa
1168 368 1283 407 urina,
1305 370 1337 400 ὃς
1362 369 1506 409 Ignatius
1529 365 1724 410 Garavinius
1748 362 1931 405 ingeniosus
1962 364 2088 406 opifex
2109 386 2122 404 ‚

1116 412 1173 454 qui
1198 410 1271 443 alvo
1294 411 1392 443 etiam
1416 410 1539 448 soluta,
1563 408 1813 443 convaluerunt.
1835 408 1978 441 Circiter
1988 407 2125 440 Februa-

1117 456 1158 488 rii
1182 453 1277 487 finem
1302 452 1461 488 subsultus
1483 453 1613 497 quidem
1636 448 1812 484 convulsivi
1833 473 1847 490 ‚
1878 453 1910 491 ὃς
1933 449 2090 493 singultus
2110 472 2124 490 ‚

1117 501 1149 532 &
1171 497 1255 530 livor
1286 495 1327 530 ab
1348 498 1389 530 iis
1423 495 1562 531 febribus
1585 495 1710 529 aberant
1729 505 1740 532 3
1773 491 1824 525 sed
1847 492 1990 526 accedere
2013 492 2126 527 deliria

1116 542 1296 583 inceperant
1315 563 1328 581 ,
1360 550 1425 572 non
1449 549 1554 573 tamen
1587 536 1818 582 vehementia„
1851 538 1884 568 Sc
1907 545 1983 582 tunc
2016 536 2122 574 solum

1115 596 1189 618 cum
1213 582 1309 618 febris
1334 581 1529 625 augesceret.
1556 583 1607 615 Sic
1632 581 1729 613 etiarn
1751 579 1856 612 afleen
1891 580 2051 612 evaserunt
2075 588 2125 613 ta-

1116 639 1186 661 men
1201 650 1213 667 ,
1235 629 1268 660 in
1292 625 1343 660 his
1366 627 1499 658 I’atricii
1523 625 1661 659 Ordinis
1685 621 1837 655 Sacerdos
1860 621 1995 670 Tullius
2005 622 2126 657 Castel-

1117 672 1202 705 linus
1210 694 1223 711 ,
1245 681 1342 715 quern
1366 670 1501 702 memini
1531 679 1607 701 cum
1631 667 1669 700 ab
1692 667 1733 699 iis
1764 673 2011 698 evacuationum
2034 676 2128 707 gene-

1117 714 1230 754 ribus,
1253 726 1268 747 a
1292 712 1409 756 quibus
1432 713 1507 749 illi,
1529 714 1561 745 &
1585 719 1736 753 praeterea
1761 720 1777 742 a
1800 709 1900 749 longo
1922 709 2005 741 cutis
2018 708 2129 742 mado-

1122 770 1154 792 re
1177 757 1259 791 nihil
1283 755 1356 791 esset
1381 754 1507 799 adjutus
1523 780 1531 794 ‚
1554 755 1659 787 minus
1683 752 1764 798 manle
1787 750 1896 784 habere
1911 751 2039 784 tandem
2062 763 2130 785 coe-

1124 799 1200 844 pisse
1223 799 1387 843 postquam
1417 811 1471 832 ore
1493 797 1687 831 lumbricum
1711 794 1846 838 ejecisset
1884 792 2127 834 rubicundum,

1124 853 1280 883 teretem,
1304 843 1483 885 longiorem
1507 840 1664 884 spithama
1683 863 1695 880 ,
1730 841 1762 871 δέ
1784 838 1906 872 calamo
1929 848 1995 882 quo
2018 837 2132 871 scribi-

1124 898 1214 923 mus,
1236 885 1432 919 craffiorem.
1456 884 1515 917 Sed
1538 885 1664 918 Martio
1688 882 1817 915 demum
1839 880 1942 915 mense
1961 903 1974 921 ‚
2005 879 2061 914 etsi
2084 879 2133 915 fe-

1124 931 1195 965 bres
1217 939 1305 962 erant
1328 940 1401 962 cum
1422 930 1527 962 minus
1550 926 1713 959 atrocibus
1735 926 1768 958 in
1781 924 1916 967 speciem
1938 924 2031 957 malis
2053 932 2133 958 con-

1127 973 1265 1018 jumftae,
1289 974 1369 1015 quin
1393 972 1499 1014 pulsus
1520 995 1533 1011 ,
1567 973 1598 1003 δε
1624 970 1731 1011 lingua
1756 977 1869 1001 contra
1892 970 1991 1010 atque
2008 968 2043 1000 in
2064 967 2132 1002 illis

1129 1015 1287 1059 prioribus
1302 1038 1314 1054 ,
1338 1014 1423 1057 spem
1446 1012 1551 1047 afferre
1574 1012 1785 1050 videbantur3
1810 1011 2010 1053 gravioribus
2029 1020 2135 1045 tamen

1130 1070 1225 1101 atque
1248 1059 1339 1090 aliter
1361 1069 1397 1091 ac
1419 1067 1507 1090 antea
1530 1055 1653 1090 deliriis
1677 1055 1744 1097 post
1777 1053 1923 1087 dolorem
1944 1055 2060 1096 capitis
2083 1055 2136 1087 in-

1132 1101 1338 1146 gruentibus,
1360 1100 1424 1144 jam
1446 1101 1549 1133 minus
1573 1098 1712 1132 feliciter
1734 1096 1917 1130 rescedebat
1933 1120 1941 1129 .
1967 1098 2076 1139 Atque
2099 1105 2136 1131 ut

1132 1146 1396 1187 Hippocraticam
1420 1143 1659 1185 simplicitatem
1680 1142 1714 1173 in
1737 1150 1904 1182 utramque
1916 1148 2038 1181 partem
2061 1141 2138 1173 irni-

1132 1191 1237 1223 t'emur
1256 1210 1270 1229 ,
1305 1199 1322 1220 a
1345 1187 1519 1220 senioribus
1542 1185 1681 1219 Medicis
1705 1185 1738 1217 in
1762 1183 1866 1217 media
1888 1184 2051 1217 curatione
2085 1183 2141 1216 ad-

1133 1232 1263 1272 vocati,
1287 1242 1387 1273 aegros
1410 1229 1491 1264 duos
1515 1230 1645 1262 minime
1677 1226 1797 1274 servare
1821 1228 1990 1270 potuimus
2010 1249 2020 1265 ‚
2054 1227 2141 1259 Vin-

1133 1277 1276 1311 centium
1301 1273 1566 1317 Mengazzinium
1591 1269 1756 1306 honestum
1780 1281 1948 1313 juvenem,
1971 1270 2141 1313 &Hiero-

1134 1330 1269 1364 nymum
1301 1316 1509 1351 Gnocchium
1546 1316 1720 1349 Patricium
1752 1315 1871 1348 Virum
1891 1337 1904 1354 ‚
1935 1316 1968 1346 &
1992 1310 2143 1346 Sacerdo-

1134 1376 1200 1400 tem
1222 1389 1229 1403 ,
1265 1364 1369 1403 Priori
1395 1371 1499 1396 autem
1530 1360 1745 1394 vehementem
1773 1356 1997 1405 *phrenitidem
2029 1356 2142 1390 instare

1135 1406 1350 1453 praesensimus
1371 1417 1410 1446 ex
1433 1406 1473 1438 iis
1498 1406 1584 1437 notis
1606 1414 1685 1446 quas
1709 1402 1851 1445 Maiores
1876 1399 2034 1449 docuere,
2056 1401 2142 1441 integr.

1135 1463 1212 1496 quas
1243 1451 1333 1482 illam
1366 1448 1540 1492 praesertim
1580 1446 1803 1480 adnotavimus
1844 1443 1932 1493 quod
1963 1442 2021 1492 sibi
2061 1453 2143 1493 aeger

1136 1495 1339 1539 pneumatica
1362 1503 1479 1535 organa
1499 1515 1512 1532 ,
1545 1501 1683 1533 quorum
1705 1488 1777 1522 usus
1801 1487 1844 1520 est
1866 1497 1900 1519 m
1925 1488 2028 1519 Sacris
2051 1486 2142 1519 AEdi-

1135 1541 1217 1579 bus,
1241 1537 1360 1580 jugiter
1381 1535 1487 1569 audire
1510 1533 1677 1567 videbatur
1691 1554 1699 1570 ‚
1723 1529 1888 1578 cujusdam
1912 1527 2024 1562 similis
2046 1554 2058 1568 ‚
2086 1530 2144 1572 qui

1135 1585 1262 1617 ultimis
1286 1579 1414 1613 lethalis
1446 1578 1546 1611 febris
1569 1577 1681 1611 diebus
1715 1575 1881 1608 melodzam
1903 1596 1912 1613 ‚
1936 1572 1994 1615 seu
2017 1583 2145 1621 concen-

1133 1635 1202 1661 tum
1225 1624 1374 1667 quendam
1389 1619 1604 1664 suawffimum
1628 1642 1639 1658 ,
1674 1618 1725 1652 cui
1749 1618 1873 1651 tandem
1899 1614 2045 1665 sueceffit
2067 1615 2150 1665 άείζ,

1136 1671 1239 1706 rium,
1260 1674 1410 1709 perpetuo
1427 1664 1462 1706 se
1485 1665 1592 1698 audire
1614 1687 1627 1705 ,
1661 1660 1903 1696 Colleetoribus
1925 1659 2070 1709 dicebat·
2088 1659 2148 1693 Bi-

1137 1712 1309 1746 bliothecae
1336 1709 1535 1742 Anatomicae
1558 1710 1572 1746 (
1595 1707 1607 1740 l
1629 1711 1642 1747 >
1666 1732 1674 1739 .
1709 1707 1746 1738 In
1769 1704 1949 1738 Gnocchio
1981 1702 2016 1737 id
2039 1700 2146 1737 Visum
2172 1746 2175 1748 Β

1137 1755 1179 1789 est
1202 1753 1408 1788 adnotatione
1432 1753 1588 1794 dignum,
1611 1748 1700 1794 quod
1721 1748 1835 1782 deliria
1857 1757 1935 1782 tunc
1960 1745 2064 1781 solum
2078 1768 2091 1786 ,
2115 1748 2148 1779 δε

1135 1800 1269 1844 quidem
1291 1798 1383 1831 illico
1406 1794 1630 1834 adveniebant,
1653 1803 1728 1826 cum
1751 1801 1827 1826 toto
1848 1801 1987 1834 corpore
2012 1788 2143 1829 sudave-

1136 1854 1185 1877 rat
1204 1869 1210 1876 .
1233 1844 1316 1883 Qae
1341 1852 1387 1873 res
1411 1837 1534 1873 tametsi
1558 1836 1631 1870 inde
1653 1846 1781 1879 quoque
1804 1835 1897 1879 poffit
1909 1834 2035 1881 repeti3
2058 1830 2149 1876 quod

1136 1898 1191 1930 per
1215 1886 1359 1920 sudorem
1382 1883 1487 1918 multo
1511 1882 1577 1915 sero
1599 1880 1745 1921 sanguini
1770 1879 1921 1922 adempto
1945 1900 1958 1917 ,
1991 1887 2063 1920 quae
2087 1875 2150 1910 hu-

1136 1931 1185 1975 jus
1210 1930 1363 1963 restabant
1388 1936 1514 1970 partes,
1537 1934 1572 1959 ut
1598 1926 1703 1958 minus
1724 1922 1838 1957 dilutae
1864 1945 1873 1960 ‚
1899 1922 1947 1954 ita
1972 1931 2056 1961 acres
2078 1931 2149 1953 ma-

1136 1977 1186 2019 gis
1201 1995 1208 2009 ,
1232 1976 1264 2006 ὃ(
1288 1971 1325 2005 ad
1349 1969 1541 2004 irritandum
1564 1967 1686 2001 idoneae
1697 1965 1826 2004 fierent3
1851 1965 1934 2000 nihil
1950 1974 2056 1998 tamen
2079 1962 2150 1997 for-

1136 2017 1209 2052 tasse
1232 2014 1369 2058 impedit
1392 2026 1457 2057 qno
1479 2015 1584 2046 minus
1606 2023 1645 2044 ex
1667 2022 1706 2043 eo
1728 2009 1918 2044 deducamus
1952 2007 2036 2042 unde
2057 2006 2150 2058 vide-

1136 2072 1207 2095 mur
1229 2056 1417 2098 divertisse,
1440 2069 1479 2090 ex
1503 2067 1582 2100 aqua
1606 2055 1764 2088 nimirum
1788 2054 1852 2087 acri
1872 2077 1886 2094 ,
1908 2054 1943 2086 in
1966 2051 2034 2085 illis
2057 2062 2149 2094 prio-

1136 2105 1223 2138 ribus
1254 2112 1291 2136 ut
1313 2111 1390 2135 tunc
1424 2098 1609 2144 praefrigida
1632 2096 1797 2144 tempestas
1830 2096 1951 2130 ferebat
1975 2118 1987 2137 ‚
2019 2093 2149 2138 copiose

1137 2148 1215 2182 adeo
1238 2157 1293 2189 per
1317 2156 1403 2178 renes
1421 2170 1429 2184 ,
1453 2146 1486 2178 in
1511 2144 1574 2177 hoc
1599 2153 1680 2176 vero-
1701 2141 1756 2176 sub
1778 2142 1929 2184 meninge
1953 2139 2065 2173 Tenui
2096 2150 2151 2172 eo-

1136 2192 1208 2225 dem
1233 2199 1376 2232 tempore
1398 2200 1465 2231 quo
1486 2185 1609 2227 sudor,
1632 2185 1824 2227 eandemque
1835 2184 1880 2218 ob
1903 2182 2029 2217 causam
2051 2181 2152 2216 asan-

1135 2235 1230 2279 guine
1253 2232 1387 2265 secreta.
1414 2230 1473 2264 Sed
1496 2230 1732 2274 quoniam-per
1754 2226 1976 2262 dissectionem
1998 2225 2087 2261 haud
2107 2226 2154 2259 li-

1136 2280 1203 2312 cuit
1227 2286 1296 2309 utra
1317 2273 1500 2317 conjeetura
1525 2272 1626 2306 videri
1642 2271 1740 2314 posset
1751 2272 1881 2312 verior,
1903 2271 2090 2313 inquirere5
2113 2281 2152 2303 eo

1139 2321 1249 2365 potius
1271 2317 1410 2352 transibo
1423 2340 1436 2357 ,
1459 2327 1496 2351 ut
1519 2315 1610 2349 simul
1634 2316 1699 2348 leve
1724 2314 1878 2348 delirium
1900 2314 1957 2348 ubi
1981 2315 2038 2347 vix
2061 2325 2159 2357 aquae⁴

1138 2364 1270 2405 vestigia
1293 2363 1422 2398 inveni,
1447 2360 1508 2394 five
1531 2361 1678 2398 ratione,
1701 2357 1763 2391 five
1785 2358 1857 2392 casu
1881 2357 1916 2391 id
1940 2356 2063 2391 saetum
2086 2357 2151 2398 est,

1138 2406 1251 2446 fuisse,
1275 2405 1462 2445 ostendam,
1485 2402 1575 2436 simul
1599 2403 1728 2435 levioris
1751 2401 1859 2434 delirii
1879 2424 1889 2440 ‚
1925 2400 1959 2433 id
1991 2400 2034 2435 est
2058 2402 2151 2440 Para-

1138 2450 1275 2494 phorae,
1296 2460 1333 2482 ut
1344 2447 1425 2480 hanc
1446 2458 1558 2483 vocem
1570 2444 1694 2478 Medici
1718 2455 1948 2488 nonnunquam
1963 2445 2146 2487 accipiunt,

1137 2493 1303 2537 postquam
1329 2489 1526 2523 Phrenitidis
1537 2512 1550 2529 ,
1574 2487 1846 2535 Paraphreniqtidis
1873 2510 1883 2526 ‚
1906 2490 1938 2521 &
1961 2489 2145 2532 graviorum

1137 2537 1324 2571 deliriorum
1348 2533 1493 2575 protuli,
1517 2531 1700 2573 exemplum
1724 2532 1850 2565 afferam
1865 2557 1873 2566 .

1185 2590 1233 2623 17.
1258 2578 1389 2611 ANUS
1412 2577 1529 2609 leviore
1552 2575 1634 2608 febri
1658 2584 1806 2618 correpta
1821 2599 1833 2616 ,
1859 2588 1956 2620 quam
1969 2577 2147 2611 Peruviano

1138 2624 1260 2657 cortice
1292 2619 1439 2654 Medicus
1463 2620 1641 2662 pervincere
1674 2616 1704 2650 se
1726 2617 1811 2661 posse
1833 2642 1846 2659 ,
1879 2619 2021 2664 sperabat
2043 2644 2056 2662 ,
2090 2619 2150 2654 hac

1142 2677 1206 2700 non
1229 2663 1326 2699 modo
1349 2674 1414 2697 non
1435 2663 1563 2697 cedente
1584 2686 1597 2703 ‚
1628 2660 1682 2695 sed
1704 2662 1737 2694 in
1771 2672 1896 2697 acutam
1918 2675 1993 2699 cum
2025 2665 2151 2698 vanilo-

1142 2711 1242 2752 quio,
1263 2707 1469 2750 degenerante
1485 2730 1498 2748 ‚
1530 2705 1676 2752 confesta
1698 2704 1760 2738 est.
1899 2708 2113 2742 VENTRIS
2134 2730 2149 2748 ‚

1142 2756 1173 2786 ἅτ
1198 2752 1361 2786 Thoracis
1384 2750 1536 2784 nonnulla
1559 2751 1696 2789 viscera,
1721 2757 1833 2791 praeter
1851 2760 1974 2792 caput,
1996 2751 2029 2783 in
2041 2751 2151 2785 Thea-

1140 2805 1227 2830 trum
1250 2795 1366 2836 illata,
1388 2804 1451 2827 non
1474 2793 1586 2826 multis
1609 2801 1779 2835 antequam
1810 2791 1981 2835 superioris
2004 2795 2148 2830 mulieris

1139 2840 1302 2873 cerebrum
1316 2862 1328 2879 ,
1351 2837 1460 2870 diebus
1482 2835 1699 2869 consecuimus
1720 2859 1729 2867 .
1755 2836 1913 2877 Qaedam
1935 2847 2048 2880 praeter
2071 2837 2147 2872 soli-

1140 2893 1209 2917 tum
1231 2881 1384 2926 quidem,
1409 2878 1460 2912 sed
1484 2891 1548 2912 non
1570 2879 1703 2912 omnino
1724 2888 1839 2921 praeter
1861 2889 2008 2915 naturam
2038 2882 2072 2914 in
2096 2893 2144 2916 re-

1140 2938 1178 2960 ne
1200 2926 1352 2964 dextero,
1376 2926 1407 2956 &
1431 2925 1464 2955 in
1488 2921 1559 2965 ipso
1580 2919 1675 2955 corde
1711 2922 1741 2954 se
1763 2921 1950 2958 obtulerunt
1966 2948 1979 2964 ,
2010 2935 2082 2967 quae
2105 2934 2142 2959 ut

1141 2980 1217 3004 tunc
1241 2979 1305 3001 non
1328 2966 1459 3008 indigna
1494 2965 1558 2998 visa
1581 2965 1654 2999 sunt
1676 2976 1746 3007 quae
1777 2965 1927 3000 omnibus
1949 2966 2148 3001 ostenderen-

1144 3024 1198 3047 tur
1217 3036 1230 3053 ‚
1261 3013 1306 3044 ita
1329 3021 1411 3044 nunc
1434 3020 1498 3043 non
1529 3008 1677 3043 videntur
1699 3019 1768 3051 quae
1803 3008 1886 3051 apud
1908 3018 1941 3043 te
1963 3010 2112 3045 sileantur
2134 3035 2143 3045 .

1146 3058 1234 3090 Nam
1256 3066 1294 3087 ex
1315 3065 1353 3087 eo
1377 3063 1447 3086 rene
1469 3061 1603 3087 ureteres
1624 3051 1695 3085 bini
1715 3050 1888 3087 existebant
1905 3076 1916 3093 ‚
1940 3052 2086 3097 superior
2108 3066 2157 3092 ex.

1146 3099 1339 3143 simpliciore
1363 3097 1470 3139 pelvi,
1492 3099 1524 3129 &
1547 3097 1694 3134 tenuior3
1717 3094 1853 3129 inferior
1874 3106 1979 3130 autem
2002 3098 2147 3140 aliquan-

1147 3153 1184 3177 to
1205 3141 1330 3176 craffior
1342 3164 1354 3181 ,
1376 3141 1496 3183 quippe
1528 3151 1567 3172 ex
1590 3140 1674 3181 pelvi
1697 3150 1795 3181 quam
1816 3141 2011 3182 multiplices
2034 3139 2143 3175 tubuli

1148 3188 1181 3220 in
1213 3197 1283 3219 eam
1303 3182 1495 3218 confluentes
1515 3206 1527 3223 ,
1561 3182 1716 3226 majorem
1737 3182 1914 3216 efficiebant
1931 3205 1950 3229 ,-
1976 3185 2009 3216 δε
2039 3185 2141 3227 magis

1148 3238 1306 3263 extantem
1321 3254 1329 3261 .
1351 3227 1556 3269 Singulorum
1572 3236 1732 3260 ureterum
1742 3235 1779 3260 ut
1793 3235 1882 3260 ortus
1893 3248 1906 3265 ,
1928 3226 1974 3258 sic·
1994 3227 2141 3270 progres-

1147 3274 1216 3315 sus,
1238 3276 1270 3306 &
1292 3270 1363 3304 finis
1386 3268 1504 3304 divisus
1521 3294 1534 3311 ‚
1563 3269 1722 3304 transversi
1743 3269 1840 3312 digiti
1866 3270 2040 3303 intervallo*
2059 3273 2143 3304 inter

1147 3316 1312 3358 utriusque
1333 3314 1454 3348 orificia
1477 3313 1646 3356 inter-jedio
1656 3337 1669 3353 ,
1691 3313 1829 3354 oblonga
1851 3313 1947 3349 ambo
1960 3338 1970 3353 ‚
1993 3315 2074 3347 &in
2093 3326 2143 3348 ea.

1152 3361 1225 3393 dem
1246 3359 1376 3401 obliqua
1398 3357 1480 3391 linea
1501 3369 1561 3400 qua
1585 3356 1763 3395 debebant,
1786 3356 1820 3389 in
1842 3355 1975 3390 vesicam
2000 3359 2143 3400 patentia

1152 3403 1193 3437 fic
1216 3412 1253 3438 ut
1276 3402 1408 3434 alterum
1431 3401 1531 3437 altero
1555 3401 1694 3442 superius
1717 3397 1810 3432 esset.
1833 3401 1874 3433 In
1885 3401 1992 3434 Corde
2014 3410 2140 3439 autem,

1152 3458 1211 3489 pro
1242 3456 1326 3479 venae
1348 3445 1534 3477 Coronariae
1566 3442 1689 3476 valvula
1707 3467 1717 3483 ,
1750 3443 1920 3476 reticulum
1951 3442 2146 3485 deprehendi

1153 3488 1237 3525 haud
1269 3489 1359 3522 aliter
1382 3487 1503 3522 factum
1535 3498 1569 3520 ac
1601 3488 1686 3519 inter
1716 3484 1781 3529 ejus
1815 3487 1949 3519 valvulae
1979 3488 2149 3523 varietates

1153 3532 1330 3577 penultimo
1352 3531 1426 3565 loco
1447 3533 1481 3564 in
1503 3528 1659 3574 Epistolis
1681 3528 1884 3563 Anatomicis
1915 3531 1931 3568 (
1950 3540 1983 3564 m
2002 3533 2019 3570 )
2049 3542 2067 3564 a
2090 3542 2142 3564 me

1153 3576 1344 3619 descriptum
1367 3574 1505 3609 videbis.
1635 3574 1761 3608 Verum
1780 3572 1848 3606 haec
1859 3595 1873 3614 ,
1894 3581 1932 3606 nt
1954 3568 2025 3619 dixi
2045 3595 2056 3612 ,
2078 3585 2144 3624 non

1208 3645 1211 3646 γ
1998 3628 2106 3651 omni-

541 3756 556 3785 (
567 3753 610 3785 f)
626 3754 687 3779 sest·
704 3755 745 3781 eit.
761 3755 822 3781 ΟΜ.
840 3764 877 3786 ις.
894 3757 917 3780 8:
932 3763 967 3785 37.
983 3761 1035 3785 quae
1050 3752 1122 3780 fufius

262 3789 356 3813 niffen.
372 3788 401 3813 de
416 3790 481 3812 Dura
497 3789 578 3812 Matre
597 3786 622 3816 §.
638 3793 676 3813 ²⁹.
735 3787 743 3817 (
761 3787 772 3810 ι·
786 3786 801 3815 )
817 3787 882 3816 Eph.
897 3787 930 3811 N·
947 3787 976 3810 C.
995 3787 1066 3810 Cent.
1084 3792 1121 3810 ιο.

229 3818 244 3848 2
260 3821 332 3845 Tom.
348 3825 371 3845 ι.
388 3819 414 3844 in
430 3818 521 3844 Adnot.
536 3817 565 3844 ad
580 3818 619 3842 Du
635 3818 729 3848 Verney
742 3817 824 3843 'ri-ast·
835 3818 872 3842 de
887 3816 970 3841 Audit.
986 3817 1047 3846 Org.
1064 3817 1092 3840 P.
1110 3823 1131 3846 3.

260 3757 333 3787 Epist.
349 3765 386 3783 ιι.
402 3765 426 3781 n.
444 3764 480 3786 35.

174 3759 192 3850 flflfl

230 3759 246 3815 vv

204 3767 216 3783 e

206 3790 220 3812 h

206 3820 215 3844 l

1137 3757 1157 3779 1.
1174 3762 1197 3780 2.
1214 3756 1238 3780 s.
1254 3763 1277 3784 4-
1292 3754 1348 3778 ΟΜ.
1368 3762 1407 3785 1⁹-
1467 3756 1482 3785 (
1493 3761 1512 3785 ε
1529 3754 1540 3787 )
1555 3756 1591 3781 De
1607 3754 1719 3786 Fumat!
1734 3757 1797 3787 Tyr.
1814 3763 1837 3782 c.
1855 3763 1893 3784 ιι.

1137 3785 1196 3811 obs.
1211 3793 1249 3815 94-
1309 3786 1324 3814 (
1338 3785 1355 3809 k
1371 3785 1381 3818 )
1395 3794 1421 3811 n.
1437 3787 1461 3811 8.

1193 3817 1209 3846 ζ
1224 3823 1249 3840 m
1264 3815 1274 3846 )
1288 3815 1361 3845 Epist.
1378 3824 1414 3848 ις.
1430 3825 1455 3844 n.
1470 3824 1510 3841 ιο.
