2498 4075
468 278 690 347 Epistola
728 281 891 338 Anat.
926 281 1137 337 Medica
1170 282 1239 335 II.
1273 280 1392 335 Art.
1428 296 1594 335 11.12.
1616 281 1759 352 13.&
1781 296 1850 347 ¹4·

122 367 196 391 cum
218 356 304 388 enim
322 357 481 402 Juvenem
503 355 636 398 refhluto
652 356 747 399 pulsu
762 382 774 399 ,
805 368 840 392 ut
864 360 896 392 in
919 358 1008 393 horas
1030 361 1126 394 mori-

120 409 214 434 turus
235 398 417 440 videretur,
442 402 481 434 ad
494 396 624 442 ferenda
645 400 875 436 vehementiora
898 401 1017 436 auxilia
1039 404 1126 436 inca-

117 455 226 488 pacem
243 468 252 482 ,
289 443 425 477 restituit
446 442 640 477 cucurbitula
671 441 718 476 lais
741 445 773 477 in
806 445 936 487 occipite
968 445 1125 488 profunde

114 485 316 531 scarzficara.
344 487 489 520 Meadius
512 488 526 524 ζ
545 489 600 528 z)
633 498 760 528 quoque
784 488 919 523 Illustris
942 489 1123 530 Anglorum

121 530 269 566 Medicus
287 540 491 573 permagnum
513 528 667 562 auxilium
690 528 753 563 hoc
777 529 856 571 esse,
879 531 1045 564 confirmat
1056 555 1068 571 ,
1090 534 1122 565 m

118 574 255 608 maxime
274 571 531 615 periclitantibus
553 573 763 614 apoplefficis
785 584 964 618 magnopere
981 572 1121 617 juvaffi,

118 628 177 652 non
194 616 290 659 fimet
312 622 475 655 expertus.
500 615 613 648 Nemo
635 625 741 650 autem
772 616 895 657 fusius,
919 617 1121 660 diligentius-

139 672 177 695 ue
200 661 237 693 de
259 657 405 701 praesidio
426 658 487 692 hoc
510 657 654 700 scripsi-t,
679 661 1014 703 quamCeleberrimus
1036 662 1120 694 inter

114 673 294 738 germanos
318 700 496 743 Professor,
519 712 575 734 nec
600 704 708 737 minus
730 715 825 747 quam
857 704 1024 743 Meadius,
1047 715 1117 747 erga

116 759 166 782 me
189 746 366 784 humanus,
391 746 475 787 Aug.
503 745 814 784 FridWaltherus,
838 748 1116 790 quiDissertatiOa

116 802 155 824 ne
177 789 259 822 edita
269 791 303 822 de
318 787 551 831 Starificatione
563 789 715 832 Occipz'tis
726 814 738 830 ,
757 789 901 832 plurium
913 792 1027 833 capitis
1041 802 1122 824 mor-

116 833 222 870 borum
239 832 360 865 auxilio
374 856 385 872 ,
408 831 563 866 idverum
575 831 632 865 esse
654 844 728 867 cum
741 834 775 866 in
788 834 859 866 aliis
875 835 997 868 morbis
1010 855 1019 871 ‚
1041 846 1122 877 quos

114 879 199 909 inter
220 875 461 918 phrenitidem‚
486 874 776 921 pai-aphrenitidem
798 901 805 913 .
827 876 1027 911 convulsivos
1043 900 1056 917 ,
1087 880 1121 911 δε

114 919 284 960 soporosos
307 918 455 957 effeetus,
481 920 641 962 ipsamque
664 920 863 962 epilepsiam,
888 929 958 954 tum
968 919 1121 962 ophthal-

113 964 214 997 miam
240 964 461 1005 pertinacem,
483 964 657 1004 angina-m,
679 965 869 1005 vertiginem
891 987 903 1003 ,
926 969 958 998 ὅς
982 962 1119 997 obstina-

112 1015 177 1039 tam
204 1007 439 1050 cephalalgiam
457 1029 470 1046 ,
502 1007 650 1048 quamvis.
670 1006 708 1039 ab
731 1007 829 1039 initio
852 1006 1088 1049 sympathicam
1110 1032 1119 1047 ,

112 1051 283 1090 nominat,
306 1051 407 1084 modo
428 1062 443 1082 a
467 1049 617 1090 sanguine
638 1047 699 1082 fint
721 1073 733 1088 ,
757 1048 874 1083 nedum
895 1051 929 1083 in
952 1050 1121 1092 sanguinea,

112 1093 281 1135 apoplexia
302 1105 380 1128 eum
401 1093 564 1128 aliorum,
589 1102 658 1126 tum
684 1092 750 1127 suis
772 1093 951 1133 praesertim
974 1093 1120 1128 observa-

111 1137 257 1171 tionibus
278 1137 490 1180 comprobat.
515 1134 617 1174 Quod
638 1147 713 1168 vero
736 1135 774 1169 ad
785 1134 869 1170 hanc
891 1138 1041 1171 ultimam
1053 1136 1120 1178 spe-

110 1180 197 1216 ctat,
224 1190 339 1222 praeter
361 1181 522 1215 Austores
545 1178 603 1212 hos
625 1178 708 1213 duos
731 1180 957 1216 recentissimos
975 1204 988 1221 ,
1021 1181 1118 1214 velim

109 1224 273 1257 Aretaeum
298 1228 363 1264 (a)
385 1226 468 1266 legas
490 1245 499 1260 ‚
532 1233 684 1264 magnum
707 1223 794 1256 inter
817 1225 948 1258 Veteres
970 1223 1118 1257 medendi

108 1266 297 1309 magistrum
312 1291 323 1307 ‚
347 1269 459 1301 haecin
472 1266 646 1308 apoplexiae
671 1267 835 1300 curatione
857 1269 1119 1310 praecipieutem:

130 1321 204 1344 uum
216 1309 343 1345 morbus-
366 1312 419 1344 diu
429 1309 571 1343 trahitur
583 1332 594 1348 ,
618 1309 660 1342 Θ
672 1317 767 1352 capiat
779 1310 910 1353 incausa
925 1311 965 1349 esi}
978 1334 987 1348 ,
1009 1321 1120 1343 aucur-

106 1322 211 1387 Zitula
224 1355 369 1396 occipitio
380 1352 528 1397 affigenda
538 1356 601 1392 ,Cr
615 1351 746 1396 sanguis
756 1352 887 1395 largiter
905 1353 1116 1386 hauriendus.-

101 1396 179 1439 plus
203 1399 284 1431 enim
306 1408 399 1439 quam
418 1406 502 1429 venae
532 1394 630 1437 sccii«)
655 1394 807 1438 proficit,
830 1398 872 1429 &
900 1396 986 1429 vires
1004 1407 1118 1438 nequa-

107 1450 200 1482 quam
232 1439 401 1484 lahefafr'at
435 1444 506 1474 &a
550 1436 609 1471 Sed
653 1437 692 1471 acl
721 1438 877 1472 Valsalvae
918 1438 1117 1473 observatio-

113 1494 165 1517 nes
187 1484 347 1518 redeamus
360 1507 367 1514 .

153 1537 201 1560 11.
228 1529 313 1562 VIR
338 1526 496 1569 sexaginta
521 1536 619 1559 annos
645 1534 758 1564 natus,
781 1534 1036 1568 temperamento
1046 1526 1115 1559 san-

106 1571 247 1612 guineo,
271 1573 303 1603 &
325 1569 479 1603 laudabili
502 1569 649 1611 corporis
674 1568 905 1602 constitutione
929 1567 1083 1611 praeditus
1105 1593 1120 1610 „

105 1625 145 1647 ex
168 1613 308 1647 fortuito
331 1614 413 1645 inter
425 1611 650 1646 ambulandum
675 1611 785 1653 lapsu,
807 1622 903 1654 caput
918 1624 1034 1655 magno
1056 1615 1119 1647 im.

104 1667 181 1700 petu
205 1656 244 1691 ad
267 1657 367 1690 solum
391 1655 497 1689 allidit
518 1683 524 1689 .
550 1657 678 1689 Leviter
700 1654 842 1696 stupidus
865 1678 873 1691 ,
908 1654 1014 1689 fronte
1035 1668 1115 1691 con.-

103 1700 196 1740 tusa,
218 1712 233 1733 e
259 1700 392 1733 naribus
412 1699 562 1741 sanguine
586 1709 790 1741 erumpente,
813 1697 924 1733 &haec
947 1700 1116 1735 consecuta

103 1742 222 1777 sinistri.
245 1754 331 1777 artus
354 1742 524 1785 superioris
549 1740 741 1776 resolutione
763 1766 775 1782 ,
807 1751 842 1776 ut
867 1743 950 1776 nihil
981 1746 1115 1777 omnino

103 1787 206 1821 sensus
231 1791 260 1821 δι
284 1797 389 1820 motus
411 1787 445 1818 in
468 1797 506 1819 eo
519 1785 682 1828 superesset
698 1809 707 1823 ‚
730 1786 763 1818 in
783 1786 979 1819 ssononiense
995 1788 1117 1821 Sanctae.

102 1832 216 1865 Marica
240 1832 276 1865 de
298 1831 369 1864 Vita
391 1829 628 1863 Nosocomium
652 1829 808 1863 infertur:
832 1829 886 1862 ubi
915 1830 1068 1864 saturatus
1082 1832 1116 1864 in

103 1874 185 1907 facie
209 1874 307 1908 rubor
321 1898 331 1913 ,
355 1873 512 1906 laboriosa
524 1873 694 1915 respiratio
706 1897 719 1914 ,
740 1873 838 1907 durus
855 1874 979 1915 pulsus,
1004 1877 1036 1907 &
1049 1886 1115 1907 [ηε-

103 1917 264 1951 diocriter
287 1918 370 1951 celer
394 1916 717 1956 animadvertuntur,
740 1918 866 1950 caeteris
889 1917 1063 1958 omnibus,
1090 1917 1113 1951 fi

105 1961 273 2003 paralysim
296 1961 333 1995 de
357 1973 418 2003 qua
441 1960 571 1994 dictum
592 1959 654 1997 est,
677 1961 816 2002 excipias
831 1983 840 1998 ‚
866 1960 1036 1995 secundum
1060 1973 1113 1994 na-

102 2013 212 2038 turam
232 2004 484 2039 sehabentibus.
507 2005 572 2038 Dic
596 2013 713 2046 quarto
727 2003 881 2044 Aphonia
897 2026 905 2039 ‚
930 2006 1046 2047 quinto
1057 2017 1113 2038 au-

101 2057 169 2081 tem
192 2050 319 2083 ineunte
334 2071 346 2087 ,
369 2058 459 2081 mors*
478 2047 620 2091 ingruit.
710 2047 818 2080 CUM
843 2048 877 2079 in
900 2048 1022 2080 Ventre
1043 2071 1056 2087 ,
1080 2053 1111 2081 &

103 2092 254 2125 Thorace
279 2092 362 2125 recse
385 2092 494 2124 omnia
517 2090 690 2124 constituta
703 2090 943 2131 invenirentur,
966 2102 1063 2134 neque
1076 2103 1113 2124 os

101 2134 244 2172 fronti-s,
269 2146 372 2177 pauco
395 2134 531 2177 dempto
555 2133 705 2177 sanguine
721 2155 729 2169 ,
753 2135 809 2175 qui
833 2134 874 2164 ob
895 2134 1117 2167 contufionem

100 2180 187 2211 inter
211 2178 340 2222 ipsum,
363 2180 393 2211 δε
420 2186 604 2220 tegumenta
629 2175 811 2218 stagnabat,
835 2177 939 2209 ullum
949 2175 1036 2219 quod
1060 2178 1116 2211 sub

102 2221 224 2257 sensum
248 2222 374 2254 caderet
399 2247 407 2260 ‚
431 2220 570 2253 laefionis
593 2218 749 2252 indicium
771 2218 948 2252 ostenderet
971 2233 979 2252 :
1014 2231 1113 2263 neque

102 2265 239 2298 reserato
251 2266 360 2297 cranio
371 2287 383 2303 ,
407 2266 495 2297 Dura
508 2264 637 2295 meninx
649 2261 825 2304 quidquam
839 2287 848 2301 ,
871 2262 929 2295 nisi
940 2263 1040 2296 levem
1052 2264 1114 2296 ali-

101 2320 198 2351 quam
221 2306 418 2340 contusionis
440 2305 606 2339 exhiberet
630 2315 761 2343 notam,
783 2317 852 2348 quae
873 2305 910 2339 ad
934 2307 1116 2349 meningem.

102 2352 236 2384 alteram
259 2362 323 2383 non
347 2348 530 2386 transieram
555 2350 588 2380 in
611 2347 743 2381 dextero
754 2348 885 2394 taudem>
904 2349 1025 2388 cerebri
1039 2362 1113 2383 ven-

101 2395 222 2428 triculo
247 2403 376 2436 repertae
409 2391 480 2425 sunt
503 2392 605 2424 unciae
628 2392 770 2424 concreti
803 2392 961 2433 sanguinis
984 2393 1112 2427 circiter

101 2438 198 2476 duae3
220 2448 336 2479 corpus
358 2444 465 2469 autem
490 2435 646 2467 Striatum
669 2436 714 2467 ita
737 2445 809 2467 cum
831 2435 941 2477 plexus
964 2434 1109 2471 Choroi-

101 2480 155 2514 dis
165 2490 251 2523 parte
263 2479 386 2512 erosum
396 2502 407 2518 ,
430 2487 466 2512 ut
477 2479 531 2510 vix
543 2479 644 2511 ullum
658 2478 702 2511 sui
714 2477 882 2520 vestigium
895 2480 1084 2522 relinqueret
1097 2505 1108 2512 0

149 2534 197 2556 12.
223 2523 306 2556 Noli
333 2531 444 2565 putare
458 2547 467 2562 ,
489 2520 629 2555 oblitum
644 2533 693 2554 rue
716 2520 956 2562 institutimei,
978 2524 1110 2566 apople-

99 2569 189 2602 xiam·
211 2566 272 2600 huc
296 2563 454 2602 retulisse,
477 2576 546 2606 quae
570 2566 654 2597 inter
677 2565 749 2598 illas
770 2576 840 2608 qua„>
864 2577 880 2597 a
900 2566 1017 2608 capitis
1040 2568 1110 2600 ictu.

99 2611 194 2647 sunt,
218 2611 324 2652 potius
359 2608 456 2642 suerit
487 2606 648 2642 reserenda
664 2632 671 2640 .
697 2608 766 2641 Etsi
792 2609 855 2641 illae
879 2620 1007 2652 quoque
1025 2633 1037 2649 ,
1070 2620 1106 2643 ut

98 2655 134 2688 in
159 2654 234 2686 loco
257 2652 377 2686 videbis
401 2651 491 2691 (b),
514 2651 648 2684 mirifice
672 2651 704 2684 id
728 2651 919 2686 confirmant
943 2652 1031 2695 quod
1056 2652 1107 2686 su-

100 2709 157 2741 pra
176 2700 243 2736 (c)
262 2695 403 2729 dicebam
429 2708 443 2728 a
468 2695 616 2728 Valsalva
639 2697 672 2727 in
688 2694 991 2738 hemiplec'ticorum
1011 2694 1104 2730 disse-=

100 2739 264 2774 &ionibus
288 2738 377 2773 fuisse
388 2738 616 2777 observatum,
638 2739 768 2772 illarum
791 2748 895 2771 tamen
916 2740 949 2771 in
973 2738 1104 2782 praesen-

100 2785 147 2817 tia
170 2794 337 2825 nonegeo.
362 2783 420 2816 Sed
432 2782 512 2815 hanc
535 2782 679 2815 transtuli
693 2783 725 2814 in
749 2781 953 2815 hunclocum
975 2792 1105 2825 propte-

101 2839 154 2860 rea
166 2828 240 2869 quia
253 2827 310 2858 alia
322 2825 405 2860 mihi
418 2849 429 2865 ,
452 2824 614 2868 atqueipfi
631 2824 696 2859 fuit
709 2848 720 2864 ,
742 2825 780 2858 de
793 2825 848 2859 hac
860 2826 1026 2868 apoplexia
1038 2825 1104 2860 seu-

101 2872 203 2904 tentia
227 2869 288 2903 est.
310 2870 425 2912 Neque
442 2870 527 2901 enim
550 2880 618 2902 eam
630 2881 671 2902 ex
693 2867 832 2902 fortuito
849 2868 962 2911 lapsu,
985 2868 1035 2902 sed
1047 2880 1107 2911 po-

101 2917 167 2948 tius
190 2913 311 2955 lapsum
333 2925 371 2946 ex
394 2924 428 2945 ea
452 2921 582 2954 repeto,
607 2921 794 2955 argumento
819 2912 920 2946 fretus
942 2936 952 2952 ,
974 2924 1039 2956 quo
1061 2911 1102 2945 ad

99 2956 236 2992 similem
258 2957 292 2988 in
311 2954 373 2988 fere
398 2955 493 2988 simili
512 2954 581 2988 casu
603 2956 839 2989 dubitationem
862 2956 1034 2989 tollendam
1057 2956 1108 2988 uti

98 3012 167 3035 non
180 3002 286 3042 potuit
298 3000 441 3033 Laubiusv
461 3000 530 3042 (d)
546 3026 550 3031 .
578 3000 706 3032 Scilicet
719 2997 801 3031 mihi
825 3001 857 3031 in
873 2999 1036 3042 proposita
1046 2999 1106 3032 ob-

99 3044 277 3080 servatione
302 3051 487 3084 argum-ento
509 3042 627 3085 estej-us
641 3042 857 3082 vitiinatura,
879 3042 1010 3085 quodin
1021 3054 1105 3075 cere-

99 3090 161 3123 bro
183 3085 325 3126 latebat,
348 3087 434 3120 illius
457 3086 617 3119 consimile
640 3085 727 3129 quod
749 3085 851 3127 legisti
874 3086 908 3119 in
920 3086 1100 3129 superiore.

99 3132 152 3167 Ab
175 3140 310 3172 utroque
333 3128 458 3162 lethalis
482 3130 635 3173 denique,
658 3139 694 3164 ut
705 3128 799 3172 supra
821 3132 887 3170 (ε)
906 3130 1102 3173 explicatum

100 3176 165 3215 est,
189 3172 308 3206 accidit
321 3173 511 3215 apoplexia3
534 3173 585 3207 sed
609 3173 807 3207 antealevior
823 3196 835 3213 ,
857 3185 926 3216 quae
947 3174 1103 3207 nimirum

100 3218 178 3253 huic
201 3219 271 3252 viro
294 3225 330 3249 ut
355 3217 394 3251 in,
411 3225 479 3248 artu
502 3217 654 3258 superiori
677 3217 743 3249 vim
757 3216 905 3250 movendi
931 3227 1023 3259 atque
1035 3216 1101 3250 sen-

100 3260 202 3295 tiendi
226 3258 353 3302 prorsus
377 3257 514 3300 ademit,
535 3259 576 3293 sic
598 3260 746 3293 movendi
767 3259 897 3299 saltem,
919 3262 952 3293 in
968 3259 1104 3293 inferi-o-

99 3308 129 3340 ri
154 3303 308 3346 tantisper
323 3301 469 3342 videtur,
492 3314 563 3337 cum
584 3305 735 3346 inciperet
747 3302 913 3343 ademisse,
937 3313 972 3338 ut
992 3315 1103 3346 repen-

101 3359 133 3383 te
153 3347 277 3381 caderet
291 3372 298 3378 .
323 3347 487 3379 Caeterum
509 3358 679 3390 utcumque
703 3346 872 3386 statueris3
895 3346 1013 3388 semper
1035 3358 1105 3381 earn

101 3391 324 3426 observatione
350 3388 408 3435 hac
432 3389 608 3423 confirmari
641 3391 821 3424 doesrinam
842 3414 855 3432 ,
889 3390 1011 3424 videbis
1043 3401 1104 3432 pro

101 3446 164 3478 qua
185 3434 283 3468 stabat
310 3432 483 3479 Vanlsalvzm
507 3432 557 3467 sed
578 3434 633 3467 illa
654 3434 703 3466 vel
725 3435 826 3478 magis
847 3446 942 3477 quam
955 3435 1104 3477 protinus

102 3491 141 3513 ex
163 3477 274 3511 eodem
297 3476 463 3519 subjiciam
478 3499 485 3506 .

148 3533 194 3564 13.
221 3521 411 3554 MULIER
434 3529 588 3565 annorum
610 3520 807 3564 septuaginta
832 3547 839 3561 ‚
864 3532 880 3553 a
903 3521 1013 3555 multis
1036 3519 1100 3564 jam

101 3564 261 3599 mensibus
281 3562 370 3610 valde
393 3563 548 3596 obliviosa
570 3574 658 3604 erat,
681 3575 778 3606 neque
801 3564 920 3607 semper
942 3564 1064 3607 objecsa
1087 3589 1099 3604 ,

101 3618 190 3643 certo
212 3606 273 3641 situ
295 3608 398 3650 posita
409 3629 423 3647 ‚
444 3606 611 3647 cernebat,
633 3607 777 3641 incedens
800 3619 905 3643 autem
927 3609 984 3643 vix
1005 3608 1099 3651 pedes

2049 299 2106 349 13

1174 359 1343 393 attollebat
1366 383 1373 391 .
1405 360 1486 393 Haec
1509 368 1587 394 cum·
1604 370 1687 393 anno
1709 367 1782 393 ante
1803 385 1812 399 ,
1846 359 1953 394 nescio
1973 372 2035 405 qua
2057 364 2173 405 capitis

1175 404 1340 446 repentina
1365 401 1529 437 affeffione
1551 412 1695 443 tentata,
1718 403 1810 436 illico
1832 402 1965 438 evasisset
1989 419 1998 442 3
2023 416 2105 439 nunc
2127 408 2176 440 in-

1176 456 1226 479 ter
1248 445 1475 480 comedendum
1498 471 1510 487 ,
1543 458 1581 480 ex
1603 446 1781 488 improviso
1813 446 1897 479 cadit
1919 471 1928 483 ‚
1961 458 2030 482 tota
2054 448 2172 483 sinistra

1178 498 1265 531 parte
1294 490 1439 532 corporis
1460 513 1470 529 ‚
1505 493 1537 523 ἃ
1561 489 1692 522 dextero
1723 493 1818 521 etiam
1849 489 2151 528 brachioresoluto
2172 518 2180 525 .

1174 532 1359 576 Respiratio
1381 532 1511 575 quidem
1534 534 1684 566 naturalis
1708 534 1843 565 omnino
1863 531 1924 568 est,
1948 543 1983 566 ut
2007 534 2103 569 ferme
2124 546 2173 570 et-

1172 577 1237 609 iam
1257 575 1352 610 faciei
1374 576 1489 616 color,
1512 577 1566 619 qui
1591 575 1648 619 ipsi
1674 574 1832 617 pallidus:
1861 585 1958 618 neque
1982 578 2055 611 ullae
2078 590 2174 622 appa-

1173 628 1243 652 rent
1265 617 1483 653 convulsiones
1504 631 1516 657 3
1551 619 1601 652 sed
1624 629 1718 661 caput
1742 629 1804 652 non
1829 617 1913 653 secus
1943 630 1977 651 ac
2000 619 2022 652 si
2047 633 2173 657 mortua

1172 660 1267 702 esset,
1288 662 1457 696 concidit:
1481 673 1580 703 neque
1602 663 1704 696 ullum
1725 661 1779 696 dat
1792 662 2019 704 intelligendi,
2042 674 2096 697 aut
2108 665 2175 698 sen-

1172 705 1273 739 tiendi
1297 705 1418 749 fignum
1441 717 1453 743 3
1484 704 1540 738 nisi
1565 704 1650 748 quod
1673 705 1749 739 dum
1767 705 1932 751 Jugularis
1954 717 2031 739 vena
2051 706 2177 742 dextera

1174 749 1316 790 secatur,
1338 748 1487 782 nonnihil
1524 748 1553 781 se
1575 747 1737 782 contrahit
1765 773 1771 780 .
1806 748 1904 782 Vixit
1929 748 1966 781 ad
2000 749 2093 784 horas
2116 762 2176 783 no-

1172 804 1262 827 vem.
1353 792 1560 826 CEREBRI
1584 792 1752 826 ventriculi
1777 791 1862 835 pleni
1875 792 1996 824 inventi
2021 793 2090 826 sunt
2102 793 2174 828 flui-

1174 835 1215 868 do
1238 835 1406 878 sanguine.
1432 836 1573 877 Eratque
1596 846 1706 868 eorum
1727 835 1839 868 dexter
1852 834 1942 867 valde
1964 836 2070 871 erosus
2092 838 2176 870 circa

1170 880 1346 921 marginem
1367 879 1560 911 exteriorem
1583 887 1654 911 tum
1677 879 1823 920 corporis
1833 879 1946 910 Striati
1965 903 1975 918 ,
1999 888 2071 915 tum
2082 879 2177 914 Tha-

1169 923 1245 956 lami
1269 922 1356 955 nervi
1381 923 1499 965 Optici
1518 934 1528 960 3
1562 919 1678 955 sinister
1700 931 1804 955 autem
1827 921 1864 954 ad
1896 920 1991 962 hujus
2014 932 2141 957 tantum
2163 946 2176 962 ,

1170 964 1268 1008 idque
1291 965 1423 998 leviter.
1448 964 1630 998 Choroides
1651 965 1759 1007 plexus
1785 965 1840 998 vix
1862 966 1972 1007 potuit
1996 965 2175 1001 observari.

1170 1011 1277 1043 Partes
1299 1018 1409 1042 omnes
1431 1009 1560 1051 reliquae
1586 1008 1665 1041 sa'nae
1688 1017 1794 1041 erant.

1220 1051 1271 1095 14ss
1292 1050 1394 1085 Vides
1416 1061 1452 1087 ut
1476 1053 1504 1084 ei
1527 1052 1675 1092 corporis
1697 1052 1788 1084 lateri
1811 1074 1824 1090 ,
1855 1051 1941 1091 quod
1975 1062 2040 1086 erat
2072 1054 2177 1097 magis

1174 1094 1375 1134 resolutum,
1397 1106 1467 1136 pars
1488 1095 1608 1127 cerebri
1632 1096 1810 1128 immineret
1833 1104 1902 1134 quae
1914 1095 2020 1129 minus
2043 1095 2113 1130 esset
2126 1098 2179 1130 vi-

1174 1141 1254 1173 tiata
1269 1161 1278 1177 ‚
1302 1139 1334 1170 δε
1356 1138 1408 1170 illi
1430 1137 1517 1181 quod
1531 1139 1657 1176 minus,
1679 1149 1749 1179 quae
1773 1137 1898 1178 magis,
1921 1140 1954 1170 <sc
1972 1137 2102 1172 visionis
2126 1141 2178 1173 vi-

1172 1184 1224 1215 tio
1245 1194 1314 1224 quae
1339 1192 1424 1214 noxa
1447 1180 1486 1214 ad
1508 1182 1708 1223 Opticorum
1732 1190 1898 1227 nervorum
1922 1179 2100 1216 Thalamos
2125 1193 2175 1215 re-

1171 1225 1340 1268 sponderet
1355 1250 1365 1257 .
1390 1226 1491 1257 Porro
1511 1236 1549 1258 ex
1571 1222 1631 1258 hac
1655 1223 1999 1264 Historia&quaedam
2021 1225 2083 1258 alia
2105 1224 2178 1259 sunt

1170 1268 1353 1312 colligenda
1375 1293 1381 1300 .
1408 1269 1518 1303 Petrus
1539 1266 1673 1310 quidem
1696 1266 1805 1311 Salius'
1830 1263 1914 1309 (f)
1946 1277 1983 1302 ut
2008 1268 2178 1311 apoplexia

1170 1324 1240 1354 quae
1263 1312 1305 1346 est
1328 1324 1344 1345 a
1367 1310 1515 1354 sanguine
1528 1335 1539 1350 ,
1562 1309 1733 1345 internosci
1755 1312 1790 1345 &
1812 1309 1965 1352 distingui
1991 1312 2033 1344 ab
2052 1323 2087 1345 ea
2107 1311 2179 1355 pos-

1170 1356 1215 1389 set
1238 1367 1308 1398 quae
1333 1354 1369 1388 fit
1392 1365 1410 1387 a
1443 1353 1571 1397 frigidis
1594 1353 1789 1388 humoribus
1808 1377 1820 1394 ‚
1855 1355 1973 1388 multas
2007 1355 2181 1398 diligenter

1168 1407 1260 1432 notas
1283 1397 1452 1441 proposuit
1474 1399 1607 1431 minime
1628 1396 1871 1432 contemnendas
1885 1421 1897 1436 ‚
1920 1395 1979 1431 nifi
1998 1400 2069 1442 quis
2093 1398 2178 1434 forte
2219 1402 2226 1405 i

1166 1442 1376 1476 obliviscatur
1394 1465 1407 1482 ,
1436 1441 1522 1485 signa
1545 1439 1737 1484 ejuscemodi
1760 1452 1826 1474 non
1850 1440 1987 1475 seorsum
2021 1441 2143 1485 singula
2168 1465 2182 1480 2

1166 1495 1224 1519 aut
1245 1496 1343 1529 pauca
1362 1509 1374 1526 ,
1407 1484 1459 1520 sed
1481 1484 1682 1528 conjunfflm
1717 1486 1863 1531 pleraque
1889 1482 1947 1518 esse
1978 1484 2146 1527 spestanda
2169 1509 2182 1517 ..

1169 1530 1239 1570 Q
1263 1531 1349 1562 enim
1370 1528 1437 1562 haec
1461 1537 1587 1562 tantum
1610 1527 1792 1562 attendisset
1813 1551 1826 1568 ,
1849 1527 2056 1570 apoplexiam
2077 1541 2093 1562 a
2116 1528 2180 1568 fri-

1168 1574 1247 1616 gido
1269 1572 1402 1607 humore
1427 1582 1638 1613 aegrotantem
1659 1572 1752 1615 pati,
1770 1570 1849 1614 filit
1865 1570 1983 1613 senex,
2002 1571 2182 1615 fimulier,

1168 1616 1191 1649 fi
1215 1628 1279 1650 non
1301 1616 1422 1655 rubor,
1446 1614 1497 1648 sed
1513 1614 1654 1658 fipallur
1677 1616 1709 1649 in
1725 1612 1887 1658 faciefic3
1911 1615 2055 1650 multum
2076 1616 2179 1649 illein

1165 1659 1225 1694 hac
1240 1659 1357 1704 pallida
1368 1659 1498 1693 muliere
1509 1658 1746 1702 septuagenaria
1756 1658 1909 1700 deceptus
1921 1656 1994 1693 esset
2009 1685 2016 1692 .
2030 1659 2069 1694 Id
2081 1659 2180 1693 eordi-

1165 1716 1228 1741 co,
1251 1702 1339 1745 quod
1362 1703 1517 1742 memini,
1538 1713 1614 1736 cum
1638 1703 1765 1736 Sacram
1800 1703 1975 1744 Virginem
1995 1727 2008 1743 ,
2044 1704 2182 1737 consan-

1169 1748 1317 1791 guineam
1339 1757 1466 1786 meam,
1489 1757 1589 1779 annos
1613 1754 1722 1779 natam
1753 1746 1924 1788 octoginta
1945 1770 1961 1786 ,
1988 1746 2067 1781 levis
2103 1758 2182 1790 apo-

1167 1792 1273 1834 plexia
1297 1788 1529 1832 prehendisset,
1551 1801 1619 1832 quae
1646 1790 1832 1831 graviorem
1860 1790 2042 1824 minabatur
2063 1815 2076 1832 ,
2113 1801 2181 1823 non

1166 1833 1321 1868 dubitasse
1344 1845 1393 1867 me
1427 1831 1654 1866 adolescentem
1678 1856 1690 1873 ,
1723 1833 1802 1875 quin
1839 1833 1869 1865 ei
1902 1835 2012 1876 potius
2044 1834 2179 1868 Medico

1167 1878 1373 1921 adstipularer
1387 1902 1395 1916 ,
1415 1878 1471 1918 qui
1495 1876 1690 1910 mittendum
1713 1875 1900 1918 sanguinem
1924 1900 1934 1914 ,
1967 1880 2000 1911 δε
2023 1886 2178 1921 tempera-

1167 1923 1251 1955 tiora
1274 1919 1453 1954 adhibenda
1476 1918 1532 1954 else
1543 1919 1701 1957 remedia,
1726 1919 1894 1960 censebat,
1916 1932 2012 1964 quam
2036 1922 2110 1954 aliis
2122 1923 2179 1965 qui

1167 1964 1236 1998 haec
1259 1964 1479 2004 improbantes
1500 1986 1513 2003 ,
1546 1964 1745 2010 contrariam
1765 1964 1899 1998 curandi
1925 1965 2011 1998 viam
2035 1965 2178 1999 inculca-

1166 2008 1263 2042 bant.
1288 2012 1431 2040 AEtatem
1453 2006 1489 2040 hi
1513 2018 1526 2046 ;
1554 2018 1611 2040 nos
1635 2008 1720 2049 signa
1744 2015 1846 2040 cetera
1868 2019 1939 2051 quae
1974 2008 2181 2051 sanguineam
2204 2016 2211 2018 “

1164 2052 1366 2094 apoplexiam
1389 2049 1566 2084 indicarent
1587 2073 1600 2091 ,
1624 2049 1841 2092 spestabamus
1860 2075 1867 2083 .
1901 2050 2086 2086 Consilium
2118 2063 2180 2086 no-

1163 2096 1265 2128 strum
1286 2094 1435 2137 probavit
1458 2095 1562 2127 exitus
1582 2107 1594 2132 5
1626 2093 1731 2127 nostra
1754 2095 1844 2129 enim
1875 2095 2025 2129 medendi
2051 2097 2177 2130 ratione

1166 2139 1257 2172 semel
1276 2161 1290 2178 ,
1311 2147 1405 2180 atque
1427 2139 1546 2171 iterum
1567 2148 1686 2179 aegram
1707 2137 1898 2173 servavimus
1919 2150 1930 2171 .·
1952 2150 2049 2181 quam
2072 2141 2176 2174 ratio-

1166 2193 1238 2215 nem
1262 2179 1408 2214 adversus
1430 2180 1643 2214 dissentientes
1662 2180 1802 2214 validius
1835 2183 1921 2216 tueri
1944 2181 2081 2217 licuisset
2104 2208 2117 2224 ‚
2151 2183 2177 2218 fi

1167 2234 1243 2258 tunc
1266 2225 1395 2266 vulgata
1417 2223 1489 2257 esset
1512 2223 1650 2257 Lancisii
1672 2226 1739 2266 (g)
1762 2224 1960 2260 Observatio
1981 2227 2015 2260 in
2028 2226 2173 2268 grandae-

1167 2279 1208 2301 vo
1229 2268 1432 2307 Mercatore,
1453 2268 1505 2300 cui
1527 2267 1704 2309 graviffima
1727 2266 2064 2312 instantisapoplexiae
2088 2270 2176 2305 indi-

1165 2314 1215 2344 cia
1237 2311 1355 2344 levavit
1380 2310 1505 2352 sanguis
1527 2322 1543 2343 e
1567 2311 1696 2344 naribus
1719 2310 1881 2353 profluens
1893 2311 1931 2346 ad
1953 2313 2053 2347 libras
2076 2315 2175 2349 unde-

1166 2356 1253 2393 cim,
1277 2354 1413 2386 omnino
1436 2364 1544 2387 autem
1569 2353 1692 2387 sustulit
1717 2353 1786 2396 post
1808 2355 1992 2397 quindecim
2014 2356 2080 2392 dies
2103 2370 2175 2393 rur-

1166 2398 1215 2431 sus
1238 2395 1371 2430 effluens
1396 2395 1433 2430 ad
1456 2397 1551 2429 libras
1573 2406 1713 2439 quatuor
1733 2419 1740 2425 ·
1777 2398 1907 2433 Eorum
1930 2412 2058 2444 quoque
2089 2401 2172 2436 duo-

1163 2451 1260 2481 rum,
1282 2440 1320 2474 de
1342 2440 1458 2486 quibus
1480 2449 1550 2473 ante
1587 2439 1741 2482 scriptum
1763 2440 1806 2474 est
1825 2465 1838 2482 ,
1871 2446 1903 2476 δι
1929 2444 2067 2478 totidem
2087 2468 2100 2485 ,
2132 2446 2173 2481 de

1160 2485 1278 2526 quibus
1302 2496 1379 2517 mox
1403 2482 1556 2515 scribetur
1576 2506 1588 2522 ,
1620 2482 1645 2516 fi
1666 2491 1794 2516 aetatem
1826 2485 1929 2520 solum
1952 2487 2133 2523 attendisses
2156 2514 2173 2530 ,

1161 2528 1367 2570 sanguineam
1378 2526 1434 2559 esse
1446 2527 1663 2568 apoplexiam,
1674 2527 1825 2569 negasses..
1851 2530 1943 2566 Quin
1955 2530 2050 2574 hujus
2061 2544 2168 2567 exem-

1158 2571 1212 2613 pla
1236 2594 1248 2611 ,
1270 2572 1390 2613 partim
1413 2582 1429 2602 a
1451 2569 1597 2604 Valsalva
1617 2593 1630 2610 ‚
1662 2571 1781 2611 partim
1815 2583 1831 2604 a
1861 2574 1955 2609 nobis
1978 2575 2130 2610 adnotata
2157 2603 2167 2617 ‚

1158 2625 1232 2647 cum
1254 2623 1325 2647 ante
1346 2614 1459 2647 oculos
1480 2624 1562 2648 nunc
1586 2612 1753 2650 habeamus
1786 2616 1902 2657 viginti
1928 2621 1989 2653 tria
2010 2643 2023 2660 ,
2055 2619 2079 2652 si
2102 2621 2171 2655 duo

1158 2657 1308 2704 videlicet
1331 2656 1465 2704 adjicias
1489 2656 1645 2698 producta
1669 2658 1703 2692 in
1715 2658 2083 2702 EpistolisAnatomicis
2094 2664 2166 2706 (h),

1156 2701 1244 2733 sorte
1267 2700 1411 2737 accidisle
1431 2724 1444 2740 ,
1476 2709 1512 2733 ut
1536 2701 1592 2733 vix
1614 2701 1677 2732 tria
1699 2714 1768 2745 quae
1792 2702 1829 2735 ad
1851 2702 1977 2746 juvenes
1992 2730 2000 2744 ,
2025 2717 2165 2749 quatuor

1155 2755 1225 2786 quae
1247 2744 1289 2777 ad
1309 2746 1396 2777 viros
1420 2744 1578 2777 attineant
1601 2768 1610 2783 ,
1643 2744 1677 2776 in
1699 2747 1739 2779 iis
1761 2746 1910 2781 omnibus
1933 2751 2128 2785 inveniamus
2153 2777 2165 2785 ‚

1155 2789 1265 2831 Atque
1289 2796 1324 2822 ut
1347 2799 1456 2822 verum
1479 2786 1589 2829 saepius
1612 2786 1672 2827 sit,
1696 2789 1802 2823 senum
1824 2792 2007 2833 apoplexias
2028 2794 2065 2826 inv
2087 2794 2163 2829 diu-

1157 2840 1269 2864 turnasv
1290 2831 1498 2865 resolutiones
1522 2830 1626 2870 abire,
1650 2830 1803 2873 juvenum>
1821 2835 1890 2867 cito
1912 2835 1971 2870 esse
1992 2836 2124 2872 lethales
2148 2852 2164 2878 ς

1153 2884 1266 2907 contra
1288 2883 1417 2915 tamen,
1440 2883 1537 2915 neque
1559 2875 1604 2905 ita
1627 2884 1701 2909 raro
1721 2900 1734 2916 ,
1767 2875 1795 2909 se
1820 2875 1935 2912 habere
1957 2891 2126 2924 utrumque
2147 2906 2165 2924 ,

1158 2917 1400 2965 conspeximus.
1428 2915 1620 2963 For‘tiffimas
1639 2928 1748 2953 autem
1769 2917 1826 2953 esse
1846 2945 1860 2961 ‚
1883 2925 1916 2956 <Sc
1938 2924 2046 2959 multo
2067 2926 2159 2959 citis..

1157 2962 1232 2994 sime
1254 2962 1428 3000 conficere,
1443 2971 1519 3009 'quae
1544 2962 1718 3004 asanguine
1742 2962 1813 2997 sunt
1824 2965 1906 2998 intra
1929 2969 2099 3002 calvariam
2112 2968 2165 3002 ef-

1158 3003 1248 3051 fuso,
1282 3007 1314 3038 δε
1338 3002 1397 3046 ipfi
1419 3002 1577 3042 Vidimus,
1602 3007 1634 3038 &
1658 3005 1736 3047 saepe
1759 3007 1799 3040 ab
1822 3008 1893 3042 aliis
1915 3010 2103 3046 adnotatum
2113 3012 2161 3046 es-

1156 3049 1207 3087 se,
1231 3049 1365 3081 scimus.
1393 3046 1452 3096 Sed
1474 3057 1531 3079 nec
1554 3059 1602 3082 eas
1625 3058 1776 3090 tantum,
1797 3062 1896 3096 neque
1919 3066 2029 3089 omnes
2051 3077 2061 3092 ‚
2099 3066 2156 3089 auc

1154 3100 1239 3124 certe
1260 3102 1323 3123 non
1346 3100 1436 3124 omni
1460 3090 1564 3124 morbi
1587 3101 1730 3135 tempore
1752 3118 1761 3125 .
1785 3096 1835 3128 Ut
1858 3098 1943 3132 enim
1964 3099 2078 3132 mulier
2099 3109 2157 3135 cu-

1152 3133 1202 3176 jus
1224 3134 1357 3168 historia
1379 3133 1538 3167 novissime
1560 3134 1717 3178 descripta
1741 3136 1783 3172 est
1803 3162 1815 3178 ,
1846 3142 1962 3175 vixerit
1986 3142 2023 3175 ad
2057 3141 2151 3176 horas

1154 3188 1216 3211 non
1240 3178 1377 3220 amplius
1399 3188 1513 3211 novem
1534 3190 1545 3217 3
1570 3180 1633 3212 Vir
1656 3189 1761 3214 tamen
1784 3183 2002 3226 Ampliffirnus
2025 3184 2064 3218 de
2086 3197 2155 3229 quo

1154 3223 1293 3262 primum
1319 3218 1446 3269 scripsi,
1473 3220 1511 3253 ad
1535 3220 1696 3257 decimum
1717 3223 1904 3261 servatusest
1925 3227 2034 3267 diem5
2058 3237 2094 3262 ut
2105 3229 2152 3263 ef-

1153 3263 1235 3298 fusio
1259 3266 1418 3307 sanguims
1440 3274 1505 3297 non
1529 3267 1638 3307 primis
1661 3267 1765 3300 morbi
1786 3268 1896 3303 diebus
1913 3294 1926 3310 ,
1959 3271 2010 3305 sed
2034 3272 2156 3306 ultimo

1151 3306 1286 3351 denique
1310 3309 1412 3350 magis
1435 3307 1574 3343 accidisse
1597 3309 1741 3344 videatur
1761 3334 1773 3351 ,
1820 3312 1881 3346 uod
1905 3318 1938 3348 &
1961 3314 2054 3357 supra
2076 3316 2148 3350 dixi

1153 3352 1234 3392 (i),
1258 3355 1291 3385 &
1314 3351 1386 3384 ideo
1408 3350 1526 3385 fortem
1545 3361 1611 3386 non
1634 3354 1772 3396 primum
1814 3354 1890 3390 uisse
1912 3360 2111 3401 apoplexiam
2134 3384 2148 3400 ,

1154 3394 1251 3437 idque
1276 3394 1528 3437 symptomatum
1549 3396 1758 3443 conditione,
1784 3401 1963 3435 &naturali
1985 3403 2146 3443 inprimis

1152 3437 1358 3481 respiratione
1371 3436 1574 3482 confirmavi.
1598 3441 1704 3482 I-iuius
1727 3442 1812 3475 enim
1821 3442 1994 3487 majorem,
2020 3447 2147 3478 autmi-

1152 3492 1260 3515 norem
1291 3493 1308 3513 a
1331 3481 1466 3514 naturali
1501 3481 1648 3516 recessum
1679 3483 1757 3517 nosti
1778 3488 1986 3530 praecipuam
2008 3487 2147 3523 Medicis

1149 3536 1294 3559 normam
1317 3523 1373 3558 esse
1387 3524 1423 3557 ad
1447 3523 1615 3566 fortioris,
1638 3535 1692 3559 aut
1705 3526 1874 3563 debilioris
1884 3532 2060 3573 apoplexiae
2071 3542 2143 3573 gra-

1148 3567 1207 3602 dus
1228 3566 1483 3602 constituendos:
1507 3580 1687 3613 quanquam
1703 3594 1713 3609 ‚
1739 3583 1776 3604 ne
1797 3572 1873 3616 quid
1896 3572 1993 3608 ferme
2014 3575 2049 3607 in
2073 3575 2148 3610 Me-

1147 3610 1253 3645 dicina
1275 3621 1461 3655 perpetuum
1482 3611 1544 3654 fit,
1569 3613 1602 3647 in
1624 3613 1787 3657 proposita
1809 3616 1941 3651 muliere
1952 3617 2060 3658 vides,
2083 3618 2144 3652 res-

2017 3671 2105 3705 pira-

104 3756 2145 3781 Ἣ

163 3819 224 3850 (z)
239 3818 331 3845 Monit.
348 3816 440 3843 Medic.
457 3825 478 3842 e..
496 3827 519 3843 2.
537 3819 565 3843 S.*
580 3824 603 3842 1.
666 3817 718 3849 (a)
733 3822 769 3845 De
783 3820 866 3845 Morb.
883 3822 956 3846 Aeut.
973 3822 1029 3845 cur.
1047 3820 1066 3844 1.
1083 3827 1102 3845 1.
1117 3828 1182 3856 “fl'‘
1244 3821 1294 3854 (b)
1310 3823 1382 3852 Epist.
1401 3832 1439 3856 51.
1500 3829 1549 3856 (c)
1564 3835 1587 3854 n.
1604 3835 1641 3854 m.

163 3851 219 3880 (d)
236 3851 299 3879 Eph.
317 3850 352 3883 N.
369 3851 399 3875 C.
417 3851 488 3874 Cent.
506 3856 528 3878 9·
544 3848 604 3873 Obs.
621 3851 658 3878 63.
720 3849 781 3881 (e)
795 3858 819 3875 n.
836 3858 873 3875 10.
955 3850 991 3881 f)
1005 3853 1025 3876 1.
1043 3856 1075 3876 et.
1092 3859 1113 3878 e.
1129 3857 1172 3878 cit.
1188 3852 1256 3882 supra
1271 3854 1301 3879 ad
1315 3862 1339 3879 n.
1354 3864 1380 3886 7.

164 3881 218 3911 (g)
232 3882 268 3906 De
285 3879 364 3907 Subit.
384 3881 462 3905 Mort.
476 3882 495 3907 l.
511 3887 533 3904 2·
549 3887 573 3905 ο.
589 3888 611 3910 5·
627 3887 652 3906 n.
668 3880 694 3906 8.
753 3881 802 3915 (h)
817 3882 890 3908 xm.
905 3889 931 3908 n.
949 3889 986 3913 19.
1003 3883 1025 3908 ἃ
1040 3888 1079 3914 ²5·
1140 3883 1193 3915 (i)
1209 3890 1234 3909 n.
1251 3890 1288 3911 ιο,
