2498 4075
321 225 377 250 nes
400 215 435 247 in
457 210 604 245 Sestione
619 208 678 243 hac
700 205 900 251 Sepulchreti
924 205 1123 238 XXXVIII.
1147 208 1160 244 (
1182 213 1198 240 t
1222 208 1252 242 ).
1277 204 1329 238 Ad

323 268 403 301 quas
426 267 496 290 eam
518 252 614 287 addas
637 253 734 290 licet,
757 262 831 293 quae
857 249 898 283 ab
921 249 1048 282 Littrio
1070 249 1084 286 (
1107 258 1126 280 u
1148 253 1162 289 )
1186 247 1330 291 proposi-

324 311 358 335 ta
381 301 425 337 est
439 324 449 339 ‚
470 295 609 332 funiculi
632 295 711 328 adeo
732 295 901 330 contorti,
924 302 961 325 ut
983 302 1048 324 non
1058 293 1187 326 tenuior
1209 291 1331 330 modo,

323 343 376 380 sed
399 346 431 377 δι
454 340 584 376 brevior
616 336 757 372 dimidio
779 335 854 369 esset
887 334 1010 368 faetus.
1146 337 1331 377 Praelongus

322 399 402 423 vero
423 387 457 419 in
481 381 627 421 crebris,
651 379 812 421 variisque
835 377 935 412 foetus
960 378 1106 411 motibus
1126 387 1332 420 opportunus

323 430 367 464 est
389 430 429 463 iis
450 429 484 461 in
508 424 643 458 modum
666 432 720 457 aust
743 422 848 464 laquei
872 442 883 458 ‚
916 431 971 455 aut
994 420 1076 455 nodi
1107 420 1331 464 dispositioni-

322 475 405 509 bus,
428 479 464 506 ut
487 469 585 502 illum
608 467 800 508 strangulare
823 465 915 507 (x),
939 474 993 497 aut
1017 464 1147 507 propria
1171 465 1241 498 vasa
1252 474 1332 498 con-

324 518 476 557 stringere
499 510 723 546 vehementius
744 507 839 552 poffit
864 531 872 539 .
896 507 977 541 Haec
998 509 1085 541 enim
1110 508 1142 540 vi
1164 507 1303 550 duplicis
1323 529 1332 545 ‚

324 560 469 601 arffique
492 554 590 594 nodi,
613 554 671 597 qui
694 563 760 585 non
785 552 847 585 nifi
871 551 956 585 lenta
979 559 1137 593 cautaque
1159 562 1255 585 manu
1285 551 1335 584 di-

322 603 398 639 duci
423 600 529 644 potuit
544 621 554 636 ,
579 595 732 641 praeclusa
753 594 880 628 invenit
900 595 953 627 Cl.
978 594 1222 628 Gutermannus
1246 594 1334 636 (y),

322 646 451 689 egregie
475 641 669 686 conjiciens,
692 640 831 682 primam
852 637 930 671 nodi
953 636 1188 675 formationem
1209 637 1334 671 indica-

325 700 393 724 tam
416 687 476 722 esse
500 697 516 719 a
550 694 701 720 motuum
724 681 823 718 foetus
856 682 1089 715 imminutione
1112 704 1122 719 ,
1156 681 1228 726 post
1251 679 1333 714 hanc

324 743 432 768 autem
455 730 557 772 magis
580 729 746 769 deinceps,
770 725 935 768 magisque
958 732 1088 762 autem,
1112 726 1144 764 δι
1166 735 1240 757 cum
1263 734 1335 756 tan-

324 777 397 810 dem
420 784 533 809 eorum
559 769 785 811 motuumjam
809 767 1045 801 nihilomnino
1069 767 1309 811 per'ceptumest
1324 788 1333 803 ‚

325 818 405 855 nodi
428 815 630 851 arfflffimam
656 812 774 847 factam
796 810 1056 845 constrietionem
1089 809 1183 844 fuisse
1213 809 1336 852 fignifi-

324 872 448 899 catam.
584 856 642 890 Sed
670 858 704 890 in
728 855 880 898 placentae
903 865 1034 897 quoque
1056 854 1189 889 adaueta
1211 855 1246 887 in
1268 854 1336 887 dies

323 917 411 940 noxa
433 927 443 943 ,
474 910 511 937 ut
535 911 612 946 puta
634 900 678 934 ob
702 898 841 933 funiculi
866 898 1060 932 brevitatem
1078 920 1091 938 ‚
1125 906 1182 930 aut
1205 907 1334 939 propter

325 947 485 985 scirrhum
506 968 518 986 ,
551 947 712 979 vitiumve
735 940 827 976 aliud
848 941 937 984 quod
959 943 993 974 in
1016 941 1072 974 illa
1108 940 1180 984 plus
1202 940 1336 982 plusque

326 991 447 1028 crescat
462 1016 472 1032 ,
493 988 580 1023 idem
605 985 809 1021 succeffivum
831 994 940 1019 motus
961 985 1199 1019 decrementum
1213 1005 1223 1020 ‚
1246 983 1336 1026 quod

327 1035 469 1071 abolitio
491 1033 632 1074 denique
655 1028 891 1072 consequatur,
913 1028 1079 1066 accidere,
1104 1038 1179 1062 cum
1191 1028 1336 1060 ratioin2

323 1080 436 1117 dicat,
463 1085 535 1110 tum
560 1074 736 1118 praesertim
750 1073 1008 1107 Observationes
1029 1073 1337 1112 confirmant‚qua-

321 1134 395 1158 rum
419 1121 561 1163 aliquam
587 1119 620 1151 in
644 1114 859 1160 Sepulchreto
880 1119 894 1156 (
918 1127 940 1159 z
964 1119 978 1155 )
1008 1116 1174 1152 invenies,
1197 1114 1273 1147 alias
1298 1126 1335 1147 ex

321 1164 558 1203 Dissertatione
579 1165 593 1201 (
616 1174 633 1197 a
657 1165 671 1202 )
692 1159 858 1203 conjicere
882 1160 1002 1200 poteris
1032 1158 1087 1192 Ol.
1114 1158 1198 1190 Petri
1221 1157 1336 1189 Stuar..

322 1212 378 1247 ti,
401 1210 461 1251 qui
484 1204 650 1250 proposita
675 1205 715 1238 ab
738 1204 766 1239 se
789 1205 946 1245 dogmata
970 1213 1011 1235 ex
1033 1213 1088 1235 ore
1111 1200 1335 1244 Experientis-

321 1253 394 1288 fimi
418 1251 541 1286 Friedii
565 1248 595 1285 se
618 1247 741 1282 fatetur
765 1246 818 1289 (b
843 1249 857 1286 )
880 1244 1053 1288 accepisse.

366 1298 423 1334 26.Δ
444 1294 545 1327 Nunc
560 1292 723 1334 placentae
749 1291 830 1323 vitia
854 1288 1000 1332 quaedam
1025 1288 1111 1326 alia,
1133 1286 1219 1321 unde
1243 1287 1336 1320 abor-

322 1341 445 1375 tientes
465 1335 712 1381 periclitantur,
735 1334 933 1376 attingemus
956 1356 963 1364 .
999 1332 1126 1366 Sciebat
1149 1330 1336 1373 Ruyschius

321 1387 336 1424 (
358 1396 373 1417 c
397 1386 434 1422 )‚
460 1381 622 1424 plurimos
644 1375 734 1412 fuisse
757 1377 905 1411 Medicus
928 1376 987 1418 qui
1009 1376 1220 1418 ignorantes,
1245 1386 1335 1407 men-

321 1426 407 1462 fibus
430 1424 617 1469 gestationis
642 1422 756 1469 primis
787 1421 950 1464 placentas
973 1430 1029 1460 per
1066 1418 1094 1453 se
1116 1417 1251 1461 quidem
1276 1417 1334 1451 effe

321 1481 458 1513 parvas,
483 1467 534 1503 sed
556 1467 602 1500 ob
625 1465 767 1499 multum
792 1464 980 1507 plerumque
993 1461 1181 1505 sanguinem
1196 1473 1335 1496 concre-

321 1523 393 1548 tum
409 1535 420 1552 ‚
441 1511 586 1554 undique
610 1511 728 1543 arfflus
746 1507 967 1542 adhaerentem
990 1527 1000 1543 ‚
1032 1505 1138 1540 multo
1161 1516 1259 1548 quam
1286 1516 1334 1538 re-

320 1567 396 1591 vera
419 1555 480 1590 sint
495 1579 504 1594 ,
530 1552 633 1591 videri
658 1551 829 1595 ampliores
850 1573 859 1588 ,
883 1549 938 1584 has
962 1549 1047 1593 apud
1072 1560 1121 1583 eas
1142 1560 1215 1591 quae
1238 1549 1334 1582 abor-

321 1602 465 1635 tiverant
484 1621 494 1637 ‚
528 1596 708 1639 conspicati
730 1617 740 1632 ,
769 1597 801 1628 δε
823 1593 945 1628 foetum
976 1594 1036 1636 qui
1059 1594 1088 1627 ei
1123 1592 1332 1634 amplitudini

322 1644 548 1688 responderet,
572 1638 690 1673 frustra
714 1638 938 1680 expectantes,
962 1648 1036 1670 cum
1062 1637 1089 1670 is
1110 1636 1167 1679 qui
1191 1633 1297 1669 fuerat
1322 1641 1336 1672 ,⁷

322 1698 377 1722 aut
400 1695 533 1731 propter
557 1684 772 1724 exiguitatem
807 1692 872 1714 non
899 1689 1067 1722 perceptus
1087 1703 1100 1720 ,
1132 1678 1298 1713 excidisset
1323 1703 1332 1719 ‚

321 1740 378 1767 aut
401 1738 534 1775 propter
557 1726 801 1761 mollitudinem
823 1726 857 1757 in
882 1722 1022 1758 nihilum
1045 1748 1054 1762 ‚
1088 1731 1143 1755 aut
1167 1723 1201 1755 in
1226 1723 1334 1764 liquo-

319 1785 389 1809 rem
411 1771 538 1808 abiiffet
561 1785 572 1811 ·,
605 1770 840 1804 medicam-,enta
864 1766 984 1801 soetum
1007 1766 1199 1808 expellentia
1220 1788 1233 1805 ‚
1267 1776 1332 1798 non

321 1817 388 1852 fine
419 1817 512 1861 gravi
543 1815 745 1849 detrimento
778 1811 876 1846 matri
908 1808 1087 1844 dedissent.
1123 1810 1237 1850 Itaque
1260 1809 1335 1842 Me-

321 1862 415 1897 dicos
435 1861 475 1895 de
499 1859 558 1894 hac
581 1856 672 1891 facili
696 1855 892 1897 deceptione
915 1853 1043 1887 censuit
1073 1850 1134 1886 esse
1158 1852 1334 1886 admonen-

321 1905 380 1940 dos
395 1929 402 1938 .
426 1903 531 1948 Quod
553 1912 612 1936 nos
636 1901 801 1934 monitum
823 1910 862 1932 eo
884 1898 988 1939 magis
1012 1895 1241 1929 inculcandum
1265 1896 1333 1928 exi-

325 1950 514 1991 stimamus,
535 1944 624 1989 quod
639 1953 754 1987 praeter
778 1942 967 1984 sanguinem
986 1940 1081 1973 illum
1092 1939 1331 1976 adhaerentem,

324 2001 584 2035 augentemque,
609 1986 716 2030 reapse
735 1998 834 2030 aequo
858 1986 963 2026 magis
984 1983 1124 2018 crescere
1150 1983 1333 2023 placentam

321 2037 451 2079 ipsam,
473 2036 592 2077 exiguo
616 2030 701 2065 foetu
720 2029 785 2073 jam
811 2037 945 2062 mortuo
964 2049 974 2065 ‚
1007 2026 1113 2069 sicque
1136 2035 1227 2059 tanto
1253 2025 1333 2059 saci-

323 2083 388 2116 lius
410 2078 524 2113 oculos
538 2074 696 2114 velusuro,
717 2073 756 2109 de
769 2073 889 2108 Vateri
912 2070 1095 2108 sententia,
1124 2068 1219 2111 snpra
1242 2071 1256 2108 (
1279 2070 1297 2102 d
1320 2071 1330 2107 )

322 2124 540 2160 indicavimus
551 2146 560 2154 .

369 2179 424 2210 27.
456 2164 518 2201 Sed
552 2162 670 2196 vitium
702 2161 745 2196 est
778 2160 914 2194 alterum
948 2158 1054 2192 multo
1088 2153 1298 2200 periculosius
1320 2178 1331 2189 .

324 2214 412 2246 Cum
435 2210 523 2244 enim
546 2205 647 2240 foetus
669 2203 840 2238 immaturi
863 2224 873 2239 ‚
901 2210 956 2235 aut
980 2210 1066 2236 certe
1087 2212 1127 2234 eo
1150 2208 1299 2240 tempore
1322 2222 1333 2238 ,

324 2255 348 2289 fi
373 2254 530 2288 violentia
555 2250 660 2288 abste,
684 2259 749 2282 non
772 2246 938 2289 prodituri
960 2268 969 2283 ,
994 2245 1139 2289 placenta
1163 2267 1173 2283 ,
1206 2250 1243 2279 ut
1268 2242 1331 2275 suis
1355 2276 1358 2278 ,

325 2299 456 2342 petiolis
479 2293 591 2330 acerba
614 2304 709 2336 poma
726 2316 734 2328 ,
758 2291 878 2325 aretius
902 2288 1092 2332 plerumque
1114 2295 1210 2322 utero
1234 2285 1273 2319 fit
1287 2283 1334 2318 af-

325 2342 411 2380 fixa3
434 2338 599 2375 interdum
622 2336 740 2370 accidit
764 2357 776 2374 ,
807 2343 844 2367 ut
869 2331 908 2365 fit
942 2331 1109 2365 arffiffime
1132 2354 1142 2370 ‚
1175 2329 1274 2371 idque
1295 2339 1333 2361 eo

326 2386 474 2428 periculo
495 2381 584 2428 quod
608 2379 675 2415 haec
686 2376 845 2413 Valsalvae
854 2375 1056 2411 Observatio
1079 2373 1153 2407 satis
1166 2382 1335 2407 common-

327 2431 404 2465 strat
420 2454 428 2463 .

370 2473 421 2506 28.
447 2467 642 2505 MULIER
666 2477 765 2499 annos
787 2471 861 2497 nata
888 2472 953 2496 tres
975 2463 1005 2494 &
1030 2459 1169 2502 triginta
1192 2482 1201 2497 ,
1227 2469 1300 2492 cum
1327 2482 1336 2498 ‚

331 2526 460 2551 uterum
485 2513 611 2548 ferens,
635 2521 674 2543 ex
695 2520 763 2543 uno
786 2508 818 2540 in
843 2504 1100 2540 alterumlocum
1123 2513 1222 2544 grave
1233 2502 1336 2543 quod-

327 2561 404 2595 dam
425 2556 552 2602 pondus
574 2554 667 2588 semel
690 2576 703 2593 ,
736 2561 831 2593 atque
857 2553 974 2583 iterum
997 2544 1208 2579 transtulisset
1231 2558 1241 2582 ς
1275 2544 1337 2579 foe-

329 2613 403 2638 tum
425 2600 559 2643 quidem
583 2594 842 2641 septimestrem‚
866 2604 904 2625 an
916 2589 1134 2625 o&imestren1
1157 2590 1263 2665 parim
1288 2588 1349 2624 sed„

329 2647 417 2682 hunc
440 2641 590 2679 Secundae
614 2651 679 2674 non
702 2633 1145 2679 consequuntur.'Postridie
1173 2633 1239 2665 ebri
1264 2642 1339 2665 curn

330 2692 437 2732 rigore
460 2687 638 2729 corripitur
659 2694 668 2716 ι
705 2692 768 2725 qua
792 2679 913 2722 semper
937 2679 1038 2719 magis
1062 2675 1231 2718 magisque
1250 2675 1341 2708 inva-

330 2735 467 2768 lescente
482 2753 492 2769 ,
518 2731 625 2772 paucis
648 2726 718 2768 post
740 2723 854 2758 diebus
876 2721 1099 2764 respirationis
1121 2721 1264 2762 gravitas
1288 2730 1342 2751 ac·-

329 2778 418 2812 cedit
436 2799 448 2811 .
481 2776 607 2809 Interea
641 2767 758 2804 foetida
780 2767 913 2801 materia
948 2776 966 2799 e
997 2763 1200 2797 naturalibus
1230 2763 1340 2795 exibat

331 2832 407 2856 cum
430 2817 538 2854 frustis
561 2813 777 2850 secundarum
802 2808 967 2844 nonnullis
990 2832 996 2839 .
1032 2808 1182 2849 Denique
1206 2806 1343 2839 convul-

332 2864 391 2898 fivi
414 2870 524 2896 motus
539 2885 548 2902 ‚
569 2862 601 2893 δι
622 2856 780 2900 singultus
802 2856 964 2896 ingruunt
983 2864 991 2884 .-
1029 2859 1141 2884 venter
1166 2848 1257 2889 valde
1291 2851 1342 2881 in-

334 2905 487 2942 tumescit
508 2916 518 2937 :
552 2906 585 2935 &
606 2912 693 2944 aegra
726 2896 901 2932 undecimo
924 2908 940 2929 a
963 2903 1059 2937 partu
1092 2894 1144 2927 die
1169 2893 1310 2926 moritur
1334 2916 1342 2923 .

462 2945 673 2981 VENTRE
693 2951 806 2985 aperto
826 2964 839 2982 ‚
871 2938 1024 2973 intestina
1046 2960 1058 2977 ,
1089 2939 1121 2970 δι
1144 2935 1344 2970 ventriculus

335 2992 469 3027 flatibus
493 2989 571 3024 adeo
594 2986 722 3022 tumida
746 2994 870 3027 reperta
894 2983 966 3016 sunt
987 2990 1057 3022 ‚-ut
1083 2980 1137 3014 hic
1160 2978 1343 3023 quadruplo

335 3036 439 3080 majus
472 3034 614 3076 spatium
638 3038 813 3070 occuparet
838 3052 848 3067 ,
878 3036 976 3070 quam
1000 3024 1173 3061 secundum
1196 3032 1345 3056 naturam
1367 3042 1371 3047 ‹

336 3081 456 3114 soleat.
481 3075 625 3111 Diffeeto
647 3083 761 3110 utero,
784 3081 899 3113 magna
924 3068 1082 3112 placentae
1107 3067 1218 3110 portio
1230 3076 1346 3100 occur-

337 3126 402 3161 rit,
426 3121 520 3164 cujus
543 3129 614 3163 pars
638 3128 695 3159 per
717 3127 755 3150 os
778 3116 862 3149 uteri
885 3110 1106 3156 propendebat
1122 3132 1132 3148 ‚
1156 3120 1227 3152 pars
1251 3117 1347 3143 utero

337 3168 421 3201 arete
442 3166 521 3199 adeo
545 3161 736 3204 affigebatur
760 3180 770 3195 ‚
802 3167 839 3193 ut
863 3159 919 3191 vix
943 3152 1044 3198 posset
1069 3177 1078 3191 ,
1111 3154 1209 3188 cultri
1245 3154 1347 3188 etiam

338 3223 424 3254 ope,
446 3207 605 3250 separari.
629 3205 710 3238 Erat
733 3201 822 3241 haec,
844 3199 987 3234 naturali
1010 3197 1181 3232 obscurata
1205 3196 1345 3233 strutiu-

341 3266 375 3288 ra
397 3277 409 3293 ‚
441 3254 475 3285 in
498 3252 617 3283 durum
639 3256 756 3289 corpus
779 3268 788 3283 ,
813 3247 846 3278 &
869 3243 997 3287 pessime
1018 3243 1108 3275 olens
1131 3239 1310 3282 constipata
1336 3257 1344 3269 -.

341 3299 424 3330 Eam
447 3303 573 3331 autem,
597 3293 649 3324 cui
675 3287 846 3323 adhaeserat
871 3309 881 3326 ‚
915 3286 1000 3320 uteri
1025 3294 1149 3326 partem
1174 3284 1271 3317 altior
1295 3282 1347 3313 in-

342 3339 523 3374 flammatio
547 3334 725 3375 occupabat
741 3358 750 3372 ‚
774 3343 846 3375 quae
869 3340 925 3372 per
941 3329 1106 3371 ‘reliquam
1131 3329 1229 3362 etiam
1255 3325 1346 3359 illam

342 3383 458 3418 faciem
472 3404 481 3418 ‚
504 3380 555 3414 sed
578 3380 692 3413 leviter
708 3399 718 3414 ‚
741 3374 973 3409 extendebatur
990 3397 996 3403 .

388 3437 440 3469 29.
463 3425 536 3458 Sive
559 3422 596 3456 ad
621 3420 793 3455 Infelicem
813 3420 946 3451 Partum
967 3438 978 3454 ‚
1009 3414 1048 3451 de
1070 3425 1138 3458 quo
1161 3413 1229 3456 jam
1253 3411 1349 3445 nobis

905 128 1064 181 Liber
1097 126 1188 181 111.
1222 124 1308 185 De
1345 122 1551 180 Morbis
1584 123 1809 182 Ventris

1380 201 1590 236 scribendum>
1605 199 1667 239 est,
1691 199 1754 235 five
1775 200 1820 235 ob
1842 200 2019 236 violentam
2042 201 2170 237 causam
2191 228 2200 245 ,
2233 213 2304 244 quae
2327 202 2379 235 i-n-

1380 246 1585 284 fantem„eo
1609 253 1753 287 tempore
1775 254 1842 277 non
1863 247 2046 285 exiturum,
2070 245 2186 289 ejecit,
2208 244 2247 279 ad
2272 246 2382 281 Abor-

1383 299 1453 323 tum
1475 287 1746 321 Observationem
1768 285 1850 321 hanc
1875 286 2011 327 referam
2036 288 2312 329 manifestumest,
2336 289 2382 323 af-

1383 332 1480 366 fixam
1505 340 1599 364 utero
1621 329 1775 372 placentae
1798 340 1920 371 partem
1944 333 2073 365 mulieri
2095 341 2233 366 mortem
2255 333 2384 367 attulis-

1381 375 1413 409 se
1428 400 1436 409 .
1461 376 1543 408 Eam
1565 382 1677 423 autem
1701 381 1848 415 partem,
1872 373 1975 408 solu-ta
1990 375 2132 418 reliqua,
2159 376 2247 413 affixa
2294 386 2384 410 man-

1380 419 1447 453 fisse
1471 418 1587 466 necesse
1610 417 1652 450 est
1676 416 1725 449 vel
1749 417 1793 451 ob
1816 418 1972 458 placentae,
1993 420 2132 457 vitium,
2159 418 2267 454 radicu
2284 416 2387 458 as‘ibi

1383 471 1438 496 aut
1461 461 1642 498 crassiores,
1665 468 1720 494 aut
1745 460 1928 501 longiores,
1950 471 2004 495 aut
2027 462 2203 495 crebriores
2227 472 2319 496 utero
2334 463 2387 496 in-

1384 505 1537 555 figentis,
1561 503 1881 553 vel,.quod*eodem
1904 505 1986 538 redit
2008 530 2017 544 ‚
2042 506 2086 539 ob
2110 505 2205 548 hujus
2229 507 2348 541 vitium
2375 528 2385 544 ‚

1384 548 1579 582 artffioribus
1603 547 1674 586 ibi,
1698 555 1753 579 aut
1778 545 2047 589 profundioribus
2066 573 2077 589 ‚
2100 557 2155 583 aut
2178 549 2390 587 confertiori-

1383 593 1443 625 bus
1467 593 1554 634 poris
1577 601 1626 624 eas
1649 590 1805 623 radiculas
1828 593 2019 633 excipientis
2040 613 2050 629 ,
2073 594 2123 626 vel
2146 593 2335 627 ob‘vitium
2358 605 2391 628 a-

1384 634 1455 669 liud
1479 634 1611 677 aliquod
1625 657 1644 681 ³⁷
1661 643 1715 667 aut
1741 633 1897 676 placentae
1915 657 1927 674 ,
1951 645 2082 670 uterove
2106 637 2267 679 peculiare
2287 659 2299 675 ,
2334 645 2393 670 aut.

1384 680 1485 728 etiam
1510 679 1836 720 utriquecommune
1852 676 1870 708 '.
1896 679 1953 711 Sed
1976 679 2193 724 quodeunque
2215 680 2249 713 id
2272 680 2392 717 vitium

1384 721 1510 759 fuerit,
1532 721 1621 764 quod
1644 720 1736 760 causa
1760 720 1822 754 alia
1835 720 1943 764 aliqua
1961 746 1969 760 ‚
1994 733 2133 757 conatus
2147 722 2221 757 illos
2245 724 2279 756 in
2290 733 2394 757 trans-

1387 765 1522 799 ferendo
1544 764 1683 806 pondere
1705 762 1878 798 consecuta
1901 790 1909 803 ‚
1942 765 2092 803 indicata
2108 774 2216 799 autem
2241 778 2256 799 a
2281 776 2394 809 partus
2439 761 2442 762 ⁷

1388 808 1618 843 acceleratione
1632 833 1641 848 ,
1666 807 1795 842 videtur
1818 807 1937 842 auxisse
1958 821 1969 844 3
1992 818 2080 842 certe
2104 808 2302 843 Observatio
2325 810 2394 844 haec

1389 863 1425 887 ut
1449 861 1619 886 numerum
1643 861 1752 885 earum
1776 849 1910 891 adauget
1932 852 2050 894 quibus
2074 853 2231 891 nituntur.
2258 848 2395 887 conten.

1385 896 1515 933 dentes,
1540 895 1721 937 placentam
1742 905 1909 937 nunquam
1942 892 2002 928 esse
2025 898 2064 930 in
2086 905 2180 929 utero
2204 896 2393 939 relinquen-

1386 939 1480 978 dam3
1502 940 1550 972 ita
1573 936 1737 979 Ruyschii
1759 948 1889 980 quoque
1913 935 2051 978 asseclis,
2074 950 2139 973 non
2164 940 2249 974 secus
2274 952 2307 973 ac.
2333 949 2395 975 tres

1386 993 1467 1026 quas
1497 984 1531 1016 in
1555 979 1766 1022 Sepulchreto
1799 981 1895 1014 habes
1920 981 2067 1016 Sefflone
2099 982 2157 1016 hac
2188 983 2398 1019 ,XXXVJIL

1387 1031 1399 1067 (
1422 1036 1436 1059 e
1457 1029 1472 1066 )
1491 1048 1500 1064 ,
1536 1024 1643 1060 ansam
1666 1025 1722 1059 dat
1747 1023 1785 1057 ad
1808 1025 2031 1065 reponendum
2054 1047 2068 1065 ,
2090 1037 2166 1060 tunc
2192 1026 2303 1061 saltem
2327 1038 2395 1061 non

1386 1070 1448 1104 esle
1468 1069 1510 1103 ad
1532 1068 1686 1112 placentae
1709 1066 1946 1101 extraffionem
1971 1073 2210 1111 properandum
2224 1094 2232 1108 ‚
2255 1081 2330 1106 cum
2343 1081 2395 1103 ar-

1384 1114 1435 1146 &e
1457 1112 1536 1147 adeo
1559 1111 1601 1146 est
1624 1121 1717 1145 utero
1740 1122 1885 1150 annexa,
1907 1120 1944 1145 ut
1957 1113 2133 1154 vix-posset
2150 1134 2162 1151 ,
2182 1111 2264 1150 ficut
2289 1114 2396 1150 inista

1386 1156 1544 1192 muliere,
1568 1155 1668 1188 cultri
1692 1154 1788 1188 etiam
1800 1166 1882 1195 ope,
1905 1153 2063 1195 separari:
2090 1157 2150 1191 hoc
2176 1159 2261 1194 erim
2275 1156 2397 1191 voluis-

1388 1200 1417 1234 se
1441 1197 1646 1241 Ruyschium
1668 1195 1725 1241 (f
1741 1200 1776 1239 ),
1798 1208 1872 1230 cum
1897 1199 1935 1231 ad
1961 1200 2198 1234 extritis-‚nom
2220 1201 2396 1235 decurren-

1386 1244 1465 1277 dum
1489 1254 1554 1276 non
1577 1241 1637 1275 effe
1661 1243 1813 1280 monuit,
1836 1240 1858 1273 si
1884 1241 2030 1282 placenta
2054 1243 2101 1276 lta
2119 1243 2259 1286 firmiter
2282 1242 2397 1279 rhaereat

1386 1294 1495 1326 ute-ro,
1519 1293 1557 1319 ur
1571 1310 1582 1326 ,
1603 1283 1664 1327 nifi
1683 1291 1831 1326 expertus
1852 1283 1934 1327 inse„
1956 1295 2046 1318 nemu
2068 1288 2246 1320 crediturus
2255 1286 2298 1330 fit
2312 1310 2320 1324 ‚
2344 1287 2400 1320 ni-

1388 1331 1508 1363 mirum
1531 1328 1553 1362 sl
1585 1330 1632 1363 ita
1657 1334 1760 1361 teneat
1783 1337 1908 1360 uterum
1928 1351 1940 1367 ‚
1973 1339 2009 1361 ac
2026 1328 2054 1369 fi
2086 1328 2136 1363 illi
2168 1328 2365 1375 concrevisset
2388 1342 2396 1364 :

1386 1385 1444 1407 nec
1468 1384 1546 1406 vero
1568 1371 1650 1414 ipsi,
1672 1382 1809 1413 eumque
1833 1370 2039 1412 sequentibus
2053 1372 2187 1408 viciffim
2208 1373 2309 1408 deesse
2324 1373 2400 1407 Ob-

1385 1416 1581 1452 servationes
1603 1416 1755 1457 gravium
1780 1413 2076 1456 detrimentmum,
2100 1425 2197 1459 arque
2220 1418 2299 1451 adeo
2312 1428 2401 1452 mor-

1385 1463 1428 1494 tis
1450 1483 1461 1499 ,
1494 1469 1712 1500 approperata:
1728 1457 1945 1499 ,extraffionis
1970 1459 2164 1497 violentiam
2185 1461 2364 1496 consecuta:
2387 1485 2397 1495 .

1384 1503 1548 1547 Equidem
1575 1513 1639 1535 uon
1664 1500 1747 1535 mihi
1770 1511 1900 1541 tantum
1924 1500 2016 1536 sumo
2040 1528 2049 1543 2
2075 1513 2113 1537 ut
2136 1514 2331 1547 componam
2356 1504 2400 1538 li-

1384 1557 1430 1581 tes
1454 1544 1612 1582 vetustas,
1635 1547 1666 1578 &
1689 1544 1876 1588 priusquam
1899 1545 2104 1579 intermulto
2126 1549 2319 1582 recentiores
2332 1548 2406 1591 agie

1385 1600 1532 1625 tarentur
1548 1612 1557 1627 ,
1581 1590 1665 1624 inter
1691 1587 1845 1622 nostrates
1868 1612 1880 1629 ‚
1897 1588 2000 1622 >editis
2023 1591 2055 1622 in
2081 1600 2250 1635 utramque
2275 1601 2400 1635 partem

1385 1635 1521 1677 Scriptis
1546 1633 1694 1675 plurimis
1715 1634 1729 1671 (
1753 1631 1803 1674 ⁹<)
1826 1631 1902 1666 hinc
1934 1644 1950 1665 a
1976 1632 2122 1667 Monilia·
2143 1657 2152 1673 ‚
2190 1635 2266 1669 inde
2291 1648 2307 1669 a
2332 1636 2403 1668 Ra-

1385 1680 1560 1713 mazzino,
1583 1678 1617 1710 in
1641 1674 1779 1717 longum
1799 1685 1929 1718 ,tempus
1954 1676 2143 1718 produstas.
2168 1678 2244 1711 Hoc
2269 1688 2400 1713 tantum

1383 1723 1514 1759 dicam,
1538 1730 1654 1761 magna
1679 1729 1738 1767 pro
1761 1730 1794 1752 re
1816 1728 1891 1753 nata
1914 1718 1966 1752 laic
1989 1730 2072 1761 opus
2107 1720 2165 1754 esse
2189 1723 2220 1754 &
2245 1723 2401 1758 exercita-

1385 1767 1475 1799 tione
1492 1787 1501 1802 ,
1524 1765 1556 1797 85
1580 1761 1773 1805 prudentia,
1797 1772 1832 1796 ut
1853 1785 1864 1802 ,
1886 1762 1975 1802 quod
1999 1762 2233 1798 difficillimum
2253 1765 2297 1799 est
2319 1786 2329 1802 ‚
2364 1765 2402 1797 in

1386 1817 1538 1842 neutrum
1562 1813 1801 1854 praeceptorum
1823 1806 1908 1838 Celsi
1933 1814 2083 1847 peccetur
2107 1811 2117 1846 (
2137 1817 2160 1850 g
2181 1810 2215 1847 >=
2237 1807 2344 1850 satius
2354 1806 2405 1849 es-

1379 1852 1415 1895 se
1438 1861 1548 1893 anceps
1571 1847 1728 1883 auleinm
1752 1849 1915 1891 experiri,
1938 1859 2032 1890 quam
2055 1849 2175 1883 nullum
2200 1863 2207 1884 :
2233 1855 2243 1890 (
2267 1849 2287 1883 h
2310 1854 2321 1889 )
2346 1860 2419 1888 neci

1379 1894 1487 1938 subire
1508 1904 1615 1926 tamen
1633 1891 1769 1933 speciem
1791 1891 1860 1933 ejus
1880 1892 1916 1924 vi
1939 1891 2040 1933 occisae
2064 1914 2071 1928 ‚
2095 1903 2189 1934 quam
2206 1890 2282 1937 sorr
2301 1893 2401 1937 ipsius

1383 1938 1567 1974 interemit.
1592 1936 1636 1968 Et
1661 1936 1729 1969 vim
1754 1934 1826 1968 sane
1851 1935 1970 1969 timent
1993 1936 2290 1973 Graviffimi,Viri
2308 1960 2317 1974 ‚
2340 1938 2399 1979 qui

1384 1981 1454 2025 post
1478 1978 1647 2021 utriusque
1670 1979 1769 2020 partis
1793 1979 1872 2012 bene
1907 1978 2072 2020 perpensas
2096 1981 2240 2015 rationes
2265 1980 2401 2023 scripse-

1384 2033 1482 2063 runt,
1507 2034 1563 2056 nec
1588 2020 1827 2062 assentiuntur,
1852 2022 1978 2055 nullum
1992 2033 2135 2064 unquam
2159 2024 2223 2058 sive
2249 2024 2288 2056 ab
2309 2033 2378 2058 arte
2393 2048 2405 2069 ι

1385 2067 1448 2101 five
1472 2065 1672 2109 potiffimum
1698 2078 1714 2099 a
1737 2074 1874 2102 natura,
1900 2064 1920 2099 fi
1945 2065 2118 2107 prudenter
2141 2088 2150 2104 ‚
2176 2080 2212 2101 ac
2237 2067 2397 2110 paulisper

1386 2110 1559 2154 expe&es‚
1583 2108 1745 2142 auxilium
1769 2107 1923 2151 superesse
1946 2131 1953 2138 -
1986 2108 2087 2148 Quod
2111 2111 2237 2154 ‹Sc-ego
2259 2122 2323 2147 non
2349 2110 2401 2146 se-

1386 2155 1450 2188 mel
1485 2154 1553 2188 vidi
1576 2164 1593 2185 e
1626 2152 1717 2186 sedili
1740 2154 1775 2186 in
1806 2153 1964 2187 lectulum
1982 2152 2171 2189 ,transeunte
2196 2166 2363 2197 puerpera
2387 2177 2399 2193 ‚

1383 2209 1540 2240 uteroque
1573 2198 1697 2230 interea
1718 2195 1798 2230 dum
1830 2195 1988 2239 paulatim
2014 2196 2051 2230 ser
2065 2197 2100 2231 in
2123 2208 2159 2230 ea
2184 2200 2293 2241 quiete
2315 2209 2400 2232 con-

1384 2240 1527 2276 traheret
1552 2265 1562 2280 ,
1594 2238 1751 2274 Secundas
1784 2238 1878 2274 simul
1902 2240 2086 2274 excutiente
2107 2265 2118 2274 .
2144 2240 2217 2276 Nee
2241 2243 2335 2278 aliter
2360 2243 2401 2277 ab

1383 2286 1448 2319 sola
1473 2295 1635 2327 puerperae
1653 2284 1698 2321 ,de
1722 2294 1788 2317 uno
1820 2284 1855 2317 in
1879 2283 2018 2317 alterum
2041 2283 2152 2317 locum
2184 2285 2399 2320 translatione

1384 2327 1496 2377 vidisse
1519 2329 1604 2369 leges
1627 2326 1681 2359 Cl.
1706 2327 1883 2369 Hoyerum
1908 2326 1990 2371 (27)
2015 2351 2023 2358 .
2063 2327 2167 2367 Quod
2191 2329 2213 2364 fi
2249 2329 2305 2363 illa
2331 2340 2405 2363 vern

1389 2373 1506 2405 faveris
1528 2370 1714 2419 quaestuper
1736 2369 1796 2404 hac
1819 2369 2038 2404 controversia
2072 2371 2195 2415 scripta
2233 2372 2306 2406 suns
2340 2383 2402 2406 nu-

1388 2427 1444 2459 per
1480 2426 1497 2448 a
1523 2413 1657 2447 Medico
1690 2412 1975 2456 Experientiffimo
2000 2413 2131 2449 Andrea
2165 2415 2251 2449 Pasta
2273 2418 2291 2455 Ἰ(
2313 2416 2333 2456 l<
2353 2421 2367 2455 )
2391 2429 2402 2453 3

1387 2470 1462 2493 cum
1493 2458 1603 2490 omnia
1628 2456 1799 2499 perspicies
1825 2468 1948 2498 ,magna
1979 2457 2163 2492 eruditione
2188 2482 2204 2500 ,
2235 2459 2402 2493 dofirzna-

1388 2513 1453 2543 que
1485 2501 1627 2548 trabtata„
1647 2524 1657 2539 ,
1688 2509 1761 2533 tum
1785 2500 1963 2543 praesertim
1988 2500 2133 2535 laudabis
2170 2501 2239 2545 ejus
2264 2504 2405 2545 pruden-

1389 2547 1436 2579 tia
1461 2543 1617 2593 confi-lia,
1640 2545 1671 2576 δι
1695 2545 1822 2577 monita
1844 2566 1856 2583 ‚
1880 2545 1914 2575 in
1939 2543 2052 2585 hisque
2075 2543 2156 2578 illud
2183 2545 2272 2588 (l),
2301 2555 2337 2579 ut
2362 2546 2404 2579 ab

1389 2587 1567 2621 obstetricis
1601 2585 1690 2620 sedili
1714 2587 1747 2619 in
1779 2597 1846 2628 quo
1878 2585 1944 2628 jain
1979 2585 2053 2619 feffa
2087 2588 2219 2629 languet
2255 2590 2372 2623 mulier
2395 2612 2406 2627 ‚

1391 2632 1572 2674 placentam
1617 2628 1731 2676 frustra
1777 2630 1882 2662 nitens
1931 2628 2101 2664 eliminare
2136 2652 2147 2667 ‚
2194 2632 2407 2667 transferatur

1390 2678 1425 2709 in
1449 2673 1624 2711 leetulum,
1650 2681 1686 2706 ut
1709 2673 1842 2714 jacentis
1866 2683 1922 2705 cor
1944 2692 1955 2709 ‚
1985 2674 2162 2717 uterusque
2186 2675 2407 2717 moxlpoffint

1391 2718 1481 2761 quod
1503 2715 1638 2750 sedentis
1675 2726 1739 2749 non
1766 2723 1918 2757 poterant
1946 2739 1954 2747 .
1987 2715 2047 2749 Sed
2071 2719 2103 2750 in
2127 2718 2198 2752 illas
2223 2720 2261 2752 de
2286 2719 2405 2761 quibus
2434 2711 2436 2714 ,

1394 2761 1578 2796 dicebamus
1599 2781 1609 2796 ,
1641 2770 1806 2801 nunquam
1833 2769 1898 2792 non
1924 2759 2192 2800 pertimescendas
2217 2787 2227 2802 ,
2252 2762 2404 2805 ancipitis

1395 2803 1642 2840 deliberationis
1664 2802 1824 2844 angustias
1848 2802 1996 2835 Medicos
2019 2805 2155 2847 persaepe
2180 2804 2313 2839 adducit
2345 2807 2411 2839 im-

1397 2847 1561 2891 probanda
1583 2847 1797 2879 obstetrieum
1821 2843 1988 2879 festinatio
2011 2869 2024 2886 ,
2057 2858 2166 2880 earum
2190 2849 2266 2882 dico
2298 2859 2370 2893 quae
2391 2871 2407 2889 ,

1394 2893 1521 2927 levibus
1553 2889 1720 2925 doloribus
1754 2890 1810 2922 vix
1839 2890 1967 2923 obortis
1991 2913 2001 2929 ,
2033 2900 2156 2933 cogunt
2192 2896 2410 2934 parturientes

1395 2935 1606 2979 praeproperiffs
1637 2932 1809 2966 conatibus
1831 2930 1948 2972 foetum
1977 2930 2092 2974 ejicere
2113 2959 2120 2966 .
2158 2935 2287 2970 Natura
2320 2936 2410 2969 enim

1394 2981 1554 3022 paulatim
1574 2977 1682 3011 omnia
1706 2979 1736 3010 &
1759 2974 1960 3017 pedetentim
1985 2977 2023 3010 ad
2036 2975 2164 3011 facilem
2191 2989 2320 3020 partum
2344 2978 2411 3013 dis-

1395 3034 1514 3065 ponens
1529 3045 1538 3060 ‚
1563 3021 1646 3054 uteri
1669 3031 1802 3062 quoque
1823 3029 1908 3065 cum·
1922 3020 2079 3062 placenta
2095 3032 2192 3054 nexus
2206 3045 2218 3062 ,
2242 3021 2263 3055 si
2280 3031 2411 3065 tempus

1396 3067 1490 3100 detur
1513 3091 1522 3105 ‚
1557 3064 1769 3107 procliviores
1792 3062 1829 3094 ad
1866 3061 2099 3104 semanimem
2124 3064 2204 3097 sacit
2233 3082 2255 3102 ,ν
2276 3068 2347 3099 imo
2370 3073 2410 3099 ut

1397 3108 1635 3151 conjunxerat,
1660 3107 1700 3140 sic
1724 3106 1791 3147 ipsa
1817 3104 1981 3139 dissolvit:
2006 3118 2038 3140 at
2061 3105 2084 3140 fi
2109 3118 2172 3140 non
2197 3107 2317 3146 datur3
2340 3109 2409 3143 cir-

1399 3165 1475 3187 cum
1497 3152 1604 3185 addita
1629 3150 1790 3192 sanguinis
1811 3160 1905 3191 copia
1930 3151 2032 3192 migis
2056 3149 2227 3194 adstringit
2250 3177 2258 3183 .
2295 3152 2406 3194 Quem

1401 3207 1479 3232 tunc
1504 3207 1569 3238 quo
1593 3195 1717 3237 impetu
1739 3203 1803 3225 non
1828 3192 1905 3227 illuc
1931 3194 2029 3227 modo
2051 3215 2062 3231 ,
2096 3192 2148 3228 sed
2172 3198 2203 3227 Sc
2226 3194 2294 3229 alio
2315 3208 2410 3229 com-

1398 3240 1518 3283 pellat,
1542 3237 1617 3271 satis
1640 3236 1778 3270 ostendit
1801 3233 1938 3270 foemina
1961 3237 2016 3270 illa
2040 3241 2050 3276 (
2075 3248 2107 3271 m
2131 3234 2143 3272 J
2164 3240 2218 3270 cui
2240 3232 2410 3274 intur-{jar-

1400 3292 1453 3317 tus
1476 3280 1594 3315 labores
1621 3303 1631 3319 ,
1665 3291 1701 3314 ex
1723 3277 1792 3320 nisu
1808 3277 1943 3321 fortiori
1965 3280 2006 3313 Θ
2029 3274 2240 3321 intem'peslivo
2263 3306 2272 3319 ‚
2309 3277 2405 3323 rupto

1398 3326 1493 3368 plexu
1519 3324 1686 3358 Choroide
1706 3346 1717 3363 ‚
1751 3331 1879 3358 tantum
1905 3321 2066 3365 sanguinis
2098 3322 2234 3357 effluam
2258 3325 2300 3358 est
2322 3346 2332 3361 ‚
2366 3333 2403 3357 ut

1398 3368 1554 3402 cerebrum
1590 3368 1621 3401 in
1645 3364 1803 3408 angustum
1834 3365 1970 3400 notabile
1988 3363 2129 3409 spatium
2164 3368 2368 3410 comprimens
2395 3390 2406 3407 ,

1400 3411 1551 3452 lethalem
1576 3411 1741 3445 induxerit
1764 3410 1994 3452 apoplexiam,

354 3546 1625 3571 W

433 3614 548 3646 t)0bs.
564 3623 586 3640 1.
604 3615 626 3645 §.
643 3611 747 3643 7.&9.
943 3639 947 3642 Ι

463 3648 477 3676 )
492 3649 630 3671 commete.
648 3643 734 3668 Litter.
750 3642 782 3666 Α.
798 3647 866 3670 173¹·
881 3641 986 3668 Specim.
1001 3645 1041 3662 ιο.

466 3683 473 3706 l

468 3709 476 3736 )

1102 3635 1309 3666 (z)§·cit-7·
1370 3632 1381 3665 s

486 3676 557 3700 Thes.
575 3678 645 3699 mint.
661 3678 685 3699 6.
702 3680 727 3696 n.
744 3673 783 3696 81.
843 3671 857 3699 (
872 3669 888 3693 d
903 3671 917 3698 >
933 3677 958 3693 n.
973 3675 1013 3697 17,
1173 3698 1177 3701 ι

492 3709 527 3730 De
543 3706 579 3739 his
595 3705 649 3730 vid.
667 3703 739 3732 Epist.
757 3704 779 3736 β.
798 3708 823 3724 n.
841 3706 881 3755 ²5⁹¹
907 3729 911 3734 Ι
944 3700 991 3731 (g
1007 3699 1021 3726 )
1036 3700 1072 3722 De
1090 3698 1211 3732 Medicina
1228 3699 1244 3721 l.
1263 3704 1283 3719 2.
1303 3703 1323 3720 c.
1344 3702 1381 3719 10.

475 3736 489 3765 )
505 3738 696 3766 Ragionamento
713 3736 827 3764 aggiumu
842 3739 856 3755 a
879 3728 944 3755 Dise.
961 3734 1007 3754 int.
1023 3729 1047 3753 al
1063 3728 1140 3753 Flusso
1156 3730 1181 3753 di
1197 3727 1282 3756 sangue
1299 3728 1321 3750 δι
1339 3733 1382 3751 caet

404 3618 448 3678 ‘tr

406 3680 452 3735 ἓξ

414 3736 459 3766 (k

808 3609 816 3640 (
835 3617 852 3633 u
866 3614 879 3638 )
894 3610 974 3633 Mem.
991 3608 1021 3637 de
1037 3606 1132 3641 l'Auead.
1149 3608 1183 3632 R.
1197 3605 1239 3630 des
1255 3606 1292 3629 Sc.
1311 3605 1337 3628 Α.
1356 3610 1423 3631 1701.

1072 3668 1087 3697 ζ
1102 3675 1114 3691 e
1132 3671 1137 3696 )
1156 3667 1213 3691 Obs.
1234 3674 1267 3690 ιο.
1285 3665 1306 3695 §.
1326 3671 1345 3689 1.
1362 3674 1386 3689 ι.

2199 3465 2252 3502 30.
2275 3454 2360 3486 Gra·

1486 3602 1494 3634 (
1512 3611 1527 3626 x
1541 3603 1555 3632 )
1572 3603 1696 3631 Sepulchr.
1712 3603 1769 3635 Obs.
1791 3611 1810 3627 ι.
1828 3603 1869 3627 cit.
1889 3602 1911 3633 §.
1928 3603 1949 3626 8.

1397 3641 1414 3658 a
1429 3633 1440 3664 )
1454 3635 1490 3659 De
1506 3633 1630 3658 Secundin.
1649 3634 1743 3657 Salutis.
1762 3633 1783 3656 8(
1802 3640 1850 3657 caet.
1871 3642 1883 3658 c
1908 3641 1928 3656 2.
1949 3632 2011 3667 §.⁷8.
2074 3633 2081 3662 (
2097 3631 2111 3657 h
2128 3633 2141 3663 >
2157 3633 2181 3658 in
2198 3635 2293 3657 Prome-2
2330 3637 2339 3653 ο

1405 3672 1427 3695 3.
1489 3668 1495 3693 l
1513 3663 1665 3697 fJ-Advets.
1684 3666 1755 3688 Anat.
1776 3666 1832 3688 Dec.
1852 3673 1874 3689 ι.
1892 3672 1914 3688 n.
1933 3665 2040 3699 ultimo.

1445 3695 1629 3724 (h)1b1d.1.
1649 3704 1668 3723 5.
1685 3702 1704 3718 c.
1722 3699 1757 3718 26.
1778 3703 1808 3718 n-
1823 3701 1846 3719 ι.
1906 3695 1920 3723 (
1938 3702 1946 3716 ι
1963 3696 1976 3722 )
1994 3696 2053 3722 Eph.
2073 3696 2105 3718 N.
2125 3695 2153 3718 C.
2172 3696 2241 3717 Ceut.
2255 3701 2276 3717 ι’,
2293 3706 2295 3709 -
2311 3702 2314 3712 s
2328 3694 2351 3716 s,
2367 3702 2401 3718 2⁴2,

1386 3744 1390 3750 .
1409 3725 1530 3750 Confider.
1551 3733 1588 3754 13.
1655 3727 1664 3749 (
1680 3726 1689 3749 l
1708 3727 1715 3753 )
1732 3733 1757 3748 n.
1777 3727 1830 3753 185.
1893 3724 1902 3752 (
1923 3732 1945 3747 m
1963 3739 1969 3754 i
1987 3725 2042 3749 Ad.
2059 3727 2090 3749 Ν,
2106 3726 2135 3749 C.
2152 3726 2221 3749 TA„
2241 3739 2261 3752 a·
2281 3719 2401 3751 {aquitan
