2498 4075
475 232 624 300 Epist.
662 236 824 287 Anat.
859 232 1069 287 Medica
1103 231 1251 284 xm.
1285 232 1403 284 Art.
1443 250 1489 296 7.
1528 235 1581 286 δε
1615 231 1659 284 8.

1975 251 2060 297 99*

58 313 195 355 primant
219 312 384 353 Opticos,
408 321 506 353 eoque
529 309 718 345 amani-oiim
741 310 914 349 inducant,
939 313 972 343 in
997 313 1050 344 Se-
1100 308 1275 344 tholinoin
1288 309 1518 351 Sepulchreto(
1534 308 1677 348 c)etiam
1690 307 1783 341 habes
1798 332 1806 346 ,
1820 306 1955 349 Vesalius
1968 331 1978 347 ‚
1992 311 2107 350 ¹Aqua-

57 354 226 397 pulchreto
248 357 503 388 commemoratae
518 376 529 391 ,
553 357 584 387 δε
607 353 746 387 Medicis
769 366 894 397 quoque
928 353 1051 386 Obser-
1101 354 1253 402 pendens,
1277 352 1426 386 Valverda
1448 351 1613 394 aliquando
1637 349 1857 391 observarunt,
1878 351 2043 385 totoduc't'u
2056 353 2104 383 di-

56 397 239 430 vationibus
261 397 475 439 comprobatae
500 396 559 436 (lt)
584 398 681 428 nimia
706 398 823 437 copia,
847 399 1055 439 &turgentia

57 441 216 483 sanguinis
227 465 239 481 ,
249 442 376 473 arterias
388 452 420 471 ac
433 450 522 472 venas
533 439 767 473 tumefacientis
779 450 848 482 quae
860 441 946 472 intus
956 449 1058 483 extra-

59 496 96 516 ve
106 484 300 517 comitantur
310 482 521 516 mollissimam
540 494 647 515 eorum
659 493 825 516 nervorum
837 482 1037 516 substantiam
1047 507 1054 514 ,

62 528 137 564 Qua
150 527 361 569 explicatione
383 525 463 557 ῐεὲὶε
479 525 807 560 utiturssoerhaavius
829 526 890 565 (l)
914 526 952 559 ad
964 527 1056 559 Aetii

63 568 251 604 amaurosim
272 566 509 612 exponendam,
532 580 601 610 quae
626 569 657 601 in
680 569 796 602 morbis
817 571 934 610 capitis
950 566 1056 611 fervi-

62 611 189 656 dzffimis
213 615 254 647 (φ
273 611 337 655 posi
355 610 565 653 phreniticlem
582 610 743 653 sequitur.
768 621 822 644 nec
849 612 930 644 male
953 620 1059 644 utere-

62 665 136 695 tur,
163 665 197 689 ut
221 657 360 698 opinor,
382 655 436 696 qui
460 651 500 686 sic
518 654 698 699 *explicaret
720 655 776 687 illa
800 665 869 698 quae
883 653 1061 687 Rolfincius

63 702 140 739 (m)
162 707 315 732 memorat
337 696 480 738 exempla
496 697 699 740 foeminarum
711 720 723 737 ,
745 708 808 739 qua·
826 698 944 740 quoties
953 698 1063 740 gravi-

62 745 106 775 ἄιε
121 766 128 778 ,
153 741 304 781 obcaecatae
320 740 440 782 semper
453 737 586 780 fuerunt
608 739 698 782 nsque
721 741 760 773 acl
778 749 893 782 partus
915 748 1064 781 tempus,

65 785 166 818 aliave
188 795 262 818 cum
284 784 354 818 Cel.
382 783 532 816 Heistero
554 786 619 823 (n)
643 783 679 815 ad
703 783 786 816 idem
808 794 903 825 genus
927 782 1063 816 reseren-

65 829 125 862 da.
148 829 223 861 Huc
249 826 337 861 addit
362 826 531 867 Wepferus
554 829 615 865 (o)
640 825 797 860 humorem
809 827 900 861 exiis
911 838 979 869 quae
994 838 1064 859 mo-

66 872 109 905 do
130 871 471 909 commemoravimus,
494 868 570 903 vasis
594 866 797 911 exstillantem
809 893 820 909 ,
839 877 936 911 gutta:
953 869 1065 911 serenae

67 914 189 956 causam
213 913 396 955 aliquando.
532 911 590 945 Sed
611 912 843 954 compreffionis
867 914 1066 954 Opticorum

68 967 236 990 nervorum
262 968 300 989 ex
324 968 384 998 qua
409 954 581 990 amaurofis
596 956 746 996 oriatur,
770 955 1067 989 luculentiffimain-

67 1009 115 1033 tra
138 1001 283 1033 cranium
309 998 414 1042 ipsum
439 999 574 1041 proferri
597 999 741 1041 exempla
772 998 916 1042 quaedam
947 997 1069 1031 videbis

67 1045 103 1075 in
126 1043 357 1084 Sepulchreto‚
383 1053 418 1076 ut
442 1054 517 1076 cum
541 1045 608 1083 (p)
632 1052 746 1084 magna
772 1045 803 1074 δε
839 1042 945 1084 gravis
985 1039 1070 1084 quasi

67 1087 183 1120 struma
208 1087 240 1118 in
253 1095 339 1128 parte
354 1086 471 1119 cerebri
485 1087 640 1118 anteriore
651 1110 659 1124 ,
682 1095 851 1117 nervorum
865 1095 975 1118 eorum
986 1095 1072 1118 exor-

69 1131 143 1169 tui,
168 1129 239 1167 (illi
263 1129 411 1162 videlicet
436 1128 669 1169 manifestiori,
693 1131 725 1161 &
747 1128 834 1161 ultro
857 1129 889 1159 in
904 1128 1074 1161 oculosin-

68 1174 230 1211 currenti)
255 1171 446 1206 incumbebat
458 1196 469 1212 ,
480 1181 532 1205 aut
544 1174 691 1213 cum(q)
705 1169 834 1214 insignis
846 1170 954 1210 vefica,
967 1182 1073 1213 aqueae

73 1216 212 1248 materiae
237 1215 461 1256 limpidiliimae
486 1216 598 1257 plena,
623 1214 748 1247 eosdem
771 1225 883 1248 nervos
909 1221 1073 1258 occuparat

69 1260 154 1292 circa
177 1257 406 1299 crucifixionem
420 1284 427 1298 ,
450 1257 483 1291 id
505 1258 548 1292 est
569 1258 623 1291 ubi
647 1259 729 1290 inter
741 1258 769 1291 se
783 1256 959 1300 junguntur
975 1257 1072 1289 .Non

70 1301 113 1335 est
136 1312 221 1343 aeque
245 1302 348 1335 facilis
371 1301 531 1336 declaratu
554 1300 734 1334 observatio
758 1301 815 1334 illa
839 1302 900 1343 (r)
932 1301 965 1332 in
989 1310 1073 1342 qua,

71 1345 226 1378 caecitatis
248 1344 339 1378 causa
362 1356 501 1388 repertus
525 1345 643 1378 dicitur
672 1344 751 1387 lapis
770 1343 908 1387 phaseoli
918 1343 1074 1385 magnicu-

76 1389 145 1421 dine
169 1389 200 1420 in
224 1389 340 1431 origine
362 1396 455 1430 atque
478 1389 510 1421 in
533 1387 596 1430 ipsa
619 1397 782 1421 nervorum
806 1388 975 1428 optz'corum
1000 1384 1076 1427 sub-

69 1431 211 1472 stantia3
236 1430 293 1464 nifi
321 1430 406 1464 forte
428 1432 615 1474 intelligas,
636 1439 773 1473 utroque
797 1430 831 1462 in
863 1430 956 1462 latere
989 1428 1076 1462 simi-

77 1475 141 1507 lem
164 1473 255 1508 fuisse
281 1474 450 1516 lapillum3
474 1485 573 1517 neque
597 1474 681 1506 enim
706 1483 786 1506 unus
810 1484 844 1506 ea
868 1474 1022 1515 parvitate
1041 1473 1075 1505 in

74 1519 241 1552 amborum
267 1526 394 1560 poterat
417 1528 586 1551 nervorum
610 1515 666 1549 esse
679 1515 868 1552 substantia,
893 1516 1077 1549 amborum-

98 1574 134 1596 ue
157 1562 315 1602 originem
340 1572 502 1603 premere,
524 1559 586 1593 five
609 1559 803 1592 manifestam
827 1560 916 1592 illam
942 1560 1078 1601 accipias

73 1575 114 1640 dc·
135 1615 199 1648 qua
222 1604 345 1637 dic'tum
368 1604 434 1643 est,
457 1604 518 1636 five
542 1603 674 1636 alteram
697 1601 896 1636 retrusiorem
925 1626 932 1632 .
971 1603 1079 1640 Quam

76 1647 225 1700 praeglare
249 1646 398 1689 intelligo
422 1649 455 1679 in
480 1657 513 1679 ea
535 1647 676 1679 caecitate
698 1644 789 1679 inisse
801 1644 1079 1688 compressam‚in

79 1703 142 1735 qua
167 1690 224 1731 (s)
247 1699 357 1723 tumor
377 1690 479 1733 pugni
505 1689 718 1732 magnitudine
741 1689 897 1723 cerebrum
918 1690 960 1723 (P
995 1700 1075 1723 cere-

74 1734 190 1769 bellum
213 1734 295 1766 inter
317 1731 441 1776 jacebat
458 1756 467 1771 ,
491 1731 528 1765 ab
550 1732 722 1775 eodemque
756 1742 896 1765 tumorev
913 1732 1042 1775 quidem
1065 1756 1077 1772 ,

75 1788 140 1811 non
163 1776 200 1809 ab
223 1787 261 1808 eo
285 1775 399 1818 lapillo
421 1786 562 1810 mortem
585 1787 712 1819 quoque
737 1773 827 1808 fuisse
850 1776 998 1809 allatam.
1023 1778 1076 1809 Ne

74 1830 148 1853 vero
172 1819 254 1852 mihi
278 1818 416 1862 objicias
442 1819 526 1852 sorte
540 1819 806 1852 Observationem
820 1819 917 1852 aliam
938 1823 1020 1859 (t),
1045 1820 1079 1853 in

74 1875 136 1907 qua
160 1863 214 1896 etsi
239 1862 371 1905 uterque
400 1864 510 1897 oculus
521 1862 796 1905 patiebaturvisus
807 1861 1081 1903 diminutionem;

74 1917 180 1940 tamen
202 1908 236 1939 in
262 1906 389 1938 dextera
404 1906 505 1940 solum
520 1905 638 1939 cerebri
649 1915 735 1947 parte
750 1917 903 1949 magnum
918 1908 1083 1940 inventum

75 1951 119 1984 est
140 1951 279 1989 vitium,
302 1958 355 1984 aut
380 1961 447 1984 eam
471 1949 572 1992 ipsam
594 1960 689 1992 quam
713 1949 776 1982 tibi
801 1950 932 1990 alias(u
946 1954 955 1989 )
969 1951 1083 1985 descri-

76 1992 142 2036 pfi,
166 1995 201 2026 in
223 2004 285 2035 qua
309 1992 416 2026 eadem
438 1993 557 2026 cerebri
581 2004 650 2035 pars
660 1992 826 2027 dumtaxat
836 2005 901 2026 non
912 1994 1010 2027 levem
1024 1994 1081 2027 ha-

74 2037 168 2070 bebat
192 2047 308 2070 noxam
325 2062 334 2077 ,
357 2047 432 2069 curn
457 2046 627 2079 utrumque
640 2037 760 2078 pariter
770 2037 900 2071 oculum
911 2037 1080 2072 amaurofis

76 2089 219 2121 teneret;
242 2089 416 2123 utramque¹
432 2080 550 2121 relegas
562 2081 657 2112 velim
669 2080 936 2114 Observationem
953 2107 958 2113 .
976 2084 1013 2114 In
1025 2081 1081 2114 illa

77 2125 182 2161 enim,
207 2132 241 2157 ut
266 2122 363 2157 fufius
389 2123 461 2156 data
486 2124 527 2157 est
552 2124 698 2156 sectione
722 2126 766 2156 II.
793 2128 886 2164 (x)‚·
908 2136 981 2158 cum
993 2123 1081 2157 vide-

76 2168 145 2208 ris,
169 2167 201 2200 in
224 2174 354 2209 utroque
379 2166 464 2199 oculo
489 2163 653 2211 manifesto
665 2165 840 2209 suffusionis
864 2169 987 2200 exordia
1010 2179 1083 2201 con-

70 2211 153 2254 spici
171 2207 326 2252 potuiffc‘3
350 2210 514 2242 miraberis
537 2209 687 2243 sortasse,
710 2219 767 2241 cur
791 2220 867 2241 mox
879 2211 987 2251 potius
1002 2211 1084 2243 inter

78 2266 130 2286 eas
152 2264 222 2295 quse
249 2253 288 2286 ad
312 2250 524 2286 Suffufionem
549 2251 712 2297 speetaqt,
734 2262 797 2284 non
809 2250 1080 2286 fueritindicata.

77 2298 152 2330 Mea
177 2305 282 2328 autem
305 2294 440 2328 ostendit
464 2304 569 2331 certe,
593 2296 626 2326 in
649 2293 767 2327 sinistra
791 2307 916 2337 quoque
931 2305 1016 2338 parte
1030 2309 1082 2330 ce-

77 2340 159 2372 rebri
184 2338 270 2371 suam
293 2339 393 2371 labem
419 2348 482 2370 non
503 2336 654 2373 defuisse,
677 2348 749 2370 cum
773 2338 805 2370 in
817 2338 1081 2380 ej'uslaterisven-

77 2382 199 2417 triculo
223 2382 323 2415 multa
347 2380 419 2414 esset
432 2392 527 2423 aqua.
544 2380 642 2413 Vides
654 2380 722 2413 sane
735 2381 766 2413 in
779 2381 1080 2424 Sepulch1¹eto(y),

80 2435 117 2461 ut
140 2424 325 2467 compreffio
348 2424 466 2456 cerebri
491 2423 532 2469 ab
552 2434 630 2466 aqua
656 2422 734 2465 saepe
756 2428 789 2457 in
814 2425 854 2456 iis
886 2424 982 2458 suerit
1014 2427 1084 2458 ani..

77 2467 237 2503 madversa
260 2479 340 2511 quos
363 2467 570 2506 Amautosis,
591 2467 815 2509 Amblyopia,
839 2469 977 2501 Caecitas
1011 2468 1084 2502 asse-

78 2521 165 2546 cerat
182 2535 189 2542 .
215 2513 281 2543 Aut
305 2510 328 2543 fi
351 2509 433 2543 forte
455 2509 497 2542 sic
521 2520 584 2542 non
608 2508 683 2543 satis
706 2509 765 2543 tibi
790 2510 846 2545 esse
858 2510 999 2549 fat-*tunm
1025 2524 1083 2554 pu-

78 2566 126 2588 tas
140 2577 149 2592 ,
172 2554 353 2596 expectanti
377 2552 527 2593 fortasse,
548 2562 584 2587 ut
610 2552 729 2596 semper
752 2554 790 2587 ab
803 2566 880 2597 aqua
893 2554 1084 2597 desuperur-

77 2608 193 2642 gente,
215 2596 277 2630 five
300 2608 334 2629 ea
345 2598 539 2630 ventriculos
555 2618 563 2632 ‚
587 2595 649 2629 five
661 2599 779 2638 etiam,
803 2597 891 2641 quod
902 2610 1005 2632 rarum
1017 2598 1057 2632 est
1071 2625 1080 2639 ,

78 2642 238 2683 oblongos
249 2640 403 2683 quosdam
415 2639 551 2674 sacculos
564 2640 703 2682 repleat,
728 2640 860 2684 subjecti
873 2642 896 2674 ii
907 2644 992 2676 nervi
1004 2641 1081 2676 adeo

79 2693 248 2728 appareant
271 2682 420 2726 depreffi,
443 2693 478 2717 ut
502 2685 535 2715 iu
559 2683 713 2717 amam-01⁴1
737 2684 775 2718 ab
799 2684 953 2727 ejusmodi
984 2685 1080 2719 caufis

77 2730 221 2762 invenere
244 2728 296 2760 Cl.
321 2728 395 2762 Viri
406 2726 618 2760 Cheseldenus
642 2731 735 2770 (z),
759 2731 789 2761 δι
806 2728 1079 2762 Kaltschmiedius

79 2774 166 2811 (a),
190 2780 221 2803 at
242 2769 362 2804 crebras
384 2770 455 2803 illas
478 2770 662 2813 epilepticas
685 2771 903 2806 convulfiones
928 2772 1078 2812 attende,

79 2826 150 2856 quae
174 2814 336 2856 utriusque
359 2815 477 2856 pariter
489 2815 575 2847 nervi
588 2815 706 2856 Optici
723 2816 871 2849 intimam
884 2816 973 2848 illam
988 2828 1077 2858 ,quae

79 2856 202 2890 sensum
224 2855 334 2899 fugit,
357 2857 545 2891 structuram
567 2857 661 2891 facile
683 2868 857 2900 pervertere
883 2869 1076 2902 potuerunt.

122 2911 152 2942 7.
180 2900 237 2933 Sed
263 2898 391 2933 fortasse
414 2901 561 2935 inutilem
573 2912 700 2943 operam
715 2900 869 2943 sumpsisse
882 2915 952 2942 me,
968 2913 1080 2945 putas,

80 2945 120 2976 iis
142 2955 213 2986 quae
238 2944 270 2975 in
295 2952 326 2975 te
342 2943 453 2987 'cadere
475 2955 539 2977 non
564 2942 714 2987 possunt,
737 2944 992 2979 dubitationibus
1024 2959 1081 2979 oc-

79 2996 277 3020 currentem.
304 2985 394 3028 Qd
419 2988 503 3021 enim
528 2986 550 3020 fi
575 2999 645 3021 cum
669 2988 735 3021 illis
760 2988 857 3022 facias
881 2991 935 3031 qui
969 3000 1080 3023 nervos

81 3031 223 3070 Opticos
246 3040 311 3063 non
333 3029 536 3064 modo‘inter
559 3031 588 3064 se
609 3030 722 3074 jungi,
747 3030 797 3064 sed
810 3034 854 3065 ita
867 3032 1031 3066 dexterum
1042 3032 1082 3066 fi-

80 3072 274 3114 nistrumque
299 3073 505 3115 permisceri,
531 3074 749 3114 arbitrantur,
773 3084 808 3108 ut
831 3074 1018 3118 siwalteruter
1030 3076 1080 3110 su-

79 3127 138 3158 pra
159 3115 421 3158 conjunetionem
444 3128 623 3159 prematur,
645 3129 727 3152 noxa
750 3119 867 3161 pariter
890 3119 929 3152 ad
948 3119 1077 3153 oculum

81 3168 251 3202 utrumque
276 3159 463 3201 pertineat?
491 3162 614 3195 Verum
638 3161 862 3204 sihocponis3
886 3164 941 3204 qui
958 3162 1076 3197 fa5tum

79 3202 164 3235 dices
186 3204 219 3235 in
244 3203 340 3244 paulo
351 3212 423 3235 ante
432 3214 676 3238 commemorata
689 3204 974 3245 Observationecb
988 3210 998 3244 )
1014 3228 1023 3244 ,
1040 3216 1075 3239 ut

80 3247 184 3288 gravis
206 3245 263 3278 illa
285 3245 422 3283 struma,
446 3258 514 3288 quae
538 3247 786 3282 cuminfinissra
797 3250 916 3282 cerebri
929 3249 997 3282 sede
1008 3259 1077 3282 orta

81 3285 153 3322 esset
166 3312 175 3326 ,
199 3290 327 3338 utrique
343 3291 460 3332 pariter
469 3292 563 3324 oculo
576 3291 676 3336 obesse
691 3291 837 3326 debuerat
853 3317 865 3333 ,
887 3292 1009 3338 sinistro
1020 3292 1077 3326 ob-

80 3332 180 3365 fuerit
204 3343 365 3374 primum‚
390 3332 501 3366 deinde
524 3342 558 3366 ut
595 3335 760 3368 crescendo
784 3335 983 3370 dextrorsum
1001 3347 1082 3378 quo-

80 3387 142 3418 que
164 3375 194 3408 se
218 3374 374 3408 dilatabat
397 3399 410 3416 ,
443 3378 474 3410 &
498 3375 626 3411 dextero
647 3377 660 3410 ?
693 3381 730 3411 In
752 3378 837 3412 oculo
853 3379 973 3422 sinistro
1004 3379 1082 3422 msto

80 3417 236 3461 obscurari
258 3419 369 3460 mpii,
392 3420 432 3452 ὠ
453 3418 518 3465 post
528 3421 656 3463 mensem
671 3422 768 3455 etiam
779 3423 811 3455 in
822 3424 965 3457 dextero.
981 3425 1080 3456 Porro

80 3472 151 3504 quae
165 3460 291 3494 tandem
304 3461 461 3495 neceffitas
475 3474 540 3506 ejus
554 3463 767 3505 permistionis
782 3477 792 3504 3
817 3465 839 3498 s1
851 3466 937 3509 quod
951 3478 988 3500 ex
1004 3467 1079 3500 Bar-

1109 394 1192 437 visos
1217 395 1361 436 Opticos
1386 406 1499 427 nervos
1523 391 1682 435 manfiffe,
1706 396 1738 426 &
1761 404 1832 425 eum
1856 403 1959 426 tamen
1986 395 2018 426 in
2040 405 2105 436 quo

1109 439 1149 472 sic
1172 436 1335 478 conspexit
1359 438 1527 477 Vesalius,
1551 446 1587 471 ut
1608 436 1682 468 alibi
1707 437 1771 476 (d)
1794 434 1968 477 adnotavi,
1991 438 2024 469 de
2036 436 2107 478 visu

1109 491 1264 520 uunquam
1287 481 1475 522 conquestum
1490 479 1584 523 fuisle
1594 502 1607 519 ,
1630 477 2000 521 wTfiiquepraeslantiskmp
2009 489 2041 512 er
2050 489 2110 512 va-

1109 521 1223 566 luiffe?
1246 524 1335 556 Nam
1361 524 1535 557 Valverdus
1558 521 1689 565 quidem
1712 520 1750 554 de
1774 521 1836 554 suis
1847 531 1965 554 certum
1979 522 2106 555 videtur

1108 565 1284 610 ignorasse;
1305 565 1470 599 Fabricius
1495 576 1598 600 autem
1621 565 1746 604 noster,
1769 575 1842 597 cum
1868 563 1989 606 scripsit
2024 568 2106 604 (e),

1111 609 1199 654 quod
1222 610 1246 641 ii
1273 611 1360 642 nervi
1384 620 1448 642 non
1470 607 1687 645 decussentur‚
1710 607 2105 650 Anatomejnterdumlu-

1112 652 1344 694 culentifflmam
1361 651 1457 694 fidem
1478 651 1646 693 praestitit,
1671 661 1740 683 cum
1764 650 1928 692 aliquando
1945 649 2108 692 separati,

1113 706 1171 728 non
1193 695 1295 728 *vincffi
1317 696 1432 736 reperti
1448 694 1534 737 sint,·
1558 693 1610 727 his
1632 694 1737 726 verbis
1762 690 1888 726 fortasse
1921 692 2113 737 Bartholino

1113 739 1200 776 sua53
1226 737 1309 771 mihi
1333 749 1397 771 uon
1420 739 1496 771 alias
1517 749 1612 780 quam
1636 736 1767 770 illorum
1778 735 1903 769 videtur
1918 736 2117 768 observatio-

1114 793 1166 814 nes
1188 779 1363 823 designare.
1389 781 1447 814 Sed
1471 781 1526 813 illa
1551 780 1671 814 Vesalii
1691 780 1870 813 observatio
1880 776 2034 820 eiusmodi
2049 777 2115 817 est,

1115 833 1150 857 ut
1174 824 1220 856 vel
1246 824 1309 857 sola
1333 824 1496 861 ostendat,
1521 824 1556 857 de
1578 830 1626 856 tot
1643 822 1806 865 propositis
1830 820 2046 864 qualiscunque
2069 828 2116 854 et-

1115 869 1178 900 iam
1203 867 1427 908 conjunctionis
1440 865 1651 903 utilitatibus,
1664 866 1721 898 vix
1730 865 1868 907 aliquam
1882 865 2019 899 inveniri
2030 890 2037 905 ,
2051 874 2115 906 quae

1112 909 1193 952 satis
1216 909 1396 952 verzfimilis
1416 911 1519 944 videri
1540 916 1655 951 queat,
1679 919 1712 942 ut
1735 907 1855 941 ibidem
1878 907 1983 950 scripsi
2010 933 2019 940 .
2042 908 2115 940 Nec

1120 964 1168 985 me
1193 951 1294 986 adhuc
1317 954 1479 995 poenitet,·
1502 950 1623 985 tametsi
1646 952 1789 985 Cl.Viri
1802 950 1949 985 Danielis
1961 951 2116 985 Bernoul-

1121 997 1144 1029 li
1169 994 1231 1038 (f)
1255 997 1412 1029 rationem
1438 996 1527 1029 valde
1553 995 1708 1038 probem,
1730 1007 1787 1028 cur
1809 996 1834 1026 ii
1849 997 1936 1027 nervi
1949 993 2116 1037 postquam

1122 1041 1205 1072 inter
1229 1038 1257 1071 se
1281 1038 1425 1072 accessere
1442 1061 1450 1075 ‚
1474 1048 1545 1072 tum
1555 1037 1903 1075 diverfiinflectantur3
1927 1037 2121 1081 nequeenim

1123 1094 1155 1116 ea
1180 1091 1215 1115 ut
1238 1081 1496 1123 conjungantur,
1521 1081 1637 1114 nedum
1661 1090 1696 1114 ut
1720 1081 1965 1122 permisceantur
1985 1103 1998 1120 ,
2020 1079 2124 1113 neces-

1124 1126 1208 1159 sario
1231 1126 1388 1167 requirit,
1410 1136 1510 1167 neque
1535 1123 1771 1163 adversantem,
1794 1122 1843 1155 scd
1877 1122 2035 1155 faventem
2068 1123 2125 1156 ha-

1124 1170 1178 1201 bet
1202 1168 1332 1201 eandem
1356 1167 1478 1201 Vesalii
1502 1167 1777 1206 observationem,
1802 1177 1897 1204 cum,
1920 1166 2066 1208 quamvis
2078 1165 2125 1198 se-

1124 1212 1273 1255 junftos,
1296 1213 1343 1244 ita
1369 1212 1503 1253 pingat,
1527 1222 1560 1242 ac
1583 1209 1741 1243 describat
1765 1212 1831 1250 (g)
1854 1219 2023 1247 curvatos..
2047 1219 2128 1251 qun-

1119 1254 1147 1298 fi
1172 1264 1231 1288 non
1254 1255 1389 1288 coalitus
1412 1253 1561 1294 occasione
1584 1254 1672 1287 nervi
1695 1252 1950 1295 congrederentur
1971 1275 1980 1289 ‚
2014 1261 2129 1285 ‘verum

1125 1306 1162 1330 ut
1183 1298 1337 1331 commode
1355 1307 1411 1339 per
1425 1297 1519 1339 suurn
1534 1294 1679 1338 foramen
1703 1307 1718 1330 e
1740 1295 1879 1329 calvaria
1908 1296 2125 1337 prociderent:

1121 1340 1311 1383 potiffimum
1334 1351 1426 1383 quum
1462 1341 1558 1373 etiam
1590 1339 1644 1373 hoc
1675 1339 1767 1373 dufft'u
1797 1339 2028 1381 progredientes
2050 1361 2058 1374 ‚
2092 1338 2132 1370 in

1126 1384 1207 1417 oculi
1227 1383 1402 1425 posterioris
1419 1382 1505 1425 sedis
1529 1384 1663 1416 medium
1695 1393 1754 1416 non
1787 1381 1964 1423 inserantur
1986 1407 1995 1413 .
2034 1382 2131 1426 Tan·

1127 1428 1197 1459 dem
1218 1438 1227 1464 3
1251 1435 1286 1459 ut
1311 1427 1372 1459 alia
1396 1426 1496 1459 libens
1520 1427 1692 1462 omittam3
1717 1425 1934 1458 minimecum
1946 1423 2130 1466 permistio-

1128 1482 1164 1503 ne
1188 1470 1243 1502 illa
1266 1467 1461 1503 conveniunt
1483 1479 1621 1511 quatuor
1646 1467 1765 1501 ibidem
1792 1480 1807 1500 a
1830 1478 1878 1500 me
1904 1466 2041 1513 laudatae
2064 1466 2133 1499 Ve-

1128 1514 1220 1553 salii,
1242 1513 1438 1555 Caesalpini,
1462 1511 1617 1546 Rolfincii
1631 1534 1643 1551 ,
1665 1511 1854 1544 Cheseldeni
1876 1510 2135 1549 observationes,

1128 1567 1262 1600 quarum
1286 1556 1408 1590 oblitus
1432 1554 1535 1587 videri
1560 1553 1660 1598 potest
1685 1554 1873 1588 Santorinus
1899 1558 1910 1593 (
1936 1553 1987 1594 h)
2013 1577 2021 1590 ‚
2055 1564 2134 1587 cum-

1130 1604 1216 1634 iuam
1232 1625 1239 1639 ‚
1265 1611 1371 1633 earum
1394 1599 1555 1638 similem,
1576 1599 1622 1631 ita
1645 1598 1802 1639 proponit
1835 1596 1920 1640 quasi
1954 1606 2031 1630 tunc
2065 1598 2136 1639 pri-

1129 1655 1217 1677 mum
1242 1642 1309 1676 haec
1333 1640 1544 1676 controverfia
1570 1641 1774 1674 dirimeretur
1797 1652 1835 1673 cx
1856 1652 1893 1673 eo
1915 1640 2004 1682 quod
2029 1639 2065 1673 ad
2076 1651 2135 1673 cae-

1129 1698 1203 1721 cum
1226 1687 1357 1720 oculum
1380 1688 1540 1729 pertinens
1564 1685 1708 1727 Opticus
1736 1695 1849 1717 nervus
1870 1684 1974 1727 qualis
1997 1685 2029 1716 in
2046 1683 2137 1717 orbi-

1127 1741 1159 1764 ta
1182 1738 1266 1768 erat,
1291 1730 1364 1763 talis
1387 1727 1424 1762 ad
1449 1728 1539 1762 suum
1562 1728 1657 1770 usque
1680 1728 1873 1771 principium
1896 1727 2048 1770 gracilior
2069 1749 2077 1765 ,
2102 1729 2136 1761 δε

1131 1774 1275 1807 discolor
1300 1774 1338 1805 ab
1363 1771 1471 1805 eodem
1497 1771 1616 1814 semper
1642 1772 1738 1804 latere
1764 1780 1957 1813 permaneret
1980 1795 1988 1803 .
2027 1773 2145 1804 Caetea.

1132 1829 1201 1851 rum
1227 1819 1261 1850 in
1285 1816 1343 1849 hac
1368 1814 1580 1848 controversia
1605 1816 1719 1858 quanti
1743 1813 1804 1848 fint
1838 1814 1988 1857 ponderis
2020 1812 2137 1856 ejusce-

1133 1860 1224 1894 modi
1248 1859 1506 1895 observationes,
1532 1858 1699 1892 ostendunt
1723 1859 1748 1891 ii
1772 1859 1888 1902 quibus
1913 1857 2142 1899 adversantur,

1133 1915 1206 1938 cum
1232 1901 1418 1945 respondere
1441 1902 1571 1941 conati,
1607 1901 1682 1935 satis
1705 1902 1819 1944 procul
1855 1902 1956 1936 dubio
1991 1913 2056 1935 non
2088 1900 2137 1935 sa-

1134 1949 1248 1990 ciunt,
1272 1956 1307 1980 ut
1331 1946 1529 1989 Caesalpinus
1552 1948 1565 1985 (
1589 1946 1601 1979 i
1623 1949 1658 1987 ),
1681 1947 1763 1989 qui5
1788 1957 1824 1979 ne
1847 1945 1935 1980 aliud
1947 1945 2077 1985 dicam
2098 1946 2145 1980 ida.

1133 1993 1227 2034 ponit
1249 1991 1283 2023 in
1308 2001 1346 2023 eo
1378 1990 1498 2024 cerebri
1525 1990 1747 2033 hemisphaerio
1771 1989 1859 2033 quod
1882 2003 1980 2034 neque
2005 1990 2032 2024 se
2055 1989 2147 2024 assir-›-

1132 2045 1199 2069 mat
1222 2033 1331 2068 vidisse
1347 2060 1356 2073 ,
1380 2045 1435 2067 nec
1457 2035 1563 2067 caeteri
1586 2045 1665 2077 quos
1678 2034 1866 2075 nominavi,
1889 2035 2060 2075 viderunt,
2084 2046 2143 2068 ne-

1131 2090 1217 2122 que,
1241 2087 1276 2112 ut
1299 2077 1428 2111 diversae
1462 2077 1592 2111 suerunt
1621 2077 1720 2111 causae
1744 2100 1752 2115 ‚
1787 2078 1891 2112 videre
1928 2087 2102 2121 potuerunt
2126 2091 2141 2118 ς,

1132 2134 1205 2155 nam
1228 2120 1418 2164 quibusdam
1441 2133 1479 2154 ex
1504 2121 1754 2156 Recentioribus
1777 2121 1851 2155 satis
1875 2122 1959 2156 mihi
1981 2122 2090 2156 videor
2103 2123 2143 2156 in.

1132 2165 1277 2208 Epistola
1301 2165 1494 2198 Anatomica
1517 2166 1647 2199 XVIII.
1672 2164 1734 2206 (lt)
1757 2165 1947 2208 respondiffe
1963 2192 1970 2199 .
2007 2167 2057 2200 Ibi
2090 2176 2141 2200 ta·

1133 2220 1204 2254 men
1229 2209 1383 2250 ingenue,
1408 2217 1443 2242 ut
1468 2219 1522 2251 par
1544 2208 1605 2247 est,
1632 2208 1699 2242 sum
1736 2206 1829 2242 fassus
1853 2233 1865 2249 ,
1897 2221 1945 2243 me
1980 2209 2145 2252 ejusmodi*

1133 2252 1385 2285 observationem
1408 2251 1546 2284 iterandi
1569 2250 1803 2294 percupidum,
1826 2264 1900 2286 cum
1923 2255 1956 2286 in
1980 2254 2147 2294 homine‚.

1133 2303 1266 2338 propter
1288 2295 1450 2328 cerebrum
1474 2303 1562 2328 antea
1587 2295 1768 2337 sepultum,
1792 2306 1855 2328 non
1879 2295 2047 2338 potuissem
2066 2322 2079 2339 ‚
2101 2299 2144 2331 in:

1133 2350 1207 2372 cane
1231 2337 1357 2370 tandem
1381 2347 1568 2381 expertum,
1593 2340 1679 2370 nervi
1704 2338 1741 2371 ad
1763 2350 1882 2372 caecum
1906 2342 2037 2374 oculum
2061 2342 2147 2375 atti-

1134 2383 1237 2415 nentis
1259 2381 1429 2414 discrimen
1455 2379 1492 2413 ad
1515 2381 1775 2423 conjunct-ionem
1799 2382 1894 2426 usque
1919 2384 2104 2426 perspexisse
2128 2410 2139 2425 ‚

1135 2425 1210 2458 inde
1233 2436 1309 2457 vero
1333 2425 1491 2467 superiora
1515 2424 1618 2458 versus
1643 2426 1768 2458 nullum
1792 2426 1956 2468 agnoscere
1979 2428 2114 2470 potuisse
2126 2452 2141 2467 ‚s

1136 2467 1290 2511 hujusque
1316 2470 1360 2500 rei
1386 2467 1510 2501 causam
1533 2469 1565 2499 in
1589 2469 1766 2501 caecitatem
1789 2468 1924 2503 necdum
1950 2470 2076 2505 fortasse
2091 2471 2143 2506 sa-

1134 2514 1177 2545 tis
1200 2510 1385 2544 diuturnam
1409 2509 1562 2552 rejecisse.
1587 2512 1706 2545 Verum
1740 2523 1814 2545 cum
1846 2513 1885 2546 ab
1918 2526 1957 2548 eo
1993 2524 2138 2558 ternpore

1135 2555 1257 2589 nullam
1282 2555 1324 2586 rei
1350 2552 1593 2597 pervestigandae
1616 2554 1812 2588 occasionem
1847 2558 2099 2599 praetermiserim
2123 2585 2136 2601 ,

1135 2598 1273 2641 duasque
1285 2598 1340 2630 sim
1354 2598 1463 2631 nauus
1473 2612 1482 2635 3
1494 2597 1602 2631 eadem
1615 2610 1663 2631 me
1676 2597 1850 2633 infelicitas
1863 2601 2023 2642 persecuta
2035 2604 2087 2641 est,
2099 2614 2134 2638 ut

1134 2643 1222 2675 exiis
1234 2642 1392 2684 intelliges
1405 2653 1480 2683 quas
1491 2642 1637 2684 protinus
1649 2641 1825 2685 subjiciam,
1837 2644 2112 2681 observationibus
2125 2672 2136 2680 ‚

1175 2685 1203 2717 8.
1230 2686 1315 2719 VIR
1337 2684 1468 2727 quidam
1494 2697 1531 2720 ex
1544 2687 1840 2731 Etruriaingenti,
1865 2686 2135 2734 foetidiffimoque

1130 2728 1234 2761 cruris
1254 2729 1356 2761 ulcere
1376 2740 1451 2771 pene
1473 2729 1658 2769 conicetus,
1683 2739 1912 2774 proptereaque
1934 2733 1966 2765 in
1984 2732 2045 2766 hoc
2058 2735 2136 2767 No-

1130 2771 1307 2805 socomium
1332 2782 1497 2815 receptus,
1520 2781 1666 2806 mortuus
1690 2772 1733 2806 est
1758 2774 1842 2807 circa
1867 2775 2141 2819 mediumJanua-

1129 2815 1214 2848 rium
1239 2817 1281 2848 A.
1312 2826 1401 2858 1740.
1537 2817 1722 2850 CAPITIS
1747 2816 1916 2851 dissecandi
1939 2820 2028 2853 causa
2059 2832 2136 2862 pro-

1131 2867 1199 2900 pter
1223 2859 1302 2892 alias.
1321 2859 1553 2892 observationes
1577 2857 1782 2899 accesseram,
1803 2872 1876 2894 cum
1900 2860 2063 2896 hominem
2088 2864 2138 2896 al-

1132 2911 1204 2935 tero
1226 2912 1356 2945 captum
1379 2900 1470 2936 fuisse
1494 2902 1611 2942 oculo,
1635 2903 1867 2937 animadverti:
1894 2905 1944 2939 sed
1967 2906 2070 2948 unde,
2096 2910 2130 2940 ὃς

1131 2946 1293 2988 quandiu3
1318 2945 1402 2988 quod
1427 2945 1522 2985 esset,
1545 2956 1580 2978 ut
1604 2945 1700 2986 dixi,
1724 2946 1898 2990 alienigena
1920 2963 1930 2987 3
1955 2950 2033 2983 scire
2065 2961 2133 2983 non

1134 2990 1251 3030 potui.-
1276 2998 1311 3022 tu
1334 3001 1371 3021 cx
1395 2989 1482 3022 oculi
1506 2988 1722 3031 descriptione
1745 2990 1895 3034 conjicies
1910 3017 1917 3024 .
1943 2995 2030 3027 Cum
2059 2992 2135 3028 fini-

1133 3031 1191 3065 ster
1215 3032 1325 3065 oculus
1348 3029 1420 3064 esset
1445 3031 1554 3072 sanus,·
1577 3031 1697 3066 dexteri
1722 3035 1778 3076 qui
1802 3035 1961 3077 peffimese
1974 3036 2134 3079 habebat,

1133 3076 1290 3118 palpebrae
1316 3075 1440 3108 nullum
1464 3075 1594 3118 usquam
1614 3103 1621 3117 ,
1647 3087 1680 3110 ut
1705 3088 1804 3120 neque
1828 3079 1893 3112 ulla
1917 3091 1985 3122 pars
2012 3080 2132 3118 faciei,

1130 3121 1162 3151 δέ
1185 3120 1303 3162 reliqui
1327 3120 1466 3160 capitis,
1490 3120 1642 3162 p1·aeg1·effi
1666 3120 1749 3153 olim
1768 3121 1931 3163 vulneris,
1956 3133 2008 3157 aut
2019 3124 2132 3158 ulceris

1128 3162 1294 3206 vestigium
1318 3162 1518 3195 ostendebant
1537 3176 1545 3196 :
1570 3165 1708 3206 plurima
1728 3167 1876 3198 autemin
1888 3167 1993 3198 orbita
2006 3190 2017 3206 ,
2030 3176 2065 3199 ut
2078 3166 2130 3199 so-

1128 3204 1197 3246 let,
1218 3215 1284 3239 erat
1309 3206 1493 3249 pinguedo,
1517 3217 1590 3240 cum
1613 3207 1787 3248 musculis,
1811 3208 1946 3251 pallidisv
1963 3210 2029 3242 illis
2052 3211 2127 3252 qui-

1129 3248 1221 3288 dem,
1247 3249 1297 3283 sed
1321 3248 1452 3282 minime
1475 3249 1633 3292 singolis,
1659 3260 1711 3284 aut
1722 3254 1921 3285 extenuatis.
1938 3254 2061 3286 Oculus
2074 3265 2129 3286 ve-

1132 3303 1169 3325 ro
1184 3317 1197 3333 ,
1218 3294 1251 3325 in
1277 3293 1304 3326 se
1318 3293 1522 3329 contractus,
1547 3296 1652 3327 minor
1663 3297 1786 3328 eratvel
1802 3295 1871 3336 plus
1883 3294 2021 3329 dimidio
2031 3308 2131 3340 quam

1131 3335 1268 3371 sinister.
1291 3338 1397 3370 Facies
1422 3336 1510 3369 illius
1533 3339 1671 3372 anterior
1693 3338 1784 3378 alba,
1807 3336 1868 3370 fine
1891 3339 1959 3372 ullo
1991 3339 2129 3373 Corneae

1133 3379 1288 3421 vestigio,
1312 3379 1352 3412 sic
1375 3381 1407 3411 in
1432 3389 1493 3412 tres
1517 3391 1625 3421 parvas
1649 3382 1878 3423 prominentias
1900 3392 1968 3414 erat
1992 3382 2092 3416 divisa
2112 3406 2121 3420 ,

1131 3423 1216 3465 quasi
1240 3424 1320 3456 olim
1344 3422 1505 3455 trifariam
1528 3423 1605 3456 secta
1619 3423 1723 3459 fuisset
1739 3448 1745 3454 .
1762 3426 1824 3457 Eas
1838 3426 2038 3467 &reliquum
2048 3437 2128 3458 ocu-

1129 3465 1153 3498 li
1176 3466 1333 3501 ambitum
1355 3489 1368 3506 ,
1403 3467 1471 3498 imo
1502 3467 1606 3500 multo
1641 3468 1814 3501 maximam
1837 3467 2015 3502 substantiae
2038 3469 2130 3503 oculi.

165 3506 330 3547 Morgagni
342 3507 376 3542 de
389 3506 456 3540 sed.
471 3508 512 3539 φ
522 3505 607 3549 Caus-
620 3507 720 3542 Morb.
735 3509 832 3542 Tom.
848 3511 875 3545 Ι.
1649 3512 1683 3544 N
1730 3521 1748 3543 2
2008 3522 2086 3555 par-

80 3605 2135 3626 βψω-Ἣ

229 3680 339 3709 Append.
355 3680 384 3704 nd
401 3680 458 3705 Obs.
475 3689 498 3704 2.
515 3679 586 3708 huius
602 3682 663 3707 Sest.
725 3681 736 3712 (
751 3683 761 3707 Ι
777 3687 787 3711 )
803 3684 908 3710 Praelest.
927 3684 1004 3709 instit.
1025 3685 1047 3715 §.
1063 3688 1117 3715 5¹6-
1178 3686 1193 3715 (
1208 3694 1231 3710 m
1248 3687 1257 3717 )
1272 3686 1335 3716 Disp.
1353 3687 1381 3711 de
1397 3688 1474 3713 Gutta
1490 3690 1575 3713 Serena
1591 3696 1612 3713 e.
1623 3697 1644 3718 ς.
1707 3689 1721 3717 (
1736 3696 1754 3711 n
1768 3688 1784 3717 )
1798 3688 1857 3713 Diffi
1875 3689 1904 3714 de
1919 3691 2017 3716 Amaur.
2045 3697 2070 3715 ιι.
2089 3697 2130 3715 ιι..

199 3678 212 3737 3
228 3711 252 3743 in
272 3710 398 3734 Additam.
416 3711 445 3735 ad
462 3710 521 3735 hanc
540 3716 574 3735 16.
592 3712 654 3736 δεξί’.
671 3712 730 3736 Obs.
746 3721 768 3742 3.

195 3741 209 3768 )
224 3740 301 3774 Eiusd5
320 3741 380 3765 Sest.
396 3741 455 3766 obs.
473 3749 511 3765 10.
574 3743 587 3770 (
604 3749 614 3765 t
630 3743 643 3771 )
660 3743 722 3767 Ibib.
739 3743 797 3768 Obs.
815 3752 852 3773 ¹4·

198 3772 213 3828 ))
232 3773 316 3800 Saggio
331 3771 393 3796 delle
407 3771 524 3796 Transaz.
539 3773 583 3796 διο.
600 3774 631 3797 Τ.
650 3781 671 3796 2.
689 3775 716 3796 Ρ,
732 3780 755 3796 2.

198 3831 210 3859 )

227 3801 300 3829 Epist,
318 3804 388 3826 Anat.
408 3806 441 3826 16.
460 3810 483 3825 ni
502 3811 536 3831 14.
598 3804 611 3831 Ε
626 3811 638 3827 a
653 3803 666 3831 )
682 3805 717 3828 De
733 3805 816 3828 oculo
833 3806 859 3828 Ρ.
876 3814 897 3835 3.
914 3813 937 3830 e.
956 3813 995 3830 ιι.
1056 3806 1070 3835 ζ

226 3833 261 3856 De
277 3839 342 3861 corp.
360 3832 428 3858 hum.
446 3832 540 3861 fahan.
557 3840 580 3862 4.
597 3841 616 3858 c.
634 3842 659 3863 4.

829 3716 844 3744 (
855 3722 873 3745 p
891 3715 898 3744 )
917 3715 997 3743 Ejusd.
1013 3715 1074 3740 Sest.
1093 3715 1151 3740 Obs.
1167 3723 1187 3740 ι.

913 3746 926 3774 (
943 3754 958 3768 u
975 3745 983 3775 )
1000 3745 1073 3773 Epist·
1092 3753 1112 3774 9.
1130 3754 1153 3770 n.
1174 3755 1211 3770 ιο.

817 3776 831 3803 ζ
847 3783 863 3798 a
877 3776 891 3804 )
908 3777 989 3805 Progr.
1007 3776 1049 3800 cit.
1067 3775 1136 3837 sutpm
1153 3777 1181 3801 ad
1198 3784 1223 3800 n.
1242 3786 1263 3807 ς.

1111 3806 1125 3835 )
1141 3808 1282 3835 Comment.
1299 3808 1373 3832 Acad.
1392 3810 1429 3833 Sc.
1449 3811 1511 3840 Imp.
1530 3812 1651 3839 Petropol.
1667 3811 1701 3833 Τ.
1720 3817 1742 3833 ι.

723 3834 737 3863 <
753 3834 767 3857 h
784 3834 797 3863 )
814 3835 870 3860 ΟΜ.
888 3838 960 3862 Anat·
976 3843 996 3862 c.
1014 3844 1036 3866 3.
1053 3844 1076 3861 n,
1098 3844 1132 3867 ¹4·

1248 3717 1320 3748 sq}
1338 3715 1394 3741 Obs.
1415 3725 1437 3742 2.

1497 3721 1512 3749 (
1527 3728 1538 3743 r
1553 3720 1566 3748 )
1583 3719 1606 3742 in
1623 3718 1708 3743 Addit.
1722 3719 1783 3742 Obs.
1799 3727 1821 3742 2.

1274 3749 1282 3777 (
1301 3755 1316 3771 x
1331 3748 1341 3776 )
1357 3747 1418 3772 obs.
1437 3751 1473 3773 18.

1416 3777 1421 3782 .
1533 3748 1543 3779 (
1561 3756 1574 3778 ν
1590 3750 1603 3778 )
1619 3748 1681 3773 Sec}-
1699 3750 1742 3773 hac
1763 3752 1796 3773 16.
1815 3749 1872 3774 Obf.
1890 3760 1914 3781 7.
1932 3758 1955 3781 9,
1971 3758 2008 3777 12.
2026 3758 2063 3782 ις.

1325 3778 1339 3806 (
1354 3778 1367 3802 h
1382 3778 1395 3806 )
1415 3786 1440 3803 ln
1458 3780 1501 3804 hac
1518 3780 1582 3805 Sest.
1642 3781 1656 3809 (
1672 3787 1683 3802 ⁶
1701 3783 1710 3806 )
1729 3778 1792 3803 lbid.
1809 3780 1868 3806 Obs.
1886 3785 1923 3807 26.

1192 3837 1439 3878 (¹¹)l-2·Q1aest.
1457 3842 1526 3867 Med.
1547 3848 1583 3866 ιο.
1644 3840 1659 3870 (
1674 3839 1691 3865 k
1708 3839 1722 3869 )
1738 3847 1763 3865 n.
1779 3848 1818 3870 40.
