2498 4075
464 254 620 321 Epist.
658 256 818 307 Anat.
853 257 1069 310 Medica
1103 257 1312 311 xxlv.
1351 256 1469 310 Art.
1502 272 1579 322 17.,
1617 260 1688 313 18.
1723 261 1779 315 ὅ(
1816 277 1892 325 19.

150 329 293 370 exstans,
316 329 574 372 subrotundum,
597 331 685 373 quod
710 335 742 366 δε
776 333 854 368 alias
887 337 901 373 (
923 346 941 369 a
963 339 977 376 )
1010 336 1154 370 animad-

152 373 328 417 vertimus,
350 377 382 407 &
406 386 466 418 pro
490 376 642 418 disrupta:
669 375 837 418 hydatidis
863 378 1008 422 reliquiis
1043 379 1157 413 habui-

153 428 224 452 mus
247 442 254 450 .

201 473 249 504 17.
275 461 393 497 Multis
416 475 453 497 ex
475 461 661 497 dissectione
695 461 754 497 hac
785 462 824 497 ad
857 466 956 499 alium
991 465 1029 499 ad
1061 477 1155 508 quem

154 507 318 548 attinent,
342 508 449 541 locum
475 507 625 546 servatis,
650 505 706 540 hic
730 518 827 549 pauca
850 508 888 542 de
911 506 995 542 ossea
1018 509 1074 541 illa
1087 511 1156 542 Co-

152 553 279 592 ronaria
302 552 414 584 arteria
448 549 630 593 adjiciemus
648 576 656 584 .
793 552 982 587 Laurentius
1015 552 1157 587 Bellinus

150 597 166 633 (
188 593 206 627 b
230 598 243 633 )
263 595 403 627 vidimus
416 617 426 633 ‚
450 595 580 636 inquit,
608 592 742 634 lapidem
764 595 915 629 adnatum
939 596 1036 628 ramis
1068 607 1154 629 coro-

154 639 254 671 nariis
278 635 473 676 majoribus,
497 647 556 677 qua
579 637 722 671 dextrum
744 650 763 671 a
780 638 900 680 sinistro
922 639 1098 673 ventriculo
1108 640 1157 672 di-

152 683 291 716 rimunt.
317 682 389 714 Sive
408 691 480 712 cum
506 678 657 712 Pechlino
680 681 730 722 (c
749 682 764 722 )
789 681 881 722 offis,
904 684 935 714 δε
976 681 1033 724 tofi
1051 705 1059 719 ,
1096 681 1156 715 sive

151 724 266 767 lapidis
289 733 432 758 naturam
457 726 490 755 in
517 722 685 764 vasorum,
710 726 741 757 &
767 726 1017 758 membranarum
1042 726 1156 767 rigidis

150 767 411 803 indurationibus
434 766 581 799 distinxit
596 791 605 805 ‚
629 765 687 799 sive
711 767 829 808 lapidis
860 768 1013 803 vocabulo
1044 781 1156 802 omnes

152 812 297 855 accepit,
320 819 356 844 ut
380 810 477 853 paulo
500 809 632 842 inferius
654 809 692 843 de
716 811 849 844 aliarum
872 814 1059 847 arteriarum
1083 835 1092 849 ‚
1124 815 1157 845 &

150 855 295 892 Mitralis
317 854 448 887 valvulae
473 852 732 887 indurationibus
763 866 778 886 a
802 853 831 887 se
855 854 928 889 visis
961 857 1158 889 mentionem

153 902 294 938 faciens,
318 900 348 930 Ec
374 897 481 931 eadem
508 897 621 938 lapidis
645 908 722 930 voce
755 906 879 937 utens3
908 899 1040 932 difficile
1072 900 1158 932 enim

151 944 215 984 est,
238 952 400 984 nunquam
424 943 458 973 in
481 939 576 973 osseas
599 941 764 981 bracteas,
787 940 838 975 sed
860 944 894 976 in
918 941 1056 985 lapideas
1080 944 1158 976 sern-

151 999 206 1032 per
229 987 450 1018 concretiones
474 984 643 1022 incidisse3
667 985 778 1018 eodem
802 996 870 1025 res,
915 996 1072 1028 quantum
1117 987 1154 1019 ad

133 1029 283 1075 'praesens
307 1030 424 1061 attinet
451 1028 683 1070 propositum,
699 1027 810 1067 ⁴redit5
836 1028 911 1062 alibi
944 1033 958 1069 (
980 1031 1000 1062 d
1023 1035 1033 1069 )
1068 1032 1155 1064 enim

148 1083 303 1118 quatenus
325 1084 357 1104 ea
383 1072 549 1105 distinctio
572 1073 678 1105 locum
701 1071 815 1105 habeat
829 1097 839 1113 ,
861 1072 1050 1115 diligentius
1072 1074 1161 1108 vide-

147 1119 254 1152 bitur.
280 1116 330 1148 Ut
355 1115 519 1151 Bellinus,
545 1116 646 1149 locuti
673 1115 744 1149 sunt
765 1116 822 1158 qui
843 1139 853 1154 ,
887 1117 921 1148 in
958 1117 1157 1163 Sepulchreti

151 1162 235 1195 libro
260 1162 286 1192 I.
312 1162 326 1198 (
349 1169 363 1192 e
385 1162 398 1199 )
422 1158 640 1201 propomam,
664 1158 937 1192 Observationem
969 1162 1157 1204 scripserunt

146 1204 355 1249 praeceptoris
381 1202 427 1235 sui
451 1202 692 1243 Drelincurtii,
716 1204 773 1246 qui
798 1204 830 1236 in
854 1203 964 1238 eodem
989 1205 1156 1245 cadavere,

146 1252 183 1283 in
207 1259 272 1291 quo
286 1272 293 1286 ,
317 1254 354 1280 ut
379 1256 458 1286 nos,
481 1245 625 1280 lienalem
648 1247 798 1280 arteriam
820 1246 893 1280 hinc
915 1248 984 1282 inde
1004 1249 1155 1291 protube-

134 1300 274 1326 ramam
297 1298 388 1331 atque
411 1288 590 1331 tophaceam
615 1288 823 1331 deprehendit
837 1314 848 1330 ,
869 1292 1018 1324 arteriam
1039 1304 1157 1334 quoque

150 1334 344 1370 coronarium
390 1333 492 1365 cordis
538 1332 707 1375 lapidosam
731 1335 871 1368 invenit.
899 1335 956 1368 Sed
982 1334 1161 1371 Thebeiius

152 1378 236 1422 (f)
261 1374 373 1410 vidisse
396 1375 450 1416 se,
474 1376 546 1416 ait,
572 1388 674 1410 ramos
698 1378 832 1419 majores
864 1379 1054 1412 arteriarum
1077 1404 1084 1411 .
1099 1405 1106 1412 .
1149 1405 1155 1412 .

144 1433 202 1466 per
224 1430 391 1454 convexam
414 1419 520 1453 cordis
538 1419 736 1463 superficiem
760 1421 800 1453 ad
822 1421 977 1462 cuspidem
990 1423 1152 1457 decurren-

146 1475 219 1505 tes,
242 1463 293 1497 hic
316 1462 385 1497 illic
409 1473 447 1497 ex
466 1471 558 1504 parte
580 1460 671 1505 offeos
694 1488 701 1495 .
737 1465 887 1507 Denique
919 1464 971 1497 Cl.
1008 1466 1154 1502 Crellius

144 1508 399 1552 observationem
424 1505 526 1539 edidit
553 1532 561 1546 ‚
597 1507 745 1548 stipatam
778 1507 920 1541 Scholiis
960 1507 1149 1550 dignissimis

143 1564 215 1597 quae
240 1551 441 1592 perlegantur
456 1575 465 1589 ‚
490 1550 525 1583 de
546 1551 688 1583 Arteria
710 1552 873 1583 coronaria
906 1552 1011 1584 cordis
1057 1554 1150 1593 instar

132 1594 210 1639 '⁰ffi5
232 1596 399 1630 indurata,
425 1592 532 1625 eadem
556 1593 703 1628 videlicet
731 1604 801 1636 quae
824 1592 928 1636 postea
952 1606 968 1626 a
991 1595 1085 1630 nobis
1109 1597 1149 1631 iic

136 1642 269 1673 inventa
293 1635 357 1676 est,
382 1635 524 1675 sinistra,
549 1638 668 1678 pariter
691 1636 730 1669 ab
764 1638 893 1683 origine
915 1660 924 1674 ‚
957 1641 989 1671 &
1026 1642 1060 1672 in
1097 1640 1153 1675 suo

134 1691 295 1726 *praeterea
320 1678 436 1721 insigni
461 1690 567 1713 ramo.
596 1681 736 1713 Utinam
758 1681 839 1715 sicut
863 1680 1017 1716 habemus
1040 1684 1073 1716 in
1098 1686 1153 1718 Se-

140 1724 305 1769 pulchreti
329 1723 415 1756 libro
442 1724 487 1755 II.
512 1723 600 1766 (g)
624 1735 693 1766 quae
719 1723 824 1764 mala,
851 1726 883 1757 &
918 1725 1007 1769 quod
1039 1731 1154 1762 mortis

139 1780 238 1809 genus
261 1768 295 1800 in
317 1778 353 1799 eo
378 1765 619 1809 praecesserunt,
643 1770 676 1801 in
702 1779 768 1810 quo
801 1767 908 1802 cordis
932 1781 1026 1816 ,venae
1058 1783 1155 1805 coro-

139 1807 235 1847 fiariae
260 1819 390 1854 repertae
414 1809 486 1844 sunt
509 1809 598 1845 osseae
617 1834 629 1852 ,
653 1812 808 1854 quamvis
830 1823 894 1844 non
920 1814 981 1846 sine
1007 1814 1079 1848 aliis
1103 1817 1155 1849 in-

139 1859 301 1891 tc‘rnarum
326 1853 465 1897 partium
488 1854 599 1893 vitiis,
639 1855 686 1888 ita
717 1866 795 1897 quae·
821 1856 996 1897 peculiaria
1028 1859 1158 1893 incom-

139 1900 235 1936 moda
260 1900 293 1932 in
316 1899 357 1931 iis
382 1896 501 1930 suerint
525 1898 643 1941 quibus
668 1898 760 1932 sociae
785 1900 907 1933 arteriae
926 1910 1020 1934 erant
1042 1901 1131 1936 osseae
1146 1925 1158 1941 a

140 1945 218 1980 scire
241 1940 476 1986 potuissemus3
501 1941 630 1982 quando
654 1940 819 1977 Lancifius.
839 1942 906 1983 (h)
929 1956 1074 1988 naturam
1086 1947 1157 1980 adi-

143 1987 227 2032 posis
249 1985 392 2019 fasciolis
412 1984 527 2018 texisse
550 1983 626 2025 has,
656 1984 780 2019 censuit
808 2008 820 2026 ‚
856 1994 892 2021 ut
925 1998 1049 2022 caveret
1070 2014 1082 2030 ,
1114 2001 1153 2024 ne

139 2028 413 2076 quemadmodum
437 2028 506 2061 aliae
531 2029 653 2063 arteriae
679 2039 742 2062 non
767 2041 837 2063 raro
859 2054 871 2070 ,
905 2032 949 2065 ita
974 2033 1023 2067 hae
1047 2035 1080 2067 in
1103 2034 1159 2068 os·-

142 2080 225 2110 ieam
249 2072 455 2108 substantiam
479 2072 600 2106 duratae
612 2097 624 2113 ‚
647 2072 961 2114 alihera,distentiane
972 2086 1064 2119 atque
1075 2078 1159 2111 elon-

134 2120 286 2163 gatione,
310 2127 380 2150 cum
404 2126 482 2158 opus
507 2114 577 2159 effer
604 2140 616 2157 ,
653 2115 893 2158 prohiberentur
920 2143 927 2150 .
964 2121 1023 2153 Sed
1058 2132 1158 2164 neque

134 2163 283 2196 {Bellinus
300 2184 310 2200 ‚
335 2164 436 2203 neque
459 2160 677 2194 Drelincurtii
706 2159 868 2201 Discipuli
902 2163 1078 2205 quidquam
1117 2166 1155 2198 de

137 2203 311 2249 praegreffis
334 2203 457 2237 morbis
481 2202 738 2245 adscripserunt:
770 2204 804 2236 T
807 2203 952 2238 hebesius
984 2218 1051 2240 eam
1086 2220 1155 2242 rem-

128 2250 275 2284 maxime
291 2244 449 2290 funestam
473 2246 529 2279 esse
553 2244 657 2289 posse,
688 2244 851 2285 credidit;
876 2246 990 2289 fuisse,
1013 2251 1152 2284 non‘di-

96 2302 98 2304 ·
136 2294 213 2326 xit:
235 2291 377 2324 Crellius
400 2300 439 2322 ne
463 2289 594 2323 cadaver
615 2288 747 2331 quidem
771 2290 928 2333 reliquum
952 2292 1059 2326 videre
1095 2307 1153 2338 po...

137 2338 205 2370 tuit
229 2335 309 2369 senis
334 2335 367 2366 in
392 2331 483 2376 cujus
508 2333 654 2367 marcido
678 2333 865 2377 fracidoque
889 2334 954 2377 jam
976 2338 1073 2371 corde
1111 2341 1153 2372 1'1-

141 2380 207 2414 lam
231 2377 412 2412 observavit
429 2390 440 2410 :
460 2377 544 2411 mihi
567 2376 728 2420 denique,
761 2385 797 2410 ut
829 2379 863 2409 in
909 2383 1118 2422 pauperrimo
1141 2407 1151 2421 ‚

129 2425 199 2466 ¹qui
246 2424 301 2456 vix
347 2420 462 2455 habuit
485 2422 541 2464 qui
565 2421 660 2463 paulo
684 2429 756 2452 ante
778 2430 920 2454 mortem
941 2424 974 2455 in
1003 2425 1153 2459 Nosoco-

131 2468 246 2501 'mium
270 2464 473 2498 inferendum
497 2473 644 2502 curaret,
669 2465 759 2507 plura
782 2465 824 2497 iis
836 2476 907 2507 quae
920 2466 1054 2510 scripsi,
1077 2481 1154 2504 cum

140 2512 280 2544 maxime
304 2518 476 2549 cuperem,
501 2507 578 2541 scire
604 2518 669 2540 non
693 2508 788 2541 licuit
810 2532 817 2539 .
854 2509 1001 2543 Tandem
1027 2535 1039 2551 ‚
1076 2524 1154 2547 cum

137 2553 206 2588 haec
230 2553 396 2595 relegerem
410 2576 421 2592 ,
438 2554 474 2584 ³&
487 2563 556 2593 quae
571 2553 691 2585 interea
715 2550 925 2593 prodierant,
946 2553 1042 2597 vhujus
1057 2556 1155 2598 ipsius

136 2596 243 2631 morbi
268 2594 375 2629 cordis
399 2593 649 2629 Observationes
675 2596 883 2638 inspicerem,
909 2598 1153 2634 inClariffimo-

134 2653 207 2675 rum
232 2641 319 2673 Viro
339 2649 396 2672 um
418 2641 553 2682 Scriptis
573 2648 736 2677 extantes,
762 2641 885 2673 Senacii
908 2643 1050 2683 primurn
1073 2646 1130 2688 (i)
1145 2673 1154 2687 ‚

134 2683 250 2719 deinde
264 2684 371 2716 Planci
395 2686 410 2723 (
432 2683 450 2722 l<
471 2687 508 2723 )‚
531 2682 693 2716 novissime
711 2683 837 2716 Halleri
860 2687 874 2723 (
900 2684 911 2718 l
930 2686 970 2727 );
993 2689 1155 2731 primam,

137 2733 168 2762 δε
195 2727 359 2761 secundam
382 2724 473 2761 fuisse
496 2727 532 2759 in
552 2727 631 2760 viris
655 2727 863 2769 palpitationi
888 2728 1039 2764 obnoxiis
1053 2757 1062 2772 ,
1084 2735 1154 2766 ani-

138 2772 295 2805 madverti
309 2795 318 2802 .
342 2771 400 2804 Sed
410 2781 485 2805 cum
509 2772 542 2802 in
568 2770 701 2804 secunda
717 2794 738 2817 ³.
756 2779 791 2804 ut
814 2772 893 2804 alias
914 2775 998 2814 (m)
1022 2777 1118 2810 retuli
1138 2801 1151 2818 ,

139 2816 209 2849 aliae
233 2825 299 2847 non·
321 2813 456 2848 deessent
478 2814 640 2848 evidentes
661 2817 760 2848 causae
785 2816 1009 2858 palpitationis
1031 2830 1046 2858 ,·
1080 2822 1149 2862 pri.

128 2871 188 2893 ·ma
232 2857 426 2901 potissimum
471 2857 553 2892 unde
599 2857 667 2891 haec
691 2855 798 2891 fuisset
824 2861 855 2891 in
878 2870 917 2891 eo
943 2859 1050 2896 saltem
1073 2864 1148 2899 casu

137 2900 342 2941 ostendebat,
362 2903 480 2944 quippe
504 2901 593 2935 aliud·
617 2902 741 2936 nullum
765 2901 1072 2950 indicansvitium,
1098 2911 1150 2942 ni..

136 2945 161 2980 fi
186 2946 313 2980 arterias
336 2947 517 2978 coronarias
540 2944 637 2979 osseas
660 2944 760 2978 fastas
776 2972 791 2986 ¹,
817 2949 981 2988 ramosque
1029 2950 1147 2986 similes

141 2990 258 3024 coralii
283 2999 443 3021 ramorum
467 2987 693 3027 efformante53
719 2999 753 3023 ut
778 2991 920 3031 proclive
943 2990 1015 3026 esset
1047 2996 1145 3029 intel-

126 3036 260 3077 ligere,
283 3030 343 3064 sive
366 3029 443 3065 ossei
467 3032 583 3067 horum
607 3033 707 3076 aliqui
730 3034 845 3068 ramuli
871 3036 955 3067 inter
978 3035 1071 3072 fibras
1082 3052 1153 3074 cor..

138 3077 189 3112 dis
212 3078 242 3112 se
265 3075 506 3116 immitterent,
538 3076 599 3110 sive
643 3077 792 3123 exterius*
826 3077 1024 3114 subsisterent
1069 3084 1150 3126 ipsas

142 3119 414 3163 complectentes,
434 3120 592 3153 utrolibet
615 3120 715 3155 modo
738 3119 862 3155 easdem
887 3131 941 3155 aut
966 3124 998 3157 in
1011 3124 1148 3171 systole,

141 3175 196 3200 aut
220 3166 253 3197 in
276 3162 408 3195 diastole
432 3162 536 3197 cordis
560 3164 715 3205 irritasse,
738 3168 770 3198 δε
803 3164 847 3199 sic
884 3164 974 3208 juxta
1011 3180 1044 3201 ea
1078 3183 1149 3213 quae

141 3210 219 3243 alibi
244 3211 255 3248 (
279 3217 298 3239 n
321 3210 334 3247 >
359 3206 485 3239 Auctor
510 3206 624 3246 docet,
665 3208 912 3251 palpitationem
960 3211 1117 3249 induxisse
1139 3242 1149 3249 .

138 3253 291 3288 Hallerus
316 3259 421 3283 autem
446 3261 538 3284 unam
561 3250 691 3294 quidem
707 3276 720 3293 ‚
753 3262 806 3285 aut
838 3253 969 3288 alteram
1005 3255 1150 3296 habitam

139 3298 174 3330 in
197 3293 315 3329 vetulis
338 3293 548 3334 mulieribus,
571 3296 688 3337 quibus
712 3296 773 3329 alia
797 3307 926 3340 quoque
948 3301 981 3332 in
1016 3312 1052 3334 os
1095 3304 1150 3337 de-

140 3346 394 3384 generaverant,
417 3336 685 3373 Observationem
709 3340 833 3382 profert
847 3354 857 3379 5
883 3341 933 3375 sed
957 3355 1047 3385 quae,
1072 3346 1151 3382 dum

147 3395 189 3418 eae
213 3384 376 3420 viverent,
402 3380 532 3414 fuissent
556 3383 787 3429 incommoda,
810 3395 873 3417 non
886 3385 1044 3427 fignificat
1077 3402 1154 3433 pro-

147 3437 218 3470 pter
252 3426 383 3459 eandem
403 3448 415 3465 ,
458 3427 600 3466 opinor,
623 3431 772 3469 caulam,
796 3440 865 3471 quae
890 3441 940 3463 me
962 3442 1091 3475 quoque
1114 3435 1153 3469 de

141 3482 214 3504 meo
237 3471 314 3503 Sene
337 3470 427 3512 plura
451 3468 528 3502 scire
552 3468 742 3512 prohibuit.
768 3472 868 3509 Quod
892 3484 929 3508 ut
953 3483 1065 3516 antea,
1098 3489 1155 3513 nec

139 3514 318 3548 diffimilem
340 3513 384 3546 ob
407 3512 554 3552 causam,
570 3512 660 3560 ‚mihi
684 3515 853 3556 accidisse,
878 3530 959 3560 aegre
980 3521 1040 3553 tuli
1065 3523 1154 3564 quod

143 3558 183 3592 ad
207 3557 315 3602 pulsus
341 3556 498 3591 attinebat
522 3556 685 3599 cujusdam
709 3561 796 3602 viri,
817 3574 892 3597 cum
917 3563 972 3597 sub
1005 3567 1078 3597 anni
1114 3566 1153 3600 fi-

198 3761 213 3790 (
227 3769 243 3786 a
258 3762 272 3791 )
290 3762 364 3798 Epist.
382 3771 419 3788 ιι.
437 3773 461 3790 n.
479 3772 516 3795 19.
579 3768 591 3792 (
603 3767 616 3791 b
631 3768 645 3797 )
662 3769 698 3792 De
715 3769 797 3794 Morb.
817 3771 883 3797 Pest-

199 3796 206 3819 ί
226 3792 242 3816 d
257 3797 268 3820 >
285 3794 357 3823 Epist.
373 3802 411 3825 ις.
429 3804 454 3821 n.
472 3804 493 3826 9.
511 3799 533 3822 ἃ
549 3798 622 3826 Epist.
639 3808 677 3828 ²7-
695 3808 721 3825 n.
738 3808 775 3824 20.
792 3803 815 3826 δι
835 3802 895 3833 seqq.

199 3822 213 3850 (
226 3830 245 3852 g
261 3824 275 3851 )
291 3826 354 3849 seer.
370 3833 391 3850 ι.
411 3826 436 3851 in
453 3828 537 3852 Addit.
553 3829 613 3853 Obs.
632 3838 670 3859 31.
732 3833 745 3861 (
761 3832 776 3855 Ιι
791 3832 804 3860 )
820 3835 856 3857 De
872 3835 938 3858 Mot.
955 3833 1027 3859 Cord.
1047 3835 1140 3864 propos.
1159 3844 1195 3866 39-

198 3852 369 3914 ((lp))0pusc.
387 3858 482 3882 Pathol.
502 3859 562 3884 Obs.
581 3868 618 3889 50.
635 3863 657 3886 ἃ
675 3869 709 3891 51.
773 3864 788 3893 (
803 3872 827 3887 m
842 3865 857 3894 )
872 3865 946 3893 Epist.
965 3873 1004 3894 ²3-
1021 3872 1044 3889 n.
1063 3873 1083 3890 9-

290 3894 314 3910 n.
334 3896 354 3915 9.

1146 3870 1159 3897 (
1175 3878 1193 3893 n
1211 3870 1225 3898 )
1241 3870 1277 3894 ch.
1299 3877 1335 3894 ιι.
1354 3879 1407 3895 n-z.

2055 276 2147 330 253

1204 346 1276 370 nem
1303 336 1657 381 17252pleraque-ejus
1679 337 1795 371 viscera
1818 340 1856 374 ad
1880 351 1929 373 me
1950 338 2083 375 domum
2095 342 2217 386 allata,

1206 379 1333 413 Amicis
1357 379 1631 421 inspectantibus,
1654 380 1857 416 diffecarem.
1883 386 2007 417 Tamen
2030 396 2101 427 quae
2125 398 2141 419 a
2166 398 2215 422 me

1208 432 1285 458 tunc
1309 421 1441 463 audita,
1462 425 1493 456 ἃ
1517 436 1587 466 quae
1611 424 1780 467 conspecta
1804 426 1889 466 sint,
1913 428 2037 470 accipe.

1253 466 1300 499 18.
1326 466 1411 499 VIR
1439 477 1538 501 annos
1562 476 1653 501 natus
1676 469 1808 502 circiter
1833 469 1882 503 sex
1907 473 1939 503 &
1963 472 2100 515 triginta
2117 498 2126 512 ,
2156 473 2216 507 sta-

1206 518 1279 543 tura
1302 519 1441 551 magna,
1463 512 1519 551 qui
1545 512 1712 545 molitoris
1735 510 1875 546 famulus
1898 512 2024 554 fuerat,
2059 517 2092 549 in
2127 527 2215 549 mor-

1207 553 1286 586 bum
1306 551 1450 591 incidit,
1471 555 1529 595 qui
1555 553 1698 588 thoracis
1723 554 1866 598 hydrops
1889 557 2074 592 videbatur.
2101 561 2215 602 Itaque

1207 596 1352 629 cruribus
1375 598 1595 637 tumentibus,
1619 597 1756 639 pulsibus
1779 597 1993 638 humillimis.
2023 601 2217 645 gonorrhoea

1209 639 1337 680 insuper
1369 638 1513 672 laborans
1547 641 1705 675 virulenta
1730 666 1744 683 ,
1778 652 1923 678 mortuus
1954 644 1997 677 est
2019 669 2026 676 .
2160 647 2214 679 IN

1210 683 1452 716 'sl—JORACE
1476 694 1541 717 non
1577 684 1680 718 solum
1704 707 1713 722 ,
1748 697 1860 721 verum
1892 687 1989 720 etiam
2023 689 2056 720 in
2091 690 2216 722 Ventre

1209 725 1299 759 fuisse
1323 737 1463 769 aquam,
1487 727 1666 762 retulerunt
1689 730 1714 762 ii
1737 730 1794 773 qui
1828 730 2033 764 detraxerant
2066 733 2182 765 viscera
2207 744 2214 765 :

1207 771 1287 812 quin
1310 770 1408 802 etiam
1433 768 1540 804 Craffa
1564 771 1711 806 intestina
1734 772 1926 815 quibusdam
1949 774 2030 807 locis
2054 773 2145 808 fuisse
2169 777 2218 809 in-

1210 813 1394 853 flammata,
1418 815 1449 846 &
1473 815 1709 856 graveolentia,
1733 815 1869 859 ideoque
1904 829 1978 852 cum
2012 820 2134 852 caeteris
2166 820 2217 851 vi-

1211 856 1348 889 sceribus
1371 867 1435 889 non
1460 856 1517 891 esse
1542 856 1652 892 missa.
1678 860 1762 893 Vera
1785 859 1876 902 dici,
1899 862 2005 904 gravis
2028 860 2110 895 odor
2139 873 2218 895 con-

1212 899 1358 933 firmabat
1382 911 1492 934 eorum
1515 913 1586 944 quae
1612 902 1707 936 allata
1741 902 1866 938 fuerant
1888 929 1900 945 ‚
1934 907 2054 939 ventris
2085 904 2217 949 quidem

1212 943 1374 983 maxime,
1394 943 1445 977 sed
1470 955 1533 977 non
1557 947 1669 979 leviter
1691 948 1789 980 etiam
1811 948 1973 983 thoracis.
1999 950 2047 982 Ita
2075 961 2112 983 ue
2146 949 2219 992 pul-

1209 987 1386 1027 monibus,
1408 988 1465 1030 qui
1491 990 1580 1029 gravi
1605 999 1693 1023 erant
1705 990 1867 1033 pondere,
1890 994 2060 1034 praetermis
2075 1004 2120 1030 is,
2142 1003 2222 1033 cor,

1211 1033 1243 1063 &
1266 1029 1335 1063 vasa
1356 1031 1390 1062 in
1413 1032 1529 1072 quibus
1552 1041 1628 1065 tunc
1650 1032 1736 1066 forte
1758 1036 1904 1078 quaedam
1927 1036 2056 1069 avebam
2069 1047 2225 1079 recogno-

1213 1073 1316 1113 scere,
1342 1073 1533 1116 diligentius
1557 1075 1625 1108 sum
1649 1078 1806 1111 rimatus.
1835 1078 2002 1121 Polyposis
2013 1079 2129 1113 albidis
2140 1090 2221 1113 con-

1212 1117 1432 1154 cretionibus,
1458 1118 1565 1159 quales
1589 1120 1621 1151 in
1645 1131 1719 1153 vena
1743 1132 1871 1165 quoque
1896 1124 2088 1163 Portarum,
2111 1124 2222 1157 &Ca-

1210 1172 1247 1194 va
1273 1159 1431 1194 Inferiore
1454 1160 1608 1202 fuerunt,
1632 1163 1670 1196 ab
1692 1165 1832 1198 auricula
1843 1165 1971 1200 dextera
1984 1166 2122 1208 ablatis,
2144 1177 2221 1200 cum

1210 1205 1244 1237 in
1272 1205 1403 1247 reliquis
1425 1205 1534 1239 cordis
1556 1207 1659 1240 caveis
1683 1208 1765 1241 nihil
1800 1209 1873 1242 esset
1905 1208 2063 1250 ejusmodi
2087 1232 2096 1247 ,
2132 1209 2217 1243 nihil

1213 1258 1318 1282 autem
1344 1249 1475 1291 usquam
1501 1259 1664 1290 appareret
1688 1252 1787 1289 vitii,
1810 1251 1868 1285 nisi
1891 1253 1925 1285 in
1962 1253 2101 1286 valvulis
2136 1263 2218 1288 arte-

1212 1294 1267 1325 riae
1292 1292 1421 1334 Magnae
1436 1316 1447 1331 ,
1471 1291 1568 1336 idque
1592 1294 1794 1335 maximum
1816 1294 1879 1330 hoc
1899 1299 2057 1330 attentius
2068 1298 2220 1338 intuens,

1211 1346 1303 1377 atque
1326 1336 1536 1375 examinans,
1558 1334 1601 1370 fic
1623 1339 1837 1380 reperiebam.
1863 1340 1922 1374 Eae
1945 1351 2055 1373 omnes
2089 1340 2222 1374 valvulae

1210 1380 1336 1412 summo
1358 1379 1485 1419 limbo,
1509 1382 1542 1413 &
1563 1378 1641 1413 huic
1665 1384 1812 1423 proxima
1838 1393 1927 1426 parte
1949 1385 2040 1418 illius
2054 1382 2145 1417 faciei
2158 1395 2221 1428 qua

1210 1423 1386 1465 respiciunt
1409 1424 1494 1456 inter
1516 1422 1570 1464 se,
1593 1424 1629 1456 in
1652 1424 1780 1466 breves,
1804 1429 1836 1459 &
1860 1428 2030 1470 inaequales
2053 1427 2223 1462 extubera-

1205 1467 1283 1500 bant
1306 1466 1558 1506 excrescentias:
1581 1478 1718 1509 quarum
1742 1469 1881 1513 pondere
1906 1480 2111 1513 praegravatae
2139 1495 2153 1513 ,
2180 1482 2222 1505 eo

1206 1509 1444 1544 adducebantur
1465 1510 1646 1551 universae,
1668 1521 1703 1546 ut
1727 1512 1943 1556 angustiorem
1967 1517 2053 1548 inter
2074 1513 2102 1547 se
2125 1515 2224 1548 relin-

1205 1562 1338 1597 querent
1362 1564 1466 1593 Viam,
1492 1564 1546 1595 per
1568 1565 1664 1596 quam
1688 1558 1794 1598 egredi
1820 1557 1948 1600 sanguis
1974 1556 2098 1601 posset.
2133 1560 2223 1593 Cum

1207 1608 1312 1631 autern
1337 1595 1477 1640 singulas
1499 1596 1709 1638 inspeetarem
1731 1600 1896 1639 valvulas,
1944 1602 2110 1636 dexteram
2154 1602 2222 1636 vidi

1207 1642 1352 1674 breviore
1376 1640 1433 1675 esse
1456 1640 1581 1679 limbo,
1605 1640 1673 1684 sive
1693 1644 1854 1677 minorem
1878 1646 1915 1677 in·
1936 1645 2152 1680 transversum
2167 1646 2223 1679 es—

1207 1686 1235 1719 se
1260 1684 1403 1723 fastam5
1435 1682 1592 1718 sinistram
1616 1695 1722 1719 autem
1747 1698 1802 1730 per
1825 1688 1967 1723 medium
1993 1702 2008 1722 a
2043 1689 2147 1723 limbo
2181 1689 2223 1725 ad

1207 1739 1352 1770 aggerem
1376 1729 1470 1771 usque
1495 1729 1596 1762 imum
1621 1729 1821 1773 disruptam,
1845 1732 1884 1765 ab
1905 1732 2041 1777 ipsisque
2078 1742 2224 1776 rupturae

1208 1772 1306 1805 labris
1330 1772 1409 1804 alias
1431 1771 1636 1813 protuberate
1659 1775 2059 1811 excrescentias..Harum
2071 1779 2222 1811 omnium

1209 1816 1384 1850 substantia
1407 1824 1474 1848 erat
1499 1816 1568 1849 laxa
1595 1828 1634 1850 ex
1654 1827 1766 1859 parte,
1789 1822 1821 1852 δε
1848 1820 2005 1862 flaccida,
2027 1829 2064 1856 ut
2085 1821 2222 1864 digitis,

1210 1870 1305 1903 atque
1329 1860 1490 1902 unguibus
1513 1860 1604 1893 nullo
1628 1863 1761 1903 negotio
1784 1862 1878 1897 avelli·
1901 1864 2023 1906 possent
2035 1876 2053 1905 ς,
2078 1877 2116 1899 ex
2131 1875 2220 1908 par-te

1210 1904 1322 1938 durior
1340 1930 1347 1942 ‚
1372 1912 1408 1937 ut
1431 1914 1505 1936 cum
1530 1904 1615 1936 inter
1638 1905 1763 1947 digitos
1786 1909 2043 1949 comminueres,
2070 1911 2225 1953 percipe»

1210 1946 1281 1985 res,
1307 1947 1456 1980 admistas
1478 1945 1728 1989 effeparticulas
1751 1950 1837 1994 quasi
1863 1951 1900 1986 ad
1931 1954 2132 1996 cartilaginis
2161 1965 2225 1987 ·na-⁷

1209 2001 1314 2025 turam
1341 1990 1543 2025 accedenteS.
1569 1993 1812 2028 Excrescentiis
1853 1995 2006 2032 deti-afris
2029 2019 2038 2034 ‚
2088 1995 2226 2031 restabat—

1210 2035 1407 2068 valvularurn
1432 2034 1623 2076 substantia,
1648 2036 1701 2070 sed
1723 2040 1906 2078 commesta,
1933 2043 1966 2074 δε
1988 2039 2162 2082 deficiens,
2188 2044 2221 2075 ὃ(

1211 2079 1243 2112 id
1268 2078 1464 2112 confirmans
1487 2079 1577 2122 quod
1602 2081 1710 2122 primo
1734 2082 1861 2126 aspetfsu
1884 2084 1988 2119 visum
2011 2085 2119 2118 fuerat
2143 2111 2153 2126 ,
2187 2086 2221 2119 id

1207 2124 1332 2156 vitium
1354 2134 1391 2155 ex
1415 2121 1718 2170 erosioneNquadam
1742 2126 1901 2168 extitisse,
1936 2128 2116 2172 praesertim
2143 2140 2223 2164 cunt

1208 2168 1336 2199 interna
1358 2167 1531 2200 ventriculi
1556 2169 1656 2202 ‘iacies
1679 2181 1744 2213 qua*
1764 2171 1901 2206 valvulis
1932 2181 2000 2207 erat
2035 2173 2185 2216 proxima
2202 2196 2226 2217 ‚a

1206 2210 1273 2251 ipsa
1296 2221 1424 2252 quoque
1445 2209 1621 2244 ostenderet
1646 2214 1754 2255 aliqua
1777 2214 1930 2250 erofionis
1953 2215 2085 2260 vestigia
2105 2240 2115 2249 .
2152 2217 2225 2253 His

1206 2251 1303 2293 visis,
1328 2256 1361 2286 &
1385 2252 1499 2287 frustra
1521 2255 1554 2287 in
1577 2256 1704 2294 Aona,
1727 2258 1914 2303 caeterisque
1934 2259 2038 2301 vasis,
2058 2262 2091 2294 δε
2121 2260 2225 2295 corde

1204 2298 1327 2330 iterurn
1349 2296 1498 2330 universo
1522 2298 1595 2331 aliis
1619 2300 1803 2343 perquisitis
1826 2314 1897 2346 quae
1920 2313 2035 2346 praeter
2071 2313 2222 2338 naturam.

1205 2341 1264 2373 esse
1285 2339 1486 2378 viderentur,
1512 2344 1544 2375 δε
1570 2343 1757 2378 Mitralium
1780 2346 1976 2381 valvularum
1999 2347 2111 2382 limbis
2147 2357 2225 2382 tan-

1205 2384 1379 2417 tummodo
1398 2383 1458 2431 hic
1483 2385 1552 2418 illic
1576 2388 1673 2428 paulo
1695 2388 1894 2424 crassioribus
1919 2415 1927 2429 ,
1963 2395 1996 2425 &
2029 2392 2221 2427 durioribus

1205 2428 1449 2468 animadversis,
1472 2429 1509 2461 ad
1534 2431 1656 2474 reliqua
1686 2434 1894 2468 examinanda
1926 2435 2054 2470 transivi
2079 2461 2092 2469 ..

1204 2472 1339 2504 Ventris
1365 2473 1469 2505 Partes
1494 2473 1607 2515 aliquae
1631 2474 1801 2510 dumtaxat
1824 2477 1892 2512 haec
1915 2490 2012 2522 pauca
2037 2479 2218 2517 habuerunt

1203 2526 1274 2557 quae
1298 2515 1504 2548 adnotarem.
1527 2517 1641 2558 'Hepar
1664 2529 1816 2562 magnum
1830 2544 1843 2561 ,
1868 2533 1923 2555 nec
1949 2533 2062 2566 praeter
2085 2525 2222 2561 modum·

1205 2568 1337 2604 tamen,
1360 2558 1553 2601 pallidulum
1579 2559 1665 2598 fuit,
1690 2572 1823 2607 totaque
1847 2568 2005 2601 exteriore
2028 2568 2110 2602 facie
2145 2569 2220 2604 sub-

1206 2603 1332 2637 iuscum
1353 2602 1517 2645 quoddam
1542 2604 1680 2639 ostendit
1703 2609 1876 2643 reticulum
1900 2622 1966 2653 quo
1989 2612 2068 2646 albae
2091 2615 2217 2657 exiguae

1208 2648 1341 2680 maculae
1367 2648 1677 2690 intercipiebantur.
1705 2652 1786 2684 Lien
1810 2655 1946 2689 interius
1971 2657 2101 2696 mollis,
2129 2667 2217 2691 exte-

1207 2692 1272 2724 rius
1296 2689 1451 2734 quosdam
1474 2691 1588 2727 crassos
1612 2693 1748 2739 habebat
1773 2706 1898 2738 ramos,
1922 2698 1943 2731 fi
1969 2700 2074 2734 oculis
2106 2701 2216 2735 crede—

1206 2745 1272 2773 res,
1297 2734 1385 2778 quasi
1410 2735 1585 2778 adiposos;
1610 2738 1660 2771 sed
1682 2750 1793 2772 eorum
1818 2741 1987 2776 substantia
2011 2742 2217 2779 firmitudine

1204 2787 1270 2811 erat
1293 2778 1466 2820 tendinea,
1488 2781 1557 2813 imo
1581 2781 1664 2814 inter
1687 2782 1880 2825 figmenti,
1902 2788 2150 2831 &cartilaginis
2161 2801 2218 2823 na·

1202 2831 1310 2855 turam
1333 2822 1461 2858 media.
1487 2823 1659 2858 Glandulae
1684 2826 1725 2859 ad
1757 2827 1937 2862 mesenterii
1969 2840 2117 2866 centrum
2138 2855 2148 2871 ,
2181 2837 2214 2867 δι

1200 2865 1240 2899 ad
1263 2875 1412 2900 truncum
1436 2878 1522 2900 venae
1548 2868 1716 2902 Portarum
1728 2870 1951 2913 amplificatae.
2074 2876 2216 2910 Gonoe-

1200 2909 1300 2943 rlioeae
1327 2921 1475 2950 memor,
1499 2921 1580 2951 aegre
1605 2913 1692 2952 tuli,
1715 2923 1790 2946 cum
1812 2915 1985 2951 visceribus
2009 2928 2072 2952 non
2088 2918 2213 2955 licuisse

1204 2951 1309 2986 afferri
1336 2965 1465 2994 penem.
1494 2956 1620 2996 Igitur,
1646 2956 1735 2999 quod
1759 2960 1875 3000 potui,
1897 2958 2035 2995 uret-‘hrae
2055 2964 2215 3004 initium,

1203 2999 1235 3029 &
1259 2996 1434 3030 Prostatam
1458 2998 1665 3045 glandulam,
1688 3004 1720 3033 ὃς
1746 3001 1919 3037 Seminales
1939 3003 2106 3041 Veficulas
2142 3019 2214 3050 per-

1204 3040 1351 3074 lustravi.
1378 3040 1465 3075 Illud
1491 3043 1554 3074 sine
1577 3042 1639 3076 ulla
1664 3045 1739 3077 vitii
1774 3055 1871 3085 nota,
1895 3049 2086 3085 Seminalem
2099 3062 2217 3085 carun-

1201 3085 1312 3118 culam
1336 3084 1469 3118 habebat
1494 3082 1670 3120 humilem.
1697 3088 1840 3123 Prostata
1864 3102 1930 3125 erat
1954 3096 2121 3135 parva.In
2145 3096 2216 3129 Ve-

1201 3126 1308 3161 siculis
1332 3128 1485 3170 aquosum
1509 3129 1635 3163 semen:
1660 3130 1730 3171 sed,
1755 3143 1791 3167 ut
1815 3135 1848 3167 in
1872 3133 2080 3178 hydropico,
2105 3139 2216 3174 minus

1202 3171 1235 3205 id
1259 3171 1385 3205 fortasse
1399 3172 1638 3208 'attendendum
1650 3200 1657 3207 .

1254 3225 1302 3255 19.
1327 3216 1409 3248 Haec
1430 3216 1537 3262 nostra
1572 3217 1858 3256 excrescentiarum
1890 3224 1923 3256 in
1958 3224 2212 3259 Semilunaribus

1202 3259 1337 3293 valvulis
1361 3259 1555 3294 Observatio
1578 3263 1722 3296 medium
1747 3266 1988 3308 quodammodo
2009 3268 2138 3301 obtinet
2161 3270 2216 3302 lo-

1202 3314 1277 3336 cum
1302 3304 1385 3338 inter
1409 3314 1512 3337 raram
1535 3305 1627 3339 illam
1651 3308 1791 3341 Lancisii
1814 3312 1829 3348 (
1849 3321 1865 3342 o
1882 3310 1927 3352 )‚
1950 3312 2007 3354 qui
2031 3313 2212 3346 excrescen-

1203 3347 1265 3380 tias
1289 3348 1322 3379 in
1347 3347 1386 3378 iis
1409 3358 1560 3388 carneas,
1583 3352 1614 3383 ἃ,
1641 3353 1749 3384 minus
1771 3363 1854 3386 raras
1876 3364 2025 3393 emeras,
2059 3357 2214 3398 Cowperi

1203 3389 1403 3433 praesertim,
1427 3393 1460 3423 &
1482 3393 1682 3434 Vieuslenii,
1705 3396 1783 3437 qui,
1808 3406 1844 3429 ut
1868 3397 2084 3441 superioribus
2129 3411 2214 3443 quo-

1206 3447 1268 3478 que
1296 3435 1428 3468 Litteris
1450 3438 1505 3477 (p
1526 3441 1539 3477 )
1561 3442 1906 3482 commemoravimus,
1930 3441 2049 3482 osseas,
2081 3452 2134 3477 aut
2165 3444 2214 3477 la·-

1207 3477 1316 3521 pideas
1340 3479 1546 3519 conspexere.
1574 3483 1652 3523 Qo
1675 3483 1777 3525 magis
1809 3484 1988 3528 optandum
2022 3485 2106 3519 mihi
2141 3486 2213 3522 fue-

1209 3531 1256 3555 rat
1278 3521 1300 3555 si
1325 3521 1481 3564 licuisset,
1505 3527 1716 3567 cognoscere,
1741 3538 1778 3560 an
1802 3528 1832 3561 ei
1857 3528 1895 3561 de
1916 3540 1982 3572 quo
2006 3530 2174 3573 loquimur
2201 3554 2212 3569 ‚

1205 3567 1277 3599 viro
1300 3566 1407 3608 pulsus
1431 3578 1571 3610 unquam
1594 3568 1651 3604 esse
1673 3570 1899 3606 consuevissent
1931 3574 2181 3614 intermittentes
2199 3574 2236 3617 ,'

2068 3616 2171 3653 sithi

945 3771 953 3801 (
971 3771 1006 3801 c)
1025 3771 1089 3799 Eph.
1107 3775 1140 3798 N.
1157 3776 1185 3799 C.
1203 3779 1263 3802 Dec.
1279 3781 1299 3798 ι.
1317 3776 1347 3799 Α.
1369 3783 1391 3801 ο.
1409 3777 1431 3800 8:
1450 3786 1483 3803 ιο,
1502 3762 1561 3802 ὸὺὶ
1579 3785 1616 3807 31·

957 3805 970 3832 (
987 3812 998 3826 e
1013 3802 1028 3831 )
1045 3803 1106 3827 Sest.
1126 3812 1161 3829 12.
1178 3806 1204 3832 in
1221 3805 1305 3832 Addit.
1324 3807 1382 3831 obs.
1398 3808 1465 3835 8..in
1482 3810 1524 3835 fin.

1594 3810 1608 3838 (
1620 3809 1634 3838 f
1649 3809 1661 3836 )
1679 3806 1747 3836 ffisp-
1761 3810 1790 3835 de
1807 3810 1900 3836 Circus.
1912 3812 1993 3842 sangu.
2004 3814 2029 3839 in
2048 3810 2130 3838 Corde
2147 3809 2170 3839 §-
2189 3810 2217 3837 δῖ

1258 3840 1272 3868 (
1288 3840 1297 3862 ἑ
1316 3838 1429 3868 )Traitc'
1448 3842 1480 3866 du
1490 3844 1567 3866 Coeut
1586 3841 1601 3865 l.
1620 3849 1643 3868 4-
1660 3839 1697 3863 Ch·
1718 3848 1741 3868 9·
1760 3850 1784 3866 ¹¹-
1805 3850 1825 3870 5-
1889 3843 1903 3872 (
1919 3844 1934 3869 k
1953 3851 1960 3869 )
1979 3842 2209 3874 Epist-deMmst‘·

1475 3876 1487 3899 <
1502 3881 1514 3896 0
1530 3880 1538 3904 ,ι
1557 3875 1592 3897 1³2
1609 3873 1687 3897 Subit.
1700 3876 1779 3899 Mon.
1797 3875 1844 3899 i.-.2.
1863 3874 1922 3900 obs.
1934 3875 2093 3907 PitynMed.
2110 3883 2133 3903 ⁴-
2152 3873 2209 3903 §·3·
