2498 4075
407 104 500 169 145

318 170 373 214 stin
393 173 527 222 ¹thorace
550 179 579 213 se
601 178 713 223 sentire
733 201 747 219 ,
771 187 831 218 ¹aut
857 177 976 223 senfiffe
995 201 1007 218 ,
1042 176 1217 211 affirmabat
1240 192 1250 211 .·
1281 178 1337 212 alii

335 222 413 264 ,non‘
428 224 614 258 attendunt:
641 223 696 255 alii
721 222 858 265 denique
886 233 953 264 *non
985 220 1130 254 indicant
1158 221 1300 255 >Medicis
1327 233 1338 260 5

331 265 423 309 >signa
469 277 576 301 autem
618 266 737 308 reliqua
781 275 857 299 tunc
904 264 982 310 adeo
1026 275 1123 307 pauca
1144 287 1153 303 ‚
1180 265 1283 305 levia,
1306 267 1339 298 &

333 311 457 351 morbis
492 310 562 344 aliis
589 310 776 352 'comm-unia
809 307 864 351 esse
899 307 1028 349 possunt
1051 333 1059 347 ,
1090 317 1126 341 ut
1170 307 1267 350 siquis
1299 307 1338 341 de

336 354 398 387 illo
442 355 618 395 interroget
648 376 657 392 ,
705 362 820 396 praeter
864 353 1023 388 rationem
1067 349 1103 384 icl
1146 350 1247 386 facere
1290 353 1338 384 vi-

330 396 447 437 deatur
471 411 478 430 :
511 395 652 435 humeris
674 407 750 432 vero
774 392 1005 437 apprehendere
1024 417 1038 433 ,
1070 396 1100 426 δε
1134 404 1304 431 concutere
1328 419 1340 434 ‚

336 449 390 473 aut
415 440 508 473 aliter
531 442 649 482 agitare
671 450 736 472 non
758 448 868 471 omnes
890 447 992 479 aegros
1015 436 1084 476 sane
1115 437 1191 470 licet
1212 463 1219 469 .
1257 438 1339 476 Qae

334 484 427 559 {lane
460 481 583 524 ,videbis
614 484 647 516 in
681 494 719 516 eo
750 483 807 525 qui
852 479 996 523 sequitur
1016 503 1030 521 ‚
1070 479 1143 520 casu
1176 480 1340 521 convenis-

348 538 382 559 ε,

332 569 335 571 ’
376 570 428 612 38.
463 570 502 604 Μ
526 571 561 603 U
584 571 611 602 L
635 571 652 610 I
675 569 704 602 E
728 569 760 604 R
796 566 975 608 rusticana,
1007 578 1071 603 non
1092 567 1199 601 multo
1233 565 1337 609 major

332 614 421 646 annis
466 613 585 655 viginti
630 612 769 655 quinque
793 633 803 648 ,
850 610 919 644 alba
942 634 951 650 ‚
996 610 1175 653 pallidaque
1220 609 1301 644 facie
1324 633 1334 648 ‚

326 666 404 696 ‚cum
449 665 519 689 aute
563 665 702 698 quatuor
722 653 878 696 'nupsisset
911 653 1028 687 menses
1052 677 1064 693 ‚
1097 654 1135 687 ad
1168 663 1231 686 tres
1261 663 1333 688 ute-

329 709 403 738 rum
436 697 500 741 jam
547 697 669 734 ferebat
693 722 702 737 ,
734 709 810 734 cum
855 697 899 731 ‚ob
940 695 1128 731 febriculam
1171 697 1333 741 ‚quandam

326 744 495 780 erraticam
536 742 569 774 in
601 740 841 777 Nosocomium
874 741 1063 773 Patavinum
1100 750 1231 783 excepta
1262 741 1334 781 est,

330 785 365 819 in
399 797 463 829 quo
486 780 638 823 'mensem
663 808 671 822 ‚
704 792 758 817 aut
792 795 832 815 eo
863 783 999 825 amplius
1040 782 1192 818 decubuit
1216 808 1223 816 .
1259 785 1335 818 Pul-

327 825 378 867 sus
413 840 513 870 neque
547 838 660 870 parvus
685 848 694 863 ,
728 837 828 869 neque
864 827 1083 860 intermittens
1108 852 1116 860 .
1151 829 1228 862 Sitis
1262 829 1335 865 nul-

331 875 393 910 la}
425 871 481 905 etsi
514 870 580 903 fere
614 868 771 903 fruffibus
807 868 1022 907 uescebatur3
1056 870 1143 912 quod
1181 872 1216 904 in
1260 882 1332 913 gra-

327 914 399 948 vida
433 926 497 953 non
533 912 730 947 mirabantur
754 937 762 945 .
799 913 918 946 Nullus
952 912 1068 955 pedum
1094 923 1219 948 tumor.
1245 915 1331 949 Nul-

325 961 363 996 lae
389 959 488 999 animi
512 956 705 999 defeffiones
727 981 735 988 .
770 957 886 998 Neque
918 955 957 990 de
990 956 1130 998 angustia
1163 957 1204 991 acl
1240 969 1332 998 cor,

322 1011 379 1045 ⁴aut
400 1003 580 1041 anxietate,
601 1011 701 1043 neque
724 998 761 1033 de
785 999 932 1041 ponderis
956 1000 1043 1034 sensu
1066 1024 1076 1039 ‚
1101 1012 1200 1044 neque
1222 1003 1332 1034 omni..

323 1057 367 1080 no
391 1045 427 1079 de
452 1046 520 1080 ullo
542 1043 683 1079 thoracis
707 1043 916 1076 incommodo
938 1055 1077 1086 unquam
1110 1044 1152 1078 est
1185 1043 1290 1088 questa
1314 1057 1325 1083 ς

325 1087 384 1127 nisi
416 1088 504 1131 quod
542 1087 682 1126 ,tufficula
725 1087 860 1130 quadam
903 1085 982 1121 sicca
1027 1086 1159 1123 subinde
1185 1113 1194 1126 ,
1225 1086 1323 1130 idque

321 1144 341 1174 a
373 1133 478 1171 multo
511 1131 574 1174 jam
605 1141 747 1171 tempore
770 1154 783 1171 ,
828 1130 881 1166 sed
913 1131 1026 1163 leviter
1048 1153 1061 1170 ,
1095 1132 1211 1165 tentari
1246 1143 1326 1164 con-

323 1175 464 1209 sueverat
491 1187 498 1207 .·
532 1184 602 1208 tum
633 1176 729 1215 etiam
752 1196 764 1213 ‚
794 1173 819 1207 fi
848 1174 955 1207 oblata
981 1173 1115 1208 sumeret
1161 1186 1235 1209 cum
1274 1175 1328 1209 ad-

322 1218 386 1257 huc
422 1218 598 1260 calerent,
642 1217 769 1258 difficili
815 1217 1020 1258 respiratione
1054 1219 1327 1261 corripiebatur3

321 1273 419 1305 quam
452 1261 496 1297 ob
541 1260 666 1294 causam
711 1258 897 1302 refrigerata
943 1271 1045 1302 petere
1090 1261 1184 1296 solita
1228 1272 1294 1295 erat
1318 1287 1326 1295 .

323 1306 426 1346 Extra
460 1316 554 1348 quem
589 1305 699 1345 casum
733 1314 798 1338 non
828 1302 1036 1350 incommode
1069 1303 1327 1348 spirabat31an-

324 1359 394 1389 tum
425 1348 535 1383 aberat
558 1372 571 1390 ,
605 1358 642 1382 ut
675 1347 773 1381 ηοξὶυ
810 1347 880 1381 ullo
913 1346 1134 1382 suffocationis
1166 1349 1253 1383 sensu
1275 1361 1330 1383 ex-

319 1394 472 1431 citaretur
495 1415 504 1431 ‚
543 1400 598 1426 aut
634 1389 736 1427 sedere
768 1400 931 1433 cogeretur
955 1415 962 1422 .
996 1393 1107 1434 Itaque
1132 1415 1142 1430 ‚
1178 1402 1222 1427 ut
1237 1394 1330 1433 dixi,

319 1435 495 1475 cubabat,
532 1434 584 1469 sed
618 1436 652 1475 in
690 1433 773 1467 latus
808 1433 1002 1468 dexterum.-
1031 1435 1073 1467 iet
1112 1436 1198 1479 quod
1234 1439 1331 1471 etiam

319 1479 437 1519 cubans
475 1488 601 1519 mortua
634 1478 677 1512 est
700 1502 712 1518 ,
742 1488 816 1517 cum
850 1477 888 1511 ad
919 1476 1107 1512 febriculam
1140 1480 1223 1513 nihil
1248 1493 1332 1524 prae—

322 1533 407 1557 terea
441 1523 520 1555 mali
555 1521 718 1560 accessisset
741 1545 753 1562 ,
786 1521 808 1554 fi
843 1521 991 1556 dolorem
1023 1521 1061 1556 ad
1085 1523 1212 1556 lumbos
1248 1525 1334 1565 exci7

320 1567 390 1610 pias
414 1590 422 1605 ,
467 1564 506 1598 de
549 1577 615 1608 quo
646 1564 815 1600 noviffimo
859 1564 1027 1599 dumtaxat
1070 1574 1214 1610 tempore
1254 1579 1334 1601 con-

320 1609 427 1653 questa
460 1608 521 1642 est.
657 1609 689 1642 V
713 1609 742 1641 E
766 1608 803 1640 N
828 1609 862 1641 T
885 1609 915 1642 R
939 1610 968 1641 E
992 1610 1031 1643 M
1065 1611 1148 1643 intra
1173 1610 1258 1646 horae
1283 1610 1334 1644 di-

322 1653 464 1695 midium
502 1664 517 1684 a
549 1652 663 1693 matris
705 1651 799 1696 obitu
843 1649 997 1690 hactenus
1039 1663 1228 1696 aperuerunt
1251 1678 1262 1694 ,
1296 1663 1333 1688 ut

321 1697 426 1739 proles
450 1720 462 1736 ,
497 1695 520 1728 si
551 1697 672 1730 viveret
696 1718 705 1733 ,
738 1697 821 1734 sacra
846 1695 932 1729 ablui
958 1707 1038 1738 aqua
1074 1696 1174 1740 posset
1200 1711 1209 1730 .·
1243 1697 1333 1740 quod

318 1745 352 1783 §c
387 1740 527 1773 feliciter
567 1739 730 1782 peractum
775 1737 818 1779 est
842 1763 848 1769 .
887 1738 998 1773 Infans
1042 1742 1127 1776 enim
1150 1764 1162 1780 ‚
1205 1751 1298 1775 utero
1323 1763 1332 1778 ,

321 1783 573 1827 membranisque
609 1782 671 1819 suis
705 1791 798 1819 caute
830 1780 937 1823 incisis
959 1805 968 1821 ‚
1003 1786 1162 1818 continuo
1195 1784 1224 1817 se
1247 1784 1331 1827 quafi

318 1830 443 1867 exeruit
465 1850 475 1866 ,
510 1825 680 1868 manusque
711 1827 817 1858 mov'rt
840 1848 853 1865 ,
887 1836 943 1859 nec
976 1826 1035 1862 nisi
1068 1839 1128 1861 una
1162 1828 1230 1869 post
1264 1839 1332 1861 ma-

323 1883 406 1911 trem
431 1871 509 1905 hora
533 1879 680 1903 mortuus
706 1869 748 1904 est
772 1893 779 1900 .
814 1869 867 1901 Eo
889 1878 1040 1910 exempto
1061 1894 1075 1911 ‚
1106 1880 1231 1905 uterum
1255 1882 1329 1906 cum

322 1915 501 1954 adhaerente
533 1915 676 1957 placenta
700 1937 712 1954 ‚
747 1914 780 1945 δι’
812 1912 1003 1947 membranis
1026 1935 1035 1950 ‚
1071 1917 1104 1947 &
1137 1925 1253 1955 corpus
1285 1926 1331 1947 re-

320 1962 447 2003 liquum
470 1968 653 1997 maternum
678 1980 689 1996 ‚
721 1967 786 1991 uno
824 1965 956 1999 excepto
987 1958 1092 1998 capite
1116 1979 1125 1995 ‚
1159 1957 1331 2000 diiigenter

318 2004 425 2046 postea
451 2014 508 2038 nos
532 2001 746 2045 persecuimus
769 1998 902 2040 eodem,
926 2002 959 2033 δε
991 2000 1230 2044 insequentibus
1262 2001 1330 2035 die-

318 2048 379 2088 bus
400 2057 471 2083 ante
497 2045 658 2086 Kalendas
681 2042 869 2083 Decembris
890 2043 930 2077 A.
962 2053 1053 2087 1724.
1079 2043 1140 2081 Sed
1174 2045 1235 2082 alia
1266 2045 1331 2078 alio

292 2112 296 2121 s
320 2090 525 2131 differentes,
548 2087 604 2127 hic
627 2086 725 2125 ferme
749 2086 859 2126 nihil,
882 2086 939 2121 nisi
971 2088 1057 2130 quod
1090 2098 1205 2133 praeter
1238 2097 1331 2121 natu-

326 2147 393 2170 ram
418 2133 507 2174 fuit,
533 2132 706 2173 scribemus
729 2155 737 2162 .
771 2129 897 2167 Caetera
931 2130 1033 2173 igitur
1064 2132 1174 2164 omnia
1208 2133 1332 2174 egregie

319 2177 493 2218 constituta
517 2175 627 2216 fuisse,
650 2174 796 2214 credito,
820 2183 855 2206 ut
878 2182 967 2206 totus
983 2185 1073 2208 certe
1098 2184 1164 2212 erat
1187 2177 1332 2218 corporis

322 2223 478 2262 habitus,
504 2218 584 2262 justa
616 2220 749 2261 optimae
785 2217 989 2264 pinguedinis
1020 2219 1114 2261 copia
1146 2218 1333 2254 rubentibus

320 2265 474 2307 musculis
499 2262 668 2306 imposita,
694 2264 726 2298 &
749 2261 942 2303 interjetfta,
965 2262 1020 2297 vix
1044 2271 1080 2299 ut
1103 2274 1192 2303 aquae
1206 2263 1334 2304 pauxil-

322 2311 392 2344 lum
416 2309 501 2346 inter
525 2318 593 2339 eam
618 2305 824 2348 apparuerit,
848 2303 904 2337 ubi
928 2316 1028 2351 neque
1051 2306 1086 2339 in
1108 2306 1234 2344 vivente
1252 2329 1265 2345 ,
1300 2314 1335 2339 ut

323 2353 484 2391 diximus,
508 2360 607 2392 neque
631 2349 664 2384 in
689 2357 838 2385 mortua,
862 2356 932 2382 ante
954 2347 1172 2386 dislectionem
1188 2373 1196 2387 ,
1222 2348 1335 2385 essevi-

322 2396 481 2435 debatur,
507 2392 570 2426 hoc
593 2390 636 2428 ,est
659 2392 693 2429 in
718 2391 868 2423 extremis
905 2390 1038 2433 pedibus
1062 2403 1070 2423 .-
1099 2392 1193 2434 quod
1229 2391 1334 2433 ipsum

321 2450 430 2474 tamen
454 2449 503 2476 me
527 2446 590 2468 non
614 2434 700 2476 fugit
726 2431 809 2477 posse
833 2433 871 2472 ab
894 2434 1003 2476 aliquo
1026 2432 1086 2476 ipsi
1111 2437 1194 2467 uteri
1229 2433 1330 2476 gesta-

325 2484 412 2517 tioni
437 2488 601 2523 acceptum
627 2477 761 2517 referri.
881 2477 987 2521 Major
1011 2489 1105 2519 aequo
1116 2477 1178 2511 lien
1192 2479 1334 2521 aliquan-

325 2528 383 2564 to,
408 2524 506 2568 hepar
530 2531 636 2556 autem
661 2523 791 2564 magis,
815 2529 851 2554 ut
885 2519 970 2565 quod
1005 2522 1037 2559 δε
1069 2519 1203 2555 inferius
1237 2532 1333 2564 quam

327 2570 452 2609 soleat,
477 2571 508 2606 ,δι
533 2565 572 2599 ad
596 2565 712 2605 lienem
743 2563 839 2607 usque
876 2564 904 2596 se
936 2563 1116 2602 extenderet
1137 2589 1143 2596 .
1180 2566 1334 2599 Exterius

324 2612 509 2658 pallidum;
531 2611 618 2644 intus
641 2621 679 2642 ex
704 2609 782 2648 su0‚
805 2610 886 2645 &ex
899 2607 1017 2646 tabacci
1032 2609 1142 2641 colore
1157 2608 1268 2641 leviter
1281 2619 1335 2639 va-

325 2659 507 2700 riegatus-n.-
529 2664 586 2687 nec
609 2661 715 2691 tamen
738 2651 853 2685 durum
875 2677 883 2687 .
918 2651 1128 2688 Ventriculus
1162 2653 1195 2684 in
1227 2651 1334 2687 medio

323 2701 425 2735 ferme
450 2699 511 2733 suae
535 2696 756 2738 longitudinis
779 2692 1028 2729 contrahebatur
1044 2718 1056 2735 ,
1076 2698 1227 2738 utrinque
1240 2704 1334 2728 extu-

323 2745 458 2783 berans,
480 2740 532 2779 sed
555 2751 572 2773 a
595 2739 719 2779 dextris
742 2741 847 2774 minus
871 2762 884 2778 ,
916 2750 986 2780 quae
1011 2750 1083 2781 pars
1117 2739 1247 2781 oblique
1278 2738 1333 2771 de-

323 2786 513 2824 scendebat5
537 2784 633 2817 altera
656 2785 690 2821 in
723 2781 931 2816 transversum
966 2781 1067 2824 posita
1092 2806 1104 2823 ‚
1138 2782 1240 2815 fundo
1274 2782 1333 2827 ali-

326 2825 486 2875 quantum
511 2825 690 2864 antrorsum
711 2825 885 2865 converso,
909 2826 1011 2866 aeris,
1045 2830 1077 2858 ὰ
1109 2826 1253 2861 humoris
1290 2826 1332 2857 se-

325 2874 487 2919 miplena.
512 2872 645 2903 Vermes
670 2867 805 2911 plurimi
829 2877 941 2907 teretes
964 2870 997 2906 in
1021 2870 1188 2903 Tenuibus
1211 2867 1333 2902 intesti-

325 2920 404 2959 nis,
426 2923 497 2958 quae
521 2912 578 2952 ubi
600 2912 650 2945 illi
673 2920 783 2951 erant,
805 2914 837 2945 ὃ(
865 2912 1006 2956 quodam
1029 2912 1202 2955 praesertim
1225 2914 1258 2945 in
1281 2911 1332 2943 lo-

325 2974 394 3002 co,
417 2956 651 2997 subrubebant,
674 2954 860 2997 ibidemque
894 2954 979 2999 quasi
1012 2967 1067 2999 per
1098 2958 1164 2990 vim
1199 2956 1332 2989 dilatata

329 3002 599 3050 protuberabant.
733 3000 919 3044 Antequam
944 3000 1057 3033 Pectus
1088 2999 1299 3034 incideremus
1318 3021 1331 3038 ,

328 3058 450 3082 tumere
481 3043 605 3083 collum
637 3041 921 3076 animadvertimus
952 3054 969 3076 a
1001 3052 1148 3085 turgente
1181 3042 1332 3087 glandula

328 3088 551 3135 Thyroidaea:
577 3099 615 3128 ex
638 3086 788 3120 mammis
810 3094 915 3123 autem
948 3086 997 3120 lac
1029 3086 1124 3125 facile
1158 3087 1297 3132 exprimi
1322 3111 1331 3123 ,

328 3134 480 3169 Thorace
507 3130 693 3175 patefatStO,
716 3140 787 3163 ecce
810 3127 844 3162 id
868 3128 958 3171 quod
980 3130 1102 3167 causam
1127 3131 1264 3173 praebuit
1298 3132 1330 3162 δε

327 3186 399 3216 tum
422 3188 493 3221 qua:
516 3171 680 3218 praeg1·effa
705 3172 819 3212 essent,
840 3174 949 3209 omnia
972 3173 1160 3217 diligentius
1171 3174 1334 3218 inquiren-

327 3221 388 3263 di,
410 3223 442 3261 &
466 3219 542 3259 hie,
567 3227 604 3257 ut
627 3217 781 3257 fecimus,
805 3214 981 3252 scribendi.
1008 3219 1046 3250 In
1070 3215 1137 3260 ejus
1159 3229 1237 3250 cavo
1257 3216 1334 3249 dex-

326 3275 399 3302 tero
421 3263 561 3308 plurima
584 3270 650 3301 erat
674 3271 755 3303 aqua
780 3258 938 3300 subflava,
961 3261 993 3293 in
1018 3272 1115 3303 eaque
1125 3259 1230 3296 crasl‘ae
1242 3271 1331 3303 quae-

327 3309 424 3348 dam,
450 3305 503 3340 sed
527 3304 687 3348 mucosae,
709 3300 795 3347 quasi
820 3302 911 3337 telae.
935 3302 1128 3346 Cujusmodi
1151 3316 1241 3348 aquae
1275 3303 1333 3335 ali-

327 3350 466 3395 quid'in
488 3347 613 3383 finistro
635 3358 716 3385 cavo
739 3348 836 3384 etiam
859 3346 948 3386 fuit,
972 3348 1006 3380 in
1027 3347 1205 3390 pericardiQ
1228 3357 1334 3380 autem

328 3403 475 3435 tantum,
499 3402 537 3434 ut
559 3390 632 3425 esset
656 3389 888 3433 propemodum
915 3390 1067 3432 plenum,
1089 3402 1145 3425 nec
1168 3390 1229 3424 fine
1262 3390 1335 3423 telis

328 3436 436 3480 quales
458 3436 556 3476 modo
578 3434 740 3474 diximus,
764 3433 1001 3472 innatantibus.
1027 3436 1174 3479 Denique
1197 3436 1231 3467 in
1244 3442 1334 3467 utro-

329 3491 389 3522 que
412 3479 516 3512 cordis
539 3478 717 3513 ventriculo
740 3486 828 3510 erant
841 3476 1007 3519 polyposae
1019 3479 1236 3512 concretiones
1249 3476 1333 3518 quasi

330 3535 371 3561 ex
392 3534 487 3557 muco
509 3521 675 3565 quodam
699 3522 733 3561 in
756 3519 880 3557 sinistro
905 3530 1009 3559 tamen
1034 3522 1131 3564 paulo
1153 3521 1329 3556 densiores.

618 3715 682 3752 (51)
700 3716 719 3746 b,
739 3723 759 3739 aa
777 3713 799 3738 S.
818 3721 838 3738 1.
856 3713 913 3739 obt
931 3717 969 3738 σο.
1029 3715 1241 3746 (t2Epist.10.
1259 3723 1284 3739 n.
1303 3722 1341 3741 ιι.

387 3714 557 3753 §Nn-38·

920 103 1079 163 {Liber
1109 101 1178 159 ΙΙ.
1214 101 1299 154 De
1333 98 1537 159 Morbis
1567 99 1835 162 Thoracis

1431 188 1483 220 39.
1512 177 1617 212 Faciei
1652 177 1755 220 pallor
1771 202 1784 223 ,
1816 177 1970 212 febricula
1994 202 2006 218 ,
2036 175 2117 209 ficca
2139 176 2225 213 tuliis
2246 183 2259 218 3
2278 182 2315 213 ,δι’
2335 178 2391 213 de-

1384 220 1516 257 ,cubitus
1546 222 1581 254 in
1613 221 1746 254 alterurn
1779 223 1863 255 latus
1901 220 2028 255 fuerant
2070 218 2201 262 quidem
2241 223 2279 258 in
2322 221 2384 257 hac

1391 263 1523 296 muliere
1547 276 1557 302 3
1597 263 1648 298 sed
1679 264 1800 307 reliqua
1829 264 1914 308 figna
1938 286 1948 302 ,
1981 273 2076 305 eaque
2106 263 2280 304 praesertim
2308 277 2383 308 quae

1385 308 1524 339 omnino
1547 308 1678 350 propria
1701 306 1758 341 esse
1777 306 1930 344 *dicuntur
1952 305 2111 348 hydropis
2135 305 2298 348 thoracis,
2319 319 2387 346 nou

1392 348 1517 383 fuerant
1536 352 1547 382 .’
1678 350 1851 393 Hydropis
1892 360 2000 387 ,autem
2045 349 2213 392 pericardii
2241 361 2389 393 ,quaenam

1391 393 1542 431 suerunt,
1567 394 1694 436 inquis,
1721 394 1888 436 peculiares
1912 402 1995 426 notae
2018 393 2051 425 in
2075 392 2154 431 hac,
2177 396 2209 426 δε
2241 393 2388 436 duabus,

1391 436 1429 469 de
1451 437 1567 480 quibus
1589 438 1735 478 proxime
1757 435 1881 475 dictum
1902 436 1966 477 est,
1987 435 2132 473 ‚foeminis
2157 434 2170 468 ?
2201 437 2387 480 Priusquam

1390 480 1514 523 aliquid
1537 479 1741 523 respondeam
1764 503 1774 518 ‚
1812 480 1875 513 sine
1907 489 2050 521 quartam
2083 490 2262 522 proponam
2294 479 2388 515 diffe-

1390 525 1554 564 &ionem,
1578 534 1673 567 quam
1698 524 1853 557 Bononiae
1876 522 1973 563 habui
1998 534 2072 558 curn
2095 522 2244 560 Valsalva
2268 523 2324 559 sub
2347 524 2386 562 fi-

1388 578 1460 605 ¹nem
1483 569 1522 601 A.
1553 578 1644 610 ¹704·

1429 621 1482 653 40.
1505 612 1592 645 VIR
1615 620 1683 644 erat
1704 621 1859 644 annorum
1889 610 2026 652 amplius
2052 607 2264 653 quadraginta
2285 633 2297 651 ,
2326 612 2386 654 qui

1385 655 1471 687 Foro
1494 653 1642 687 Cornelii
1666 655 1848 687 Bononiam
1870 652 2046 687 identidem
2068 653 2246 686 ventitabat
2271 653 2384 695 pedes,

1385 709 1429 730 res
1452 698 1586 730 traditas
1608 698 1672 731 huc
1694 698 1810 738 illinc,
1832 700 1864 731 δε
1886 696 2017 731 viciffim
2039 696 2115 732 hinc
2139 696 2216 730 illuc
2248 695 2351 731 ferens
2375 723 2384 732 .

1385 744 1416 775 Is
1438 752 1511 774 cum
1535 741 1614 784 saepe
1636 742 1686 776 vel
1710 741 1749 774 ab
1771 742 1883 774 itinere
1904 740 2008 773 calens
2022 764 2032 780 ,
2055 739 2198 781 biberet,
2223 740 2382 783 postremo

1385 784 1560 827 praesertim
1596 794 1742 827 tempore
1773 796 1839 827 quo
1880 782 1989 817 affidue
2029 781 2154 818 fitiebat
2175 807 2188 823 ‚
2217 784 2381 819 rheumate

1385 827 1424 861 ad
1447 826 1551 861 fauces
1575 830 1687 870 gravi,
1712 831 1742 861 ἃ
1767 827 1854 860 febre
1876 836 2063 870 correptu5‚
2086 827 2120 860 in
2143 826 2384 863 Nosocomium

1383 870 1531 905 admissus
1569 870 1614 905 est
1644 897 1652 904 .
1698 871 1781 908 Mox
1811 869 1859 904 ibi
1895 868 1931 903 de
1969 869 2114 904 faucibus
2146 880 2210 904 non
2242 873 2383 915 amplius

1379 913 1567 957 ,conquestus
1590 938 1604 955 ‚
1635 915 1725 949 suum
1756 915 1789 948 in
1820 922 1927 946 ventre
1961 913 2111 947 morbum
2132 924 2260 948 omnem
2292 914 2350 949 esse
2369 938 2383 955 ‚

1382 958 1506 991 dicebat
1532 971 1542 997 3
1572 959 1662 992 nulla
1684 968 1788 992 tamen
1812 956 1850 990 de
1873 968 1908 989 re
1929 956 2117 1002 querebatur
2140 960 2261 999 magis,
2309 969 2383 992 uam

1381 1001 1419 1034 de
1441 1002 1548 1044 Spinae
1572 1001 1610 1035 ad
1632 1003 1757 1037 lumbos
1781 1000 1914 1041 dolore,
1938 1013 2003 1045 quo
2026 1012 2060 1035 ea
2081 1000 2139 1035 sibi
2162 1000 2265 1033 media
2311 1000 2382 1036 isse-

1381 1045 1444 1077 cari
1478 1044 1678 1079 videbatur.
1716 1048 1818 1079 Erant
1849 1054 2014 1086 propterea
2059 1044 2115 1086 qui
2158 1044 2383 1080 intestinorum

1381 1088 1635 1122 inflammatione
1656 1089 1797 1125 laborare
1820 1086 2007 1126 hominem,
2031 1085 2193 1122 crederent
2219 1098 2225 1118 :
2259 1089 2386 1122 Valsal-

1380 1143 1417 1163 va
1442 1141 1548 1165 autem
1570 1135 1604 1164 in
1627 1132 1759 1165 thorace
1795 1142 1862 1164 eam
1896 1130 1952 1164 esse
1974 1155 1986 1172 ,
2017 1129 2234 1172 suspicabatur
2258 1156 2265 1163 .
2301 1133 2384 1167 Erat

1380 1183 1485 1209 autem
1509 1175 1617 1217 pulsus
1638 1176 1776 1215 debilis,
1799 1174 2015 1218 humilisque;
2040 1173 2092 1207 sed
2114 1175 2172 1219 qui·
2205 1183 2311 1208 tamen
2344 1176 2384 1210 li-

1378 1226 1492 1260 gatus,
1514 1228 1550 1252 ut
1575 1217 1664 1262 ajunt
1688 1243 1700 1260 ,
1733 1218 1895 1252 videretur
1918 1242 1926 1249 .
1961 1220 2091 1259 Surgere
2113 1239 2126 1257 ,
2157 1217 2243 1261 quasi
2277 1218 2384 1253 abitu-

1381 1272 1458 1302 rus,
1482 1260 1560 1305 saepe
1581 1263 1705 1296 voluit.
1732 1265 1791 1296 Per
1815 1260 1882 1297 haec
1905 1262 1989 1295 intra
2020 1262 2155 1294 tertium
2177 1285 2186 1300 ,
2220 1272 2258 1294 an
2286 1273 2384 1304 quar-

1381 1314 1450 1339 tum
1474 1316 1511 1338 ex
1532 1316 1603 1348 quo*
1619 1307 1657 1338 inv
1679 1304 1914 1339 Nosocomium
1939 1313 2085 1344 venerat,
2108 1302 2195 1337 diem
2215 1303 2383 1339 confectus

1380 1349 1443 1382 est.
1580 1350 1785 1384 VENTER
1820 1348 1903 1382 nihil
1936 1347 2050 1381 habuit
2083 1347 2173 1390 quod
2206 1348 2380 1382 secundum

1381 1401 1635 1426 naturam·non
1667 1392 1739 1427 esset
1764 1418 1771 1425 .
1915 1393 1952 1425 In
1995 1390 2147 1426 Thorace
2192 1400 2298 1425 autem
2343 1391 2384 1428 ab

1382 1436 1480 1469 altera
1515 1436 1712 1479 potiffimum
1746 1445 1834 1479 parte
1867 1435 1985 1469 humor
2018 1434 2181 1477 stagnabat
2199 1458 2213 1477 ,
2247 1436 2282 1469 in
2311 1446 2388 1478 quo·

1381 1479 1476 1515 frusta
1510 1481 1659 1513 natabant
1691 1479 1775 1523 quasi
1809 1478 2095 1514 membranulas-um
2128 1477 2383 1517 albiffimarum3

1381 1533 1417 1557 ut
1439 1522 1524 1558 nihil
1548 1526 1650 1566 magis
1674 1522 1827 1564 referret,
1849 1534 1944 1566 quam
1970 1520 2072 1555 serum
2093 1523 2287 1562 vaccinum,
2310 1532 2385 1566 par-

1385 1568 1500 1603 ticulas
1532 1569 1672 1601 retinens
1703 1566 1780 1602 casei
1816 1565 2016 1600 secundarii.
2059 1564 2178 1598 Pleurae
2208 1566 2281 1599 vasa
2316 1576 2385 1599 ma-

1384 1612 1433 1653 gis
1464 1621 1560 1654 quam
1595 1611 1696 1643 solent
1718 1633 1730 1650 ,
1762 1609 1914 1644 rubebant
1935 1632 1945 1646 ,
1979 1609 2035 1641 nec
2067 1608 2172 1642 multo
2195 1607 2231 1642 id
2253 1618 2383 1642 tamen.

1384 1652 1601 1688 Pericardium
1624 1665 1697 1685 vero
1731 1653 1797 1686 fuit
1832 1654 1909 1686 adeo
1940 1652 2139 1693 distentum,
2158 1660 2195 1685 ut
2217 1653 2273 1686 vix
2295 1659 2385 1686 com-

1386 1699 1541 1739 puncs'tum
1563 1721 1574 1737 ,
1613 1708 1701 1739 aquae
1746 1695 1812 1739 ejus
1852 1708 1912 1738 qua
1955 1704 2020 1728 erat
2059 1694 2270 1738 pseniffimum
2292 1720 2305 1737 ,
2335 1706 2386 1730 te-

1384 1752 1445 1779 nue
1476 1739 1561 1783 quasi
1595 1739 1687 1775 filum
1718 1738 1757 1772 ad
1789 1739 1865 1772 non'
1887 1738 2049 1772 modicam
2083 1738 2289 1772 altitudinem
2320 1737 2388 1781 eja-

1381 1785 1535 1819 culaverit
1561 1809 1567 1815 .
1601 1783 1721 1816 Cordis
1753 1794 1865 1815 mucro
1890 1783 1960 1826 plus
1984 1793 2075 1824 ,aequo
2098 1780 2209 1815 rubens
2229 1805 2239 1820 ‚
2273 1783 2385 1816 leviter

1383 1828 1602 1861 inflammatus
1637 1825 1729 1860 fuisse
1759 1826 1926 1860 videbatur
1949 1850 1957 1856 .
2097 1826 2207 1865 Caput
2249 1824 2386 1869 denique

1381 1882 1455 1915 cum
1478 1871 1610 1905 secarem
1636 1870 1820 1919 ‚tprimum
1846 1868 2074 1909 animadverti,
2101 1868 2266 1912 plerosque
2301 1868 2387 1905 dees-.
2437 1898 2443 1900 f

1383 1915 1411 1947 se
1433 1913 1541 1948 dentes
1571 1939 1579 1954 ‚
1611 1925 1665 1956 qui
1693 1923 1797 1946 autem
1821 1912 1966 1947 restarent
1989 1936 2001 1953 ‚
2037 1912 2098 1949 hos
2118 1923 2229 1945 omnes
2253 1914 2385 1954 nigros,

1383 1961 1415 1991 δε
1439 1958 1519 1991 alios
1551 1968 1664 1999 magna
1693 1980 1701 1994 ‚
1735 1957 1813 1992 alios
1847 1959 1984 1991 maxima
2018 1967 2056 1988 ex
2087 1966 2175 1998 parte
2209 1956 2346 1992 cariosos
2368 1980 2379 1995 ,

1383 2012 1422 2033 an
1445 2001 1531 2045 quod
1566 2002 1688 2039 calens,
1712 1999 1832 2033 solebat
1864 2000 1970 2033 bibere
1996 2004 2006 2031 ?
2042 2010 2079 2032 an
2104 2010 2143 2032 ex
2166 2002 2244 2034 aeris
2267 2001 2320 2033 cui
2353 2000 2383 2034 se

1383 2055 1567 2087 quacunque
1610 2043 1790 2088 tempestate
1829 2042 2003 2087 objiciebat
2028 2067 2036 2082 ,
2081 2043 2250 2085 injuriis?
2291 2044 2384 2079 Tum

1383 2088 1492 2122 cranio
1526 2086 1677 2127 recluso,
1711 2087 1851 2121 multum
1884 2098 1971 2128 aquae
2008 2087 2090 2119 inter
2125 2086 2288 2128 Creusam,
2314 2088 2385 2122 Te-

1383 2141 1539 2173 nuemque
1573 2131 1753 2171 meningem
1785 2130 1949 2163 inventum
1979 2129 2021 2162 est
2044 2155 2052 2162 .
2087 2129 2148 2162 Illa
2169 2153 2182 2170 ,
2212 2129 2299 2173 siqua
2322 2131 2385 2168 alia

1385 2185 1526 2217 unquam
1547 2197 1559 2214 ,
1591 2172 1775 2208 extantibus
1808 2170 1847 2205 ad
1877 2171 2038 2216 Processus
2081 2173 2206 2206 lacertis
2249 2174 2385 2216 praedita

1384 2227 1450 2251 erat
1474 2243 1481 2252 .
1519 2219 1576 2250 Per
1609 2219 1754 2251 Tenuem
1788 2225 1892 2249 autem
1926 2217 2082 2258 reptantia
2107 2214 2175 2249 vasa
2199 2228 2385 2260 quacunque

1388 2261 1549 2294 cerebrum
1581 2259 1854 2293 circumvestiebat
1876 2283 1889 2299 ,
1922 2261 2032 2294 omnia
2068 2259 2218 2302 sanguine
2251 2271 2386 2304 praetur-

1388 2304 1485 2347 gida3
1509 2314 1573 2336 non
1596 2302 1638 2335 fic
1661 2314 1730 2344 quae
1753 2304 1786 2334 in
1810 2304 1993 2336 ventricuhs
2018 2303 2218 2338 Lateralibus
2243 2330 2251 2338 .
2287 2307 2385 2338 Cere-

1387 2349 1437 2381 bri
1461 2348 1588 2384 demum
1611 2344 1690 2384 basis
1709 2368 1722 2386 ,
1755 2348 1788 2384 &
1821 2345 1897 2384 huic
1930 2346 2077 2389 proxima
2108 2346 2277 2385 ,substantia
2311 2348 2386 2384 flac-

1386 2391 1477 2430 cida.

1427 2445 1480 2477 41.
1506 2431 1607 2471 Quod
1630 2431 1709 2475 saepe
1731 2431 1834 2470 homo
1857 2431 1980 2475 surgere
2006 2455 2015 2470 ‚
2049 2431 2137 2476 quasi
2167 2444 2246 2470 mox
2278 2433 2385 2469 abitu-

1386 2490 1459 2517 rus,
1483 2478 1632 2516 volebat,
1664 2477 1698 2508 in
1732 2486 1769 2507 eo
1800 2475 2053 2518 delirialiquid
2088 2475 2256 2513 manifesto
2288 2485 2384 2517 erat,

1388 2521 1516 2563 ejusque
1538 2519 1629 2553 causa
1653 2520 1687 2551 in
1710 2518 1853 2552 distentis
1876 2517 1953 2552 adeo
1976 2519 2093 2552 cerebri
2117 2518 2193 2554 valis
2218 2543 2229 2560 ,
2263 2530 2318 2553 aut
2350 2522 2383 2553 in

1388 2577 1475 2608 aquae
1498 2566 1526 2596 ei
1549 2561 1747 2596 circumfusae
1781 2563 1954 2595 acrimonia
1985 2562 2150 2605 quaerenda
2183 2563 2255 2597 est.
2292 2565 2384 2600 Nam

1387 2611 1420 2641 in
1454 2607 1587 2641 thorace
1625 2617 1752 2649 quoque
1785 2608 1816 2638 δι
1847 2607 1989 2648 pleuram
2013 2629 2025 2646 ‚
2059 2609 2091 2640 ὃ(
2113 2607 2223 2641 cordis
2255 2619 2385 2642 mucro-

1386 2664 1456 2686 nem
1490 2651 1597 2685 eadem
1629 2648 1716 2692 quali
1750 2648 1954 2685 inflammass'e
1974 2650 2073 2683 videri
2099 2649 2199 2688 potest
2223 2675 2230 2683 .
2256 2650 2349 2695 Quid
2372 2674 2384 2691 ,

1386 2695 1409 2728 si
1436 2706 1506 2737 pars
1530 2695 1619 2727 illius
1645 2705 1684 2725 ex
1705 2693 1805 2725 cranii
1829 2704 1909 2726 cavo
1939 2694 1972 2725 in
2007 2695 2111 2735 Spinae
2149 2696 2263 2728 tubum
2295 2694 2385 2727 dela-

1386 2738 1461 2781 psa,
1483 2748 1549 2771 tam
1571 2737 1720 2774 acerbum
1753 2736 1847 2772 illum
1877 2737 1916 2770 ad
1951 2737 2074 2772 lumbos
2105 2736 2250 2772 dolorem
2284 2736 2385 2772 facie-

1384 2780 1465 2821 bat?
1490 2781 1574 2815 nihil
1597 2782 1682 2812 enim
1707 2780 1882 2821 proclivius
1904 2778 1968 2820 est,
1993 2792 2087 2822 quarn
2110 2782 2166 2814 ubi
2201 2793 2314 2825 aquam
2350 2783 2384 2814 in

1384 2827 1487 2869 plures
1519 2822 1646 2861 effusam
1679 2824 1824 2869 corporis
1854 2835 1960 2857 caveas
1982 2823 2124 2858 videmus
2146 2849 2155 2864 ,
2188 2828 2220 2859 &c
2251 2827 2283 2858 in
2308 2825 2385 2859 alias

1386 2870 1507 2911 aliquas
1537 2867 1666 2905 effusam
1695 2869 1883 2908 conjicere.
1921 2867 1960 2900 Id
1994 2879 2067 2900 vero
2099 2869 2175 2904 dico
2199 2894 2207 2908 ,
2241 2879 2278 2902 ne
2316 2868 2387 2903 for-

1385 2922 1417 2945 te
1449 2911 1556 2949 credas
1580 2935 1591 2952 ,
1624 2922 1696 2944 eum
1729 2910 1874 2945 dolorem
1908 2912 1953 2943 ita
1994 2910 2050 2944 effe
2094 2912 2300 2954 repetendum
2345 2913 2384 2946 ab

1385 2954 1530 2999 hydrope
1555 2954 1752 2998 pericardii,
1774 2963 1809 2988 ut
1823 2965 1894 2986 cum
1906 2955 2000 2987 aliam
2024 2966 2136 2996 praeter
2161 2956 2245 2989 hune
2268 2955 2384 2989 habere

1384 2999 1510 3033 causam
1532 3010 1596 3031 non
1622 2996 1720 3041 posset
1744 3019 1753 3034 ,
1788 2999 1870 3029 inter
1903 2998 2073 3039 peculiaria
2107 2998 2144 3031 sit
2177 3010 2243 3041 ejus
2276 2999 2383 3032 morbi

1383 3042 1467 3086 signa
1500 3040 1626 3076 sortasse
1658 3039 1867 3076 numerandus
1891 3064 1903 3080 ,
1938 3043 2112 3084 praesertim
2144 3053 2216 3076 cum
2260 3044 2293 3075 in
2327 3043 2384 3076 illa

1381 3097 1508 3129 quoque
1541 3084 1675 3119 foemina
1709 3083 1746 3117 de
1777 3096 1839 3129 qua
1873 3084 2035 3118 novissime
2060 3085 2184 3122 dictum
2209 3085 2251 3119 est
2274 3088 2323 3129 (r
2345 3090 2384 3128 >,

1383 3130 1566 3164 lumborum
1598 3128 1698 3174 dolor¹
1733 3129 1889 3162 accefierit
1912 3152 1923 3168 ‚
1969 3131 2001 3161 δε
2044 3127 2239 3173 grawffimus
2285 3128 2384 3165 suerit

1384 3174 1418 3206 in
1445 3173 1569 3218 Juvene
1592 3196 1604 3212 ‚
1646 3182 1734 3213 cnjus
1777 3171 1908 3205 historia
1931 3195 1944 3212 ‚
1989 3183 2005 3205 a
2037 3171 2144 3205 Blasio
2191 3171 2349 3216 descripta
2371 3197 2381 3213 ,

1384 3219 1418 3250 in
1451 3215 1694 3259 Sepulchretum
1726 3214 1808 3257 (s)
1840 3216 1936 3249 relata
1969 3215 2012 3249 est
2036 3241 2043 3248 .
2082 3216 2223 3260 Utrique
2265 3225 2349 3250 certe
2373 3240 2383 3255 ‚

1384 3264 1417 3298 ὃς
1450 3260 1526 3293 huic
1561 3258 1755 3302 potiffimum
1786 3256 1903 3302 Juveni
1939 3261 1965 3292 is
2000 3258 2143 3301 hydrops
2176 3259 2275 3298 fuit3
2309 3270 2385 3293 neu-

1384 3305 1428 3337 tri
1461 3313 1565 3337 tamen
1599 3303 1661 3337 alia
1694 3302 1823 3335 deerant
1844 3327 1856 3343 ,
1889 3305 1923 3335 in
1957 3315 2029 3346 quae
2062 3303 2116 3334 ille
2151 3301 2245 3337 dolor
2289 3302 2383 3347 rejici

1385 3346 1486 3391 posset
1511 3371 1519 3378 .
1554 3345 1624 3389 Ipse
1656 3355 1761 3379 autem
1793 3346 1939 3382 Valsalva
1970 3349 2004 3379 in
2037 3357 2074 3377 eo
2110 3344 2149 3378 de
2180 3358 2245 3390 quo
2277 3347 2384 3389 loqui-

1386 3402 1458 3423 mur
1482 3415 1490 3429 ,
1524 3391 1595 3422 viro
1618 3412 1628 3427 ,
1663 3399 1728 3422 non
1761 3390 1973 3431 pericardium
2004 3387 2135 3422 definite
2157 3413 2170 3430 ‚
2206 3389 2256 3427 sed
2289 3400 2384 3432 gene-

1386 3435 1481 3466 ratim
1505 3434 1645 3476 aliquam
1667 3433 1810 3466 thoracis
1843 3434 1926 3468 affici
1959 3442 2080 3476 partem
2111 3444 2148 3466 ex
2185 3431 2296 3466 dolore
2325 3433 2384 3466 illo

1385 3476 1600 3518 conjecturam
1631 3475 1797 3512 ducebat.
1835 3479 1928 3515 Quin
1961 3475 2053 3511 facile
2085 3476 2260 3510 meminisse
2292 3485 2384 3518 potes

1385 3521 1473 3564 quod
1497 3521 1573 3553 alias
1605 3523 1686 3560 (t)
1718 3519 1755 3554 ad
1783 3531 1812 3554 te
1836 3520 1943 3564 scripsi
1967 3545 1980 3561 ,
2012 3530 2046 3554 ut
2071 3518 2184 3555 soleret
2217 3519 2383 3596 molsestum

2219 3566 2270 3596 sen
2288 3574 2341 3596 um
