<?xml version="1.0" encoding="UTF-8"?>
<!DOCTYPE html PUBLIC "-//W3C//DTD XHTML 1.0 Transitional//EN"
    "http://www.w3.org/TR/xhtml1/DTD/xhtml1-transitional.dtd">
<html xmlns="http://www.w3.org/1999/xhtml" xml:lang="en" lang="en">
 <head>
  <title>
</title>
<meta http-equiv="Content-Type" content="text/html;charset=utf-8" />
  <meta name='ocr-system' content='tesseract 3.04.00' />
  <meta name='ocr-capabilities' content='ocr_page ocr_carea ocr_par ocr_line ocrx_word'/>
</head>
<body>
  <div class='ocr_page' id='page_1' title='image "./desedibusetcausi00morg_0516.png"; bbox 0 0 2498 4075; ppageno 0'>
   <div class='ocr_carea' id='block_1_1' title="bbox 432 127 525 183">
    <p class='ocr_par' dir='ltr' id='par_1_1' title="bbox 432 127 525 183">
     <span class='ocr_line' id='line_1_1' title="bbox 432 127 525 183; baseline 0 -1"><span class='ocrx_word' id='word_1_1' title='bbox 432 127 525 183; x_wconf 65' lang='lat'>⁴118</span> 
     </span>
    </p>
   </div>
   <div class='ocr_carea' id='block_1_2' title="bbox 364 198 1404 3419">
    <p class='ocr_par' dir='ltr' id='par_1_2' title="bbox 364 198 1395 2419">
     <span class='ocr_line' id='line_1_2' title="bbox 368 198 1366 243; baseline -0.016 -2"><span class='ocrx_word' id='word_1_2' title='bbox 368 203 418 240; x_wconf 84' lang='lat' dir='ltr'>bis</span> <span class='ocrx_word' id='word_1_3' title='bbox 441 200 685 240; x_wconf 80' lang='lat' dir='ltr'>Praestantiffimi</span> <span class='ocrx_word' id='word_1_4' title='bbox 709 198 815 241; x_wconf 86' lang='lat' dir='ltr'>Viri,·</span> <span class='ocrx_word' id='word_1_5' title='bbox 838 198 860 232; x_wconf 85' lang='lat' dir='ltr'>si</span> <span class='ocrx_word' id='word_1_6' title='bbox 884 198 928 232; x_wconf 88' lang='lat' dir='ltr'>ita</span> <span class='ocrx_word' id='word_1_7' title='bbox 954 200 1174 242; x_wconf 79' lang='lat' dir='ltr'>accipiantur,</span> <span class='ocrx_word' id='word_1_8' title='bbox 1209 199 1293 243; x_wconf 63' lang='lat' dir='ltr'>quafi</span> <span class='ocrx_word' id='word_1_9' title='bbox 1327 199 1366 232; x_wconf 69' lang='lat' dir='ltr'>de</span> 
     </span>
     <span class='ocr_line' id='line_1_3' title="bbox 368 242 1365 287; baseline -0.01 -4"><span class='ocrx_word' id='word_1_10' title='bbox 368 251 460 283; x_wconf 82' lang='lat' dir='ltr'>nullo</span> <span class='ocrx_word' id='word_1_11' title='bbox 484 250 547 282; x_wconf 90' lang='lat' dir='ltr'>alio</span> <span class='ocrx_word' id='word_1_12' title='bbox 562 271 574 287; x_wconf 87' lang='lat'><em>‚</em></span> <span class='ocrx_word' id='word_1_13' title='bbox 596 247 654 279; x_wconf 80' lang='lat' dir='ltr'>nisi</span> <span class='ocrx_word' id='word_1_14' title='bbox 678 244 782 277; x_wconf 80' lang='lat' dir='ltr'>ovarii</span> <span class='ocrx_word' id='word_1_15' title='bbox 798 268 807 284; x_wconf 92' lang='lat'>,</span> <span class='ocrx_word' id='word_1_16' title='bbox 830 242 976 284; x_wconf 83' lang='lat' dir='ltr'>hydrope</span> <span class='ocrx_word' id='word_1_17' title='bbox 1001 242 1118 285; x_wconf 85' lang='lat' dir='ltr'>scripta</span> <span class='ocrx_word' id='word_1_18' title='bbox 1130 243 1365 278; x_wconf 82' lang='lat' dir='ltr'>existimemus,</span> 
     </span>
     <span class='ocr_line' id='line_1_4' title="bbox 368 286 1365 330; baseline -0.011 -3"><span class='ocrx_word' id='word_1_19' title='bbox 368 292 551 330; x_wconf 80' lang='lat' dir='ltr'>adversari,</span> <span class='ocrx_word' id='word_1_20' title='bbox 574 288 730 328; x_wconf 82' lang='lat' dir='ltr'>intelligis</span> <span class='ocrx_word' id='word_1_21' title='bbox 753 298 824 329; x_wconf 83' lang='lat' dir='ltr'>quae</span> <span class='ocrx_word' id='word_1_22' title='bbox 845 286 884 319; x_wconf 91' lang='lat' dir='ltr'>de</span> <span class='ocrx_word' id='word_1_23' title='bbox 907 286 1072 319; x_wconf 85' lang='lat' dir='ltr'>nonnullis</span> <span class='ocrx_word' id='word_1_24' title='bbox 1096 287 1168 320; x_wconf 81' lang='lat' dir='ltr'>aliis</span> <span class='ocrx_word' id='word_1_25' title='bbox 1180 297 1250 321; x_wconf 90' lang='lat' dir='ltr'>tum</span> <span class='ocrx_word' id='word_1_26' title='bbox 1272 286 1365 325; x_wconf 80' lang='lat' dir='ltr'>supra</span> 
     </span>
     <span class='ocr_line' id='line_1_5' title="bbox 364 327 1365 376; baseline -0.016 0"><span class='ocrx_word' id='word_1_27' title='bbox 364 340 383 376; x_wconf 87' lang='lat'>(</span> <span class='ocrx_word' id='word_1_28' title='bbox 407 347 426 369; x_wconf 75' lang='lat'>⁷1</span> <span class='ocrx_word' id='word_1_29' title='bbox 448 339 461 375; x_wconf 88' lang='lat'>)</span> <span class='ocrx_word' id='word_1_30' title='bbox 482 332 603 367; x_wconf 69' lang='lat' dir='ltr'>Ostensa</span> <span class='ocrx_word' id='word_1_31' title='bbox 627 330 721 366; x_wconf 81' lang='lat' dir='ltr'>sunt,</span> <span class='ocrx_word' id='word_1_32' title='bbox 746 338 817 363; x_wconf 86' lang='lat' dir='ltr'>tum</span> <span class='ocrx_word' id='word_1_33' title='bbox 862 327 946 360; x_wconf 88' lang='lat' dir='ltr'>infra</span> <span class='ocrx_word' id='word_1_34' title='bbox 990 328 1196 363; x_wconf 86' lang='lat' dir='ltr'>ostendentur</span> <span class='ocrx_word' id='word_1_35' title='bbox 1218 354 1227 362; x_wconf 88' lang='lat'><strong>.</strong></span> <span class='ocrx_word' id='word_1_36' title='bbox 1267 331 1365 362; x_wconf 87' lang='lat' dir='ltr'>Porro</span> 
     </span>
     <span class='ocr_line' id='line_1_6' title="bbox 367 370 1365 424; baseline -0.012 -10"><span class='ocrx_word' id='word_1_37' title='bbox 367 379 455 424; x_wconf 86' lang='lat' dir='ltr'>quod</span> <span class='ocrx_word' id='word_1_38' title='bbox 479 376 517 410; x_wconf 85' lang='lat' dir='ltr'>ad</span> <span class='ocrx_word' id='word_1_39' title='bbox 542 374 562 408; x_wconf 84' lang='lat' dir='ltr'>si</span> <span class='ocrx_word' id='word_1_40' title='bbox 591 385 629 407; x_wconf 84' lang='lat' dir='ltr'>na</span> <span class='ocrx_word' id='word_1_41' title='bbox 653 375 769 406; x_wconf 85' lang='lat' dir='ltr'>attinet</span> <span class='ocrx_word' id='word_1_42' title='bbox 781 370 1055 413; x_wconf 81' lang='lat' dir='ltr'>illiushydropis,</span> <span class='ocrx_word' id='word_1_43' title='bbox 1081 372 1189 406; x_wconf 77' lang='lat' dir='ltr'>Praecl.</span> <span class='ocrx_word' id='word_1_44' title='bbox 1216 371 1365 405; x_wconf 87' lang='lat' dir='ltr'>Trewius</span> 
     </span>
     <span class='ocr_line' id='line_1_7' title="bbox 367 386 1365 462; baseline -0.017 -6"><span class='ocrx_word' id='word_1_45' title='bbox 367 427 382 462; x_wconf 90' lang='lat'><strong>(</strong></span> <span class='ocrx_word' id='word_1_46' title='bbox 406 421 455 462; x_wconf 88' lang='lat' dir='ltr'>o)</span> <span class='ocrx_word' id='word_1_47' title='bbox 477 418 534 453; x_wconf 85' lang='lat' dir='ltr'>ubi</span> <span class='ocrx_word' id='word_1_48' title='bbox 559 386 647 451; x_wconf 53' lang='lat' dir='ltr'>(iiam</span> <span class='ocrx_word' id='word_1_49' title='bbox 669 415 735 459; x_wconf 82' lang='lat' dir='ltr'>ejus</span> <span class='ocrx_word' id='word_1_50' title='bbox 768 414 1037 447; x_wconf 87' lang='lat' dir='ltr'>Observationem</span> <span class='ocrx_word' id='word_1_51' title='bbox 1070 415 1225 457; x_wconf 84' lang='lat' dir='ltr'>proponit</span> <span class='ocrx_word' id='word_1_52' title='bbox 1249 439 1258 454; x_wconf 90' lang='lat'>,</span> <span class='ocrx_word' id='word_1_53' title='bbox 1288 412 1365 446; x_wconf 81' lang='lat' dir='ltr'>fuis.</span> 
     </span>
     <span class='ocr_line' id='line_1_8' title="bbox 369 456 1367 504; baseline -0.018 -5"><span class='ocrx_word' id='word_1_54' title='bbox 369 466 420 504; x_wconf 80' lang='lat' dir='ltr'>se,</span> <span class='ocrx_word' id='word_1_55' title='bbox 443 464 511 503; x_wconf 82' lang='lat' dir='ltr'>ait,</span> <span class='ocrx_word' id='word_1_56' title='bbox 536 462 620 494; x_wconf 88' lang='lat' dir='ltr'>inter</span> <span class='ocrx_word' id='word_1_57' title='bbox 642 459 717 492; x_wconf 84' lang='lat' dir='ltr'>illos</span> <span class='ocrx_word' id='word_1_58' title='bbox 750 459 807 499; x_wconf 91' lang='lat' dir='ltr'>qui</span> <span class='ocrx_word' id='word_1_59' title='bbox 839 457 978 490; x_wconf 80' lang='lat' dir='ltr'>viventis</span> <span class='ocrx_word' id='word_1_60' title='bbox 1024 456 1167 491; x_wconf 79' lang='lat' dir='ltr'>foemi&#39;nae</span> <span class='ocrx_word' id='word_1_61' title='bbox 1210 457 1367 490; x_wconf 65' lang='lat' dir='ltr'>abdomen</span> 
     </span>
     <span class='ocr_line' id='line_1_9' title="bbox 365 499 1370 543; baseline -0.01 -2"><span class='ocrx_word' id='word_1_62' title='bbox 365 507 614 543; x_wconf 71' lang='lat' dir='ltr'>examinarunt,</span> <span class='ocrx_word' id='word_1_63' title='bbox 637 503 716 535; x_wconf 84' lang='lat' dir='ltr'>alios</span> <span class='ocrx_word' id='word_1_64' title='bbox 740 501 797 542; x_wconf 88' lang='lat' dir='ltr'>qui</span> <span class='ocrx_word' id='word_1_65' title='bbox 820 499 983 541; x_wconf 79' lang='lat' dir='ltr'>hydropem</span> <span class='ocrx_word' id='word_1_66' title='bbox 1021 499 1183 541; x_wconf 78' lang='lat' dir='ltr'>saccatum</span> <span class='ocrx_word' id='word_1_67' title='bbox 1220 499 1334 543; x_wconf 82' lang='lat' dir='ltr'>subeffe</span> <span class='ocrx_word' id='word_1_68' title='bbox 1357 522 1370 538; x_wconf 90' lang='lat'><em>‚</em></span> 
     </span>
     <span class='ocr_line' id='line_1_10' title="bbox 367 540 1370 594; baseline -0.018 -10"><span class='ocrx_word' id='word_1_69' title='bbox 367 549 630 594; x_wconf 76' lang='lat' dir='ltr'>pronunciarent;</span> <span class='ocrx_word' id='word_1_70' title='bbox 652 546 730 578; x_wconf 86' lang='lat' dir='ltr'>alios</span> <span class='ocrx_word' id='word_1_71' title='bbox 753 554 829 576; x_wconf 76' lang='lat' dir='ltr'>vero</span> <span class='ocrx_word' id='word_1_72' title='bbox 853 543 910 585; x_wconf 89' lang='lat' dir='ltr'>qui</span> <span class='ocrx_word' id='word_1_73' title='bbox 932 552 971 577; x_wconf 84' lang='lat' dir='ltr'>ex</span> <span class='ocrx_word' id='word_1_74' title='bbox 993 552 1026 575; x_wconf 84' lang='lat' dir='ltr'>eo</span> <span class='ocrx_word' id='word_1_75' title='bbox 1048 544 1126 584; x_wconf 79' lang='lat' dir='ltr'>quod</span> <span class='ocrx_word' id='word_1_76' title='bbox 1140 540 1229 584; x_wconf 57' lang='lat' dir='ltr'>fasta</span> <span class='ocrx_word' id='word_1_77' title='bbox 1248 541 1370 584; x_wconf 34' lang='lat' dir='ltr'>peresus.</span> 
     </span>
     <span class='ocr_line' id='line_1_11' title="bbox 367 583 1368 637; baseline -0.011 -10"><span class='ocrx_word' id='word_1_78' title='bbox 367 593 451 637; x_wconf 85' lang='lat' dir='ltr'>fione</span> <span class='ocrx_word' id='word_1_79' title='bbox 465 615 474 630; x_wconf 94' lang='lat'>,</span> <span class='ocrx_word' id='word_1_80' title='bbox 491 589 659 632; x_wconf 67' lang='lat' dir='ltr'>fluft&#39;uatio</span> <span class='ocrx_word' id='word_1_81' title='bbox 681 587 763 621; x_wconf 80' lang='lat' dir='ltr'>haud</span> <span class='ocrx_word' id='word_1_82' title='bbox 779 585 861 628; x_wconf 72' lang='lat' dir='ltr'>scitis</span> <span class='ocrx_word' id='word_1_83' title='bbox 884 583 1041 627; x_wconf 76' lang='lat' dir='ltr'>manifhste</span> <span class='ocrx_word' id='word_1_84' title='bbox 1059 587 1181 627; x_wconf 79' lang='lat' dir='ltr'>percipi</span> <span class='ocrx_word' id='word_1_85' title='bbox 1201 593 1368 628; x_wconf 74' lang='lat' dir='ltr'>potuerat,</span> 
     </span>
     <span class='ocr_line' id='line_1_12' title="bbox 368 628 1369 672; baseline -0.015 -2"><span class='ocrx_word' id='word_1_86' title='bbox 368 636 460 672; x_wconf 83' lang='lat' dir='ltr'>illum</span> <span class='ocrx_word' id='word_1_87' title='bbox 482 636 514 669; x_wconf 83' lang='lat' dir='ltr'>in</span> <span class='ocrx_word' id='word_1_88' title='bbox 536 632 663 666; x_wconf 78' lang='lat' dir='ltr'>dubium</span> <span class='ocrx_word' id='word_1_89' title='bbox 684 635 850 663; x_wconf 72' lang='lat' dir='ltr'>vocarent:</span> <span class='ocrx_word' id='word_1_90' title='bbox 876 637 945 661; x_wconf 90' lang='lat' dir='ltr'>tum</span> <span class='ocrx_word' id='word_1_91' title='bbox 967 629 1031 670; x_wconf 83' lang='lat' dir='ltr'>ipse</span> <span class='ocrx_word' id='word_1_92' title='bbox 1054 630 1172 670; x_wconf 82' lang='lat' dir='ltr'>quaerit</span> <span class='ocrx_word' id='word_1_93' title='bbox 1195 651 1207 668; x_wconf 88' lang='lat'><em>‚</em></span> <span class='ocrx_word' id='word_1_94' title='bbox 1251 628 1369 669; x_wconf 72' lang='lat' dir='ltr'>quando</span> 
     </span>
     <span class='ocr_line' id='line_1_13' title="bbox 369 669 1367 714; baseline -0.011 -1"><span class='ocrx_word' id='word_1_95' title='bbox 369 678 515 713; x_wconf 82' lang='lat' dir='ltr'>abdomen</span> <span class='ocrx_word' id='word_1_96' title='bbox 540 676 573 709; x_wconf 85' lang='lat' dir='ltr'>in</span> <span class='ocrx_word' id='word_1_97' title='bbox 596 674 707 708; x_wconf 80' lang='lat' dir='ltr'>molem</span> <span class='ocrx_word' id='word_1_98' title='bbox 725 670 1012 714; x_wconf 51' lang='lat' dir='ltr'>proeternaturalcm</span> <span class='ocrx_word' id='word_1_99' title='bbox 1035 671 1240 712; x_wconf 85' lang='lat' dir='ltr'>expanditur,</span> <span class='ocrx_word' id='word_1_100' title='bbox 1271 669 1367 712; x_wconf 86' lang='lat' dir='ltr'>fimul</span> 
     </span>
     <span class='ocr_line' id='line_1_14' title="bbox 368 712 1366 765; baseline -0.017 -9"><span class='ocrx_word' id='word_1_101' title='bbox 368 718 571 765; x_wconf 77' lang='lat' dir='ltr'>ponderosum</span> <span class='ocrx_word' id='word_1_102' title='bbox 595 719 637 753; x_wconf 63' lang='grc' dir='ltr'>(ἐν</span> <span class='ocrx_word' id='word_1_103' title='bbox 654 726 750 758; x_wconf 70' lang='lat' dir='ltr'>grave</span> <span class='ocrx_word' id='word_1_104' title='bbox 773 713 831 754; x_wconf 69' lang='lat' dir='ltr'>est,</span> <span class='ocrx_word' id='word_1_105' title='bbox 854 712 1018 755; x_wconf 66' lang='lat' dir='ltr'>fintiuatio</span> <span class='ocrx_word' id='word_1_106' title='bbox 1040 723 1134 753; x_wconf 67' lang='lat' dir='ltr'>vero,</span> <span class='ocrx_word' id='word_1_107' title='bbox 1156 721 1264 746; x_wconf 64' lang='lat' dir='ltr'>ventre</span> <span class='ocrx_word' id='word_1_108' title='bbox 1292 722 1366 754; x_wconf 77' lang='lat' dir='ltr'>per-</span> 
     </span>
     <span class='ocr_line' id='line_1_15' title="bbox 371 756 1365 808; baseline -0.008 -12"><span class='ocrx_word' id='word_1_109' title='bbox 371 762 472 808; x_wconf 77' lang='lat' dir='ltr'>cuffo,</span> <span class='ocrx_word' id='word_1_110' title='bbox 489 762 573 806; x_wconf 84' lang='lat' dir='ltr'>satis</span> <span class='ocrx_word' id='word_1_111' title='bbox 595 766 737 792; x_wconf 81' lang='lat' dir='ltr'>accurate</span> <span class='ocrx_word' id='word_1_112' title='bbox 756 757 877 800; x_wconf 78' lang='lat' dir='ltr'>percipi</span> <span class='ocrx_word' id='word_1_113' title='bbox 899 756 1024 797; x_wconf 74' lang='lat' dir='ltr'>nequit,</span> <span class='ocrx_word' id='word_1_114' title='bbox 1048 757 1188 798; x_wconf 82' lang='lat' dir='ltr'>quaerit,</span> <span class='ocrx_word' id='word_1_115' title='bbox 1213 758 1365 799; x_wconf 82' lang='lat' dir='ltr'>inquam,</span> 
     </span>
     <span class='ocr_line' id='line_1_16' title="bbox 372 797 1372 842; baseline -0.019 -1"><span class='ocrx_word' id='word_1_116' title='bbox 372 818 414 841; x_wconf 82' lang='lat' dir='ltr'>an</span> <span class='ocrx_word' id='word_1_117' title='bbox 436 807 504 840; x_wconf 86' lang='lat' dir='ltr'>inde</span> <span class='ocrx_word' id='word_1_118' title='bbox 527 802 701 837; x_wconf 80' lang='lat' dir='ltr'>concludere</span> <span class='ocrx_word' id='word_1_119' title='bbox 727 800 845 839; x_wconf 81' lang='lat' dir='ltr'>liceat,</span> <span class='ocrx_word' id='word_1_120' title='bbox 868 799 983 831; x_wconf 71' lang='lat' dir='ltr'>ovariii</span> <span class='ocrx_word' id='word_1_121' title='bbox 1004 797 1168 841; x_wconf 74' lang='lat' dir='ltr'>hydropem</span> <span class='ocrx_word' id='word_1_122' title='bbox 1195 809 1258 842; x_wconf 72' lang='lat' dir='ltr'>prae</span> <span class='ocrx_word' id='word_1_123' title='bbox 1291 799 1372 840; x_wconf 66' lang='lat' dir='ltr'>ascj,</span> 
     </span>
     <span class='ocr_line' id='line_1_17' title="bbox 369 842 1373 888; baseline -0.012 -3"><span class='ocrx_word' id='word_1_124' title='bbox 369 851 435 885; x_wconf 77' lang='lat' dir='ltr'>tide</span> <span class='ocrx_word' id='word_1_125' title='bbox 457 847 597 883; x_wconf 81' lang='lat' dir='ltr'><em>morbum</em></span> <span class='ocrx_word' id='word_1_126' title='bbox 619 843 673 888; x_wconf 77' lang='lat' dir='ltr'>effe</span> <span class='ocrx_word' id='word_1_127' title='bbox 693 842 931 886; x_wconf 77' lang='lat' dir='ltr'>appellandum&gt;</span> <span class='ocrx_word' id='word_1_128' title='bbox 967 842 1095 875; x_wconf 85' lang='lat' dir='ltr'>Verum</span> <span class='ocrx_word' id='word_1_129' title='bbox 1142 842 1195 876; x_wconf 90' lang='lat' dir='ltr'>Cl.</span> <span class='ocrx_word' id='word_1_130' title='bbox 1229 843 1373 885; x_wconf 79' lang='lat' dir='ltr'>Targio-</span> 
     </span>
     <span class='ocr_line' id='line_1_18' title="bbox 368 885 1374 934; baseline -0.012 -7"><span class='ocrx_word' id='word_1_131' title='bbox 368 897 442 928; x_wconf 82' lang='lat' dir='ltr'>nius</span> <span class='ocrx_word' id='word_1_132' title='bbox 465 896 519 934; x_wconf 74' lang='lat' dir='ltr'>(p</span> <span class='ocrx_word' id='word_1_133' title='bbox 541 894 578 929; x_wconf 89' lang='lat'>)‚</span> <span class='ocrx_word' id='word_1_134' title='bbox 601 890 681 930; x_wconf 87' lang='lat' dir='ltr'>qui,</span> <span class='ocrx_word' id='word_1_135' title='bbox 703 887 799 929; x_wconf 81' lang='lat' dir='ltr'>liquis</span> <span class='ocrx_word' id='word_1_136' title='bbox 822 885 923 925; x_wconf 78' lang='lat' dir='ltr'>alius,</span> <span class='ocrx_word' id='word_1_137' title='bbox 946 887 978 917; x_wconf 88' lang='lat'>&amp;</span> <span class='ocrx_word' id='word_1_138' title='bbox 1002 886 1173 919; x_wconf 83' lang='lat' dir='ltr'>immanem</span> <span class='ocrx_word' id='word_1_139' title='bbox 1195 887 1300 919; x_wconf 86' lang='lat' dir='ltr'>ovarii</span> <span class='ocrx_word' id='word_1_140' title='bbox 1316 886 1374 925; x_wconf 88' lang='lat' dir='ltr'>hy-</span> 
     </span>
     <span class='ocr_line' id='line_1_19' title="bbox 367 928 1375 979; baseline -0.02 -8"><span class='ocrx_word' id='word_1_141' title='bbox 367 939 503 979; x_wconf 88' lang='lat' dir='ltr'>dropem</span> <span class='ocrx_word' id='word_1_142' title='bbox 527 931 717 974; x_wconf 79' lang='lat' dir='ltr'>conspexit,</span> <span class='ocrx_word' id='word_1_143' title='bbox 739 932 770 964; x_wconf 69' lang='grc' dir='ltr'>δε</span> <span class='ocrx_word' id='word_1_144' title='bbox 792 929 964 970; x_wconf 82' lang='lat' dir='ltr'>diligenter</span> <span class='ocrx_word' id='word_1_145' title='bbox 983 949 993 964; x_wconf 86' lang='lat'>‚</span> <span class='ocrx_word' id='word_1_146' title='bbox 1031 937 1125 971; x_wconf 80' lang='lat' dir='ltr'>atque</span> <span class='ocrx_word' id='word_1_147' title='bbox 1169 928 1292 962; x_wconf 55' lang='lat' dir='ltr'>erudite</span> <span class='ocrx_word' id='word_1_148' title='bbox 1336 928 1375 962; x_wconf 73' lang='lat' dir='ltr'>de</span> 
     </span>
     <span class='ocr_line' id='line_1_20' title="bbox 366 972 1375 1017; baseline -0.015 -2"><span class='ocrx_word' id='word_1_149' title='bbox 366 981 430 1017; x_wconf 87' lang='lat' dir='ltr'>hoc</span> <span class='ocrx_word' id='word_1_150' title='bbox 455 978 571 1012; x_wconf 86' lang='lat' dir='ltr'>morbo</span> <span class='ocrx_word' id='word_1_151' title='bbox 595 973 745 1017; x_wconf 75' lang='lat' dir='ltr'>scripsit,</span> <span class='ocrx_word' id='word_1_152' title='bbox 767 983 840 1006; x_wconf 87' lang='lat' dir='ltr'>cum</span> <span class='ocrx_word' id='word_1_153' title='bbox 864 972 1054 1005; x_wconf 87' lang='lat' dir='ltr'>Matronam</span> <span class='ocrx_word' id='word_1_154' title='bbox 1080 981 1237 1015; x_wconf 75' lang='lat' dir='ltr'>proponat</span> <span class='ocrx_word' id='word_1_155' title='bbox 1262 993 1270 1008; x_wconf 89' lang='lat'>‚</span> <span class='ocrx_word' id='word_1_156' title='bbox 1303 982 1375 1013; x_wconf 84' lang='lat' dir='ltr'>quae</span> 
     </span>
     <span class='ocr_line' id='line_1_21' title="bbox 369 1013 1375 1065; baseline -0.012 -7"><span class='ocrx_word' id='word_1_157' title='bbox 369 1034 470 1059; x_wconf 82' lang='lat' dir='ltr'>annos</span> <span class='ocrx_word' id='word_1_158' title='bbox 494 1034 510 1055; x_wconf 87' lang='lat' dir='ltr'>a</span> <span class='ocrx_word' id='word_1_159' title='bbox 533 1020 642 1065; x_wconf 85' lang='lat' dir='ltr'>primo</span> <span class='ocrx_word' id='word_1_160' title='bbox 666 1018 766 1050; x_wconf 88' lang='lat' dir='ltr'>initio</span> <span class='ocrx_word' id='word_1_161' title='bbox 791 1015 828 1049; x_wconf 90' lang='lat' dir='ltr'>ad</span> <span class='ocrx_word' id='word_1_162' title='bbox 854 1013 952 1048; x_wconf 79' lang='lat' dir='ltr'>finem</span> <span class='ocrx_word' id='word_1_163' title='bbox 964 1017 1101 1056; x_wconf 82' lang='lat' dir='ltr'>triginta</span> <span class='ocrx_word' id='word_1_164' title='bbox 1118 1016 1375 1056; x_wconf 88' lang='lat' dir='ltr'>quatuoripsurn</span> 
     </span>
     <span class='ocr_line' id='line_1_22' title="bbox 372 1057 1375 1111; baseline -0.01 -11"><span class='ocrx_word' id='word_1_165' title='bbox 372 1067 528 1111; x_wconf 83' lang='lat' dir='ltr'>pertulit,</span> <span class='ocrx_word' id='word_1_166' title='bbox 554 1063 660 1097; x_wconf 88' lang='lat' dir='ltr'>nimio</span> <span class='ocrx_word' id='word_1_167' title='bbox 682 1059 813 1104; x_wconf 86' lang='lat' dir='ltr'>quidem</span> <span class='ocrx_word' id='word_1_168' title='bbox 828 1081 837 1096; x_wconf 92' lang='lat'>‚</span> <span class='ocrx_word' id='word_1_169' title='bbox 860 1057 962 1092; x_wconf 85' lang='lat' dir='ltr'>donec</span> <span class='ocrx_word' id='word_1_170' title='bbox 985 1068 1059 1092; x_wconf 79' lang='lat' dir='ltr'>aetas</span> <span class='ocrx_word' id='word_1_171' title='bbox 1083 1057 1180 1098; x_wconf 84' lang='lat' dir='ltr'>sivit,</span> <span class='ocrx_word' id='word_1_172' title='bbox 1202 1058 1375 1091; x_wconf 86' lang='lat' dir='ltr'>menstruo-</span> 
     </span>
     <span class='ocr_line' id='line_1_23' title="bbox 369 1101 1375 1146; baseline -0.014 0"><span class='ocrx_word' id='word_1_173' title='bbox 369 1122 444 1146; x_wconf 83' lang='lat' dir='ltr'>rum</span> <span class='ocrx_word' id='word_1_174' title='bbox 466 1107 581 1145; x_wconf 86' lang='lat' dir='ltr'>fluxu,</span> <span class='ocrx_word' id='word_1_175' title='bbox 607 1108 638 1139; x_wconf 86' lang='lat'>&amp;</span> <span class='ocrx_word' id='word_1_176' title='bbox 662 1104 780 1138; x_wconf 80' lang='lat' dir='ltr'>crebris</span> <span class='ocrx_word' id='word_1_177' title='bbox 802 1101 939 1144; x_wconf 86' lang='lat' dir='ltr'>denique</span> <span class='ocrx_word' id='word_1_178' title='bbox 964 1101 1218 1138; x_wconf 86' lang='lat' dir='ltr'>vomitionibus,</span> <span class='ocrx_word' id='word_1_179' title='bbox 1254 1103 1285 1134; x_wconf 87' lang='lat'><strong>&amp;</strong></span> <span class='ocrx_word' id='word_1_180' title='bbox 1317 1101 1375 1132; x_wconf 87' lang='lat' dir='ltr'>ali-</span> 
     </span>
     <span class='ocr_line' id='line_1_24' title="bbox 371 1143 1376 1198; baseline -0.014 -9"><span class='ocrx_word' id='word_1_181' title='bbox 371 1167 436 1198; x_wconf 83' lang='lat' dir='ltr'>qua</span> <span class='ocrx_word' id='word_1_182' title='bbox 458 1155 492 1186; x_wconf 90' lang='lat' dir='ltr'>in</span> <span class='ocrx_word' id='word_1_183' title='bbox 516 1148 715 1185; x_wconf 83' lang='lat' dir='ltr'>ascendendo</span> <span class='ocrx_word' id='word_1_184' title='bbox 740 1145 880 1189; x_wconf 85' lang='lat' dir='ltr'>spirandi</span> <span class='ocrx_word' id='word_1_185' title='bbox 902 1144 1093 1178; x_wconf 85' lang='lat' dir='ltr'>difficultate</span> <span class='ocrx_word' id='word_1_186' title='bbox 1116 1153 1249 1183; x_wconf 80' lang='lat' dir='ltr'>vexata,</span> <span class='ocrx_word' id='word_1_187' title='bbox 1272 1147 1303 1176; x_wconf 66' lang='grc' dir='ltr'>ὅ(</span> <span class='ocrx_word' id='word_1_188' title='bbox 1325 1143 1376 1176; x_wconf 89' lang='lat' dir='ltr'>su-</span> 
     </span>
     <span class='ocr_line' id='line_1_25' title="bbox 370 1187 1375 1242; baseline -0.019 -10"><span class='ocrx_word' id='word_1_189' title='bbox 370 1198 502 1242; x_wconf 76' lang='lat' dir='ltr'>periore</span> <span class='ocrx_word' id='word_1_190' title='bbox 527 1203 619 1238; x_wconf 87' lang='lat' dir='ltr'>parte</span> <span class='ocrx_word' id='word_1_191' title='bbox 641 1191 786 1232; x_wconf 84' lang='lat' dir='ltr'>corporis</span> <span class='ocrx_word' id='word_1_192' title='bbox 809 1192 997 1227; x_wconf 83' lang='lat' dir='ltr'>extenuata,</span> <span class='ocrx_word' id='word_1_193' title='bbox 1022 1197 1175 1222; x_wconf 84' lang='lat' dir='ltr'>caeterurn</span> <span class='ocrx_word' id='word_1_194' title='bbox 1221 1188 1252 1219; x_wconf 62' lang='grc' dir='ltr'>ὃς</span> <span class='ocrx_word' id='word_1_195' title='bbox 1297 1187 1375 1219; x_wconf 69' lang='lat' dir='ltr'>bene</span> 
     </span>
     <span class='ocr_line' id='line_1_26' title="bbox 372 1228 1374 1275; baseline -0.013 0"><span class='ocrx_word' id='word_1_196' title='bbox 372 1240 566 1275; x_wconf 84' lang='lat' dir='ltr'>comedens,</span> <span class='ocrx_word' id='word_1_197' title='bbox 590 1239 621 1269; x_wconf 73' lang='grc' dir='ltr'>δι</span> <span class='ocrx_word' id='word_1_198' title='bbox 646 1234 684 1268; x_wconf 88' lang='lat' dir='ltr'>ad</span> <span class='ocrx_word' id='word_1_199' title='bbox 708 1234 859 1267; x_wconf 85' lang='lat' dir='ltr'>ultimam</span> <span class='ocrx_word' id='word_1_200' title='bbox 884 1231 982 1274; x_wconf 88' lang='lat' dir='ltr'>usque</span> <span class='ocrx_word' id='word_1_201' title='bbox 1026 1232 1101 1264; x_wconf 83' lang='lat' dir='ltr'>vitae</span> <span class='ocrx_word' id='word_1_202' title='bbox 1136 1228 1374 1263; x_wconf 82' lang='lat' dir='ltr'>hebdomadam</span> 
     </span>
     <span class='ocr_line' id='line_1_27' title="bbox 369 1271 1376 1326; baseline -0.019 -7"><span class='ocrx_word' id='word_1_203' title='bbox 369 1285 450 1319; x_wconf 83' lang='lat' dir='ltr'>stare</span> <span class='ocrx_word' id='word_1_204' title='bbox 472 1291 610 1326; x_wconf 84' lang='lat' dir='ltr'>potens,</span> <span class='ocrx_word' id='word_1_205' title='bbox 633 1278 748 1320; x_wconf 86' lang='lat' dir='ltr'>seque,</span> <span class='ocrx_word' id='word_1_206' title='bbox 773 1285 809 1309; x_wconf 87' lang='lat' dir='ltr'>nt</span> <span class='ocrx_word' id='word_1_207' title='bbox 855 1274 951 1307; x_wconf 89' lang='lat' dir='ltr'>vellet</span> <span class='ocrx_word' id='word_1_208' title='bbox 976 1299 985 1315; x_wconf 92' lang='lat'><em>‚</em></span> <span class='ocrx_word' id='word_1_209' title='bbox 1030 1284 1160 1307; x_wconf 86' lang='lat' dir='ltr'>movere</span> <span class='ocrx_word' id='word_1_210' title='bbox 1175 1299 1183 1313; x_wconf 92' lang='lat'>‚</span> <span class='ocrx_word' id='word_1_211' title='bbox 1208 1274 1262 1310; x_wconf 90' lang='lat'>&amp;,</span> <span class='ocrx_word' id='word_1_212' title='bbox 1287 1271 1376 1315; x_wconf 81' lang='lat' dir='ltr'>quod</span> 
     </span>
     <span class='ocr_line' id='line_1_28' title="bbox 369 1317 1376 1362; baseline -0.014 0"><span class='ocrx_word' id='word_1_213' title='bbox 369 1326 553 1362; x_wconf 83' lang='lat' dir='ltr'>mirabilius</span> <span class='ocrx_word' id='word_1_214' title='bbox 575 1323 638 1361; x_wconf 87' lang='lat' dir='ltr'>est,</span> <span class='ocrx_word' id='word_1_215' title='bbox 664 1323 697 1353; x_wconf 88' lang='lat' dir='ltr'>in</span> <span class='ocrx_word' id='word_1_216' title='bbox 722 1329 833 1353; x_wconf 86' lang='lat' dir='ltr'>utrum</span> <span class='ocrx_word' id='word_1_217' title='bbox 856 1318 971 1351; x_wconf 86' lang='lat' dir='ltr'>liberet</span> <span class='ocrx_word' id='word_1_218' title='bbox 994 1317 1077 1351; x_wconf 83' lang='lat' dir='ltr'>latus</span> <span class='ocrx_word' id='word_1_219' title='bbox 1095 1339 1108 1356; x_wconf 85' lang='grc'>,</span> <span class='ocrx_word' id='word_1_220' title='bbox 1131 1326 1186 1350; x_wconf 90' lang='lat' dir='ltr'>aut</span> <span class='ocrx_word' id='word_1_221' title='bbox 1231 1317 1342 1357; x_wconf 87' lang='lat' dir='ltr'>supina</span> <span class='ocrx_word' id='word_1_222' title='bbox 1367 1339 1376 1355; x_wconf 93' lang='lat'>,</span> 
     </span>
     <span class='ocr_line' id='line_1_29' title="bbox 370 1359 1376 1412; baseline -0.016 -5"><span class='ocrx_word' id='word_1_223' title='bbox 370 1369 553 1412; x_wconf 79' lang='lat' dir='ltr'>humilique</span> <span class='ocrx_word' id='word_1_224' title='bbox 576 1367 680 1408; x_wconf 87' lang='lat' dir='ltr'>capite</span> <span class='ocrx_word' id='word_1_225' title='bbox 704 1375 768 1396; x_wconf 92' lang='lat' dir='ltr'>non</span> <span class='ocrx_word' id='word_1_226' title='bbox 792 1361 997 1396; x_wconf 84' lang='lat' dir='ltr'>incommode</span> <span class='ocrx_word' id='word_1_227' title='bbox 1029 1360 1147 1395; x_wconf 90' lang='lat' dir='ltr'>cubare</span> <span class='ocrx_word' id='word_1_228' title='bbox 1168 1373 1177 1397; x_wconf 73' lang='grc' dir='ltr'>ς</span> <span class='ocrx_word' id='word_1_229' title='bbox 1211 1359 1342 1393; x_wconf 85' lang='lat' dir='ltr'>eandem</span> <span class='ocrx_word' id='word_1_230' title='bbox 1366 1381 1376 1397; x_wconf 86' lang='lat'>,</span> 
     </span>
     <span class='ocr_line' id='line_1_30' title="bbox 369 1402 1379 1454; baseline -0.016 -4"><span class='ocrx_word' id='word_1_231' title='bbox 369 1416 494 1454; x_wconf 79' lang='lat' dir='ltr'>refert,</span> <span class='ocrx_word' id='word_1_232' title='bbox 517 1416 548 1445; x_wconf 90' lang='lat'>&amp;</span> <span class='ocrx_word' id='word_1_233' title='bbox 572 1412 649 1445; x_wconf 91' lang='lat' dir='ltr'>dum</span> <span class='ocrx_word' id='word_1_234' title='bbox 674 1408 815 1443; x_wconf 82' lang='lat' dir='ltr'>viveret,</span> <span class='ocrx_word' id='word_1_235' title='bbox 840 1408 871 1438; x_wconf 73' lang='grc' dir='ltr'>δε</span> <span class='ocrx_word' id='word_1_236' title='bbox 895 1415 1057 1438; x_wconf 90' lang='lat' dir='ltr'>mortuam</span> <span class='ocrx_word' id='word_1_237' title='bbox 1081 1427 1091 1443; x_wconf 93' lang='lat'>‚</span> <span class='ocrx_word' id='word_1_238' title='bbox 1132 1412 1277 1436; x_wconf 89' lang='lat' dir='ltr'>ventrem</span> <span class='ocrx_word' id='word_1_239' title='bbox 1321 1402 1379 1436; x_wconf 91' lang='lat' dir='ltr'>ha-</span> 
     </span>
     <span class='ocr_line' id='line_1_31' title="bbox 367 1445 1378 1500; baseline -0.017 -5"><span class='ocrx_word' id='word_1_240' title='bbox 367 1458 474 1495; x_wconf 84' lang='lat' dir='ltr'>·buiffe</span> <span class='ocrx_word' id='word_1_241' title='bbox 497 1466 593 1500; x_wconf 88' lang='lat' dir='ltr'>quem</span> <span class='ocrx_word' id='word_1_242' title='bbox 616 1464 696 1495; x_wconf 83' lang='lat' dir='ltr'>aqua</span> <span class='ocrx_word' id='word_1_243' title='bbox 721 1449 778 1484; x_wconf 84' lang='lat' dir='ltr'>esse</span> <span class='ocrx_word' id='word_1_244' title='bbox 802 1449 953 1492; x_wconf 85' lang='lat' dir='ltr'>plenum,</span> <span class='ocrx_word' id='word_1_245' title='bbox 976 1449 1063 1482; x_wconf 56' lang='lat' dir='ltr'>tactu</span> <span class='ocrx_word' id='word_1_246' title='bbox 1096 1445 1345 1489; x_wconf 75' lang='lat' dir='ltr'>dignoscebatur</span> <span class='ocrx_word' id='word_1_247' title='bbox 1367 1468 1378 1484; x_wconf 89' lang='lat'>‚</span> 
     </span>
     <span class='ocr_line' id='line_1_32' title="bbox 371 1489 1379 1547; baseline -0.013 -11"><span class='ocrx_word' id='word_1_248' title='bbox 371 1505 495 1547; x_wconf 82' lang='lat' dir='ltr'>quippe</span> <span class='ocrx_word' id='word_1_249' title='bbox 519 1511 586 1543; x_wconf 89' lang='lat' dir='ltr'>quo</span> <span class='ocrx_word' id='word_1_250' title='bbox 603 1497 660 1530; x_wconf 69' lang='lat' dir='ltr'>⁴vel</span> <span class='ocrx_word' id='word_1_251' title='bbox 683 1495 798 1528; x_wconf 85' lang='lat' dir='ltr'>leviter</span> <span class='ocrx_word' id='word_1_252' title='bbox 822 1503 918 1526; x_wconf 87' lang='lat' dir='ltr'>manu</span> <span class='ocrx_word' id='word_1_253' title='bbox 951 1489 1094 1535; x_wconf 78' lang='lat' dir='ltr'>percusso</span> <span class='ocrx_word' id='word_1_254' title='bbox 1139 1500 1236 1523; x_wconf 87' lang='lat' dir='ltr'>manu</span> <span class='ocrx_word' id='word_1_255' title='bbox 1282 1490 1379 1523; x_wconf 88' lang='lat' dir='ltr'>altera</span> 
     </span>
     <span class='ocr_line' id='line_1_33' title="bbox 372 1532 1378 1589; baseline -0.015 -10"><span class='ocrx_word' id='word_1_256' title='bbox 372 1544 525 1589; x_wconf 81' lang='lat' dir='ltr'>opposito</span> <span class='ocrx_word' id='word_1_257' title='bbox 549 1541 642 1576; x_wconf 89' lang='lat' dir='ltr'>lateri</span> <span class='ocrx_word' id='word_1_258' title='bbox 664 1539 814 1579; x_wconf 77' lang='lat' dir='ltr'>admota,</span> <span class='ocrx_word' id='word_1_259' title='bbox 837 1547 900 1569; x_wconf 87' lang='lat' dir='ltr'>non</span> <span class='ocrx_word' id='word_1_260' title='bbox 926 1535 1010 1569; x_wconf 82' lang='lat' dir='ltr'>secus</span> <span class='ocrx_word' id='word_1_261' title='bbox 1034 1543 1128 1577; x_wconf 84' lang='lat' dir='ltr'>atque</span> <span class='ocrx_word' id='word_1_262' title='bbox 1150 1533 1184 1566; x_wconf 88' lang='lat' dir='ltr'>in</span> <span class='ocrx_word' id='word_1_263' title='bbox 1209 1532 1349 1567; x_wconf 85' lang='lat' dir='ltr'>asciticis</span> <span class='ocrx_word' id='word_1_264' title='bbox 1369 1557 1378 1573; x_wconf 88' lang='lat'>‚</span> 
     </span>
     <span class='ocr_line' id='line_1_34' title="bbox 371 1578 1380 1628; baseline -0.016 -3"><span class='ocrx_word' id='word_1_265' title='bbox 371 1589 549 1625; x_wconf 66' lang='lat' dir='ltr'>fluetuatio</span> <span class='ocrx_word' id='word_1_266' title='bbox 573 1583 800 1628; x_wconf 87' lang='lat' dir='ltr'>persentiretur</span> <span class='ocrx_word' id='word_1_267' title='bbox 816 1604 823 1611; x_wconf 93' lang='lat'><em>.</em></span> <span class='ocrx_word' id='word_1_268' title='bbox 848 1581 891 1612; x_wconf 81' lang='lat' dir='ltr'>Et</span> <span class='ocrx_word' id='word_1_269' title='bbox 917 1578 1020 1612; x_wconf 85' lang='lat' dir='ltr'>saccus</span> <span class='ocrx_word' id='word_1_270' title='bbox 1045 1587 1152 1611; x_wconf 87' lang='lat' dir='ltr'>tamen</span> <span class='ocrx_word' id='word_1_271' title='bbox 1175 1587 1276 1626; x_wconf 44' lang='lat' dir='ltr'>omne·</span> <span class='ocrx_word' id='word_1_272' title='bbox 1305 1587 1380 1609; x_wconf 91' lang='lat' dir='ltr'>ven-</span> 
     </span>
     <span class='ocr_line' id='line_1_35' title="bbox 372 1622 1382 1669; baseline -0.016 -2"><span class='ocrx_word' id='word_1_273' title='bbox 372 1636 434 1667; x_wconf 76' lang='lat' dir='ltr'>tris</span> <span class='ocrx_word' id='word_1_274' title='bbox 456 1641 593 1668; x_wconf 81' lang='lat' dir='ltr'>cavum,</span> <span class='ocrx_word' id='word_1_275' title='bbox 616 1628 742 1661; x_wconf 84' lang='lat' dir='ltr'>saccum</span> <span class='ocrx_word' id='word_1_276' title='bbox 763 1635 844 1666; x_wconf 85' lang='lat' dir='ltr'>aqua</span> <span class='ocrx_word' id='word_1_277' title='bbox 861 1645 871 1660; x_wconf 95' lang='lat'>‚</span> <span class='ocrx_word' id='word_1_278' title='bbox 896 1622 933 1655; x_wconf 88' lang='lat' dir='ltr'>ad</span> <span class='ocrx_word' id='word_1_279' title='bbox 958 1622 1055 1655; x_wconf 88' lang='lat' dir='ltr'>libras</span> <span class='ocrx_word' id='word_1_280' title='bbox 1078 1629 1209 1667; x_wconf 80' lang='lat' dir='ltr'>centurn</span> <span class='ocrx_word' id='word_1_281' title='bbox 1221 1631 1382 1669; x_wconf 83' lang='lat' dir='ltr'>quinqua-</span> 
     </span>
     <span class='ocr_line' id='line_1_36' title="bbox 373 1663 1384 1721; baseline -0.02 -10"><span class='ocrx_word' id='word_1_282' title='bbox 373 1680 469 1721; x_wconf 72' lang='lat' dir='ltr'>ginta</span> <span class='ocrx_word' id='word_1_283' title='bbox 492 1673 646 1708; x_wconf 82' lang='lat' dir='ltr'>aestimata</span> <span class='ocrx_word' id='word_1_284' title='bbox 661 1695 670 1710; x_wconf 92' lang='lat'>,</span> <span class='ocrx_word' id='word_1_285' title='bbox 695 1669 779 1702; x_wconf 81' lang='lat' dir='ltr'>adeo.</span> <span class='ocrx_word' id='word_1_286' title='bbox 799 1666 977 1708; x_wconf 88' lang='lat' dir='ltr'>implebat,</span> <span class='ocrx_word' id='word_1_287' title='bbox 1001 1674 1038 1698; x_wconf 89' lang='lat' dir='ltr'>ut</span> <span class='ocrx_word' id='word_1_288' title='bbox 1073 1663 1144 1706; x_wconf 88' lang='lat' dir='ltr'>ipso</span> <span class='ocrx_word' id='word_1_289' title='bbox 1177 1673 1233 1711; x_wconf 70' lang='lat' dir='ltr'>vix</span> <span class='ocrx_word' id='word_1_290' title='bbox 1266 1664 1384 1696; x_wconf 67' lang='lat' dir='ltr'>leviter</span> 
     </span>
     <span class='ocr_line' id='line_1_37' title="bbox 372 1703 1382 1758; baseline -0.02 -2"><span class='ocrx_word' id='word_1_291' title='bbox 372 1720 503 1758; x_wconf 80' lang='lat' dir='ltr'>inciso,</span> <span class='ocrx_word' id='word_1_292' title='bbox 526 1714 667 1758; x_wconf 73' lang='lat' dir='ltr'>eruperit</span> <span class='ocrx_word' id='word_1_293' title='bbox 693 1711 837 1746; x_wconf 81' lang='lat' dir='ltr'>maximo</span> <span class='ocrx_word' id='word_1_294' title='bbox 860 1710 1003 1748; x_wconf 89' lang='lat' dir='ltr'>impetu.</span> <span class='ocrx_word' id='word_1_295' title='bbox 1030 1708 1084 1739; x_wconf 87' lang='lat' dir='ltr'>An</span> <span class='ocrx_word' id='word_1_296' title='bbox 1107 1703 1283 1740; x_wconf 80' lang='lat' dir='ltr'>discrimen</span> <span class='ocrx_word' id='word_1_297' title='bbox 1317 1706 1382 1739; x_wconf 86' lang='lat' dir='ltr'>hoc</span> 
     </span>
     <span class='ocr_line' id='line_1_38' title="bbox 372 1748 1381 1804; baseline -0.019 -5"><span class='ocrx_word' id='word_1_298' title='bbox 372 1764 449 1799; x_wconf 79' lang='lat' dir='ltr'>inde</span> <span class='ocrx_word' id='word_1_299' title='bbox 473 1757 702 1804; x_wconf 86' lang='lat' dir='ltr'>repetendum,</span> <span class='ocrx_word' id='word_1_300' title='bbox 724 1752 813 1797; x_wconf 88' lang='lat' dir='ltr'>quod</span> <span class='ocrx_word' id='word_1_301' title='bbox 837 1755 871 1785; x_wconf 93' lang='lat' dir='ltr'>in</span> <span class='ocrx_word' id='word_1_302' title='bbox 895 1751 1023 1785; x_wconf 87' lang='lat' dir='ltr'>Trewii</span> <span class='ocrx_word' id='word_1_303' title='bbox 1048 1748 1183 1783; x_wconf 81' lang='lat' dir='ltr'>foemina</span> <span class='ocrx_word' id='word_1_304' title='bbox 1208 1760 1290 1790; x_wconf 86' lang='lat' dir='ltr'>aqua</span> <span class='ocrx_word' id='word_1_305' title='bbox 1313 1759 1381 1782; x_wconf 89' lang='lat' dir='ltr'>erat</span> 
     </span>
     <span class='ocr_line' id='line_1_39' title="bbox 375 1792 1382 1852; baseline -0.024 -10"><span class='ocrx_word' id='word_1_306' title='bbox 375 1810 482 1852; x_wconf 81' lang='lat' dir='ltr'>plures</span> <span class='ocrx_word' id='word_1_307' title='bbox 506 1807 539 1838; x_wconf 91' lang='lat' dir='ltr'>in</span> <span class='ocrx_word' id='word_1_308' title='bbox 563 1801 693 1837; x_wconf 81' lang='lat' dir='ltr'>cellulas</span> <span class='ocrx_word' id='word_1_309' title='bbox 715 1796 904 1840; x_wconf 85' lang='lat' dir='ltr'>dispertita;</span> <span class='ocrx_word' id='word_1_310' title='bbox 925 1795 959 1827; x_wconf 94' lang='lat' dir='ltr'>in</span> <span class='ocrx_word' id='word_1_311' title='bbox 982 1794 1165 1836; x_wconf 78' lang='lat' dir='ltr'>Targionii</span> <span class='ocrx_word' id='word_1_312' title='bbox 1187 1801 1293 1825; x_wconf 84' lang='lat' dir='ltr'>autem</span> <span class='ocrx_word' id='word_1_313' title='bbox 1304 1792 1382 1826; x_wconf 80' lang='lat' dir='ltr'>Ma-</span> 
     </span>
     <span class='ocr_line' id='line_1_40' title="bbox 374 1836 1382 1888; baseline -0.021 -2"><span class='ocrx_word' id='word_1_314' title='bbox 374 1863 471 1888; x_wconf 84' lang='lat' dir='ltr'>trona</span> <span class='ocrx_word' id='word_1_315' title='bbox 496 1859 577 1883; x_wconf 88' lang='lat' dir='ltr'>cavo</span> <span class='ocrx_word' id='word_1_316' title='bbox 600 1856 687 1883; x_wconf 82' lang='lat' dir='ltr'>uno,</span> <span class='ocrx_word' id='word_1_317' title='bbox 709 1851 745 1875; x_wconf 88' lang='lat' dir='ltr'>ut</span> <span class='ocrx_word' id='word_1_318' title='bbox 770 1840 854 1873; x_wconf 90' lang='lat' dir='ltr'>nihil</span> <span class='ocrx_word' id='word_1_319' title='bbox 880 1838 1020 1872; x_wconf 83' lang='lat' dir='ltr'>obstaret</span> <span class='ocrx_word' id='word_1_320' title='bbox 1043 1836 1267 1885; x_wconf 64' lang='lat' dir='ltr'>fluRuationis</span> <span class='ocrx_word' id='word_1_321' title='bbox 1302 1846 1382 1878; x_wconf 86' lang='lat' dir='ltr'>pro-</span> 
     </span>
     <span class='ocr_line' id='line_1_41' title="bbox 375 1878 1383 1941; baseline -0.022 -11"><span class='ocrx_word' id='word_1_322' title='bbox 375 1893 570 1941; x_wconf 82' lang='lat' dir='ltr'>pagationi,</span> <span class='ocrx_word' id='word_1_323' title='bbox 591 1881 843 1930; x_wconf 66' lang='lat' dir='ltr'>comprehensa-3.</span> <span class='ocrx_word' id='word_1_324' title='bbox 865 1879 1003 1916; x_wconf 84' lang='lat' dir='ltr'>Fortasse</span> <span class='ocrx_word' id='word_1_325' title='bbox 1027 1879 1089 1930; x_wconf 76' lang='lat' dir='ltr'>hoc</span> <span class='ocrx_word' id='word_1_326' title='bbox 1123 1878 1265 1930; x_wconf 69' lang='lat' dir='ltr'>dicerem</span> <span class='ocrx_word' id='word_1_327' title='bbox 1282 1902 1295 1918; x_wconf 91' lang='lat'>‚</span> <span class='ocrx_word' id='word_1_328' title='bbox 1329 1889 1383 1911; x_wconf 88' lang='lat' dir='ltr'>ne-</span> 
     </span>
     <span class='ocr_line' id='line_1_42' title="bbox 377 1922 1382 1984; baseline -0.021 -11"><span class='ocrx_word' id='word_1_329' title='bbox 377 1952 440 1984; x_wconf 89' lang='lat' dir='ltr'>que</span> <span class='ocrx_word' id='word_1_330' title='bbox 466 1936 529 1971; x_wconf 84' lang='lat' dir='ltr'>sine</span> <span class='ocrx_word' id='word_1_331' title='bbox 554 1934 681 1976; x_wconf 80' lang='lat' dir='ltr'>aliqua,</span> <span class='ocrx_word' id='word_1_332' title='bbox 705 1939 741 1964; x_wconf 92' lang='lat' dir='ltr'>ut</span> <span class='ocrx_word' id='word_1_333' title='bbox 765 1927 872 1970; x_wconf 85' lang='lat' dir='ltr'>postea</span> <span class='ocrx_word' id='word_1_334' title='bbox 896 1928 910 1965; x_wconf 92' lang='lat'>(</span> <span class='ocrx_word' id='word_1_335' title='bbox 932 1936 950 1967; x_wconf 83' lang='lat' dir='ltr'><em>q</em></span> <span class='ocrx_word' id='word_1_336' title='bbox 971 1924 984 1965; x_wconf 89' lang='lat'>)</span> <span class='ocrx_word' id='word_1_337' title='bbox 1009 1922 1230 1960; x_wconf 68' lang='lat' dir='ltr'>intimabitur,</span> <span class='ocrx_word' id='word_1_338' title='bbox 1255 1922 1295 1955; x_wconf 90' lang='lat' dir='ltr'>ad</span> <span class='ocrx_word' id='word_1_339' title='bbox 1326 1932 1382 1955; x_wconf 89' lang='lat' dir='ltr'>cu-</span> 
     </span>
     <span class='ocr_line' id='line_1_43' title="bbox 377 1964 1382 2020; baseline -0.024 -1"><span class='ocrx_word' id='word_1_340' title='bbox 377 1984 539 2020; x_wconf 80' lang='lat' dir='ltr'>rationem</span> <span class='ocrx_word' id='word_1_341' title='bbox 561 1977 727 2014; x_wconf 87' lang='lat' dir='ltr'>utilitate‚</span> <span class='ocrx_word' id='word_1_342' title='bbox 749 1972 772 2005; x_wconf 88' lang='lat' dir='ltr'>fi</span> <span class='ocrx_word' id='word_1_343' title='bbox 796 1970 1001 2004; x_wconf 81' lang='lat' dir='ltr'>Camerarius</span> <span class='ocrx_word' id='word_1_344' title='bbox 1024 1977 1110 2010; x_wconf 85' lang='lat' dir='ltr'>pater</span> <span class='ocrx_word' id='word_1_345' title='bbox 1133 1977 1207 2000; x_wconf 89' lang='lat' dir='ltr'>cum</span> <span class='ocrx_word' id='word_1_346' title='bbox 1239 1964 1382 2016; x_wconf 58' lang='lat' dir='ltr'>fluctua-</span> 
     </span>
     <span class='ocr_line' id='line_1_44' title="bbox 378 2011 1383 2063; baseline -0.021 -1"><span class='ocrx_word' id='word_1_347' title='bbox 378 2030 528 2063; x_wconf 85' lang='lat' dir='ltr'>tionem,</span> <span class='ocrx_word' id='word_1_348' title='bbox 553 2021 640 2056; x_wconf 83' lang='lat' dir='ltr'>velut</span> <span class='ocrx_word' id='word_1_349' title='bbox 664 2020 759 2061; x_wconf 75' lang='lat' dir='ltr'>{upra</span> <span class='ocrx_word' id='word_1_350' title='bbox 781 2017 795 2055; x_wconf 88' lang='lat'>(</span> <span class='ocrx_word' id='word_1_351' title='bbox 818 2025 834 2047; x_wconf 88' lang='lat' dir='ltr'>r</span> <span class='ocrx_word' id='word_1_352' title='bbox 855 2016 869 2054; x_wconf 91' lang='lat'>)</span> <span class='ocrx_word' id='word_1_353' title='bbox 890 2011 1015 2047; x_wconf 68' lang='lat' dir='ltr'>disturn</span> <span class='ocrx_word' id='word_1_354' title='bbox 1040 2011 1103 2051; x_wconf 82' lang='lat' dir='ltr'>est,</span> <span class='ocrx_word' id='word_1_355' title='bbox 1127 2011 1247 2045; x_wconf 90' lang='lat' dir='ltr'>nullam</span> <span class='ocrx_word' id='word_1_356' title='bbox 1272 2017 1383 2053; x_wconf 84' lang='lat' dir='ltr'>potuit</span> 
     </span>
     <span class='ocr_line' id='line_1_45' title="bbox 380 2051 1384 2124; baseline -0.021 -18"><span class='ocrx_word' id='word_1_357' title='bbox 380 2072 564 2124; x_wconf 79' lang='lat' dir='ltr'>percipere,</span> <span class='ocrx_word' id='word_1_358' title='bbox 591 2061 782 2099; x_wconf 83' lang='lat' dir='ltr'>cellularum</span> <span class='ocrx_word' id='word_1_359' title='bbox 805 2059 946 2102; x_wconf 85' lang='lat' dir='ltr'>aliquam</span> <span class='ocrx_word' id='word_1_360' title='bbox 969 2056 1033 2107; x_wconf 42' lang='lat' dir='ltr'>suo·</span> <span class='ocrx_word' id='word_1_361' title='bbox 1049 2058 1085 2089; x_wconf 90' lang='lat' dir='ltr'>in</span> <span class='ocrx_word' id='word_1_362' title='bbox 1130 2064 1251 2104; x_wconf 76' lang='lat' dir='ltr'>magno</span> <span class='ocrx_word' id='word_1_363' title='bbox 1295 2051 1384 2086; x_wconf 87' lang='lat' dir='ltr'>sacco</span> 
     </span>
     <span class='ocr_line' id='line_1_46' title="bbox 382 2097 1391 2158; baseline -0.023 -7"><span class='ocrx_word' id='word_1_364' title='bbox 382 2112 539 2158; x_wconf 72' lang='lat' dir='ltr'>injecisset</span> <span class='ocrx_word' id='word_1_365' title='bbox 564 2107 779 2145; x_wconf 84' lang='lat' dir='ltr'>mentionem.</span> <span class='ocrx_word' id='word_1_366' title='bbox 804 2104 863 2137; x_wconf 90' lang='lat' dir='ltr'>Tu</span> <span class='ocrx_word' id='word_1_367' title='bbox 884 2102 1075 2143; x_wconf 80' lang='lat' dir='ltr'>diligentius</span> <span class='ocrx_word' id='word_1_368' title='bbox 1106 2097 1144 2132; x_wconf 89' lang='lat' dir='ltr'>de</span> <span class='ocrx_word' id='word_1_369' title='bbox 1177 2097 1227 2147; x_wconf 67' lang='lat' dir='ltr'>his</span> <span class='ocrx_word' id='word_1_370' title='bbox 1270 2106 1391 2138; x_wconf 81' lang='lat' dir='ltr'>quaeres</span> 
     </span>
     <span class='ocr_line' id='line_1_47' title="bbox 385 2139 1391 2199; baseline -0.026 -4"><span class='ocrx_word' id='word_1_371' title='bbox 385 2171 458 2195; x_wconf 90' lang='lat' dir='ltr'>tum</span> <span class='ocrx_word' id='word_1_372' title='bbox 485 2154 568 2199; x_wconf 87' lang='lat' dir='ltr'>apud</span> <span class='ocrx_word' id='word_1_373' title='bbox 593 2154 665 2187; x_wconf 88' lang='lat' dir='ltr'>illos</span> <span class='ocrx_word' id='word_1_374' title='bbox 688 2160 769 2194; x_wconf 82' lang='lat' dir='ltr'>quos</span> <span class='ocrx_word' id='word_1_375' title='bbox 793 2147 1055 2180; x_wconf 85' lang='lat' dir='ltr'>nominavimus,</span> <span class='ocrx_word' id='word_1_376' title='bbox 1079 2152 1151 2176; x_wconf 89' lang='lat' dir='ltr'>tum</span> <span class='ocrx_word' id='word_1_377' title='bbox 1172 2150 1274 2174; x_wconf 88' lang='lat' dir='ltr'>etiarn</span> <span class='ocrx_word' id='word_1_378' title='bbox 1307 2139 1391 2182; x_wconf 86' lang='lat' dir='ltr'>apud</span> 
     </span>
     <span class='ocr_line' id='line_1_48' title="bbox 384 2183 1393 2244; baseline -0.018 -12"><span class='ocrx_word' id='word_1_379' title='bbox 384 2216 439 2239; x_wconf 67' lang='lat'>005</span> <span class='ocrx_word' id='word_1_380' title='bbox 461 2211 542 2244; x_wconf 84' lang='lat' dir='ltr'>quos</span> <span class='ocrx_word' id='word_1_381' title='bbox 565 2196 658 2231; x_wconf 83' lang='lat' dir='ltr'>facile</span> <span class='ocrx_word' id='word_1_382' title='bbox 680 2191 846 2227; x_wconf 84' lang='lat' dir='ltr'>omisimus</span> <span class='ocrx_word' id='word_1_383' title='bbox 866 2187 949 2232; x_wconf 88' lang='lat' dir='ltr'>(s)</span> <span class='ocrx_word' id='word_1_384' title='bbox 973 2199 1012 2222; x_wconf 83' lang='lat' dir='ltr'>ex</span> <span class='ocrx_word' id='word_1_385' title='bbox 1034 2186 1153 2228; x_wconf 90' lang='lat' dir='ltr'>quibus</span> <span class='ocrx_word' id='word_1_386' title='bbox 1176 2183 1230 2217; x_wconf 88' lang='lat' dir='ltr'>Cl.</span> <span class='ocrx_word' id='word_1_387' title='bbox 1246 2184 1393 2234; x_wconf 75' lang='lat' dir='ltr'>Benevo-</span> 
     </span>
     <span class='ocr_line' id='line_1_49' title="bbox 388 2226 1394 2286; baseline -0.024 -4"><span class='ocrx_word' id='word_1_388' title='bbox 388 2250 438 2283; x_wconf 78' lang='lat' dir='ltr'>lus</span> <span class='ocrx_word' id='word_1_389' title='bbox 462 2250 472 2286; x_wconf 91' lang='lat'><strong>(</strong></span> <span class='ocrx_word' id='word_1_390' title='bbox 496 2252 512 2278; x_wconf 83' lang='lat' dir='ltr'>t</span> <span class='ocrx_word' id='word_1_391' title='bbox 533 2247 548 2284; x_wconf 88' lang='lat'>)</span> <span class='ocrx_word' id='word_1_392' title='bbox 569 2241 632 2275; x_wconf 88' lang='lat' dir='ltr'>tibi</span> <span class='ocrx_word' id='word_1_393' title='bbox 657 2237 732 2272; x_wconf 84' lang='lat' dir='ltr'>effet</span> <span class='ocrx_word' id='word_1_394' title='bbox 756 2236 789 2268; x_wconf 90' lang='lat' dir='ltr'>in</span> <span class='ocrx_word' id='word_1_395' title='bbox 814 2234 927 2276; x_wconf 88' lang='lat' dir='ltr'>primis</span> <span class='ocrx_word' id='word_1_396' title='bbox 950 2230 1182 2267; x_wconf 85' lang='lat' dir='ltr'>consulendus,</span> <span class='ocrx_word' id='word_1_397' title='bbox 1204 2227 1226 2260; x_wconf 87' lang='lat' dir='ltr'>fi</span> <span class='ocrx_word' id='word_1_398' title='bbox 1242 2238 1314 2279; x_wconf 24' lang='lat' dir='ltr'>‘qua</span> <span class='ocrx_word' id='word_1_399' title='bbox 1344 2226 1394 2260; x_wconf 93' lang='lat' dir='ltr'>di-</span> 
     </span>
     <span class='ocr_line' id='line_1_50' title="bbox 388 2272 1393 2327; baseline -0.025 -2"><span class='ocrx_word' id='word_1_400' title='bbox 388 2290 522 2327; x_wconf 71' lang='lat' dir='ltr'>lieentia</span> <span class='ocrx_word' id='word_1_401' title='bbox 545 2294 699 2327; x_wconf 83' lang='lat' dir='ltr'>magnum</span> <span class='ocrx_word' id='word_1_402' title='bbox 731 2279 827 2313; x_wconf 90' lang='lat' dir='ltr'>illum</span> <span class='ocrx_word' id='word_1_403' title='bbox 875 2278 909 2325; x_wconf 76' lang='lat' dir='ltr'>in</span> <span class='ocrx_word' id='word_1_404' title='bbox 953 2285 1051 2318; x_wconf 89' lang='lat' dir='ltr'>quem</span> <span class='ocrx_word' id='word_1_405' title='bbox 1096 2272 1126 2306; x_wconf 90' lang='lat' dir='ltr'>se</span> <span class='ocrx_word' id='word_1_406' title='bbox 1158 2281 1307 2305; x_wconf 79' lang='lat' dir='ltr'>ovariurn</span> <span class='ocrx_word' id='word_1_407' title='bbox 1340 2282 1393 2321; x_wconf 60' lang='lat' dir='ltr'>eir-</span> 
     </span>
     <span class='ocr_line' id='line_1_51' title="bbox 391 2312 1395 2378; baseline -0.022 -9"><span class='ocrx_word' id='word_1_408' title='bbox 391 2319 545 2378; x_wconf 54' lang='lat' dir='ltr'>pinderat</span> <span class='ocrx_word' id='word_1_409' title='bbox 560 2354 569 2369; x_wconf 89' lang='lat'>,</span> <span class='ocrx_word' id='word_1_410' title='bbox 593 2329 717 2362; x_wconf 86' lang='lat' dir='ltr'>saccum</span> <span class='ocrx_word' id='word_1_411' title='bbox 739 2321 932 2364; x_wconf 83' lang='lat' dir='ltr'>descripsit,</span> <span class='ocrx_word' id='word_1_412' title='bbox 955 2317 1066 2354; x_wconf 84' lang='lat' dir='ltr'>eadem</span> <span class='ocrx_word' id='word_1_413' title='bbox 1089 2318 1120 2350; x_wconf 78' lang='grc' dir='ltr'>δι</span> <span class='ocrx_word' id='word_1_414' title='bbox 1141 2324 1257 2350; x_wconf 75' lang='lat' dir='ltr'>caetera</span> <span class='ocrx_word' id='word_1_415' title='bbox 1277 2312 1395 2348; x_wconf 87' lang='lat' dir='ltr'>descri-</span> 
     </span>
     <span class='ocr_line' id='line_1_52' title="bbox 387 2371 1317 2419; baseline -0.034 -5"><span class='ocrx_word' id='word_1_416' title='bbox 387 2380 464 2414; x_wconf 83' lang='lat' dir='ltr'>bere</span> <span class='ocrx_word' id='word_1_417' title='bbox 487 2371 639 2419; x_wconf 79' lang='lat' dir='ltr'>potuiffet</span> <span class='ocrx_word' id='word_1_418' title='bbox 653 2396 661 2404; x_wconf 94' lang='lat'><strong><em>.</em></strong></span> <span class='ocrx_word' id='word_1_419' title='bbox 1025 2407 1032 2413; x_wconf 40' lang='grc'><em>,</em></span> <span class='ocrx_word' id='word_1_420' title='bbox 1310 2402 1317 2409; x_wconf 38' lang='grc' dir='ltr'>ι</span> 
     </span>
    </p>

    <p class='ocr_par' dir='ltr' id='par_1_3' title="bbox 388 2402 1400 2633">
     <span class='ocr_line' id='line_1_53' title="bbox 434 2402 1398 2461; baseline -0.021 -8"><span class='ocrx_word' id='word_1_421' title='bbox 434 2425 473 2461; x_wconf 86' lang='lat'>65</span> <span class='ocrx_word' id='word_1_422' title='bbox 513 2417 682 2451; x_wconf 65' lang='lat' dir='ltr'>Hauenus</span> <span class='ocrx_word' id='word_1_423' title='bbox 705 2422 756 2445; x_wconf 80' lang='lat' dir='ltr'>eas</span> <span class='ocrx_word' id='word_1_424' title='bbox 779 2414 1110 2443; x_wconf 81' lang='lat' dir='ltr'>commemoravimus</span> <span class='ocrx_word' id='word_1_425' title='bbox 1141 2402 1398 2436; x_wconf 83' lang='lat' dir='ltr'>Observationes</span> 
     </span>
     <span class='ocr_line' id='line_1_54' title="bbox 390 2442 1397 2510; baseline -0.024 -12"><span class='ocrx_word' id='word_1_426' title='bbox 390 2477 464 2510; x_wconf 59' lang='grc' dir='ltr'>(με</span> <span class='ocrx_word' id='word_1_427' title='bbox 482 2445 600 2504; x_wconf 43' lang='lat' dir='ltr'>&#39;procul</span> <span class='ocrx_word' id='word_1_428' title='bbox 626 2456 728 2491; x_wconf 86' lang='lat' dir='ltr'>dubio</span> <span class='ocrx_word' id='word_1_429' title='bbox 753 2453 790 2487; x_wconf 89' lang='lat' dir='ltr'>ad</span> <span class='ocrx_word' id='word_1_430' title='bbox 814 2453 922 2486; x_wconf 87' lang='lat' dir='ltr'>ovarii</span> <span class='ocrx_word' id='word_1_431' title='bbox 945 2448 1130 2492; x_wconf 80' lang='lat' dir='ltr'>hydropem</span> <span class='ocrx_word' id='word_1_432' title='bbox 1153 2446 1225 2479; x_wconf 86' lang='lat' dir='ltr'>sunt</span> <span class='ocrx_word' id='word_1_433' title='bbox 1257 2442 1397 2493; x_wconf 70' lang='lat' dir='ltr'>referen-</span> 
     </span>
     <span class='ocr_line' id='line_1_55' title="bbox 390 2487 1399 2545; baseline -0.024 -3"><span class='ocrx_word' id='word_1_434' title='bbox 390 2512 460 2545; x_wconf 81' lang='lat' dir='ltr'>dae.</span> <span class='ocrx_word' id='word_1_435' title='bbox 485 2505 609 2543; x_wconf 79' lang='lat' dir='ltr'>Nunc,</span> <span class='ocrx_word' id='word_1_436' title='bbox 632 2510 666 2534; x_wconf 93' lang='lat' dir='ltr'>ut</span> <span class='ocrx_word' id='word_1_437' title='bbox 690 2496 916 2541; x_wconf 84' lang='lat' dir='ltr'>promisimus,</span> <span class='ocrx_word' id='word_1_438' title='bbox 940 2497 972 2527; x_wconf 74' lang='grc' dir='ltr'>δι</span> <span class='ocrx_word' id='word_1_439' title='bbox 995 2490 1148 2534; x_wconf 86' lang='lat' dir='ltr'>quasdam</span> <span class='ocrx_word' id='word_1_440' title='bbox 1171 2487 1342 2527; x_wconf 86' lang='lat' dir='ltr'>addemus,</span> <span class='ocrx_word' id='word_1_441' title='bbox 1366 2497 1399 2519; x_wconf 86' lang='lat' dir='ltr'>in</span> 
     </span>
     <span class='ocr_line' id='line_1_56' title="bbox 388 2530 1398 2597; baseline -0.025 -10"><span class='ocrx_word' id='word_1_442' title='bbox 388 2552 510 2597; x_wconf 85' lang='lat' dir='ltr'>quibus</span> <span class='ocrx_word' id='word_1_443' title='bbox 533 2546 683 2582; x_wconf 82' lang='lat' dir='ltr'>dubites,</span> <span class='ocrx_word' id='word_1_444' title='bbox 710 2552 748 2575; x_wconf 88' lang='lat' dir='ltr'>an</span> <span class='ocrx_word' id='word_1_445' title='bbox 772 2540 860 2573; x_wconf 64' lang='lat' dir='ltr'>idem&gt;</span> <span class='ocrx_word' id='word_1_446' title='bbox 882 2539 977 2573; x_wconf 85' lang='lat' dir='ltr'>liceat</span> <span class='ocrx_word' id='word_1_447' title='bbox 993 2560 1000 2567; x_wconf 91' lang='lat'>.</span> <span class='ocrx_word' id='word_1_448' title='bbox 1025 2536 1114 2576; x_wconf 72' lang='lat' dir='ltr'>Duas</span> <span class='ocrx_word' id='word_1_449' title='bbox 1146 2533 1229 2575; x_wconf 82' lang='lat' dir='ltr'>leges</span> <span class='ocrx_word' id='word_1_450' title='bbox 1263 2531 1316 2563; x_wconf 87' lang='lat' dir='ltr'>Cl.</span> <span class='ocrx_word' id='word_1_451' title='bbox 1343 2530 1398 2573; x_wconf 88' lang='lat' dir='ltr'>J0.</span> 
     </span>
     <span class='ocr_line' id='line_1_57' title="bbox 390 2575 1400 2633; baseline -0.025 -3"><span class='ocrx_word' id='word_1_452' title='bbox 390 2598 497 2633; x_wconf 84' lang='lat' dir='ltr'>Mart.</span> <span class='ocrx_word' id='word_1_453' title='bbox 520 2588 667 2624; x_wconf 86' lang='lat' dir='ltr'>Brehrnii</span> <span class='ocrx_word' id='word_1_454' title='bbox 691 2590 701 2626; x_wconf 94' lang='lat'>(</span> <span class='ocrx_word' id='word_1_455' title='bbox 726 2594 746 2617; x_wconf 86' lang='lat' dir='ltr'>u</span> <span class='ocrx_word' id='word_1_456' title='bbox 767 2588 799 2624; x_wconf 87' lang='lat'>).‚</span> <span class='ocrx_word' id='word_1_457' title='bbox 824 2584 859 2615; x_wconf 91' lang='lat' dir='ltr'>in</span> <span class='ocrx_word' id='word_1_458' title='bbox 882 2581 1000 2624; x_wconf 85' lang='lat' dir='ltr'>quibus</span> <span class='ocrx_word' id='word_1_459' title='bbox 1026 2575 1287 2626; x_wconf 29' lang='lat' dir='ltr'>magnus-saccus</span> <span class='ocrx_word' id='word_1_460' title='bbox 1310 2584 1400 2616; x_wconf 74' lang='lat' dir='ltr'>aquae</span> 
     </span>
    </p>

    <p class='ocr_par' dir='ltr' id='par_1_4' title="bbox 392 2620 1404 3419">
     <span class='ocr_line' id='line_1_58' title="bbox 417 2620 1401 2673; baseline -0.025 0"><span class='ocrx_word' id='word_1_461' title='bbox 417 2641 509 2673; x_wconf 83' lang='lat' dir='ltr'>lenus</span> <span class='ocrx_word' id='word_1_462' title='bbox 530 2635 609 2668; x_wconf 84' lang='lat' dir='ltr'>alter</span> <span class='ocrx_word' id='word_1_463' title='bbox 634 2641 730 2664; x_wconf 84' lang='lat' dir='ltr'>annos</span> <span class='ocrx_word' id='word_1_464' title='bbox 753 2625 1018 2671; x_wconf 88' lang='lat' dir='ltr'>quatuordecim,</span> <span class='ocrx_word' id='word_1_465' title='bbox 1043 2622 1123 2670; x_wconf 34' lang='lat' dir='ltr'>alt-er</span> <span class='ocrx_word' id='word_1_466' title='bbox 1145 2620 1311 2652; x_wconf 85' lang='lat' dir='ltr'>biennium</span> <span class='ocrx_word' id='word_1_467' title='bbox 1344 2627 1401 2659; x_wconf 77' lang='lat' dir='ltr'>ge-</span> 
     </span>
     <span class='ocr_line' id='line_1_59' title="bbox 392 2653 1399 2720; baseline -0.032 -3"><span class='ocrx_word' id='word_1_468' title='bbox 392 2653 496 2720; x_wconf 49' lang='lat' dir='ltr'>1{Diatus</span> <span class='ocrx_word' id='word_1_469' title='bbox 539 2677 592 2712; x_wconf 88' lang='lat' dir='ltr'>hic</span> <span class='ocrx_word' id='word_1_470' title='bbox 616 2685 691 2710; x_wconf 89' lang='lat' dir='ltr'>cum</span> <span class='ocrx_word' id='word_1_471' title='bbox 714 2673 816 2706; x_wconf 80' lang='lat' dir='ltr'>vesica</span> <span class='ocrx_word' id='word_1_472' title='bbox 839 2668 978 2703; x_wconf 83' lang='lat' dir='ltr'>urinaria</span> <span class='ocrx_word' id='word_1_473' title='bbox 1012 2662 1173 2711; x_wconf 64' lang='lat' dir='ltr'>arffiffime</span> <span class='ocrx_word' id='word_1_474' title='bbox 1205 2670 1272 2696; x_wconf 76' lang='lat' dir='ltr'>erat</span> <span class='ocrx_word' id='word_1_475' title='bbox 1307 2660 1399 2693; x_wconf 68' lang='lat' dir='ltr'>adne-</span> 
     </span>
     <span class='ocr_line' id='line_1_60' title="bbox 397 2704 1401 2765; baseline -0.027 -5"><span class='ocrx_word' id='word_1_476' title='bbox 397 2739 481 2765; x_wconf 79' lang='lat' dir='ltr'>xus,</span> <span class='ocrx_word' id='word_1_477' title='bbox 503 2704 557 2756; x_wconf 79' lang='lat' dir='ltr'>ille</span> <span class='ocrx_word' id='word_1_478' title='bbox 583 2722 615 2754; x_wconf 90' lang='lat' dir='ltr'>in</span> <span class='ocrx_word' id='word_1_479' title='bbox 631 2716 733 2761; x_wconf 84' lang='lat' dir='ltr'>fundo</span> <span class='ocrx_word' id='word_1_480' title='bbox 757 2714 841 2749; x_wconf 88' lang='lat' dir='ltr'>uteri</span> <span class='ocrx_word' id='word_1_481' title='bbox 865 2710 972 2754; x_wconf 72' lang='lat' dir='ltr'>versus</span> <span class='ocrx_word' id='word_1_482' title='bbox 996 2708 1082 2741; x_wconf 77' lang='lat' dir='ltr'>latus</span> <span class='ocrx_word' id='word_1_483' title='bbox 1109 2704 1266 2755; x_wconf 74' lang='lat' dir='ltr'>fincstrum</span> <span class='ocrx_word' id='word_1_484' title='bbox 1297 2704 1401 2751; x_wconf 63' lang='lat' dir='ltr'>adcre-</span> 
     </span>
     <span class='ocr_line' id='line_1_61' title="bbox 397 2748 1400 2805; baseline -0.027 -1"><span class='ocrx_word' id='word_1_485' title='bbox 397 2780 452 2805; x_wconf 68' lang='grc' dir='ltr'>ηις</span> <span class='ocrx_word' id='word_1_486' title='bbox 496 2765 612 2801; x_wconf 74' lang='lat' dir='ltr'>ibidem</span> <span class='ocrx_word' id='word_1_487' title='bbox 633 2763 793 2794; x_wconf 69' lang='lat' dir='ltr'>variorum</span> <span class='ocrx_word' id='word_1_488' title='bbox 816 2755 965 2789; x_wconf 66' lang='lat' dir='ltr'>dut&#39;t&#39;uum</span> <span class='ocrx_word' id='word_1_489' title='bbox 988 2753 1029 2786; x_wconf 51' lang='lat' dir='ltr'>&amp;r</span> <span class='ocrx_word' id='word_1_490' title='bbox 1050 2748 1204 2800; x_wconf 68' lang='lat' dir='ltr'>equalium</span> <span class='ocrx_word' id='word_1_491' title='bbox 1227 2757 1281 2789; x_wconf 85' lang='lat' dir='ltr'>ope</span> <span class='ocrx_word' id='word_1_492' title='bbox 1305 2756 1400 2787; x_wconf 77' lang='lat' dir='ltr'>orzgz-</span> 
     </span>
     <span class='ocr_line' id='line_1_62' title="bbox 396 2790 1402 2853; baseline -0.024 -10"><span class='ocrx_word' id='word_1_493' title='bbox 396 2793 644 2853; x_wconf 62' lang='lat' dir='ltr'>vein’sumfiffe,</span> <span class='ocrx_word' id='word_1_494' title='bbox 665 2801 830 2836; x_wconf 71' lang='lat' dir='ltr'>videbatur</span> <span class='ocrx_word' id='word_1_495' title='bbox 844 2824 851 2830; x_wconf 93' lang='lat'>.</span> <span class='ocrx_word' id='word_1_496' title='bbox 877 2798 966 2833; x_wconf 83' lang='lat' dir='ltr'>Cum</span> <span class='ocrx_word' id='word_1_497' title='bbox 989 2803 1204 2842; x_wconf 48' lang='lat' dir='ltr'>ovarior-um,⁸</span> <span class='ocrx_word' id='word_1_498' title='bbox 1235 2790 1402 2840; x_wconf 82' lang='lat' dir='ltr'>tubarum.</span> 
     </span>
     <span class='ocr_line' id='line_1_63' title="bbox 399 2834 1404 2891; baseline -0.026 -1"><span class='ocrx_word' id='word_1_499' title='bbox 399 2868 439 2891; x_wconf 81' lang='lat' dir='ltr'>ve</span> <span class='ocrx_word' id='word_1_500' title='bbox 462 2854 549 2888; x_wconf 83' lang='lat' dir='ltr'>nulla</span> <span class='ocrx_word' id='word_1_501' title='bbox 572 2852 628 2885; x_wconf 82' lang='lat' dir='ltr'>fiat</span> <span class='ocrx_word' id='word_1_502' title='bbox 652 2848 774 2881; x_wconf 85' lang='lat' dir='ltr'>mentio</span> <span class='ocrx_word' id='word_1_503' title='bbox 797 2853 861 2877; x_wconf 91' lang='lat' dir='ltr'>non</span> <span class='ocrx_word' id='word_1_504' title='bbox 887 2841 972 2875; x_wconf 84' lang='lat' dir='ltr'>secus</span> <span class='ocrx_word' id='word_1_505' title='bbox 997 2847 1092 2880; x_wconf 89' lang='lat' dir='ltr'>atque</span> <span class='ocrx_word' id='word_1_506' title='bbox 1115 2846 1148 2868; x_wconf 87' lang='lat' dir='ltr'>m</span> <span class='ocrx_word' id='word_1_507' title='bbox 1171 2834 1302 2885; x_wconf 78' lang='lat' dir='ltr'>historia</span> <span class='ocrx_word' id='word_1_508' title='bbox 1325 2844 1404 2883; x_wconf 81' lang='lat' dir='ltr'>qua-</span> 
     </span>
     <span class='ocr_line' id='line_1_64' title="bbox 395 2877 1402 2934; baseline -0.026 -1"><span class='ocrx_word' id='word_1_509' title='bbox 395 2898 473 2934; x_wconf 83' lang='lat' dir='ltr'>dam</span> <span class='ocrx_word' id='word_1_510' title='bbox 496 2905 568 2929; x_wconf 90' lang='lat' dir='ltr'>ante</span> <span class='ocrx_word' id='word_1_511' title='bbox 591 2892 650 2926; x_wconf 86' lang='lat' dir='ltr'>hos</span> <span class='ocrx_word' id='word_1_512' title='bbox 671 2889 814 2933; x_wconf 87' lang='lat' dir='ltr'>quinque</span> <span class='ocrx_word' id='word_1_513' title='bbox 836 2889 868 2919; x_wconf 86' lang='lat'>&amp;</span> <span class='ocrx_word' id='word_1_514' title='bbox 890 2885 1027 2926; x_wconf 79' lang='lat' dir='ltr'>triginta</span> <span class='ocrx_word' id='word_1_515' title='bbox 1052 2891 1150 2913; x_wconf 88' lang='lat' dir='ltr'>annos</span> <span class='ocrx_word' id='word_1_516' title='bbox 1184 2889 1218 2911; x_wconf 82' lang='lat' dir='ltr'>in</span> <span class='ocrx_word' id='word_1_517' title='bbox 1256 2877 1402 2926; x_wconf 73' lang='lat' dir='ltr'>Urbibus</span> 
     </span>
     <span class='ocr_line' id='line_1_65' title="bbox 398 2921 1402 2977; baseline -0.027 0"><span class='ocrx_word' id='word_1_518' title='bbox 398 2943 526 2977; x_wconf 79' lang='lat' dir='ltr'>duabus</span> <span class='ocrx_word' id='word_1_519' title='bbox 548 2938 623 2971; x_wconf 89' lang='lat' dir='ltr'>huic</span> <span class='ocrx_word' id='word_1_520' title='bbox 647 2934 822 2976; x_wconf 80' lang='lat' dir='ltr'>proximis,</span> <span class='ocrx_word' id='word_1_521' title='bbox 845 2929 952 2966; x_wconf 86' lang='lat' dir='ltr'>edita,</span> <span class='ocrx_word' id='word_1_522' title='bbox 975 2934 1130 2967; x_wconf 86' lang='lat' dir='ltr'>tanquam</span> <span class='ocrx_word' id='word_1_523' title='bbox 1152 2921 1310 2971; x_wconf 72' lang='lat' dir='ltr'>hydropis</span> <span class='ocrx_word' id='word_1_524' title='bbox 1332 2928 1402 2953; x_wconf 88' lang='lat' dir='ltr'>ute-</span> 
     </span>
     <span class='ocr_line' id='line_1_66' title="bbox 398 2972 1403 3021; baseline -0.025 -2"><span class='ocrx_word' id='word_1_525' title='bbox 398 2999 441 3021; x_wconf 78' lang='lat'>10</span> <span class='ocrx_word' id='word_1_526' title='bbox 464 2980 574 3017; x_wconf 84' lang='lat' dir='ltr'>inclusi</span> <span class='ocrx_word' id='word_1_527' title='bbox 590 3003 600 3018; x_wconf 89' lang='lat'>‚</span> <span class='ocrx_word' id='word_1_528' title='bbox 622 2988 697 3012; x_wconf 89' lang='lat' dir='ltr'>cum</span> <span class='ocrx_word' id='word_1_529' title='bbox 721 2986 829 3009; x_wconf 90' lang='lat' dir='ltr'>tamen</span> <span class='ocrx_word' id='word_1_530' title='bbox 854 2982 970 3014; x_wconf 86' lang='lat' dir='ltr'>aquam</span> <span class='ocrx_word' id='word_1_531' title='bbox 995 2979 1103 3003; x_wconf 83' lang='lat' dir='ltr'>uterus</span> <span class='ocrx_word' id='word_1_532' title='bbox 1125 2977 1189 2999; x_wconf 93' lang='lat' dir='ltr'>non</span> <span class='ocrx_word' id='word_1_533' title='bbox 1201 2972 1403 3014; x_wconf 82' lang='lat' dir='ltr'>contineret,</span> 
     </span>
     <span class='ocr_line' id='line_1_67' title="bbox 398 3007 1404 3064; baseline -0.025 -1"><span class='ocrx_word' id='word_1_534' title='bbox 398 3038 438 3064; x_wconf 87' lang='lat' dir='ltr'>ut</span> <span class='ocrx_word' id='word_1_535' title='bbox 460 3021 616 3062; x_wconf 79' lang='lat' dir='ltr'>debuisset</span> <span class='ocrx_word' id='word_1_536' title='bbox 639 3044 652 3062; x_wconf 90' lang='lat'>,</span> <span class='ocrx_word' id='word_1_537' title='bbox 669 3030 769 3061; x_wconf 90' lang='lat' dir='ltr'>tuque</span> <span class='ocrx_word' id='word_1_538' title='bbox 792 3019 826 3051; x_wconf 90' lang='lat' dir='ltr'>in</span> <span class='ocrx_word' id='word_1_539' title='bbox 847 3014 1087 3049; x_wconf 84' lang='lat' dir='ltr'>Observatioue</span> <span class='ocrx_word' id='word_1_540' title='bbox 1114 3009 1288 3059; x_wconf 29' lang='lat' dir='ltr'>puraesertim</span> <span class='ocrx_word' id='word_1_541' title='bbox 1309 3007 1404 3055; x_wconf 81' lang='lat' dir='ltr'>Hen-</span> 
     </span>
     <span class='ocr_line' id='line_1_68' title="bbox 399 3049 1403 3109; baseline -0.026 -1"><span class='ocrx_word' id='word_1_542' title='bbox 399 3074 463 3109; x_wconf 88' lang='lat' dir='ltr'>rici</span> <span class='ocrx_word' id='word_1_543' title='bbox 488 3068 569 3104; x_wconf 88' lang='lat' dir='ltr'>Alb.</span> <span class='ocrx_word' id='word_1_544' title='bbox 593 3063 729 3099; x_wconf 87' lang='lat' dir='ltr'>Nicolai</span> <span class='ocrx_word' id='word_1_545' title='bbox 752 3061 766 3101; x_wconf 86' lang='lat'>(</span> <span class='ocrx_word' id='word_1_546' title='bbox 789 3071 810 3094; x_wconf 87' lang='lat' dir='ltr'><strong><em>x</em></strong></span> <span class='ocrx_word' id='word_1_547' title='bbox 833 3063 843 3097; x_wconf 88' lang='lat'>)</span> <span class='ocrx_word' id='word_1_548' title='bbox 864 3058 971 3092; x_wconf 87' lang='lat' dir='ltr'>videre</span> <span class='ocrx_word' id='word_1_549' title='bbox 995 3065 1106 3096; x_wconf 84' lang='lat' dir='ltr'>potes,</span> <span class='ocrx_word' id='word_1_550' title='bbox 1130 3063 1241 3095; x_wconf 76' lang='lat' dir='ltr'>ingens</span> <span class='ocrx_word' id='word_1_551' title='bbox 1272 3049 1368 3093; x_wconf 88' lang='lat' dir='ltr'>cystis</span> <span class='ocrx_word' id='word_1_552' title='bbox 1390 3072 1403 3088; x_wconf 87' lang='lat'><em>‚</em></span> 
     </span>
     <span class='ocr_line' id='line_1_69' title="bbox 397 3092 1402 3152; baseline -0.026 -1"><span class='ocrx_word' id='word_1_553' title='bbox 397 3130 415 3152; x_wconf 82' lang='lat' dir='ltr'>a</span> <span class='ocrx_word' id='word_1_554' title='bbox 439 3127 479 3150; x_wconf 87' lang='lat' dir='ltr'>ua</span> <span class='ocrx_word' id='word_1_555' title='bbox 501 3111 661 3149; x_wconf 80' lang='lat' dir='ltr'>distenta,</span> <span class='ocrx_word' id='word_1_556' title='bbox 686 3106 726 3140; x_wconf 90' lang='lat' dir='ltr'>ab</span> <span class='ocrx_word' id='word_1_557' title='bbox 748 3102 817 3146; x_wconf 89' lang='lat' dir='ltr'>ipso</span> <span class='ocrx_word' id='word_1_558' title='bbox 840 3103 956 3136; x_wconf 87' lang='lat' dir='ltr'>uterini</span> <span class='ocrx_word' id='word_1_559' title='bbox 981 3098 1074 3133; x_wconf 88' lang='lat' dir='ltr'>fundi</span> <span class='ocrx_word' id='word_1_560' title='bbox 1097 3095 1220 3145; x_wconf 78' lang='lat' dir='ltr'>sinistro</span> <span class='ocrx_word' id='word_1_561' title='bbox 1243 3094 1341 3128; x_wconf 86' lang='lat' dir='ltr'>latere</span> <span class='ocrx_word' id='word_1_562' title='bbox 1364 3092 1402 3125; x_wconf 93' lang='lat' dir='ltr'>ad</span> 
     </span>
     <span class='ocr_line' id='line_1_70' title="bbox 399 3129 1404 3202; baseline -0.025 -9"><span class='ocrx_word' id='word_1_563' title='bbox 399 3129 611 3202; x_wconf 69' lang='lat' dir='ltr'>diaphragma</span> <span class='ocrx_word' id='word_1_564' title='bbox 636 3150 736 3194; x_wconf 92' lang='lat' dir='ltr'>usque</span> <span class='ocrx_word' id='word_1_565' title='bbox 759 3147 786 3181; x_wconf 89' lang='lat' dir='ltr'>se</span> <span class='ocrx_word' id='word_1_566' title='bbox 810 3145 999 3179; x_wconf 84' lang='lat' dir='ltr'>extolleret.</span> <span class='ocrx_word' id='word_1_567' title='bbox 1023 3142 1151 3182; x_wconf 86' lang='lat' dir='ltr'>Nempe</span> <span class='ocrx_word' id='word_1_568' title='bbox 1184 3140 1239 3173; x_wconf 90' lang='lat' dir='ltr'>hic</span> <span class='ocrx_word' id='word_1_569' title='bbox 1262 3147 1404 3188; x_wconf 35' lang='lat' dir='ltr'>‘quoqu-e</span> 
     </span>
     <span class='ocr_line' id='line_1_71' title="bbox 400 3181 1402 3239; baseline -0.027 -1"><span class='ocrx_word' id='word_1_570' title='bbox 400 3204 540 3239; x_wconf 86' lang='lat' dir='ltr'>haeream</span> <span class='ocrx_word' id='word_1_571' title='bbox 564 3193 680 3231; x_wconf 79' lang='lat' dir='ltr'>necesse</span> <span class='ocrx_word' id='word_1_572' title='bbox 702 3191 773 3231; x_wconf 83' lang='lat' dir='ltr'>est,</span> <span class='ocrx_word' id='word_1_573' title='bbox 794 3188 849 3223; x_wconf 82' lang='lat' dir='ltr'>etsi</span> <span class='ocrx_word' id='word_1_574' title='bbox 874 3199 937 3221; x_wconf 90' lang='lat' dir='ltr'>non</span> <span class='ocrx_word' id='word_1_575' title='bbox 961 3188 1127 3229; x_wconf 81' lang='lat' dir='ltr'>ignorem,</span> <span class='ocrx_word' id='word_1_576' title='bbox 1154 3181 1238 3217; x_wconf 90' lang='lat' dir='ltr'>haud</span> <span class='ocrx_word' id='word_1_577' title='bbox 1259 3190 1402 3214; x_wconf 85' lang='lat' dir='ltr'>immeri-</span> 
     </span>
     <span class='ocr_line' id='line_1_72' title="bbox 399 3225 1398 3284; baseline -0.025 -3"><span class='ocrx_word' id='word_1_578' title='bbox 399 3259 438 3284; x_wconf 85' lang='lat' dir='ltr'>to</span> <span class='ocrx_word' id='word_1_579' title='bbox 461 3242 653 3279; x_wconf 86' lang='lat' dir='ltr'>Riedlinum</span> <span class='ocrx_word' id='word_1_580' title='bbox 675 3242 729 3280; x_wconf 85' lang='lat' dir='ltr'>(y</span> <span class='ocrx_word' id='word_1_581' title='bbox 753 3239 767 3275; x_wconf 84' lang='lat'><em>)</em></span> <span class='ocrx_word' id='word_1_582' title='bbox 790 3230 962 3267; x_wconf 74' lang='lat' dir='ltr'>censuisse,</span> <span class='ocrx_word' id='word_1_583' title='bbox 985 3229 1172 3278; x_wconf 65' lang='lat' dir='ltr'>hydropem,</span> <span class='ocrx_word' id='word_1_584' title='bbox 1207 3236 1304 3274; x_wconf 40' lang='lat' dir='ltr'>quern·</span> <span class='ocrx_word' id='word_1_585' title='bbox 1326 3225 1398 3256; x_wconf 82' lang='lat' dir='ltr'>Ute-</span> 
     </span>
     <span class='ocr_line' id='line_1_73' title="bbox 401 3270 1396 3325; baseline -0.027 -1"><span class='ocrx_word' id='word_1_586' title='bbox 401 3291 507 3325; x_wconf 79' lang='lat' dir='ltr'>rinum</span> <span class='ocrx_word' id='word_1_587' title='bbox 530 3284 714 3320; x_wconf 81' lang='lat' dir='ltr'>nominant,</span> <span class='ocrx_word' id='word_1_588' title='bbox 732 3278 901 3321; x_wconf 85' lang='lat' dir='ltr'>plerunque</span> <span class='ocrx_word' id='word_1_589' title='bbox 925 3274 956 3307; x_wconf 83' lang='lat' dir='ltr'>in</span> <span class='ocrx_word' id='word_1_590' title='bbox 979 3270 1126 3319; x_wconf 48' lang='lat' dir='ltr'>testiculis</span> <span class='ocrx_word' id='word_1_591' title='bbox 1149 3272 1195 3319; x_wconf 67' lang='lat' dir='ltr'>j&amp;</span> <span class='ocrx_word' id='word_1_592' title='bbox 1224 3276 1396 3310; x_wconf 75' lang='lat' dir='ltr'>orlgmem,</span> 
     </span>
     <span class='ocr_line' id='line_1_74' title="bbox 403 3309 1396 3374; baseline -0.025 -9"><span class='ocrx_word' id='word_1_593' title='bbox 403 3334 448 3368; x_wconf 62' lang='grc' dir='ltr'>(φ</span> <span class='ocrx_word' id='word_1_594' title='bbox 463 3330 567 3374; x_wconf 83' lang='lat' dir='ltr'>sedem</span> <span class='ocrx_word' id='word_1_595' title='bbox 584 3325 675 3368; x_wconf 83' lang='lat' dir='ltr'>suam</span> <span class='ocrx_word' id='word_1_596' title='bbox 698 3320 835 3356; x_wconf 70' lang='lat' dir='ltr'>invenire</span> <span class='ocrx_word' id='word_1_597' title='bbox 851 3345 860 3359; x_wconf 93' lang='lat'>,</span> <span class='ocrx_word' id='word_1_598' title='bbox 883 3316 961 3351; x_wconf 86' lang='lat' dir='ltr'>unde</span> <span class='ocrx_word' id='word_1_599' title='bbox 982 3317 1024 3349; x_wconf 59' lang='grc' dir='ltr'>(Τ</span> <span class='ocrx_word' id='word_1_600' title='bbox 1038 3312 1193 3362; x_wconf 56' lang='lat' dir='ltr'>sacerzllc</span> <span class='ocrx_word' id='word_1_601' title='bbox 1219 3309 1297 3352; x_wconf 62' lang='lat' dir='ltr'>sape</span> <span class='ocrx_word' id='word_1_602' title='bbox 1329 3316 1396 3357; x_wconf 65' lang='lat' dir='ltr'>tum</span> 
     </span>
     <span class='ocr_line' id='line_1_75' title="bbox 400 3354 1398 3419; baseline -0.027 -8"><span class='ocrx_word' id='word_1_603' title='bbox 400 3374 526 3419; x_wconf 79' lang='lat' dir='ltr'>magni,</span> <span class='ocrx_word' id='word_1_604' title='bbox 547 3378 618 3406; x_wconf 78' lang='lat' dir='ltr'>tam</span> <span class='ocrx_word' id='word_1_605' title='bbox 639 3365 783 3410; x_wconf 82' lang='lat' dir='ltr'>infignem</span> <span class='ocrx_word' id='word_1_606' title='bbox 806 3373 889 3405; x_wconf 79' lang='lat' dir='ltr'>aquae</span> <span class='ocrx_word' id='word_1_607' title='bbox 911 3359 1030 3402; x_wconf 79' lang='lat' dir='ltr'>copiam</span> <span class='ocrx_word' id='word_1_608' title='bbox 1053 3362 1263 3394; x_wconf 71' lang='lat' dir='ltr'>continentes,</span> <span class='ocrx_word' id='word_1_609' title='bbox 1287 3354 1328 3388; x_wconf 54' lang='grc' dir='ltr'><em>Θ</em></span> <span class='ocrx_word' id='word_1_610' title='bbox 1348 3362 1398 3386; x_wconf 82' lang='lat' dir='ltr'>zn-</span> 
     </span>
    </p>
   </div>
   <div class='ocr_carea' id='block_1_3' title="bbox 403 3503 1334 3537">
    <p class='ocr_par' dir='ltr' id='par_1_5' title="bbox 403 3503 1334 3537">
     <span class='ocr_line' id='line_1_76' title="bbox 403 3503 1334 3537; baseline -0.005 -20"><span class='ocrx_word' id='word_1_611' title='bbox 403 3503 1334 3537; x_wconf 46' lang='grc' dir='ltr'><em>Μ</em></span> 
     </span>
    </p>
   </div>
   <div class='ocr_carea' id='block_1_4' title="bbox 465 3574 1412 3738">
    <p class='ocr_par' dir='ltr' id='par_1_6' title="bbox 465 3574 1357 3622">
     <span class='ocr_line' id='line_1_77' title="bbox 465 3574 1357 3622; baseline -0.019 -8"><span class='ocrx_word' id='word_1_612' title='bbox 465 3594 481 3622; x_wconf 86' lang='grc'>(</span> <span class='ocrx_word' id='word_1_613' title='bbox 495 3601 511 3616; x_wconf 83' lang='grc' dir='ltr'><em>η</em></span> <span class='ocrx_word' id='word_1_614' title='bbox 526 3590 540 3618; x_wconf 88' lang='grc'>)</span> <span class='ocrx_word' id='word_1_615' title='bbox 556 3596 579 3613; x_wconf 92' lang='lat' dir='ltr'>n.</span> <span class='ocrx_word' id='word_1_616' title='bbox 597 3589 633 3618; x_wconf 80' lang='lat'>58.</span> <span class='ocrx_word' id='word_1_617' title='bbox 651 3594 687 3616; x_wconf 82' lang='lat'>59.</span> <span class='ocrx_word' id='word_1_618' title='bbox 752 3586 764 3610; x_wconf 84' lang='lat'><strong>(</strong></span> <span class='ocrx_word' id='word_1_619' title='bbox 778 3591 793 3607; x_wconf 89' lang='lat' dir='ltr'><em>a</em></span> <span class='ocrx_word' id='word_1_620' title='bbox 808 3582 823 3611; x_wconf 86' lang='lat'><strong>)</strong></span> <span class='ocrx_word' id='word_1_621' title='bbox 838 3583 978 3606; x_wconf 82' lang='lat' dir='ltr'>Commere.</span> <span class='ocrx_word' id='word_1_622' title='bbox 993 3578 1078 3613; x_wconf 62' lang='lat' dir='ltr'>Litter.</span> <span class='ocrx_word' id='word_1_623' title='bbox 1097 3577 1126 3612; x_wconf 41' lang='lat' dir='ltr'>A..</span> <span class='ocrx_word' id='word_1_624' title='bbox 1143 3584 1209 3609; x_wconf 79' lang='lat'>¹734-</span> <span class='ocrx_word' id='word_1_625' title='bbox 1221 3574 1303 3600; x_wconf 76' lang='lat' dir='ltr'>Hebd.</span> <span class='ocrx_word' id='word_1_626' title='bbox 1321 3580 1357 3603; x_wconf 73' lang='lat'>⁴4·</span> 
     </span>
    </p>

    <p class='ocr_par' dir='ltr' id='par_1_7' title="bbox 465 3608 1412 3738">
     <span class='ocr_line' id='line_1_78' title="bbox 467 3608 1404 3669; baseline -0.019 6"><span class='ocrx_word' id='word_1_627' title='bbox 467 3625 483 3651; x_wconf 69' lang='grc'>(</span> <span class='ocrx_word' id='word_1_628' title='bbox 495 3631 513 3651; x_wconf 57' lang='lat'>&#39;⁹</span> <span class='ocrx_word' id='word_1_629' title='bbox 527 3621 542 3648; x_wconf 63' lang='lat'>³</span> <span class='ocrx_word' id='word_1_630' title='bbox 558 3626 638 3654; x_wconf 59' lang='lat'>&#39;¹²⁷⁰&#39;</span> <span class='ocrx_word' id='word_1_631' title='bbox 698 3615 707 3642; x_wconf 85' lang='lat'><em>(</em></span> <span class='ocrx_word' id='word_1_632' title='bbox 722 3623 734 3639; x_wconf 71' lang='lat'><em>⁷</em></span> <span class='ocrx_word' id='word_1_633' title='bbox 749 3615 764 3642; x_wconf 67' lang='lat'>³</span> <span class='ocrx_word' id='word_1_634' title='bbox 780 3620 879 3668; x_wconf 54' lang='lat' dir='ltr'>n‘Awa&#39;t.</span> <span class='ocrx_word' id='word_1_635' title='bbox 897 3610 1069 3669; x_wconf 33' lang='lat' dir='ltr'>oimsgy&#39;d&#39;(</span> <span class='ocrx_word' id='word_1_636' title='bbox 1079 3608 1256 3669; x_wconf 52' lang='lat' dir='ltr'>{Pistossissl</span> <span class='ocrx_word' id='word_1_637' title='bbox 1273 3612 1315 3659; x_wconf 55' lang='lat' dir='ltr'>21⁷1ss</span> <span class='ocrx_word' id='word_1_638' title='bbox 1332 3634 1362 3658; x_wconf 67' lang='lat' dir='ltr'>aa</span> <span class='ocrx_word' id='word_1_639' title='bbox 1380 3643 1404 3658; x_wconf 83' lang='lat' dir='ltr'>n.</span> 
     </span>
     <span class='ocr_line' id='line_1_79' title="bbox 468 3645 1405 3707; baseline -0.016 -4"><span class='ocrx_word' id='word_1_640' title='bbox 468 3646 686 3707; x_wconf 51' lang='lat' dir='ltr'>‘rssffif&#39;sffii</span> <span class='ocrx_word' id='word_1_641' title='bbox 698 3645 843 3703; x_wconf 41' lang='lat' dir='ltr'>&amp;ufkun</span> <span class='ocrx_word' id='word_1_642' title='bbox 870 3672 898 3707; x_wconf 69' lang='lat' dir='ltr'>¹c</span> <span class='ocrx_word' id='word_1_643' title='bbox 913 3670 927 3695; x_wconf 75' lang='lat' dir='ltr'><em>b</em></span> <span class='ocrx_word' id='word_1_644' title='bbox 942 3676 953 3699; x_wconf 83' lang='lat'><strong>&gt;</strong></span> <span class='ocrx_word' id='word_1_645' title='bbox 968 3673 999 3695; x_wconf 79' lang='lat' dir='ltr'>A.</span> <span class='ocrx_word' id='word_1_646' title='bbox 1017 3672 1084 3700; x_wconf 74' lang='lat'>1⁶85.</span> <span class='ocrx_word' id='word_1_647' title='bbox 1101 3670 1141 3694; x_wconf 85' lang='lat' dir='ltr'>M.</span> <span class='ocrx_word' id='word_1_648' title='bbox 1159 3667 1234 3703; x_wconf 36' lang='lat' dir='ltr'>Apri-l.</span> <span class='ocrx_word' id='word_1_649' title='bbox 1251 3667 1273 3690; x_wconf 65' lang='grc' dir='ltr'>ει</span> <span class='ocrx_word' id='word_1_650' title='bbox 1289 3667 1320 3689; x_wconf 81' lang='lat' dir='ltr'>A.</span> <span class='ocrx_word' id='word_1_651' title='bbox 1338 3672 1405 3695; x_wconf 78' lang='lat'>1701.</span> 
     </span>
     <span class='ocr_line' id='line_1_80' title="bbox 465 3694 1412 3738; baseline -0.021 0"><span class='ocrx_word' id='word_1_652' title='bbox 465 3710 536 3738; x_wconf 66' lang='lat' dir='ltr'>(e)</span> <span class='ocrx_word' id='word_1_653' title='bbox 568 3707 634 3736; x_wconf 82' lang='lat' dir='ltr'>(s)</span> <span class='ocrx_word' id='word_1_654' title='bbox 665 3705 733 3736; x_wconf 81' lang='lat' dir='ltr'>(g)</span> <span class='ocrx_word' id='word_1_655' title='bbox 768 3700 1122 3736; x_wconf 68' lang='lat' dir='ltr'>(h)eit.supraadn.⁶4.</span> <span class='ocrx_word' id='word_1_656' title='bbox 1182 3698 1283 3729; x_wconf 74' lang='grc' dir='ltr'>(,ι)ι·ι.</span> <span class='ocrx_word' id='word_1_657' title='bbox 1306 3702 1341 3726; x_wconf 72' lang='grc' dir='ltr'>ςο.</span> <span class='ocrx_word' id='word_1_658' title='bbox 1402 3694 1412 3725; x_wconf 85' lang='grc'>(</span> 
     </span>
    </p>
   </div>
   <div class='ocr_carea' id='block_1_5' title="bbox 457 3730 1028 3771">
    <p class='ocr_par' dir='ltr' id='par_1_8' title="bbox 457 3730 1028 3771">
     <span class='ocr_line' id='line_1_81' title="bbox 457 3730 1028 3771; baseline -0.018 -4"><span class='ocrx_word' id='word_1_659' title='bbox 457 3740 493 3771; x_wconf 59' lang='grc' dir='ltr'>,Η</span> <span class='ocrx_word' id='word_1_660' title='bbox 509 3739 523 3770; x_wconf 77' lang='lat'><strong>&gt;</strong></span> <span class='ocrx_word' id='word_1_661' title='bbox 537 3742 578 3763; x_wconf 74' lang='lat' dir='ltr'>cit.</span> <span class='ocrx_word' id='word_1_662' title='bbox 594 3737 659 3766; x_wconf 73' lang='lat' dir='ltr'>supra</span> <span class='ocrx_word' id='word_1_663' title='bbox 675 3744 698 3762; x_wconf 83' lang='lat' dir='ltr'>n.</span> <span class='ocrx_word' id='word_1_664' title='bbox 715 3739 756 3766; x_wconf 71' lang='lat'>⁶5-</span> <span class='ocrx_word' id='word_1_665' title='bbox 816 3733 826 3764; x_wconf 69' lang='lat' dir='ltr'>l</span> <span class='ocrx_word' id='word_1_666' title='bbox 844 3741 868 3759; x_wconf 83' lang='lat' dir='ltr'>m</span> <span class='ocrx_word' id='word_1_667' title='bbox 887 3735 895 3762; x_wconf 72' lang='lat' dir='ltr'>l</span> <span class='ocrx_word' id='word_1_668' title='bbox 911 3732 953 3758; x_wconf 79' lang='lat' dir='ltr'>cit.</span> <span class='ocrx_word' id='word_1_669' title='bbox 970 3730 1028 3757; x_wconf 68' lang='lat' dir='ltr'>ibid„</span> 
     </span>
    </p>
   </div>
   <div class='ocr_carea' id='block_1_6' title="bbox 1372 3604 1620 3633">
    <p class='ocr_par' dir='ltr' id='par_1_9' title="bbox 1372 3604 1620 3633">
     <span class='ocr_line' id='line_1_82' title="bbox 1372 3604 1620 3633; baseline -0.012 -5"><span class='ocrx_word' id='word_1_670' title='bbox 1372 3604 1386 3632; x_wconf 92' lang='lat'>(</span> <span class='ocrx_word' id='word_1_671' title='bbox 1402 3609 1413 3627; x_wconf 69' lang='lat' dir='ltr'>t</span> <span class='ocrx_word' id='word_1_672' title='bbox 1431 3605 1444 3633; x_wconf 86' lang='lat'><strong>)</strong></span> <span class='ocrx_word' id='word_1_673' title='bbox 1460 3604 1578 3628; x_wconf 81' lang='lat' dir='ltr'>Offervaz.</span> <span class='ocrx_word' id='word_1_674' title='bbox 1599 3610 1620 3630; x_wconf 82' lang='lat'>9.</span> 
     </span>
    </p>
   </div>
   <div class='ocr_carea' id='block_1_7' title="bbox 943 118 1832 177">
    <p class='ocr_par' dir='ltr' id='par_1_10' title="bbox 943 118 1832 177">
     <span class='ocr_line' id='line_1_83' title="bbox 943 118 1832 177; baseline -0.003 0"><span class='ocrx_word' id='word_1_675' title='bbox 943 118 1099 177; x_wconf 85' lang='lat' dir='ltr'>Liber</span> <span class='ocrx_word' id='word_1_676' title='bbox 1133 124 1226 177; x_wconf 86' lang='lat'><em>111.</em></span> <span class='ocrx_word' id='word_1_677' title='bbox 1260 123 1345 177; x_wconf 88' lang='lat' dir='ltr'>De</span> <span class='ocrx_word' id='word_1_678' title='bbox 1379 121 1586 176; x_wconf 90' lang='lat' dir='ltr'>Morbis</span> <span class='ocrx_word' id='word_1_679' title='bbox 1619 121 1832 174; x_wconf 81' lang='lat' dir='ltr'>Ventris</span> 
     </span>
    </p>
   </div>
   <div class='ocr_carea' id='block_1_8' title="bbox 1416 195 2467 3433">
    <p class='ocr_par' dir='ltr' id='par_1_11' title="bbox 1416 195 2416 618">
     <span class='ocr_line' id='line_1_84' title="bbox 1417 195 2414 242; baseline 0.007 -14"><span class='ocrx_word' id='word_1_680' title='bbox 1417 195 1524 235; x_wconf 81' lang='lat' dir='ltr'>testina</span> <span class='ocrx_word' id='word_1_681' title='bbox 1546 203 1738 237; x_wconf 77' lang='lat' dir='ltr'>contegentes</span> <span class='ocrx_word' id='word_1_682' title='bbox 1762 223 1768 228; x_wconf 92' lang='lat'>.</span> <span class='ocrx_word' id='word_1_683' title='bbox 1789 222 1796 229; x_wconf 94' lang='lat'><em>.</em></span> <span class='ocrx_word' id='word_1_684' title='bbox 1814 222 1843 231; x_wconf 90' lang='lat'>..</span> <span class='ocrx_word' id='word_1_685' title='bbox 1866 195 2066 230; x_wconf 69' lang='lat' dir='ltr'>derivantur.</span> <span class='ocrx_word' id='word_1_686' title='bbox 2089 197 2251 233; x_wconf 86' lang='lat' dir='ltr'>Caeterum</span> <span class='ocrx_word' id='word_1_687' title='bbox 2284 200 2316 234; x_wconf 71' lang='grc' dir='ltr'>ἃς</span> <span class='ocrx_word' id='word_1_688' title='bbox 2360 196 2414 242; x_wconf 64' lang='grc' dir='ltr'>ῐιιὲ</span> 
     </span>
     <span class='ocr_line' id='line_1_85' title="bbox 1416 240 2415 284; baseline 0.003 -12"><span class='ocrx_word' id='word_1_689' title='bbox 1416 242 1490 272; x_wconf 89' lang='lat' dir='ltr'>nior</span> <span class='ocrx_word' id='word_1_690' title='bbox 1512 240 1681 281; x_wconf 86' lang='lat' dir='ltr'>Verneyus</span> <span class='ocrx_word' id='word_1_691' title='bbox 1703 242 1717 278; x_wconf 89' lang='lat'>(</span> <span class='ocrx_word' id='word_1_692' title='bbox 1740 252 1763 283; x_wconf 61' lang='lat' dir='ltr'><em>z</em></span> <span class='ocrx_word' id='word_1_693' title='bbox 1785 244 1796 279; x_wconf 90' lang='lat'><em>)</em></span> <span class='ocrx_word' id='word_1_694' title='bbox 1818 241 1896 274; x_wconf 81' lang='lat' dir='ltr'>duas</span> <span class='ocrx_word' id='word_1_695' title='bbox 1921 251 2048 281; x_wconf 81' lang='lat' dir='ltr'>magnas</span> <span class='ocrx_word' id='word_1_696' title='bbox 2072 240 2227 282; x_wconf 80' lang='lat' dir='ltr'>ejusmodi</span> <span class='ocrx_word' id='word_1_697' title='bbox 2250 243 2348 284; x_wconf 84' lang='lat' dir='ltr'>cystes</span> <span class='ocrx_word' id='word_1_698' title='bbox 2360 255 2415 275; x_wconf 79' lang='lat' dir='ltr'>or-</span> 
     </span>
     <span class='ocr_line' id='line_1_86' title="bbox 1416 281 2415 327; baseline 0.002 -12"><span class='ocrx_word' id='word_1_699' title='bbox 1416 291 1463 315; x_wconf 87' lang='lat' dir='ltr'>tas</span> <span class='ocrx_word' id='word_1_700' title='bbox 1486 293 1527 316; x_wconf 75' lang='lat' dir='ltr'>ex</span> <span class='ocrx_word' id='word_1_701' title='bbox 1550 282 1648 315; x_wconf 84' lang='lat' dir='ltr'>latere</span> <span class='ocrx_word' id='word_1_702' title='bbox 1671 281 1795 316; x_wconf 84' lang='lat' dir='ltr'>sinistro</span> <span class='ocrx_word' id='word_1_703' title='bbox 1819 284 1926 322; x_wconf 91' lang='lat' dir='ltr'>uteri,</span> <span class='ocrx_word' id='word_1_704' title='bbox 1952 285 1982 315; x_wconf 73' lang='grc' dir='ltr'>δε</span> <span class='ocrx_word' id='word_1_705' title='bbox 2005 285 2153 317; x_wconf 87' lang='lat' dir='ltr'>ovarium</span> <span class='ocrx_word' id='word_1_706' title='bbox 2176 286 2307 327; x_wconf 88' lang='lat' dir='ltr'>quidem</span> <span class='ocrx_word' id='word_1_707' title='bbox 2320 296 2415 318; x_wconf 91' lang='lat' dir='ltr'>com-</span> 
     </span>
     <span class='ocr_line' id='line_1_87' title="bbox 1417 324 2414 371; baseline 0.003 -14"><span class='ocrx_word' id='word_1_708' title='bbox 1417 325 1606 371; x_wconf 60' lang='lat' dir='ltr'>plectentes,</span> <span class='ocrx_word' id='word_1_709' title='bbox 1633 324 1682 359; x_wconf 85' lang='lat' dir='ltr'>sed</span> <span class='ocrx_word' id='word_1_710' title='bbox 1706 327 1739 358; x_wconf 94' lang='lat' dir='ltr'>in</span> <span class='ocrx_word' id='word_1_711' title='bbox 1764 328 1860 359; x_wconf 84' lang='lat' dir='ltr'>altera</span> <span class='ocrx_word' id='word_1_712' title='bbox 1876 324 2018 359; x_wconf 24' lang='lat' dir='ltr'>rfoemina</span> <span class='ocrx_word' id='word_1_713' title='bbox 2030 337 2093 359; x_wconf 90' lang='lat' dir='ltr'>non</span> <span class='ocrx_word' id='word_1_714' title='bbox 2107 327 2276 361; x_wconf 85' lang='lat' dir='ltr'>dilatatum</span> <span class='ocrx_word' id='word_1_715' title='bbox 2291 352 2299 367; x_wconf 89' lang='lat'>,</span> <span class='ocrx_word' id='word_1_716' title='bbox 2324 326 2414 371; x_wconf 89' lang='lat' dir='ltr'>quod</span> 
     </span>
     <span class='ocr_line' id='line_1_88' title="bbox 1419 369 2415 410; baseline 0.002 -10"><span class='ocrx_word' id='word_1_717' title='bbox 1419 377 1503 410; x_wconf 74' lang='lat' dir='ltr'>ajat,</span> <span class='ocrx_word' id='word_1_718' title='bbox 1528 369 1676 410; x_wconf 88' lang='lat' dir='ltr'>intraque</span> <span class='ocrx_word' id='word_1_719' title='bbox 1700 370 1794 402; x_wconf 85' lang='lat' dir='ltr'>aliam</span> <span class='ocrx_word' id='word_1_720' title='bbox 1821 371 1977 402; x_wconf 84' lang='lat' dir='ltr'>minorem</span> <span class='ocrx_word' id='word_1_721' title='bbox 2001 370 2116 410; x_wconf 86' lang='lat' dir='ltr'>cystim</span> <span class='ocrx_word' id='word_1_722' title='bbox 2140 373 2345 409; x_wconf 82' lang='lat' dir='ltr'>conclusum,</span> <span class='ocrx_word' id='word_1_723' title='bbox 2380 371 2415 402; x_wconf 87' lang='lat' dir='ltr'>in</span> 
     </span>
     <span class='ocr_line' id='line_1_89' title="bbox 1420 410 2416 456; baseline 0.003 -13"><span class='ocrx_word' id='word_1_724' title='bbox 1420 413 1518 444; x_wconf 85' lang='lat' dir='ltr'>altera</span> <span class='ocrx_word' id='word_1_725' title='bbox 1541 410 1712 444; x_wconf 85' lang='lat' dir='ltr'>dilatatum</span> <span class='ocrx_word' id='word_1_726' title='bbox 1735 413 1888 454; x_wconf 80' lang='lat' dir='ltr'>quidem,</span> <span class='ocrx_word' id='word_1_727' title='bbox 1909 412 1960 445; x_wconf 84' lang='lat' dir='ltr'>sed</span> <span class='ocrx_word' id='word_1_728' title='bbox 1982 411 2064 445; x_wconf 87' lang='lat' dir='ltr'>nihil</span> <span class='ocrx_word' id='word_1_729' title='bbox 2087 413 2124 446; x_wconf 86' lang='lat' dir='ltr'>ad</span> <span class='ocrx_word' id='word_1_730' title='bbox 2148 413 2241 455; x_wconf 87' lang='lat' dir='ltr'>cystis</span> <span class='ocrx_word' id='word_1_731' title='bbox 2254 426 2315 456; x_wconf 85' lang='lat' dir='ltr'>qua</span> <span class='ocrx_word' id='word_1_732' title='bbox 2326 424 2416 447; x_wconf 88' lang='lat' dir='ltr'>corn-</span> 
     </span>
     <span class='ocr_line' id='line_1_90' title="bbox 1418 453 2416 497; baseline 0.004 -11"><span class='ocrx_word' id='word_1_733' title='bbox 1418 453 1692 495; x_wconf 84' lang='lat' dir='ltr'>prehendebatur‚</span> <span class='ocrx_word' id='word_1_734' title='bbox 1717 455 1991 497; x_wconf 82' lang='lat' dir='ltr'>magnitudinem.</span> <span class='ocrx_word' id='word_1_735' title='bbox 2017 455 2229 497; x_wconf 83' lang='lat' dir='ltr'>Conjeciffem</span> <span class='ocrx_word' id='word_1_736' title='bbox 2265 456 2416 493; x_wconf 79' lang='lat' dir='ltr'>fortasse,</span> 
     </span>
     <span class='ocr_line' id='line_1_91' title="bbox 1421 498 2415 542; baseline 0.003 -12"><span class='ocrx_word' id='word_1_737' title='bbox 1421 500 1575 530; x_wconf 84' lang='lat' dir='ltr'>extimam</span> <span class='ocrx_word' id='word_1_738' title='bbox 1601 498 1788 532; x_wconf 89' lang='lat' dir='ltr'>ovariorum</span> <span class='ocrx_word' id='word_1_739' title='bbox 1811 500 1979 538; x_wconf 86' lang='lat' dir='ltr'>tunicam,</span> <span class='ocrx_word' id='word_1_740' title='bbox 2003 498 2043 532; x_wconf 89' lang='lat' dir='ltr'>ab</span> <span class='ocrx_word' id='word_1_741' title='bbox 2087 510 2167 541; x_wconf 87' lang='lat' dir='ltr'>aqua</span> <span class='ocrx_word' id='word_1_742' title='bbox 2213 500 2378 542; x_wconf 84' lang='lat' dir='ltr'>expansam</span> <span class='ocrx_word' id='word_1_743' title='bbox 2402 523 2415 540; x_wconf 86' lang='lat'>,</span> 
     </span>
     <span class='ocr_line' id='line_1_92' title="bbox 1420 539 2414 586; baseline 0.004 -14"><span class='ocrx_word' id='word_1_744' title='bbox 1420 551 1552 582; x_wconf 82' lang='lat' dir='ltr'>magnas</span> <span class='ocrx_word' id='word_1_745' title='bbox 1574 541 1645 586; x_wconf 36' lang='lat' dir='ltr'>illa-s</span> <span class='ocrx_word' id='word_1_746' title='bbox 1668 542 1770 582; x_wconf 84' lang='lat' dir='ltr'>cystes</span> <span class='ocrx_word' id='word_1_747' title='bbox 1794 541 1920 581; x_wconf 74' lang='lat' dir='ltr'>fecisse,</span> <span class='ocrx_word' id='word_1_748' title='bbox 1944 541 2002 574; x_wconf 85' lang='lat' dir='ltr'>nisi</span> <span class='ocrx_word' id='word_1_749' title='bbox 2025 539 2082 574; x_wconf 90' lang='lat' dir='ltr'>has</span> <span class='ocrx_word' id='word_1_750' title='bbox 2105 553 2144 575; x_wconf 81' lang='lat' dir='ltr'>ex</span> <span class='ocrx_word' id='word_1_751' title='bbox 2187 545 2273 577; x_wconf 88' lang='lat' dir='ltr'>uteri</span> <span class='ocrx_word' id='word_1_752' title='bbox 2316 543 2414 576; x_wconf 84' lang='lat' dir='ltr'>latere</span> 
     </span>
     <span class='ocr_line' id='line_1_93' title="bbox 1420 584 1683 618; baseline -0.004 -2"><span class='ocrx_word' id='word_1_753' title='bbox 1420 592 1512 618; x_wconf 88' lang='lat' dir='ltr'>natas</span> <span class='ocrx_word' id='word_1_754' title='bbox 1534 584 1683 617; x_wconf 83' lang='lat' dir='ltr'>dixisset.</span> 
     </span>
    </p>

    <p class='ocr_par' dir='ltr' id='par_1_12' title="bbox 1418 626 2467 2963">
     <span class='ocr_line' id='line_1_94' title="bbox 1462 626 2418 672; baseline 0.003 -14"><span class='ocrx_word' id='word_1_755' title='bbox 1462 629 1514 658; x_wconf 89' lang='lat'>66.</span> <span class='ocrx_word' id='word_1_756' title='bbox 1541 628 1620 660; x_wconf 88' lang='lat' dir='ltr'>Sunt</span> <span class='ocrx_word' id='word_1_757' title='bbox 1643 628 1741 660; x_wconf 87' lang='lat' dir='ltr'>etiam</span> <span class='ocrx_word' id='word_1_758' title='bbox 1765 627 1907 668; x_wconf 85' lang='lat' dir='ltr'>exempla</span> <span class='ocrx_word' id='word_1_759' title='bbox 1931 626 2088 671; x_wconf 80' lang='lat' dir='ltr'>hydropis</span> <span class='ocrx_word' id='word_1_760' title='bbox 2112 627 2149 662; x_wconf 85' lang='lat' dir='ltr'>ad</span> <span class='ocrx_word' id='word_1_761' title='bbox 2172 628 2418 672; x_wconf 84' lang='lat' dir='ltr'>FalloppiiTu—</span> 
     </span>
     <span class='ocr_line' id='line_1_95' title="bbox 1419 669 2413 711; baseline 0.002 -10"><span class='ocrx_word' id='word_1_762' title='bbox 1419 669 1492 702; x_wconf 85' lang='lat' dir='ltr'>barn</span> <span class='ocrx_word' id='word_1_763' title='bbox 1518 672 1706 707; x_wconf 86' lang='lat' dir='ltr'>attinentis,</span> <span class='ocrx_word' id='word_1_764' title='bbox 1730 681 1815 703; x_wconf 87' lang='lat' dir='ltr'>certa</span> <span class='ocrx_word' id='word_1_765' title='bbox 1839 671 1898 702; x_wconf 87' lang='lat' dir='ltr'>alia</span> <span class='ocrx_word' id='word_1_766' title='bbox 1920 672 2067 711; x_wconf 78' lang='lat' dir='ltr'>pariter,</span> <span class='ocrx_word' id='word_1_767' title='bbox 2091 672 2151 705; x_wconf 83' lang='lat' dir='ltr'>alia</span> <span class='ocrx_word' id='word_1_768' title='bbox 2175 672 2413 705; x_wconf 84' lang='lat' dir='ltr'>dubia.Certis</span> 
     </span>
     <span class='ocr_line' id='line_1_96' title="bbox 1418 712 2420 756; baseline 0.001 -11"><span class='ocrx_word' id='word_1_769' title='bbox 1418 713 1566 746; x_wconf 81' lang='lat' dir='ltr'>accenseo</span> <span class='ocrx_word' id='word_1_770' title='bbox 1589 713 1675 755; x_wconf 90' lang='lat' dir='ltr'>quod</span> <span class='ocrx_word' id='word_1_771' title='bbox 1700 726 1716 746; x_wconf 86' lang='lat' dir='ltr'>a</span> <span class='ocrx_word' id='word_1_772' title='bbox 1741 712 1937 746; x_wconf 83' lang='lat' dir='ltr'>Munnickio</span> <span class='ocrx_word' id='word_1_773' title='bbox 1961 713 2420 756; x_wconf 76' lang='lat' dir='ltr'>miffum‚13ibliothecae.Ana-</span> 
     </span>
     <span class='ocr_line' id='line_1_97' title="bbox 1422 755 2419 797; baseline 0.002 -10"><span class='ocrx_word' id='word_1_774' title='bbox 1422 756 1539 788; x_wconf 80' lang='lat' dir='ltr'>tomicae</span> <span class='ocrx_word' id='word_1_775' title='bbox 1561 755 1765 792; x_wconf 66' lang='lat' dir='ltr'>Collectores</span> <span class='ocrx_word' id='word_1_776' title='bbox 1789 756 1955 791; x_wconf 88' lang='lat' dir='ltr'>ediderunt</span> <span class='ocrx_word' id='word_1_777' title='bbox 1979 761 1989 796; x_wconf 94' lang='lat'>(</span> <span class='ocrx_word' id='word_1_778' title='bbox 2013 768 2031 789; x_wconf 91' lang='lat' dir='ltr'><em>a</em></span> <span class='ocrx_word' id='word_1_779' title='bbox 2052 761 2085 797; x_wconf 90' lang='grc'>).</span> <span class='ocrx_word' id='word_1_780' title='bbox 2120 759 2204 791; x_wconf 87' lang='lat' dir='ltr'>Satis</span> <span class='ocrx_word' id='word_1_781' title='bbox 2248 760 2331 791; x_wconf 88' lang='lat' dir='ltr'>enim</span> <span class='ocrx_word' id='word_1_782' title='bbox 2374 758 2419 790; x_wconf 86' lang='lat' dir='ltr'>est.</span> 
     </span>
     <span class='ocr_line' id='line_1_98' title="bbox 1422 799 2419 844; baseline 0.001 -13"><span class='ocrx_word' id='word_1_783' title='bbox 1422 800 1552 831; x_wconf 85' lang='lat' dir='ltr'>Iconem</span> <span class='ocrx_word' id='word_1_784' title='bbox 1577 799 1727 840; x_wconf 79' lang='lat' dir='ltr'>inspicias</span> <span class='ocrx_word' id='word_1_785' title='bbox 1743 826 1752 840; x_wconf 86' lang='lat'>,</span> <span class='ocrx_word' id='word_1_786' title='bbox 1775 809 1812 833; x_wconf 88' lang='lat' dir='ltr'>ut</span> <span class='ocrx_word' id='word_1_787' title='bbox 1835 800 1946 833; x_wconf 88' lang='lat' dir='ltr'>tubam</span> <span class='ocrx_word' id='word_1_788' title='bbox 1969 802 2132 834; x_wconf 86' lang='lat' dir='ltr'>dexteram</span> <span class='ocrx_word' id='word_1_789' title='bbox 2156 801 2185 834; x_wconf 88' lang='lat' dir='ltr'>se</span> <span class='ocrx_word' id='word_1_790' title='bbox 2207 800 2306 844; x_wconf 89' lang='lat' dir='ltr'>ipsam</span> <span class='ocrx_word' id='word_1_791' title='bbox 2339 800 2419 833; x_wconf 86' lang='lat' dir='ltr'>dila-</span> 
     </span>
     <span class='ocr_line' id='line_1_99' title="bbox 1423 841 2419 885; baseline 0.001 -11"><span class='ocrx_word' id='word_1_792' title='bbox 1423 841 1521 879; x_wconf 84' lang='lat' dir='ltr'>tasse,</span> <span class='ocrx_word' id='word_1_793' title='bbox 1545 843 1726 885; x_wconf 83' lang='lat' dir='ltr'>intelligas,</span> <span class='ocrx_word' id='word_1_794' title='bbox 1750 842 1788 876; x_wconf 82' lang='lat' dir='ltr'>acl</span> <span class='ocrx_word' id='word_1_795' title='bbox 1813 854 1900 885; x_wconf 83' lang='lat' dir='ltr'>aquae</span> <span class='ocrx_word' id='word_1_796' title='bbox 1924 843 2020 876; x_wconf 86' lang='lat' dir='ltr'>libras</span> <span class='ocrx_word' id='word_1_797' title='bbox 2041 854 2169 877; x_wconf 87' lang='lat' dir='ltr'>centum</span> <span class='ocrx_word' id='word_1_798' title='bbox 2192 846 2224 877; x_wconf 65' lang='grc' dir='ltr'>δέ</span> <span class='ocrx_word' id='word_1_799' title='bbox 2246 844 2419 879; x_wconf 83' lang='lat' dir='ltr'>duodecim</span> 
     </span>
     <span class='ocr_line' id='line_1_100' title="bbox 1425 885 2423 929; baseline 0.002 -12"><span class='ocrx_word' id='word_1_800' title='bbox 1425 885 1654 924; x_wconf 83' lang='lat' dir='ltr'>continendas,</span> <span class='ocrx_word' id='word_1_801' title='bbox 1678 897 1744 927; x_wconf 87' lang='lat' dir='ltr'>quo</span> <span class='ocrx_word' id='word_1_802' title='bbox 1767 888 1882 919; x_wconf 89' lang='lat' dir='ltr'>morbo</span> <span class='ocrx_word' id='word_1_803' title='bbox 1905 885 2020 919; x_wconf 83' lang='lat' dir='ltr'>infelix</span> <span class='ocrx_word' id='word_1_804' title='bbox 2052 888 2160 929; x_wconf 79' lang='lat' dir='ltr'>Virgo</span> <span class='ocrx_word' id='word_1_805' title='bbox 2192 886 2423 929; x_wconf 79' lang='lat' dir='ltr'>duodeviginti</span> 
     </span>
     <span class='ocr_line' id='line_1_101' title="bbox 1425 928 2420 972; baseline 0.001 -11"><span class='ocrx_word' id='word_1_806' title='bbox 1425 939 1525 961; x_wconf 87' lang='lat' dir='ltr'>annos</span> <span class='ocrx_word' id='word_1_807' title='bbox 1549 928 1729 962; x_wconf 87' lang='lat' dir='ltr'>laboravit.</span> <span class='ocrx_word' id='word_1_808' title='bbox 1757 930 1815 962; x_wconf 87' lang='lat' dir='ltr'>Par</span> <span class='ocrx_word' id='word_1_809' title='bbox 1837 928 1937 961; x_wconf 87' lang='lat' dir='ltr'>ferme</span> <span class='ocrx_word' id='word_1_810' title='bbox 1960 941 2057 972; x_wconf 86' lang='lat' dir='ltr'>quern</span> <span class='ocrx_word' id='word_1_811' title='bbox 2102 930 2268 972; x_wconf 88' lang='lat' dir='ltr'>proposuit</span> <span class='ocrx_word' id='word_1_812' title='bbox 2312 929 2420 963; x_wconf 83' lang='lat' dir='ltr'>sibol-</span> 
     </span>
     <span class='ocr_line' id='line_1_102' title="bbox 1426 970 2420 1015; baseline 0.002 -11"><span class='ocrx_word' id='word_1_813' title='bbox 1426 972 1506 1010; x_wconf 82' lang='lat' dir='ltr'>dus;</span> <span class='ocrx_word' id='word_1_814' title='bbox 1529 970 1578 1004; x_wconf 89' lang='lat' dir='ltr'>sed</span> <span class='ocrx_word' id='word_1_815' title='bbox 1604 971 1705 1014; x_wconf 85' lang='lat' dir='ltr'>major</span> <span class='ocrx_word' id='word_1_816' title='bbox 1727 983 1822 1014; x_wconf 88' lang='lat' dir='ltr'>quem</span> <span class='ocrx_word' id='word_1_817' title='bbox 1835 973 2044 1014; x_wconf 85' lang='lat' dir='ltr'>Cyprianus,</span> <span class='ocrx_word' id='word_1_818' title='bbox 2067 974 2152 1006; x_wconf 86' lang='lat' dir='ltr'>tubae</span> <span class='ocrx_word' id='word_1_819' title='bbox 2176 973 2319 1015; x_wconf 88' lang='lat' dir='ltr'>hydrops</span> <span class='ocrx_word' id='word_1_820' title='bbox 2332 973 2420 1012; x_wconf 88' lang='lat' dir='ltr'>fuit,</span> 
     </span>
     <span class='ocr_line' id='line_1_103' title="bbox 1425 1014 2425 1058; baseline 0.002 -11"><span class='ocrx_word' id='word_1_821' title='bbox 1425 1025 1584 1057; x_wconf 83' lang='lat' dir='ltr'>quantum</span> <span class='ocrx_word' id='word_1_822' title='bbox 1611 1027 1650 1048; x_wconf 82' lang='lat' dir='ltr'>ex</span> <span class='ocrx_word' id='word_1_823' title='bbox 1672 1015 1764 1048; x_wconf 62' lang='lat' dir='ltr'>Aeris</span> <span class='ocrx_word' id='word_1_824' title='bbox 1787 1016 2000 1048; x_wconf 83' lang='lat' dir='ltr'>Eruditorum</span> <span class='ocrx_word' id='word_1_825' title='bbox 2025 1014 2238 1058; x_wconf 83' lang='lat' dir='ltr'>Lipsienfibus</span> <span class='ocrx_word' id='word_1_826' title='bbox 2261 1016 2315 1058; x_wconf 66' lang='lat' dir='ltr'>(b</span> <span class='ocrx_word' id='word_1_827' title='bbox 2338 1019 2348 1054; x_wconf 92' lang='lat'>)</span> <span class='ocrx_word' id='word_1_828' title='bbox 2371 1017 2425 1048; x_wconf 90' lang='lat' dir='ltr'>vi-</span> 
     </span>
     <span class='ocr_line' id='line_1_104' title="bbox 1425 1058 2424 1098; baseline 0.001 -8"><span class='ocrx_word' id='word_1_829' title='bbox 1425 1059 1506 1095; x_wconf 80' lang='lat' dir='ltr'>deo;</span> <span class='ocrx_word' id='word_1_830' title='bbox 1530 1067 1640 1091; x_wconf 83' lang='lat' dir='ltr'>neuter</span> <span class='ocrx_word' id='word_1_831' title='bbox 1662 1060 1746 1092; x_wconf 87' lang='lat' dir='ltr'>enim</span> <span class='ocrx_word' id='word_1_832' title='bbox 1771 1059 1922 1094; x_wconf 80' lang='lat' dir='ltr'>illorum.</span> <span class='ocrx_word' id='word_1_833' title='bbox 1945 1071 2018 1092; x_wconf 88' lang='lat' dir='ltr'>cum</span> <span class='ocrx_word' id='word_1_834' title='bbox 2043 1058 2109 1092; x_wconf 77' lang='lat' dir='ltr'>haec</span> <span class='ocrx_word' id='word_1_835' title='bbox 2135 1058 2327 1098; x_wconf 86' lang='lat' dir='ltr'>scriberem,</span> <span class='ocrx_word' id='word_1_836' title='bbox 2354 1067 2424 1091; x_wconf 84' lang='lat' dir='ltr'>erat</span> 
     </span>
     <span class='ocr_line' id='line_1_105' title="bbox 1425 1101 2425 1144; baseline 0.001 -10"><span class='ocrx_word' id='word_1_837' title='bbox 1425 1101 1458 1134; x_wconf 90' lang='lat' dir='ltr'>in</span> <span class='ocrx_word' id='word_1_838' title='bbox 1484 1102 1653 1134; x_wconf 86' lang='lat' dir='ltr'>manibus.</span> <span class='ocrx_word' id='word_1_839' title='bbox 1678 1101 1750 1135; x_wconf 85' lang='lat' dir='ltr'>Nec</span> <span class='ocrx_word' id='word_1_840' title='bbox 1773 1101 1890 1136; x_wconf 90' lang='lat' dir='ltr'>dubito</span> <span class='ocrx_word' id='word_1_841' title='bbox 1913 1125 1922 1140; x_wconf 92' lang='lat'>,</span> <span class='ocrx_word' id='word_1_842' title='bbox 1955 1104 2034 1144; x_wconf 88' lang='lat' dir='ltr'>quin</span> <span class='ocrx_word' id='word_1_843' title='bbox 2078 1101 2222 1144; x_wconf 88' lang='lat' dir='ltr'>hydrops</span> <span class='ocrx_word' id='word_1_844' title='bbox 2265 1113 2425 1136; x_wconf 88' lang='lat' dir='ltr'>cornuum</span> 
     </span>
     <span class='ocr_line' id='line_1_106' title="bbox 1426 1144 2425 1188; baseline 0.002 -11"><span class='ocrx_word' id='word_1_845' title='bbox 1426 1146 1510 1177; x_wconf 90' lang='lat' dir='ltr'>uteri</span> <span class='ocrx_word' id='word_1_846' title='bbox 1536 1147 1569 1177; x_wconf 90' lang='lat' dir='ltr'>in</span> <span class='ocrx_word' id='word_1_847' title='bbox 1593 1145 1680 1177; x_wconf 88' lang='lat' dir='ltr'>tubis</span> <span class='ocrx_word' id='word_1_848' title='bbox 1704 1155 1811 1178; x_wconf 81' lang='lat' dir='ltr'>revera</span> <span class='ocrx_word' id='word_1_849' title='bbox 1834 1144 1933 1178; x_wconf 90' lang='lat' dir='ltr'>fuerit</span> <span class='ocrx_word' id='word_1_850' title='bbox 1950 1169 1958 1184; x_wconf 92' lang='lat'><strong>‚</strong></span> <span class='ocrx_word' id='word_1_851' title='bbox 1981 1156 2056 1179; x_wconf 85' lang='lat' dir='ltr'>curn</span> <span class='ocrx_word' id='word_1_852' title='bbox 2080 1145 2196 1187; x_wconf 89' lang='lat' dir='ltr'>Tulpii</span> <span class='ocrx_word' id='word_1_853' title='bbox 2221 1147 2283 1185; x_wconf 91' lang='lat' dir='ltr'>(c)</span> <span class='ocrx_word' id='word_1_854' title='bbox 2316 1146 2425 1188; x_wconf 85' lang='lat' dir='ltr'>ipsum</span> 
     </span>
     <span class='ocr_line' id='line_1_107' title="bbox 1426 1186 2420 1231; baseline 0.001 -12"><span class='ocrx_word' id='word_1_855' title='bbox 1426 1186 1652 1225; x_wconf 83' lang='lat' dir='ltr'>describentis,</span> <span class='ocrx_word' id='word_1_856' title='bbox 1676 1189 1827 1229; x_wconf 75' lang='lat' dir='ltr'>Figuram</span> <span class='ocrx_word' id='word_1_857' title='bbox 1851 1188 2009 1231; x_wconf 89' lang='lat' dir='ltr'>inspicio,</span> <span class='ocrx_word' id='word_1_858' title='bbox 2034 1199 2127 1231; x_wconf 82' lang='lat' dir='ltr'>quae,</span> <span class='ocrx_word' id='word_1_859' title='bbox 2150 1198 2186 1221; x_wconf 92' lang='lat' dir='ltr'>ut</span> <span class='ocrx_word' id='word_1_860' title='bbox 2211 1190 2266 1221; x_wconf 87' lang='lat' dir='ltr'>illa</span> <span class='ocrx_word' id='word_1_861' title='bbox 2282 1189 2420 1222; x_wconf 88' lang='lat' dir='ltr'>Munni-</span> 
     </span>
     <span class='ocr_line' id='line_1_108' title="bbox 1427 1229 2428 1273; baseline -0.001 -10"><span class='ocrx_word' id='word_1_862' title='bbox 1427 1229 1493 1263; x_wconf 85' lang='lat' dir='ltr'>ckii</span> <span class='ocrx_word' id='word_1_863' title='bbox 1516 1242 1665 1273; x_wconf 84' lang='lat' dir='ltr'>quoque,</span> <span class='ocrx_word' id='word_1_864' title='bbox 1690 1233 1720 1264; x_wconf 86' lang='lat'><strong>&amp;</strong></span> <span class='ocrx_word' id='word_1_865' title='bbox 1745 1239 1864 1264; x_wconf 79' lang='lat' dir='ltr'>caeterae</span> <span class='ocrx_word' id='word_1_866' title='bbox 1881 1253 1890 1268; x_wconf 86' lang='lat'>,</span> <span class='ocrx_word' id='word_1_867' title='bbox 1911 1233 1944 1264; x_wconf 90' lang='lat' dir='ltr'>in</span> <span class='ocrx_word' id='word_1_868' title='bbox 1969 1230 2177 1273; x_wconf 87' lang='lat' dir='ltr'>Sepulchreto</span> <span class='ocrx_word' id='word_1_869' title='bbox 2198 1231 2391 1266; x_wconf 84' lang='lat' dir='ltr'>desideratur</span> <span class='ocrx_word' id='word_1_870' title='bbox 2416 1252 2428 1262; x_wconf 90' lang='lat'><em>.</em></span> 
     </span>
     <span class='ocr_line' id='line_1_109' title="bbox 1429 1274 2423 1316; baseline 0 -10"><span class='ocrx_word' id='word_1_871' title='bbox 1429 1275 1540 1315; x_wconf 80' lang='lat' dir='ltr'>Atque</span> <span class='ocrx_word' id='word_1_872' title='bbox 1565 1274 1690 1307; x_wconf 84' lang='lat' dir='ltr'>utinam</span> <span class='ocrx_word' id='word_1_873' title='bbox 1715 1275 1872 1315; x_wconf 89' lang='lat' dir='ltr'>Sponius,</span> <span class='ocrx_word' id='word_1_874' title='bbox 1898 1274 1988 1316; x_wconf 84' lang='lat' dir='ltr'>cujus</span> <span class='ocrx_word' id='word_1_875' title='bbox 2012 1274 2282 1308; x_wconf 85' lang='lat' dir='ltr'>Observationem</span> <span class='ocrx_word' id='word_1_876' title='bbox 2326 1276 2423 1316; x_wconf 82' lang='lat' dir='ltr'>supra</span> 
     </span>
     <span class='ocr_line' id='line_1_110' title="bbox 1429 1316 2429 1359; baseline 0 -10"><span class='ocrx_word' id='word_1_877' title='bbox 1429 1321 1443 1357; x_wconf 89' lang='lat'>(</span> <span class='ocrx_word' id='word_1_878' title='bbox 1465 1317 1485 1349; x_wconf 85' lang='lat' dir='ltr'>d</span> <span class='ocrx_word' id='word_1_879' title='bbox 1507 1320 1517 1356; x_wconf 96' lang='lat'>)</span> <span class='ocrx_word' id='word_1_880' title='bbox 1543 1316 1694 1357; x_wconf 85' lang='lat' dir='ltr'>laudavi,</span> <span class='ocrx_word' id='word_1_881' title='bbox 1718 1317 1966 1351; x_wconf 87' lang='lat' dir='ltr'>delineationem</span> <span class='ocrx_word' id='word_1_882' title='bbox 1998 1328 2073 1350; x_wconf 87' lang='lat' dir='ltr'>cum</span> <span class='ocrx_word' id='word_1_883' title='bbox 2096 1330 2129 1350; x_wconf 89' lang='lat' dir='ltr'>ea</span> <span class='ocrx_word' id='word_1_884' title='bbox 2153 1317 2303 1359; x_wconf 80' lang='lat' dir='ltr'>junxisset</span> <span class='ocrx_word' id='word_1_885' title='bbox 2328 1329 2339 1356; x_wconf 81' lang='lat'>5</span> <span class='ocrx_word' id='word_1_886' title='bbox 2387 1317 2429 1350; x_wconf 90' lang='lat' dir='ltr'>il-</span> 
     </span>
     <span class='ocr_line' id='line_1_111' title="bbox 1429 1359 2428 1403; baseline 0 -10"><span class='ocrx_word' id='word_1_887' title='bbox 1429 1361 1498 1394; x_wconf 89' lang='lat' dir='ltr'>lum</span> <span class='ocrx_word' id='word_1_888' title='bbox 1523 1360 1604 1394; x_wconf 87' lang='lat' dir='ltr'>mihi</span> <span class='ocrx_word' id='word_1_889' title='bbox 1627 1359 1790 1394; x_wconf 79' lang='lat' dir='ltr'>exemisset</span> <span class='ocrx_word' id='word_1_890' title='bbox 1816 1361 2021 1402; x_wconf 88' lang='lat' dir='ltr'>scrupulum,</span> <span class='ocrx_word' id='word_1_891' title='bbox 2047 1371 2142 1403; x_wconf 88' lang='lat' dir='ltr'>quem</span> <span class='ocrx_word' id='word_1_892' title='bbox 2165 1361 2337 1403; x_wconf 80' lang='lat' dir='ltr'>descriptio</span> <span class='ocrx_word' id='word_1_893' title='bbox 2360 1371 2428 1393; x_wconf 87' lang='lat' dir='ltr'>non</span> 
     </span>
     <span class='ocr_line' id='line_1_112' title="bbox 1431 1402 2430 1447; baseline 0 -11"><span class='ocrx_word' id='word_1_894' title='bbox 1431 1404 1554 1446; x_wconf 82' lang='lat' dir='ltr'>potest.</span> <span class='ocrx_word' id='word_1_895' title='bbox 1580 1404 1677 1437; x_wconf 90' lang='lat' dir='ltr'>Suum</span> <span class='ocrx_word' id='word_1_896' title='bbox 1701 1404 1765 1445; x_wconf 89' lang='lat' dir='ltr'>ipse</span> <span class='ocrx_word' id='word_1_897' title='bbox 1791 1403 1915 1437; x_wconf 87' lang='lat' dir='ltr'>saccum</span> <span class='ocrx_word' id='word_1_898' title='bbox 1939 1415 1998 1447; x_wconf 90' lang='lat' dir='ltr'>pro</span> <span class='ocrx_word' id='word_1_899' title='bbox 2023 1405 2108 1436; x_wconf 81' lang='lat' dir='ltr'>tubae</span> <span class='ocrx_word' id='word_1_900' title='bbox 2130 1402 2227 1438; x_wconf 86' lang='lat' dir='ltr'>habet</span> <span class='ocrx_word' id='word_1_901' title='bbox 2259 1404 2430 1439; x_wconf 81' lang='lat' dir='ltr'>dilatatio·-</span> 
     </span>
     <span class='ocr_line' id='line_1_113' title="bbox 1431 1445 2430 1489; baseline -0.001 -9"><span class='ocrx_word' id='word_1_902' title='bbox 1431 1458 1491 1485; x_wconf 88' lang='lat' dir='ltr'>ne,</span> <span class='ocrx_word' id='word_1_903' title='bbox 1516 1447 1629 1480; x_wconf 83' lang='lat' dir='ltr'>tubam</span> <span class='ocrx_word' id='word_1_904' title='bbox 1654 1456 1760 1480; x_wconf 86' lang='lat' dir='ltr'>autem</span> <span class='ocrx_word' id='word_1_905' title='bbox 1784 1448 1933 1481; x_wconf 87' lang='lat' dir='ltr'>ovarium</span> <span class='ocrx_word' id='word_1_906' title='bbox 1957 1446 2193 1489; x_wconf 80' lang='lat' dir='ltr'>amplexatam,</span> <span class='ocrx_word' id='word_1_907' title='bbox 2220 1447 2296 1481; x_wconf 86' lang='lat' dir='ltr'>inde</span> <span class='ocrx_word' id='word_1_908' title='bbox 2315 1445 2430 1489; x_wconf 84' lang='lat' dir='ltr'>perse-</span> 
     </span>
     <span class='ocr_line' id='line_1_114' title="bbox 1431 1488 2431 1533; baseline -0.001 -9"><span class='ocrx_word' id='word_1_909' title='bbox 1431 1491 1562 1532; x_wconf 72' lang='lat' dir='ltr'>mipedis</span> <span class='ocrx_word' id='word_1_910' title='bbox 1579 1489 1721 1531; x_wconf 76' lang='lat' dir='ltr'>spatium</span> <span class='ocrx_word' id='word_1_911' title='bbox 1746 1489 1845 1523; x_wconf 79' lang='lat' dir='ltr'>altius</span> <span class='ocrx_word' id='word_1_912' title='bbox 1869 1493 2052 1532; x_wconf 70' lang='lat' dir='ltr'>provectam</span> <span class='ocrx_word' id='word_1_913' title='bbox 2077 1489 2252 1528; x_wconf 86' lang='lat' dir='ltr'>describit,</span> <span class='ocrx_word' id='word_1_914' title='bbox 2276 1501 2369 1533; x_wconf 78' lang='lat' dir='ltr'>quam</span> <span class='ocrx_word' id='word_1_915' title='bbox 2386 1488 2431 1531; x_wconf 83' lang='lat' dir='ltr'>fi-</span> 
     </span>
     <span class='ocr_line' id='line_1_115' title="bbox 1432 1531 2431 1575; baseline -0.001 -9"><span class='ocrx_word' id='word_1_916' title='bbox 1432 1541 1486 1566; x_wconf 82' lang='lat' dir='ltr'>tus</span> <span class='ocrx_word' id='word_1_917' title='bbox 1508 1531 1602 1575; x_wconf 85' lang='lat' dir='ltr'>ipfius</span> <span class='ocrx_word' id='word_1_918' title='bbox 1627 1532 1780 1566; x_wconf 78' lang='lat' dir='ltr'>naturalis</span> <span class='ocrx_word' id='word_1_919' title='bbox 1799 1532 1992 1573; x_wconf 72' lang='lat' dir='ltr'>postulabat,</span> <span class='ocrx_word' id='word_1_920' title='bbox 2014 1545 2088 1566; x_wconf 89' lang='lat' dir='ltr'>curn</span> <span class='ocrx_word' id='word_1_921' title='bbox 2112 1535 2216 1567; x_wconf 83' lang='lat' dir='ltr'>saccus</span> <span class='ocrx_word' id='word_1_922' title='bbox 2241 1535 2278 1567; x_wconf 89' lang='lat' dir='ltr'>ad</span> <span class='ocrx_word' id='word_1_923' title='bbox 2301 1533 2431 1568; x_wconf 84' lang='lat' dir='ltr'>cartila-</span> 
     </span>
     <span class='ocr_line' id='line_1_116' title="bbox 1433 1574 2432 1618; baseline 0 -10"><span class='ocrx_word' id='word_1_924' title='bbox 1433 1577 1546 1618; x_wconf 81' lang='lat' dir='ltr'>ginem</span> <span class='ocrx_word' id='word_1_925' title='bbox 1574 1574 1673 1618; x_wconf 90' lang='lat' dir='ltr'>usque</span> <span class='ocrx_word' id='word_1_926' title='bbox 1718 1574 1920 1609; x_wconf 85' lang='lat' dir='ltr'>ensiformem</span> <span class='ocrx_word' id='word_1_927' title='bbox 1953 1578 2158 1617; x_wconf 81' lang='lat' dir='ltr'>perveniret.</span> <span class='ocrx_word' id='word_1_928' title='bbox 2193 1577 2317 1610; x_wconf 88' lang='lat' dir='ltr'>Verum</span> <span class='ocrx_word' id='word_1_929' title='bbox 2352 1576 2432 1609; x_wconf 79' lang='lat' dir='ltr'>tuba</span> 
     </span>
     <span class='ocr_line' id='line_1_117' title="bbox 1437 1618 2431 1662; baseline 0 -10"><span class='ocrx_word' id='word_1_930' title='bbox 1437 1630 1532 1661; x_wconf 88' lang='lat' dir='ltr'>aequo</span> <span class='ocrx_word' id='word_1_931' title='bbox 1554 1619 1680 1661; x_wconf 78' lang='lat' dir='ltr'>longius</span> <span class='ocrx_word' id='word_1_932' title='bbox 1704 1618 1840 1661; x_wconf 90' lang='lat' dir='ltr'>produci</span> <span class='ocrx_word' id='word_1_933' title='bbox 1864 1631 1919 1662; x_wconf 88' lang='lat' dir='ltr'>per</span> <span class='ocrx_word' id='word_1_934' title='bbox 1942 1619 2021 1653; x_wconf 83' lang='lat' dir='ltr'>sacci</span> <span class='ocrx_word' id='word_1_935' title='bbox 2044 1619 2162 1653; x_wconf 85' lang='lat' dir='ltr'>faciem</span> <span class='ocrx_word' id='word_1_936' title='bbox 2194 1630 2272 1654; x_wconf 89' lang='lat' dir='ltr'>tunc</span> <span class='ocrx_word' id='word_1_937' title='bbox 2316 1619 2395 1653; x_wconf 90' lang='lat' dir='ltr'>solet</span> <span class='ocrx_word' id='word_1_938' title='bbox 2421 1640 2431 1656; x_wconf 94' lang='lat'><em>‚</em></span> 
     </span>
     <span class='ocr_line' id='line_1_118' title="bbox 1438 1661 2432 1705; baseline -0.001 -10"><span class='ocrx_word' id='word_1_939' title='bbox 1438 1672 1503 1695; x_wconf 91' lang='lat' dir='ltr'>non</span> <span class='ocrx_word' id='word_1_940' title='bbox 1526 1673 1600 1695; x_wconf 87' lang='lat' dir='ltr'>cum</span> <span class='ocrx_word' id='word_1_941' title='bbox 1625 1662 1712 1703; x_wconf 86' lang='lat' dir='ltr'>ipsa,</span> <span class='ocrx_word' id='word_1_942' title='bbox 1742 1661 1791 1695; x_wconf 86' lang='lat' dir='ltr'>sed</span> <span class='ocrx_word' id='word_1_943' title='bbox 1814 1674 1888 1696; x_wconf 89' lang='lat' dir='ltr'>cum</span> <span class='ocrx_word' id='word_1_944' title='bbox 1912 1661 1997 1696; x_wconf 88' lang='lat' dir='ltr'>aliud</span> <span class='ocrx_word' id='word_1_945' title='bbox 2022 1664 2055 1694; x_wconf 90' lang='lat' dir='ltr'>in</span> <span class='ocrx_word' id='word_1_946' title='bbox 2080 1665 2256 1705; x_wconf 84' lang='lat' dir='ltr'>proximo,</span> <span class='ocrx_word' id='word_1_947' title='bbox 2287 1673 2322 1697; x_wconf 84' lang='lat' dir='ltr'>ut</span> <span class='ocrx_word' id='word_1_948' title='bbox 2355 1671 2432 1705; x_wconf 85' lang='lat' dir='ltr'>puta</span> 
     </span>
     <span class='ocr_line' id='line_1_119' title="bbox 1435 1704 2436 1747; baseline 0.002 -9"><span class='ocrx_word' id='word_1_949' title='bbox 1435 1706 1605 1741; x_wconf 87' lang='lat' dir='ltr'>ovarium·‚</span> <span class='ocrx_word' id='word_1_950' title='bbox 1629 1704 1848 1746; x_wconf 86' lang='lat' dir='ltr'>hydropicum</span> <span class='ocrx_word' id='word_1_951' title='bbox 1871 1705 1938 1742; x_wconf 88' lang='lat' dir='ltr'>est,</span> <span class='ocrx_word' id='word_1_952' title='bbox 1959 1706 2231 1747; x_wconf 84' lang='lat' dir='ltr'>quemadmodum</span> <span class='ocrx_word' id='word_1_953' title='bbox 2264 1708 2436 1746; x_wconf 76' lang='lat' dir='ltr'>Verneyus</span> 
     </span>
     <span class='ocr_line' id='line_1_120' title="bbox 1434 1746 2436 1790; baseline 0 -9"><span class='ocrx_word' id='word_1_954' title='bbox 1434 1752 1449 1787; x_wconf 90' lang='lat'><strong>(</strong></span> <span class='ocrx_word' id='word_1_955' title='bbox 1471 1758 1486 1781; x_wconf 82' lang='lat' dir='ltr'>e</span> <span class='ocrx_word' id='word_1_956' title='bbox 1507 1751 1544 1788; x_wconf 92' lang='lat'>),</span> <span class='ocrx_word' id='word_1_957' title='bbox 1567 1750 1598 1780; x_wconf 63' lang='grc' dir='ltr'>ὃς</span> <span class='ocrx_word' id='word_1_958' title='bbox 1622 1746 1663 1780; x_wconf 88' lang='lat' dir='ltr'>fic</span> <span class='ocrx_word' id='word_1_959' title='bbox 1688 1747 1763 1780; x_wconf 86' lang='lat' dir='ltr'>satis</span> <span class='ocrx_word' id='word_1_960' title='bbox 1785 1748 1986 1790; x_wconf 82' lang='lat' dir='ltr'>Targionius</span> <span class='ocrx_word' id='word_1_961' title='bbox 2008 1746 2096 1790; x_wconf 77' lang='lat' dir='ltr'>(f)</span> <span class='ocrx_word' id='word_1_962' title='bbox 2117 1750 2266 1783; x_wconf 85' lang='lat' dir='ltr'>viderunt</span> <span class='ocrx_word' id='word_1_963' title='bbox 2289 1775 2296 1787; x_wconf 88' lang='lat'>,</span> <span class='ocrx_word' id='word_1_964' title='bbox 2336 1748 2436 1782; x_wconf 84' lang='lat' dir='ltr'>Scha-</span> 
     </span>
     <span class='ocr_line' id='line_1_121' title="bbox 1434 1790 2437 1833; baseline -0.001 -8"><span class='ocrx_word' id='word_1_965' title='bbox 1434 1790 1547 1825; x_wconf 86' lang='lat' dir='ltr'>cherus</span> <span class='ocrx_word' id='word_1_966' title='bbox 1569 1793 1582 1830; x_wconf 89' lang='lat'>(</span> <span class='ocrx_word' id='word_1_967' title='bbox 1601 1801 1623 1833; x_wconf 82' lang='lat' dir='ltr'><strong><em>g</em></strong></span> <span class='ocrx_word' id='word_1_968' title='bbox 1646 1794 1657 1829; x_wconf 94' lang='lat'>)</span> <span class='ocrx_word' id='word_1_969' title='bbox 1681 1799 1787 1824; x_wconf 87' lang='lat' dir='ltr'>autem</span> <span class='ocrx_word' id='word_1_970' title='bbox 1802 1813 1810 1828; x_wconf 89' lang='lat'>,</span> <span class='ocrx_word' id='word_1_971' title='bbox 1834 1794 1864 1825; x_wconf 68' lang='grc' dir='ltr'>δι</span> <span class='ocrx_word' id='word_1_972' title='bbox 1888 1791 2042 1833; x_wconf 78' lang='lat' dir='ltr'>Maggius</span> <span class='ocrx_word' id='word_1_973' title='bbox 2066 1803 2099 1824; x_wconf 88' lang='lat' dir='ltr'>ac</span> <span class='ocrx_word' id='word_1_974' title='bbox 2124 1792 2250 1826; x_wconf 82' lang='lat' dir='ltr'>Dodius</span> <span class='ocrx_word' id='word_1_975' title='bbox 2273 1794 2287 1831; x_wconf 91' lang='lat'>(</span> <span class='ocrx_word' id='word_1_976' title='bbox 2309 1792 2329 1825; x_wconf 83' lang='lat' dir='ltr'><em>h</em></span> <span class='ocrx_word' id='word_1_977' title='bbox 2353 1796 2363 1831; x_wconf 97' lang='lat'><em>)</em></span> <span class='ocrx_word' id='word_1_978' title='bbox 2387 1801 2437 1824; x_wconf 90' lang='lat' dir='ltr'>et-</span> 
     </span>
     <span class='ocr_line' id='line_1_122' title="bbox 1433 1833 2434 1877; baseline -0.001 -9"><span class='ocrx_word' id='word_1_979' title='bbox 1433 1836 1499 1868; x_wconf 90' lang='lat' dir='ltr'>iam</span> <span class='ocrx_word' id='word_1_980' title='bbox 1522 1833 1747 1867; x_wconf 86' lang='lat' dir='ltr'>delinearunt.</span> <span class='ocrx_word' id='word_1_981' title='bbox 1772 1835 1889 1877; x_wconf 88' lang='lat' dir='ltr'>Itaque</span> <span class='ocrx_word' id='word_1_982' title='bbox 1910 1845 1983 1868; x_wconf 89' lang='lat' dir='ltr'>cum</span> <span class='ocrx_word' id='word_1_983' title='bbox 2008 1836 2145 1875; x_wconf 90' lang='lat' dir='ltr'>Sponius</span> <span class='ocrx_word' id='word_1_984' title='bbox 2179 1837 2327 1869; x_wconf 88' lang='lat' dir='ltr'>ovarium</span> <span class='ocrx_word' id='word_1_985' title='bbox 2371 1836 2434 1867; x_wconf 91' lang='lat' dir='ltr'>mi-</span> 
     </span>
     <span class='ocr_line' id='line_1_123' title="bbox 1434 1876 2437 1920; baseline 0 -10"><span class='ocrx_word' id='word_1_986' title='bbox 1434 1879 1522 1911; x_wconf 84' lang='lat' dir='ltr'>nime</span> <span class='ocrx_word' id='word_1_987' title='bbox 1544 1876 1763 1919; x_wconf 84' lang='lat' dir='ltr'>hydropicum</span> <span class='ocrx_word' id='word_1_988' title='bbox 1787 1887 1968 1920; x_wconf 81' lang='lat' dir='ltr'>proponat,</span> <span class='ocrx_word' id='word_1_989' title='bbox 1999 1878 2165 1912; x_wconf 85' lang='lat' dir='ltr'>incautum</span> <span class='ocrx_word' id='word_1_990' title='bbox 2199 1889 2307 1912; x_wconf 86' lang='lat' dir='ltr'>autem</span> <span class='ocrx_word' id='word_1_991' title='bbox 2352 1877 2437 1911; x_wconf 82' lang='lat' dir='ltr'>Chi-</span> 
     </span>
     <span class='ocr_line' id='line_1_124' title="bbox 1435 1919 2439 1964; baseline -0.002 -9"><span class='ocrx_word' id='word_1_992' title='bbox 1435 1932 1571 1962; x_wconf 85' lang='lat' dir='ltr'>rurgum</span> <span class='ocrx_word' id='word_1_993' title='bbox 1595 1922 1756 1962; x_wconf 73' lang='lat' dir='ltr'>praecipiti</span> <span class='ocrx_word' id='word_1_994' title='bbox 1781 1919 1920 1953; x_wconf 63' lang='lat' dir='ltr'>sectione</span> <span class='ocrx_word' id='word_1_995' title='bbox 1941 1919 2033 1954; x_wconf 82' lang='lat' dir='ltr'>simul</span> <span class='ocrx_word' id='word_1_996' title='bbox 2060 1932 2150 1955; x_wconf 64' lang='lat' dir='ltr'>cum‹</span> <span class='ocrx_word' id='word_1_997' title='bbox 2167 1922 2317 1956; x_wconf 86' lang='lat' dir='ltr'>musculis</span> <span class='ocrx_word' id='word_1_998' title='bbox 2350 1923 2439 1964; x_wconf 85' lang='lat' dir='ltr'>peri-</span> 
     </span>
     <span class='ocr_line' id='line_1_125' title="bbox 1435 1962 2439 2007; baseline 0.002 -11"><span class='ocrx_word' id='word_1_999' title='bbox 1435 1974 1580 1997; x_wconf 83' lang='lat' dir='ltr'>tonaeum</span> <span class='ocrx_word' id='word_1_1000' title='bbox 1602 1962 1750 1997; x_wconf 81' lang='lat' dir='ltr'>incidisse</span> <span class='ocrx_word' id='word_1_1001' title='bbox 1769 1988 1778 2003; x_wconf 92' lang='lat'>,</span> <span class='ocrx_word' id='word_1_1002' title='bbox 1810 1973 1984 2006; x_wconf 67' lang='lat' dir='ltr'>queratnrj,</span> <span class='ocrx_word' id='word_1_1003' title='bbox 2006 1962 2093 1997; x_wconf 90' lang='lat' dir='ltr'>hunc</span> <span class='ocrx_word' id='word_1_1004' title='bbox 2127 1964 2307 2007; x_wconf 87' lang='lat' dir='ltr'>hydropem</span> <span class='ocrx_word' id='word_1_1005' title='bbox 2352 1968 2439 1998; x_wconf 84' lang='lat' dir='ltr'>inter</span> 
     </span>
     <span class='ocr_line' id='line_1_126' title="bbox 1437 2006 2441 2051; baseline 0 -10"><span class='ocrx_word' id='word_1_1006' title='bbox 1437 2007 1499 2041; x_wconf 85' lang='lat' dir='ltr'>alia</span> <span class='ocrx_word' id='word_1_1007' title='bbox 1522 2006 1680 2050; x_wconf 82' lang='lat' dir='ltr'>hydropis</span> <span class='ocrx_word' id='word_1_1008' title='bbox 1703 2007 1870 2050; x_wconf 83' lang='lat' dir='ltr'>peritonaei</span> <span class='ocrx_word' id='word_1_1009' title='bbox 1894 2008 2037 2049; x_wconf 82' lang='lat' dir='ltr'>exempla</span> <span class='ocrx_word' id='word_1_1010' title='bbox 2060 2007 2215 2042; x_wconf 89' lang='lat' dir='ltr'>recenseri</span> <span class='ocrx_word' id='word_1_1011' title='bbox 2239 2006 2324 2051; x_wconf 80' lang='lat' dir='ltr'>posse</span> <span class='ocrx_word' id='word_1_1012' title='bbox 2338 2029 2350 2044; x_wconf 78' lang='lat'><em>‚</em></span> <span class='ocrx_word' id='word_1_1013' title='bbox 2371 2019 2441 2041; x_wconf 90' lang='lat' dir='ltr'>cre-</span> 
     </span>
     <span class='ocr_line' id='line_1_127' title="bbox 1442 2049 2442 2092; baseline -0.001 -7"><span class='ocrx_word' id='word_1_1014' title='bbox 1442 2051 1511 2085; x_wconf 92' lang='lat' dir='ltr'>didi</span> <span class='ocrx_word' id='word_1_1015' title='bbox 1534 2055 1547 2091; x_wconf 90' lang='lat'><strong>(</strong></span> <span class='ocrx_word' id='word_1_1016' title='bbox 1569 2051 1581 2083; x_wconf 89' lang='lat' dir='ltr'>i</span> <span class='ocrx_word' id='word_1_1017' title='bbox 1604 2053 1638 2091; x_wconf 88' lang='lat'>).</span> <span class='ocrx_word' id='word_1_1018' title='bbox 1665 2050 1765 2088; x_wconf 88' lang='lat' dir='ltr'>Quod</span> <span class='ocrx_word' id='word_1_1019' title='bbox 1789 2050 1811 2084; x_wconf 84' lang='lat' dir='ltr'>fi</span> <span class='ocrx_word' id='word_1_1020' title='bbox 1836 2051 1900 2084; x_wconf 89' lang='lat' dir='ltr'>tibi</span> <span class='ocrx_word' id='word_1_1021' title='bbox 1926 2049 2011 2084; x_wconf 87' lang='lat' dir='ltr'>secus</span> <span class='ocrx_word' id='word_1_1022' title='bbox 2034 2050 2163 2084; x_wconf 86' lang='lat' dir='ltr'>videtur</span> <span class='ocrx_word' id='word_1_1023' title='bbox 2185 2062 2199 2091; x_wconf 88' lang='grc'>,·</span> <span class='ocrx_word' id='word_1_1024' title='bbox 2243 2061 2278 2085; x_wconf 87' lang='lat' dir='ltr'>ut</span> <span class='ocrx_word' id='word_1_1025' title='bbox 2325 2051 2406 2084; x_wconf 87' lang='lat' dir='ltr'>illud·</span> <span class='ocrx_word' id='word_1_1026' title='bbox 2430 2075 2442 2092; x_wconf 86' lang='lat'>‚</span> 
     </span>
     <span class='ocr_line' id='line_1_128' title="bbox 1444 2093 2440 2138; baseline 0 -10"><span class='ocrx_word' id='word_1_1027' title='bbox 1444 2094 1594 2138; x_wconf 88' lang='lat' dir='ltr'>aliudque</span> <span class='ocrx_word' id='word_1_1028' title='bbox 1619 2093 1770 2137; x_wconf 89' lang='lat' dir='ltr'>aliquod,</span> <span class='ocrx_word' id='word_1_1029' title='bbox 1797 2105 1846 2128; x_wconf 89' lang='lat' dir='ltr'>me</span> <span class='ocrx_word' id='word_1_1030' title='bbox 1869 2105 1933 2127; x_wconf 88' lang='lat' dir='ltr'>non</span> <span class='ocrx_word' id='word_1_1031' title='bbox 1958 2093 2159 2132; x_wconf 84' lang='lat' dir='ltr'>adversante,</span> <span class='ocrx_word' id='word_1_1032' title='bbox 2195 2094 2267 2128; x_wconf 89' lang='lat' dir='ltr'>inde</span> <span class='ocrx_word' id='word_1_1033' title='bbox 2299 2099 2440 2132; x_wconf 79' lang='lat' dir='ltr'>eximas;</span> 
     </span>
     <span class='ocr_line' id='line_1_129' title="bbox 1444 2137 2441 2180; baseline -0.001 -8"><span class='ocrx_word' id='word_1_1034' title='bbox 1444 2140 1520 2173; x_wconf 82' lang='lat' dir='ltr'>satis</span> <span class='ocrx_word' id='word_1_1035' title='bbox 1542 2139 1587 2172; x_wconf 90' lang='lat' dir='ltr'>ibi</span> <span class='ocrx_word' id='word_1_1036' title='bbox 1611 2138 1832 2180; x_wconf 77' lang='lat' dir='ltr'>exemplorum</span> <span class='ocrx_word' id='word_1_1037' title='bbox 1854 2138 2000 2172; x_wconf 85' lang='lat' dir='ltr'>restabit.</span> <span class='ocrx_word' id='word_1_1038' title='bbox 2024 2137 2083 2171; x_wconf 89' lang='lat' dir='ltr'>Sed</span> <span class='ocrx_word' id='word_1_1039' title='bbox 2109 2149 2174 2180; x_wconf 89' lang='lat' dir='ltr'>quo</span> <span class='ocrx_word' id='word_1_1040' title='bbox 2197 2137 2325 2171; x_wconf 81' lang='lat' dir='ltr'>tandem</span> <span class='ocrx_word' id='word_1_1041' title='bbox 2360 2139 2441 2171; x_wconf 86' lang='lat' dir='ltr'>rese-</span> 
     </span>
     <span class='ocr_line' id='line_1_130' title="bbox 1445 2180 2467 2223; baseline -0.001 -6"><span class='ocrx_word' id='word_1_1042' title='bbox 1445 2194 1549 2217; x_wconf 89' lang='lat' dir='ltr'>remus</span> <span class='ocrx_word' id='word_1_1043' title='bbox 1572 2180 1843 2215; x_wconf 77' lang='lat' dir='ltr'>observationem</span> <span class='ocrx_word' id='word_1_1044' title='bbox 1869 2180 2048 2216; x_wconf 81' lang='lat' dir='ltr'>Rolfinckii</span> <span class='ocrx_word' id='word_1_1045' title='bbox 2071 2186 2086 2221; x_wconf 54' lang='lat'>(1</span> <span class='ocrx_word' id='word_1_1046' title='bbox 2106 2182 2125 2222; x_wconf 59' lang='lat' dir='ltr'>l&lt;</span> <span class='ocrx_word' id='word_1_1047' title='bbox 2145 2185 2180 2221; x_wconf 85' lang='lat'>),</span> <span class='ocrx_word' id='word_1_1048' title='bbox 2202 2183 2258 2223; x_wconf 91' lang='lat' dir='ltr'>qui</span> <span class='ocrx_word' id='word_1_1049' title='bbox 2283 2180 2442 2216; x_wconf 82' lang='lat' dir='ltr'>sinistrum</span> <span class='ocrx_word' id='word_1_1050' title='bbox 2463 2219 2467 2222; x_wconf 29' lang='lat'><em>¹</em></span> 
     </span>
     <span class='ocr_line' id='line_1_131' title="bbox 1446 2224 2443 2269; baseline -0.003 -9"><span class='ocrx_word' id='word_1_1051' title='bbox 1446 2228 1530 2260; x_wconf 86' lang='lat' dir='ltr'>uteri</span> <span class='ocrx_word' id='word_1_1052' title='bbox 1553 2227 1764 2269; x_wconf 82' lang='lat' dir='ltr'>ligamentum</span> <span class='ocrx_word' id='word_1_1053' title='bbox 1782 2224 1927 2268; x_wconf 83' lang='lat' dir='ltr'>superius</span> <span class='ocrx_word' id='word_1_1054' title='bbox 1949 2236 2030 2268; x_wconf 86' lang='lat' dir='ltr'>aqua</span> <span class='ocrx_word' id='word_1_1055' title='bbox 2056 2226 2133 2258; x_wconf 88' lang='lat' dir='ltr'>adeo</span> <span class='ocrx_word' id='word_1_1056' title='bbox 2155 2224 2328 2258; x_wconf 86' lang='lat' dir='ltr'>distentum</span> <span class='ocrx_word' id='word_1_1057' title='bbox 2351 2228 2443 2258; x_wconf 88' lang='lat' dir='ltr'>inve-</span> 
     </span>
     <span class='ocr_line' id='line_1_132' title="bbox 1445 2269 2443 2310; baseline 0 -8"><span class='ocrx_word' id='word_1_1058' title='bbox 1445 2272 1520 2307; x_wconf 86' lang='lat' dir='ltr'>nit,</span> <span class='ocrx_word' id='word_1_1059' title='bbox 1542 2280 1577 2302; x_wconf 90' lang='lat' dir='ltr'>ut</span> <span class='ocrx_word' id='word_1_1060' title='bbox 1601 2277 1700 2302; x_wconf 79' lang='lat' dir='ltr'>totam</span> <span class='ocrx_word' id='word_1_1061' title='bbox 1724 2271 1844 2308; x_wconf 83' lang='lat' dir='ltr'>ventris</span> <span class='ocrx_word' id='word_1_1062' title='bbox 1873 2274 2035 2310; x_wconf 82' lang='lat' dir='ltr'>occuparet</span> <span class='ocrx_word' id='word_1_1063' title='bbox 2055 2269 2247 2302; x_wconf 68' lang='lat' dir='ltr'>cavitatem?</span> <span class='ocrx_word' id='word_1_1064' title='bbox 2271 2269 2363 2302; x_wconf 88' lang='lat' dir='ltr'>Num</span> <span class='ocrx_word' id='word_1_1065' title='bbox 2373 2280 2443 2304; x_wconf 83' lang='lat' dir='ltr'>cre-</span> 
     </span>
     <span class='ocr_line' id='line_1_133' title="bbox 1446 2311 2445 2352; baseline -0.001 -6"><span class='ocrx_word' id='word_1_1066' title='bbox 1446 2312 1580 2352; x_wconf 85' lang='lat' dir='ltr'>demus,</span> <span class='ocrx_word' id='word_1_1067' title='bbox 1605 2314 1838 2352; x_wconf 81' lang='lat' dir='ltr'>exercitatum,</span> <span class='ocrx_word' id='word_1_1068' title='bbox 1863 2322 1898 2345; x_wconf 88' lang='lat' dir='ltr'>ut</span> <span class='ocrx_word' id='word_1_1069' title='bbox 1921 2313 1976 2345; x_wconf 85' lang='lat' dir='ltr'>ille</span> <span class='ocrx_word' id='word_1_1070' title='bbox 2001 2321 2090 2351; x_wconf 85' lang='lat' dir='ltr'>erat,</span> <span class='ocrx_word' id='word_1_1071' title='bbox 2124 2312 2356 2346; x_wconf 86' lang='lat' dir='ltr'>Anatomicum</span> <span class='ocrx_word' id='word_1_1072' title='bbox 2381 2337 2389 2351; x_wconf 95' lang='lat'><strong>‚</strong></span> <span class='ocrx_word' id='word_1_1073' title='bbox 2420 2311 2445 2345; x_wconf 87' lang='lat' dir='ltr'>fi</span> 
     </span>
     <span class='ocr_line' id='line_1_134' title="bbox 1450 2354 2444 2396; baseline -0.002 -6"><span class='ocrx_word' id='word_1_1074' title='bbox 1450 2358 1565 2390; x_wconf 84' lang='lat' dir='ltr'>annexi</span> <span class='ocrx_word' id='word_1_1075' title='bbox 1588 2357 1715 2395; x_wconf 82' lang='lat' dir='ltr'>ovarii,</span> <span class='ocrx_word' id='word_1_1076' title='bbox 1739 2365 1793 2389; x_wconf 82' lang='lat' dir='ltr'>aut</span> <span class='ocrx_word' id='word_1_1077' title='bbox 1818 2355 1903 2388; x_wconf 83' lang='lat' dir='ltr'>tubae</span> <span class='ocrx_word' id='word_1_1078' title='bbox 1925 2354 2148 2388; x_wconf 78' lang='lat' dir='ltr'>dilatationem</span> <span class='ocrx_word' id='word_1_1079' title='bbox 2180 2354 2309 2388; x_wconf 75' lang='lat' dir='ltr'>vidisset</span> <span class='ocrx_word' id='word_1_1080' title='bbox 2330 2379 2342 2396; x_wconf 84' lang='lat'>,</span> <span class='ocrx_word' id='word_1_1081' title='bbox 2375 2367 2444 2389; x_wconf 79' lang='lat' dir='ltr'>non</span> 
     </span>
     <span class='ocr_line' id='line_1_135' title="bbox 1449 2398 2443 2444; baseline -0.002 -11"><span class='ocrx_word' id='word_1_1082' title='bbox 1449 2400 1639 2444; x_wconf 79' lang='lat' dir='ltr'>agniturum</span> <span class='ocrx_word' id='word_1_1083' title='bbox 1663 2398 1779 2432; x_wconf 78' lang='lat' dir='ltr'>fuisse?</span> <span class='ocrx_word' id='word_1_1084' title='bbox 1805 2399 1858 2432; x_wconf 91' lang='lat' dir='ltr'>An</span> <span class='ocrx_word' id='word_1_1085' title='bbox 1884 2407 1999 2441; x_wconf 80' lang='lat' dir='ltr'>praeter</span> <span class='ocrx_word' id='word_1_1086' title='bbox 2021 2408 2173 2436; x_wconf 85' lang='lat' dir='ltr'>caeteros‚</span> <span class='ocrx_word' id='word_1_1087' title='bbox 2203 2400 2231 2431; x_wconf 87' lang='lat' dir='ltr'>ei</span> <span class='ocrx_word' id='word_1_1088' title='bbox 2265 2399 2443 2441; x_wconf 82' lang='lat' dir='ltr'>ligamento</span> 
     </span>
     <span class='ocr_line' id='line_1_136' title="bbox 1450 2441 2446 2485; baseline 0 -10"><span class='ocrx_word' id='word_1_1089' title='bbox 1450 2444 1636 2485; x_wconf 84' lang='lat' dir='ltr'>proximos,</span> <span class='ocrx_word' id='word_1_1090' title='bbox 1661 2442 1841 2485; x_wconf 56' lang='lat' dir='ltr'>hydropa,</span> <span class='ocrx_word' id='word_1_1091' title='bbox 1868 2441 2057 2484; x_wconf 84' lang='lat' dir='ltr'>peculiarem</span> <span class='ocrx_word' id='word_1_1092' title='bbox 2088 2450 2237 2483; x_wconf 73' lang='lat' dir='ltr'>praeterea</span> <span class='ocrx_word' id='word_1_1093' title='bbox 2279 2444 2319 2475; x_wconf 87' lang='lat' dir='ltr'>ab</span> <span class='ocrx_word' id='word_1_1094' title='bbox 2362 2453 2446 2485; x_wconf 81' lang='lat' dir='ltr'>aqua</span> 
     </span>
     <span class='ocr_line' id='line_1_137' title="bbox 1451 2484 2447 2527; baseline 0 -8"><span class='ocrx_word' id='word_1_1095' title='bbox 1451 2489 1535 2519; x_wconf 89' lang='lat' dir='ltr'>inter</span> <span class='ocrx_word' id='word_1_1096' title='bbox 1558 2486 1635 2519; x_wconf 80' lang='lat' dir='ltr'>duas</span> <span class='ocrx_word' id='word_1_1097' title='bbox 1657 2485 1724 2527; x_wconf 85' lang='lat' dir='ltr'>ejus</span> <span class='ocrx_word' id='word_1_1098' title='bbox 1748 2486 1946 2519; x_wconf 78' lang='lat' dir='ltr'>membranas</span> <span class='ocrx_word' id='word_1_1099' title='bbox 1966 2484 2112 2526; x_wconf 81' lang='lat' dir='ltr'>congesta</span> <span class='ocrx_word' id='word_1_1100' title='bbox 2144 2485 2231 2518; x_wconf 85' lang='lat' dir='ltr'>illius</span> <span class='ocrx_word' id='word_1_1101' title='bbox 2263 2484 2447 2526; x_wconf 78' lang='lat' dir='ltr'>hydropem</span> 
     </span>
     <span class='ocr_line' id='line_1_138' title="bbox 1451 2527 2446 2571; baseline -0.001 -8"><span class='ocrx_word' id='word_1_1102' title='bbox 1451 2531 1623 2571; x_wconf 82' lang='lat' dir='ltr'>ligamenti</span> <span class='ocrx_word' id='word_1_1103' title='bbox 1648 2533 1826 2571; x_wconf 85' lang='lat' dir='ltr'>ponemus?</span> <span class='ocrx_word' id='word_1_1104' title='bbox 1851 2528 1887 2561; x_wconf 90' lang='lat' dir='ltr'>Id</span> <span class='ocrx_word' id='word_1_1105' title='bbox 1913 2528 1995 2561; x_wconf 87' lang='lat' dir='ltr'>vidit</span> <span class='ocrx_word' id='word_1_1106' title='bbox 2021 2531 2053 2561; x_wconf 92' lang='lat' dir='ltr'>in</span> <span class='ocrx_word' id='word_1_1107' title='bbox 2069 2527 2223 2566; x_wconf 84' lang='lat' dir='ltr'>foemina,</span> <span class='ocrx_word' id='word_1_1108' title='bbox 2247 2540 2341 2571; x_wconf 81' lang='lat' dir='ltr'>quae,</span> <span class='ocrx_word' id='word_1_1109' title='bbox 2369 2528 2446 2562; x_wconf 85' lang='lat' dir='ltr'>licet</span> 
     </span>
     <span class='ocr_line' id='line_1_139' title="bbox 1453 2571 2447 2614; baseline -0.002 -8"><span class='ocrx_word' id='word_1_1110' title='bbox 1453 2573 1612 2606; x_wconf 84' lang='lat' dir='ltr'>abdomen</span> <span class='ocrx_word' id='word_1_1111' title='bbox 1635 2574 1799 2614; x_wconf 82' lang='lat' dir='ltr'>ingentem</span> <span class='ocrx_word' id='word_1_1112' title='bbox 1821 2572 1854 2604; x_wconf 88' lang='lat' dir='ltr'>in</span> <span class='ocrx_word' id='word_1_1113' title='bbox 1880 2571 1996 2604; x_wconf 85' lang='lat' dir='ltr'>molem</span> <span class='ocrx_word' id='word_1_1114' title='bbox 2019 2571 2224 2611; x_wconf 80' lang='lat' dir='ltr'>excrevisset,</span> <span class='ocrx_word' id='word_1_1115' title='bbox 2255 2583 2310 2605; x_wconf 85' lang='lat' dir='ltr'>nec</span> <span class='ocrx_word' id='word_1_1116' title='bbox 2356 2583 2447 2605; x_wconf 88' lang='lat' dir='ltr'>men-</span> 
     </span>
     <span class='ocr_line' id='line_1_140' title="bbox 1453 2614 2447 2658; baseline -0.001 -9"><span class='ocrx_word' id='word_1_1117' title='bbox 1453 2616 1539 2650; x_wconf 87' lang='lat' dir='ltr'>strua</span> <span class='ocrx_word' id='word_1_1118' title='bbox 1561 2615 1625 2658; x_wconf 85' lang='lat' dir='ltr'>jam</span> <span class='ocrx_word' id='word_1_1119' title='bbox 1647 2624 1723 2649; x_wconf 89' lang='lat' dir='ltr'>toto</span> <span class='ocrx_word' id='word_1_1120' title='bbox 1746 2615 1878 2648; x_wconf 80' lang='lat' dir='ltr'>triennii</span> <span class='ocrx_word' id='word_1_1121' title='bbox 1904 2614 2007 2656; x_wconf 89' lang='lat' dir='ltr'>spatio</span> <span class='ocrx_word' id='word_1_1122' title='bbox 2029 2614 2250 2652; x_wconf 84' lang='lat' dir='ltr'>responderent</span> <span class='ocrx_word' id='word_1_1123' title='bbox 2265 2636 2275 2652; x_wconf 93' lang='lat'>‚</span> <span class='ocrx_word' id='word_1_1124' title='bbox 2299 2617 2447 2657; x_wconf 86' lang='lat' dir='ltr'>appetitu</span> 
     </span>
     <span class='ocr_line' id='line_1_141' title="bbox 1453 2655 2447 2701; baseline -0.002 -8"><span class='ocrx_word' id='word_1_1125' title='bbox 1453 2670 1559 2693; x_wconf 88' lang='lat' dir='ltr'>tamen</span> <span class='ocrx_word' id='word_1_1126' title='bbox 1582 2668 1649 2692; x_wconf 88' lang='lat' dir='ltr'>erat</span> <span class='ocrx_word' id='word_1_1127' title='bbox 1673 2660 1819 2701; x_wconf 78' lang='lat' dir='ltr'>integro,</span> <span class='ocrx_word' id='word_1_1128' title='bbox 1842 2660 1872 2690; x_wconf 89' lang='lat'>&amp;</span> <span class='ocrx_word' id='word_1_1129' title='bbox 1907 2658 2017 2691; x_wconf 80' lang='lat' dir='ltr'>munia</span> <span class='ocrx_word' id='word_1_1130' title='bbox 2063 2655 2235 2691; x_wconf 86' lang='lat' dir='ltr'>familiaria</span> <span class='ocrx_word' id='word_1_1131' title='bbox 2258 2682 2266 2697; x_wconf 87' lang='lat'>,</span> <span class='ocrx_word' id='word_1_1132' title='bbox 2299 2660 2447 2701; x_wconf 89' lang='lat' dir='ltr'>quamvis</span> 
     </span>
     <span class='ocr_line' id='line_1_142' title="bbox 1454 2700 2448 2745; baseline -0.002 -8"><span class='ocrx_word' id='word_1_1133' title='bbox 1454 2714 1557 2745; x_wconf 84' lang='lat' dir='ltr'>aegre,</span> <span class='ocrx_word' id='word_1_1134' title='bbox 1581 2702 1716 2741; x_wconf 89' lang='lat' dir='ltr'>obibat,</span> <span class='ocrx_word' id='word_1_1135' title='bbox 1741 2704 1841 2736; x_wconf 89' lang='lat' dir='ltr'>donec</span> <span class='ocrx_word' id='word_1_1136' title='bbox 1865 2700 1973 2734; x_wconf 89' lang='lat' dir='ltr'>subito</span> <span class='ocrx_word' id='word_1_1137' title='bbox 1994 2701 2135 2734; x_wconf 67' lang='lat' dir='ltr'>extincta</span> <span class='ocrx_word' id='word_1_1138' title='bbox 2146 2701 2214 2742; x_wconf 85' lang='lat' dir='ltr'>est,</span> <span class='ocrx_word' id='word_1_1139' title='bbox 2238 2701 2448 2745; x_wconf 88' lang='lat' dir='ltr'>quemadmo-</span> 
     </span>
     <span class='ocr_line' id='line_1_143' title="bbox 1452 2743 2448 2783; baseline -0.003 -3"><span class='ocrx_word' id='word_1_1140' title='bbox 1452 2745 1529 2780; x_wconf 87' lang='lat' dir='ltr'>dum</span> <span class='ocrx_word' id='word_1_1141' title='bbox 1554 2746 1650 2780; x_wconf 82' lang='lat' dir='ltr'>altera</span> <span class='ocrx_word' id='word_1_1142' title='bbox 1676 2746 1819 2779; x_wconf 88' lang='lat' dir='ltr'>Brehmii</span> <span class='ocrx_word' id='word_1_1143' title='bbox 1845 2748 1855 2783; x_wconf 90' lang='lat'>(</span> <span class='ocrx_word' id='word_1_1144' title='bbox 1881 2743 1892 2777; x_wconf 88' lang='lat' dir='ltr'>l</span> <span class='ocrx_word' id='word_1_1145' title='bbox 1915 2748 1925 2782; x_wconf 89' lang='lat'><em>)</em></span> <span class='ocrx_word' id='word_1_1146' title='bbox 1950 2745 2085 2781; x_wconf 87' lang='lat' dir='ltr'>mulier,</span> <span class='ocrx_word' id='word_1_1147' title='bbox 2108 2746 2161 2777; x_wconf 92' lang='lat' dir='ltr'>cui</span> <span class='ocrx_word' id='word_1_1148' title='bbox 2183 2755 2290 2779; x_wconf 89' lang='lat' dir='ltr'>tamen</span> <span class='ocrx_word' id='word_1_1149' title='bbox 2313 2754 2379 2778; x_wconf 83' lang='lat' dir='ltr'>erat</span> <span class='ocrx_word' id='word_1_1150' title='bbox 2391 2756 2448 2778; x_wconf 90' lang='lat' dir='ltr'>cor</span> 
     </span>
     <span class='ocr_line' id='line_1_144' title="bbox 1454 2787 2449 2833; baseline 0.001 -12"><span class='ocrx_word' id='word_1_1151' title='bbox 1454 2790 1661 2833; x_wconf 70' lang='lat' dir='ltr'>praegrande,</span> <span class='ocrx_word' id='word_1_1152' title='bbox 1683 2793 1713 2822; x_wconf 76' lang='grc' dir='ltr'>δι</span> <span class='ocrx_word' id='word_1_1153' title='bbox 1736 2789 1911 2829; x_wconf 82' lang='lat' dir='ltr'>Targionii</span> <span class='ocrx_word' id='word_1_1154' title='bbox 1937 2787 2109 2824; x_wconf 82' lang='lat' dir='ltr'>Matrona;</span> <span class='ocrx_word' id='word_1_1155' title='bbox 2135 2799 2236 2831; x_wconf 88' lang='lat' dir='ltr'>neque</span> <span class='ocrx_word' id='word_1_1156' title='bbox 2281 2791 2367 2822; x_wconf 88' lang='lat' dir='ltr'>enim</span> <span class='ocrx_word' id='word_1_1157' title='bbox 2409 2800 2449 2822; x_wconf 78' lang='lat' dir='ltr'>ex</span> 
     </span>
     <span class='ocr_line' id='line_1_145' title="bbox 1455 2830 2450 2876; baseline -0.001 -9"><span class='ocrx_word' id='word_1_1158' title='bbox 1455 2842 1508 2867; x_wconf 87' lang='lat' dir='ltr'>tot</span> <span class='ocrx_word' id='word_1_1159' title='bbox 1532 2844 1604 2876; x_wconf 89' lang='lat' dir='ltr'>quae</span> <span class='ocrx_word' id='word_1_1160' title='bbox 1627 2831 1899 2868; x_wconf 85' lang='lat' dir='ltr'>commemoravi,</span> <span class='ocrx_word' id='word_1_1161' title='bbox 1923 2830 2104 2873; x_wconf 89' lang='lat' dir='ltr'>hujusmodi</span> <span class='ocrx_word' id='word_1_1162' title='bbox 2130 2833 2319 2865; x_wconf 87' lang='lat' dir='ltr'>morborum</span> <span class='ocrx_word' id='word_1_1163' title='bbox 2342 2844 2450 2866; x_wconf 87' lang='lat' dir='ltr'>exem-</span> 
     </span>
     <span class='ocr_line' id='line_1_146' title="bbox 1453 2873 2450 2919; baseline 0.001 -11"><span class='ocrx_word' id='word_1_1164' title='bbox 1453 2878 1536 2919; x_wconf 90' lang='lat' dir='ltr'>plis,</span> <span class='ocrx_word' id='word_1_1165' title='bbox 1560 2876 1636 2910; x_wconf 88' lang='lat' dir='ltr'>alias</span> <span class='ocrx_word' id='word_1_1166' title='bbox 1660 2887 1774 2918; x_wconf 78' lang='lat' dir='ltr'>praeter</span> <span class='ocrx_word' id='word_1_1167' title='bbox 1796 2884 1859 2909; x_wconf 90' lang='lat' dir='ltr'>tres</span> <span class='ocrx_word' id='word_1_1168' title='bbox 1879 2873 1970 2908; x_wconf 81' lang='lat' dir='ltr'>hasce</span> <span class='ocrx_word' id='word_1_1169' title='bbox 1994 2885 2078 2909; x_wconf 88' lang='lat' dir='ltr'>nunc</span> <span class='ocrx_word' id='word_1_1170' title='bbox 2102 2877 2258 2914; x_wconf 88' lang='lat' dir='ltr'>memini,</span> <span class='ocrx_word' id='word_1_1171' title='bbox 2280 2887 2351 2919; x_wconf 81' lang='lat' dir='ltr'>quae</span> <span class='ocrx_word' id='word_1_1172' title='bbox 2376 2877 2450 2909; x_wconf 86' lang='lat' dir='ltr'>ino-</span> 
     </span>
     <span class='ocr_line' id='line_1_147' title="bbox 1453 2917 1803 2963; baseline -0.009 -10"><span class='ocrx_word' id='word_1_1173' title='bbox 1453 2921 1571 2963; x_wconf 86' lang='lat' dir='ltr'>pinato</span> <span class='ocrx_word' id='word_1_1174' title='bbox 1594 2917 1781 2954; x_wconf 78' lang='lat' dir='ltr'>decesserint</span> <span class='ocrx_word' id='word_1_1175' title='bbox 1796 2944 1803 2950; x_wconf 96' lang='lat'>.</span> 
     </span>
    </p>

    <p class='ocr_par' dir='ltr' id='par_1_13' title="bbox 1448 2961 2450 3399">
     <span class='ocr_line' id='line_1_148' title="bbox 1495 2961 2445 3006; baseline 0.001 -11"><span class='ocrx_word' id='word_1_1176' title='bbox 1495 2966 1551 3006; x_wconf 90' lang='lat'>67.</span> <span class='ocrx_word' id='word_1_1177' title='bbox 1585 2963 1684 2997; x_wconf 89' lang='lat' dir='ltr'>Nunc</span> <span class='ocrx_word' id='word_1_1178' title='bbox 1716 2963 1737 2997; x_wconf 83' lang='lat' dir='ltr'>si</span> <span class='ocrx_word' id='word_1_1179' title='bbox 1771 2973 1842 3004; x_wconf 83' lang='lat' dir='ltr'>quae</span> <span class='ocrx_word' id='word_1_1180' title='bbox 1874 2963 1957 2995; x_wconf 90' lang='lat' dir='ltr'>inter</span> <span class='ocrx_word' id='word_1_1181' title='bbox 1993 2962 2220 2997; x_wconf 86' lang='lat' dir='ltr'>recensendum</span> <span class='ocrx_word' id='word_1_1182' title='bbox 2243 2961 2445 3005; x_wconf 79' lang='lat' dir='ltr'>singulorum</span> 
     </span>
     <span class='ocr_line' id='line_1_149' title="bbox 1454 3004 2449 3049; baseline -0.001 -9"><span class='ocrx_word' id='word_1_1183' title='bbox 1454 3006 1520 3040; x_wconf 87' lang='lat' dir='ltr'>fere</span> <span class='ocrx_word' id='word_1_1184' title='bbox 1566 3005 1684 3040; x_wconf 86' lang='lat' dir='ltr'>horum</span> <span class='ocrx_word' id='word_1_1185' title='bbox 1738 3006 1923 3049; x_wconf 76' lang='lat' dir='ltr'>hydropum</span> <span class='ocrx_word' id='word_1_1186' title='bbox 1968 3004 2219 3041; x_wconf 76' lang='lat' dir='ltr'>Observationes</span> <span class='ocrx_word' id='word_1_1187' title='bbox 2251 3030 2260 3045; x_wconf 90' lang='lat'>‚</span> <span class='ocrx_word' id='word_1_1188' title='bbox 2317 3005 2449 3039; x_wconf 86' lang='lat' dir='ltr'>subinde</span> 
     </span>
     <span class='ocr_line' id='line_1_150' title="bbox 1453 3049 2450 3092; baseline -0.001 -9"><span class='ocrx_word' id='word_1_1189' title='bbox 1453 3049 1541 3092; x_wconf 81' lang='lat' dir='ltr'>signa</span> <span class='ocrx_word' id='word_1_1190' title='bbox 1584 3051 1758 3083; x_wconf 90' lang='lat' dir='ltr'>memoravi</span> <span class='ocrx_word' id='word_1_1191' title='bbox 1781 3071 1790 3086; x_wconf 90' lang='lat'><em>‚</em></span> <span class='ocrx_word' id='word_1_1192' title='bbox 1837 3057 1962 3082; x_wconf 84' lang='lat' dir='ltr'>attento</span> <span class='ocrx_word' id='word_1_1193' title='bbox 2007 3050 2115 3083; x_wconf 88' lang='lat' dir='ltr'>animo</span> <span class='ocrx_word' id='word_1_1194' title='bbox 2137 3051 2270 3092; x_wconf 81' lang='lat' dir='ltr'>colligas</span> <span class='ocrx_word' id='word_1_1195' title='bbox 2292 3062 2302 3086; x_wconf 81' lang='lat'>3</span> <span class='ocrx_word' id='word_1_1196' title='bbox 2346 3060 2450 3092; x_wconf 87' lang='lat' dir='ltr'>quan-</span> 
     </span>
     <span class='ocr_line' id='line_1_151' title="bbox 1454 3092 2450 3136; baseline -0.001 -10"><span class='ocrx_word' id='word_1_1197' title='bbox 1454 3102 1525 3126; x_wconf 89' lang='lat' dir='ltr'>tum</span> <span class='ocrx_word' id='word_1_1198' title='bbox 1549 3093 1631 3126; x_wconf 89' lang='lat' dir='ltr'>inter</span> <span class='ocrx_word' id='word_1_1199' title='bbox 1655 3092 1705 3133; x_wconf 89' lang='lat' dir='ltr'>se,</span> <span class='ocrx_word' id='word_1_1200' title='bbox 1730 3096 1760 3126; x_wconf 71' lang='grc' dir='ltr'>δε</span> <span class='ocrx_word' id='word_1_1201' title='bbox 1781 3101 1937 3134; x_wconf 86' lang='lat' dir='ltr'>quantum</span> <span class='ocrx_word' id='word_1_1202' title='bbox 1970 3103 2045 3126; x_wconf 88' lang='lat' dir='ltr'>cum</span> <span class='ocrx_word' id='word_1_1203' title='bbox 2091 3094 2258 3136; x_wconf 86' lang='lat' dir='ltr'>peritonaei</span> <span class='ocrx_word' id='word_1_1204' title='bbox 2292 3092 2450 3135; x_wconf 45' lang='lat' dir='ltr'>„hydrope</span> 
     </span>
     <span class='ocr_line' id='line_1_152' title="bbox 1454 3134 2448 3179; baseline -0.002 -9"><span class='ocrx_word' id='word_1_1205' title='bbox 1454 3138 1671 3174; x_wconf 86' lang='lat' dir='ltr'>conveniant,</span> <span class='ocrx_word' id='word_1_1206' title='bbox 1695 3135 1789 3170; x_wconf 85' lang='lat' dir='ltr'>facile</span> <span class='ocrx_word' id='word_1_1207' title='bbox 1813 3135 2047 3169; x_wconf 81' lang='lat' dir='ltr'>animadvertes</span> <span class='ocrx_word' id='word_1_1208' title='bbox 2068 3157 2077 3174; x_wconf 93' lang='lat'>,</span> <span class='ocrx_word' id='word_1_1209' title='bbox 2122 3135 2344 3179; x_wconf 73' lang='lat' dir='ltr'>intelligesque</span> <span class='ocrx_word' id='word_1_1210' title='bbox 2367 3158 2379 3175; x_wconf 83' lang='lat'><em>‚</em></span> <span class='ocrx_word' id='word_1_1211' title='bbox 2423 3134 2448 3168; x_wconf 86' lang='lat' dir='ltr'>fi</span> 
     </span>
     <span class='ocr_line' id='line_1_153' title="bbox 1453 3178 2447 3223; baseline -0.003 -10"><span class='ocrx_word' id='word_1_1212' title='bbox 1453 3180 1558 3221; x_wconf 75' lang='lat' dir='ltr'>gravis</span> <span class='ocrx_word' id='word_1_1213' title='bbox 1581 3180 1700 3213; x_wconf 85' lang='lat' dir='ltr'>ventris</span> <span class='ocrx_word' id='word_1_1214' title='bbox 1722 3178 1819 3213; x_wconf 87' lang='lat' dir='ltr'>moles</span> <span class='ocrx_word' id='word_1_1215' title='bbox 1841 3179 1904 3221; x_wconf 83' lang='lat' dir='ltr'>jam</span> <span class='ocrx_word' id='word_1_1216' title='bbox 1929 3179 2061 3221; x_wconf 77' lang='lat' dir='ltr'>longum</span> <span class='ocrx_word' id='word_1_1217' title='bbox 2084 3188 2209 3223; x_wconf 86' lang='lat' dir='ltr'>tempus</span> <span class='ocrx_word' id='word_1_1218' title='bbox 2242 3178 2447 3222; x_wconf 57' lang='lat' dir='ltr'>«Verneyus</span> 
     </span>
     <span class='ocr_line' id='line_1_154' title="bbox 1453 3222 2448 3265; baseline -0.003 -9"><span class='ocrx_word' id='word_1_1219' title='bbox 1453 3223 1564 3265; x_wconf 82' lang='lat' dir='ltr'>junior</span> <span class='ocrx_word' id='word_1_1220' title='bbox 1585 3227 1599 3263; x_wconf 86' lang='lat'>(</span> <span class='ocrx_word' id='word_1_1221' title='bbox 1621 3235 1652 3256; x_wconf 86' lang='lat' dir='ltr'>m</span> <span class='ocrx_word' id='word_1_1222' title='bbox 1672 3226 1686 3262; x_wconf 92' lang='lat'>)</span> <span class='ocrx_word' id='word_1_1223' title='bbox 1709 3223 1779 3264; x_wconf 85' lang='lat' dir='ltr'>plus</span> <span class='ocrx_word' id='word_1_1224' title='bbox 1805 3222 1939 3256; x_wconf 86' lang='lat' dir='ltr'>biennio</span> <span class='ocrx_word' id='word_1_1225' title='bbox 1964 3234 1979 3255; x_wconf 89' lang='lat' dir='ltr'>a</span> <span class='ocrx_word' id='word_1_1226' title='bbox 2006 3223 2111 3263; x_wconf 89' lang='lat' dir='ltr'>primo</span> <span class='ocrx_word' id='word_1_1227' title='bbox 2136 3225 2233 3256; x_wconf 90' lang='lat' dir='ltr'>initio</span> <span class='ocrx_word' id='word_1_1228' title='bbox 2245 3222 2448 3264; x_wconf 78' lang='lat' dir='ltr'>requirebat)</span> 
     </span>
     <span class='ocr_line' id='line_1_155' title="bbox 1455 3265 2446 3309; baseline -0.002 -11"><span class='ocrx_word' id='word_1_1229' title='bbox 1455 3266 1691 3309; x_wconf 86' lang='lat' dir='ltr'>perduraverit:</span> <span class='ocrx_word' id='word_1_1230' title='bbox 1717 3265 1738 3298; x_wconf 87' lang='lat' dir='ltr'>si</span> <span class='ocrx_word' id='word_1_1231' title='bbox 1763 3276 1873 3299; x_wconf 88' lang='lat' dir='ltr'>tumor</span> <span class='ocrx_word' id='word_1_1232' title='bbox 1888 3287 1898 3303; x_wconf 91' lang='lat'>‚</span> <span class='ocrx_word' id='word_1_1233' title='bbox 1922 3275 1957 3298; x_wconf 90' lang='lat' dir='ltr'>ut</span> <span class='ocrx_word' id='word_1_1234' title='bbox 1980 3266 2012 3297; x_wconf 91' lang='lat' dir='ltr'>in</span> <span class='ocrx_word' id='word_1_1235' title='bbox 2038 3267 2201 3308; x_wconf 81' lang='lat' dir='ltr'>gravidis,</span> <span class='ocrx_word' id='word_1_1236' title='bbox 2225 3267 2383 3309; x_wconf 84' lang='lat' dir='ltr'>paulatim</span> <span class='ocrx_word' id='word_1_1237' title='bbox 2396 3266 2446 3297; x_wconf 85' lang='lat' dir='ltr'>in-</span> 
     </span>
     <span class='ocr_line' id='line_1_156' title="bbox 1448 3307 2444 3348; baseline -0.003 -5"><span class='ocrx_word' id='word_1_1238' title='bbox 1448 3311 1581 3343; x_wconf 87' lang='lat' dir='ltr'>creverit</span> <span class='ocrx_word' id='word_1_1239' title='bbox 1605 3309 1668 3344; x_wconf 85' lang='lat' dir='ltr'>fine</span> <span class='ocrx_word' id='word_1_1240' title='bbox 1692 3308 1797 3342; x_wconf 88' lang='lat' dir='ltr'>multo</span> <span class='ocrx_word' id='word_1_1241' title='bbox 1821 3307 2050 3346; x_wconf 87' lang='lat' dir='ltr'>incommodo,</span> <span class='ocrx_word' id='word_1_1242' title='bbox 2075 3312 2106 3342; x_wconf 91' lang='lat'>&amp;</span> <span class='ocrx_word' id='word_1_1243' title='bbox 2138 3309 2201 3342; x_wconf 86' lang='lat' dir='ltr'>sine</span> <span class='ocrx_word' id='word_1_1244' title='bbox 2244 3310 2308 3344; x_wconf 87' lang='lat' dir='ltr'>ulla</span> <span class='ocrx_word' id='word_1_1245' title='bbox 2332 3331 2345 3348; x_wconf 86' lang='lat'><em>‚</em></span> <span class='ocrx_word' id='word_1_1246' title='bbox 2388 3315 2444 3341; x_wconf 88' lang='lat' dir='ltr'>aut</span> 
     </span>
     <span class='ocr_line' id='line_1_157' title="bbox 1449 3351 2445 3399; baseline -0.003 -13"><span class='ocrx_word' id='word_1_1247' title='bbox 1449 3353 1559 3387; x_wconf 82' lang='lat' dir='ltr'>saltem</span> <span class='ocrx_word' id='word_1_1248' title='bbox 1581 3353 1645 3387; x_wconf 87' lang='lat' dir='ltr'>sine</span> <span class='ocrx_word' id='word_1_1249' title='bbox 1661 3363 1781 3395; x_wconf 46' lang='lat' dir='ltr'>*magna</span> <span class='ocrx_word' id='word_1_1250' title='bbox 1802 3353 1921 3386; x_wconf 89' lang='lat' dir='ltr'>coloris</span> <span class='ocrx_word' id='word_1_1251' title='bbox 1943 3354 2025 3386; x_wconf 85' lang='lat' dir='ltr'>cutis</span> <span class='ocrx_word' id='word_1_1252' title='bbox 2048 3355 2249 3387; x_wconf 86' lang='lat' dir='ltr'>mutatione.-</span> <span class='ocrx_word' id='word_1_1253' title='bbox 2274 3351 2445 3399; x_wconf 83' lang='lat' dir='ltr'>fipurgan-</span> 
     </span>
    </p>

    <p class='ocr_par' dir='ltr' id='par_1_14' title="bbox 2326 3404 2403 3433">
     <span class='ocr_line' id='line_1_158' title="bbox 2326 3404 2403 3433; baseline 0.026 -7"><span class='ocrx_word' id='word_1_1254' title='bbox 2326 3404 2370 3428; x_wconf 86' lang='lat' dir='ltr'>tia</span> <span class='ocrx_word' id='word_1_1255' title='bbox 2392 3417 2403 3433; x_wconf 88' lang='lat'>,</span> 
     </span>
    </p>
   </div>
   <div class='ocr_carea' id='block_1_9' title="bbox 1419 3571 2229 3692">
    <p class='ocr_par' dir='ltr' id='par_1_15' title="bbox 1419 3571 1939 3604">
     <span class='ocr_line' id='line_1_159' title="bbox 1419 3571 1939 3604; baseline -0.004 -9"><span class='ocrx_word' id='word_1_1256' title='bbox 1419 3574 1432 3602; x_wconf 87' lang='lat'>(</span> <span class='ocrx_word' id='word_1_1257' title='bbox 1447 3580 1463 3604; x_wconf 85' lang='lat' dir='ltr'>p</span> <span class='ocrx_word' id='word_1_1258' title='bbox 1481 3572 1491 3600; x_wconf 69' lang='grc'>)</span> <span class='ocrx_word' id='word_1_1259' title='bbox 1508 3572 1588 3597; x_wconf 77' lang='lat' dir='ltr'>Prima</span> <span class='ocrx_word' id='word_1_1260' title='bbox 1604 3572 1713 3597; x_wconf 76' lang='lat' dir='ltr'>Raccoit.</span> <span class='ocrx_word' id='word_1_1261' title='bbox 1730 3572 1855 3596; x_wconf 80' lang='lat' dir='ltr'>d’Offerv.</span> <span class='ocrx_word' id='word_1_1262' title='bbox 1871 3571 1939 3596; x_wconf 82' lang='lat' dir='ltr'>Med.</span> 
     </span>
    </p>

    <p class='ocr_par' dir='ltr' id='par_1_16' title="bbox 1420 3600 2172 3663">
     <span class='ocr_line' id='line_1_160' title="bbox 1683 3600 2172 3632; baseline -0.006 -6"><span class='ocrx_word' id='word_1_1263' title='bbox 1683 3604 1749 3632; x_wconf 79' lang='lat' dir='ltr'>(u)</span> <span class='ocrx_word' id='word_1_1264' title='bbox 1767 3602 1819 3627; x_wconf 72' lang='grc' dir='ltr'>Αᾶ.</span> <span class='ocrx_word' id='word_1_1265' title='bbox 1836 3603 1868 3625; x_wconf 86' lang='grc' dir='ltr'>Ν.</span> <span class='ocrx_word' id='word_1_1266' title='bbox 1886 3604 1916 3626; x_wconf 93' lang='lat' dir='ltr'>C.</span> <span class='ocrx_word' id='word_1_1267' title='bbox 1931 3602 2006 3625; x_wconf 89' lang='lat' dir='ltr'>Torn.</span> <span class='ocrx_word' id='word_1_1268' title='bbox 2017 3604 2040 3626; x_wconf 85' lang='lat'>6.</span> <span class='ocrx_word' id='word_1_1269' title='bbox 2056 3600 2116 3626; x_wconf 85' lang='lat' dir='ltr'>Obs.</span> <span class='ocrx_word' id='word_1_1270' title='bbox 2136 3608 2172 3630; x_wconf 73' lang='lat'>94.</span> 
     </span>
     <span class='ocr_line' id='line_1_161' title="bbox 1420 3631 2134 3663; baseline -0.003 -7"><span class='ocrx_word' id='word_1_1271' title='bbox 1420 3635 1459 3662; x_wconf 75' lang='lat'>⁶4·</span> <span class='ocrx_word' id='word_1_1272' title='bbox 1520 3635 1533 3663; x_wconf 74' lang='grc' dir='ltr'>ζ</span> <span class='ocrx_word' id='word_1_1273' title='bbox 1549 3641 1566 3661; x_wconf 74' lang='lat' dir='ltr'><strong><em>z</em></strong></span> <span class='ocrx_word' id='word_1_1274' title='bbox 1581 3633 1594 3662; x_wconf 87' lang='lat'><em>)</em></span> <span class='ocrx_word' id='word_1_1275' title='bbox 1610 3633 1688 3656; x_wconf 81' lang='lat' dir='ltr'>Mem.</span> <span class='ocrx_word' id='word_1_1276' title='bbox 1708 3634 1735 3657; x_wconf 83' lang='lat' dir='ltr'>de</span> <span class='ocrx_word' id='word_1_1277' title='bbox 1752 3632 1845 3656; x_wconf 82' lang='lat' dir='ltr'>l’Acad.</span> <span class='ocrx_word' id='word_1_1278' title='bbox 1865 3634 1894 3656; x_wconf 80' lang='lat' dir='ltr'>R.</span> <span class='ocrx_word' id='word_1_1279' title='bbox 1912 3631 1953 3656; x_wconf 77' lang='lat' dir='ltr'>des</span> <span class='ocrx_word' id='word_1_1280' title='bbox 1968 3633 2006 3657; x_wconf 85' lang='lat' dir='ltr'>Sc.</span> <span class='ocrx_word' id='word_1_1281' title='bbox 2022 3634 2051 3656; x_wconf 77' lang='lat' dir='ltr'>A.</span> <span class='ocrx_word' id='word_1_1282' title='bbox 2070 3639 2134 3661; x_wconf 84' lang='lat'>1703.</span> 
     </span>
    </p>

    <p class='ocr_par' dir='ltr' id='par_1_17' title="bbox 1422 3662 2229 3692">
     <span class='ocr_line' id='line_1_162' title="bbox 1422 3662 2229 3692; baseline -0.005 -3"><span class='ocrx_word' id='word_1_1283' title='bbox 1422 3667 1461 3689; x_wconf 89' lang='lat' dir='ltr'>M.</span> <span class='ocrx_word' id='word_1_1284' title='bbox 1479 3664 1549 3689; x_wconf 86' lang='lat' dir='ltr'>Febr.</span> <span class='ocrx_word' id='word_1_1285' title='bbox 1617 3666 1648 3691; x_wconf 76' lang='lat' dir='ltr'>lc</span> <span class='ocrx_word' id='word_1_1286' title='bbox 1664 3663 1677 3689; x_wconf 71' lang='lat'><strong>3</strong></span> <span class='ocrx_word' id='word_1_1287' title='bbox 1693 3662 1749 3688; x_wconf 86' lang='lat' dir='ltr'>Obs.</span> <span class='ocrx_word' id='word_1_1288' title='bbox 1767 3663 1836 3687; x_wconf 81' lang='lat' dir='ltr'>Med.</span> <span class='ocrx_word' id='word_1_1289' title='bbox 1854 3664 1872 3686; x_wconf 84' lang='lat'>1.</span> <span class='ocrx_word' id='word_1_1290' title='bbox 1887 3670 1910 3691; x_wconf 88' lang='lat'>4.</span> <span class='ocrx_word' id='word_1_1291' title='bbox 1929 3670 1949 3686; x_wconf 88' lang='lat' dir='ltr'>c.</span> <span class='ocrx_word' id='word_1_1292' title='bbox 1966 3671 2005 3692; x_wconf 81' lang='lat'>45.</span> <span class='ocrx_word' id='word_1_1293' title='bbox 2067 3663 2080 3691; x_wconf 90' lang='lat'>(</span> <span class='ocrx_word' id='word_1_1294' title='bbox 2095 3662 2111 3685; x_wconf 85' lang='lat' dir='ltr'>d</span> <span class='ocrx_word' id='word_1_1295' title='bbox 2128 3664 2135 3692; x_wconf 82' lang='lat'><strong><em>)</em></strong></span> <span class='ocrx_word' id='word_1_1296' title='bbox 2152 3669 2175 3685; x_wconf 86' lang='lat' dir='ltr'>n.</span> <span class='ocrx_word' id='word_1_1297' title='bbox 2192 3669 2229 3690; x_wconf 78' lang='lat'>50.</span> 
     </span>
    </p>
   </div>
   <div class='ocr_carea' id='block_1_10' title="bbox 1429 3691 2128 3725">
    <p class='ocr_par' dir='ltr' id='par_1_18' title="bbox 1429 3691 2128 3725">
     <span class='ocr_line' id='line_1_163' title="bbox 1429 3691 2128 3725; baseline -0.006 -5"><span class='ocrx_word' id='word_1_1298' title='bbox 1429 3695 1445 3720; x_wconf 77' lang='lat' dir='ltr'><em>k</em></span> <span class='ocrx_word' id='word_1_1299' title='bbox 1460 3696 1476 3725; x_wconf 83' lang='lat'>)</span> <span class='ocrx_word' id='word_1_1300' title='bbox 1492 3692 1615 3725; x_wconf 70' lang='lat' dir='ltr'>Sepulchr.</span> <span class='ocrx_word' id='word_1_1301' title='bbox 1631 3693 1693 3720; x_wconf 69' lang='lat' dir='ltr'>Seu.</span> <span class='ocrx_word' id='word_1_1302' title='bbox 1708 3694 1755 3720; x_wconf 73' lang='lat' dir='ltr'>hae</span> <span class='ocrx_word' id='word_1_1303' title='bbox 1772 3701 1808 3718; x_wconf 85' lang='lat'>21.</span> <span class='ocrx_word' id='word_1_1304' title='bbox 1825 3691 1885 3718; x_wconf 70' lang='grc' dir='ltr'>ΟΜ.</span> <span class='ocrx_word' id='word_1_1305' title='bbox 1902 3695 1941 3718; x_wconf 82' lang='lat'>61.</span> <span class='ocrx_word' id='word_1_1306' title='bbox 1959 3692 1983 3717; x_wconf 71' lang='grc' dir='ltr'>δι</span> <span class='ocrx_word' id='word_1_1307' title='bbox 1999 3701 2035 3723; x_wconf 76' lang='lat'>55-</span> <span class='ocrx_word' id='word_1_1308' title='bbox 2053 3692 2074 3723; x_wconf 84' lang='lat'>§.</span> <span class='ocrx_word' id='word_1_1309' title='bbox 2091 3700 2128 3721; x_wconf 74' lang='lat'>²4·</span> 
     </span>
    </p>
   </div>
  </div>
 </body>
</html>
