2498 4075
379 166 531 232 Epist.
567 167 730 219 Anat.
765 164 981 223 Medica.
1017 166 1165 219 xlv.
1206 165 1328 215 Art..
1367 179 1442 228 32.
1477 167 1531 219 ὃ(
1568 179 1644 232 33.

8 248 85 281 <imo
106 243 207 279 eidem
229 242 316 276 aliud
339 241 438 282 alias,
460 254 520 285 pro
541 243 625 275 var-ia
647 243 803 277 nimirum
818 242 939 282 causa,
962 254 1011 275 re-

16 299 144 332 rumque
167 285 373 329 dispositione
383 311 398 332 .-
415 288 453 318 ln
468 298 525 324 ime
549 285 618 327 ipso
639 287 725 320 enim
758 287 833 319 alias
857 287 905 320 lac
928 287 1011 328 tepi-

7 329 89 367 {dum
108 331 188 365 utile
210 338 357 371 expertus
381 331 464 367 sum,
493 329 567 363 alias
589 330 703 363 inutile
732 351 745 369 ,
768 330 932 364 utiliorem
954 340 1010 362 au-

16 386 79 410 tem
101 371 343 422 viniffpi1·itum
365 392 373 408 ‚
397 371 569 415 camphora
594 372 769 406 saturatum
793 395 802 411 ‚
838 374 913 406 alias
937 384 1010 405 neu-

6 424 101 453 'tmm
119 442 131 450 ,.
155 417 348 458 Quanquam
379 425 487 449 autem
510 425 633 448 acetum
666 427 777 448 vereor
798 428 808 455 5
843 416 1011 450 statueram

5 462 51 505 ,id
71 471 197 503 quoque
221 459 381 501 experiri,
404 460 487 492 inter
506 468 618 492 caetera
632 482 643 499 ,
668 459 758 501 cujus
772 459 855 502 saepe
870 459 897 493 se
913 457 1011 502 fecis-

10 502 244 549 sepericulum‚
270 501 400 536 testatur
416 503 471 545 Jo.
487 502 661 545 Stephanus
685 506 698 541 (
720 514 736 535 c
758 506 772 542 )
794 502 987 537 confirmans
1000 526 1013 543 ,

13 547 148 582 dentium
170 544 305 578 dolorem
326 544 430 579 veluti
451 545 601 579 miraculo
613 545 782 587 consopiri,
801 545 829 587 si
851 558 884 579 os
895 545 1012 579 collua-

15 599 67 626 tur
88 596 177 622 aceto
199 588 384 621 decoc'iionis
407 590 524 620 tartari
542 613 551 621 .
584 588 643 621 Sed
667 589 773 621 multo
806 589 920 622 melius
945 588 1010 622 fuit

16 643 76 666 non
107 643 190 673 opus
213 630 304 665 fuisl'e
333 629 518 674 hujusmodi
548 633 771 673 experimentis
792 655 801 670 ‚
840 632 970 676 qnando
995 644 1011 664 a

14 678 110 717 longo
132 674 196 717 jam
219 684 361 716 ternpore
386 685 436 707 me
457 676 544 708 Deus
568 675 819 709 hiscruciatibus
841 684 943 708 carere
955 686 1012 708 vo-

16 720 96 754 luit·
121 719 214 752 Nam
236 721 268 752 &
292 716 371 758 alii,
392 726 429 750 ut
453 717 556 758 nosti,
579 717 686 751 eadem
710 731 780 761 quae
806 718 1013 761 Stephanus,

15 761 156 806 polliciti
179 762 304 796 fuerant
324 782 337 799 ,
360 760 490 793 olliculo
513 760 663 795 adhibito
684 773 723 794 ex
746 761 878 796 bufonis
904 761 981 802 pede
1003 788 1011 795 .

16 807 87 847 Ego
119 815 224 839 tamen
260 804 334 836 novi
358 803 584 838 Doe'tiffimum
606 805 779 838 Medicum
814 807 871 848 qui
897 804 1012 838 frustra

17 850 192 891 periculum
216 847 338 882 fecerit
360 868 369 883 ‚
402 848 553 882 omnibus
586 848 718 882 bufonis
752 858 821 882 tum
865 850 1012 887 mortui,

15 902 83 926 tum
105 893 171 924 vivi
194 890 345 924 extractis
369 890 501 932 ossibus,
525 900 562 924 ne
586 891 669 925 forte
692 891 735 925 ob
757 890 938 926 Austoruin
960 890 1012 924 di-

15 934 221 977 screpantiam
243 936 277 967 in
299 942 393 978 certo-
410 934 539 970 officulo
563 934 767 973 definiendo,
793 936 879 969 aliud
895 946 953 977 pro
978 946 1012 966 a-

16 979 60 1011 lio
83 978 237 1018 sumeret,
259 976 451 1020 singulisque
472 979 619 1021 deinceps
642 979 699 1011 fibi
723 979 763 1012 ad
785 978 943 1016 dentem,
978 989 1015 1010 an

16 1021 52 1055 ad
75 1023 239 1065 gingiva'm
263 1021 422 1055 admotis.
447 1023 544 1055 Dicet
567 1023 684 1064 aliquis
696 1020 844 1062 fortasse,
868 1030 922 1054 aut
945 1021 1017 1054 ido-

15 1077 74 1099 neo
97 1067 169 1098 anni
195 1075 337 1106 tempore
361 1064 417 1097 illa
441 1066 568 1099 officula
588 1064 730 1099 detratffta
754 1077 818 1098 non
841 1064 898 1099 esse
922 1090 930 1103 ,
964 1074 1016 1097 ant

15 1110 55 1142 iis
78 1109 240 1151 gingivam
264 1118 329 1139 non
354 1109 399 1141 ita
422 1109 549 1149 valide,
571 1119 606 1142 ut
629 1109 800 1151 oportebat
821 1132 833 1149 ,
856 1107 1015 1141 confrica—

14 1161 79 1186 tam
96 1177 103 1183 .
129 1153 205 1184 Hoc
229 1152 339 1194 potius
361 1150 550 1187 crediderim
570 1176 583 1193 ,
615 1152 672 1194 qui
696 1152 761 1196 ipse
784 1152 948 1186 interdum
973 1152 1016 1184 le-

14 1206 119 1229 vamen
153 1195 284 1237 aliquod
306 1196 401 1228 retuli
432 1208 472 1229 ex
503 1197 707 1239 gingivarum
739 1195 892 1230 friffione
917 1209 925 1229 .·
966 1194 1018 1228 sed

13 1237 242 1281 cumdigitos
265 1237 303 1271 ad
336 1237 369 1271 id
394 1250 480 1273 meos
500 1263 513 1280 ,
544 1251 608 1272 non
629 1239 786 1282 ejusmodi
817 1240 982 1272 ossiculum
1006 1261 1016 1276 ,

14 1281 210 1316 adhibuerim
225 1294 237 1320 ς
261 1283 399 1324 proclive
423 1283 464 1316 est
486 1283 637 1322 credere,
660 1294 723 1316 non
748 1284 901 1326 peculiari
923 1281 1020 1315 bufo-

15 1327 62 1360 nis
86 1327 143 1365 vi,
168 1324 218 1359 sed
243 1325 389 1359 frictioni
410 1348 418 1363 ‚
443 1326 572 1369 quando
596 1326 670 1361 huic
695 1327 785 1361 locus
809 1325 851 1359 est
874 1352 884 1366 ,
915 1325 1020 1358 istius-

13 1368 103 1403 modi
128 1369 286 1402 miracula
310 1378 437 1411 accepta
460 1368 517 1403 effe
540 1369 699 1403 referenda
723 1395 732 1402 .

14 1410 298 1455 jaetassernemini
322 1414 443 1446 Virum
467 1414 642 1457 caeteroqui
675 1423 739 1446 nou
761 1411 929 1446 indocfffflm
951 1438 959 1451 ‚
994 1410 1019 1444 fi

10 1458 139 1489 ineam·
157 1468 265 1489 narem
288 1468 361 1500 quae
385 1456 473 1489 denti
498 1455 718 1499 responderet,
742 1456 858 1490 humor
878 1455 1018 1488 attrahe-

14 1508 99 1534 retur
123 1499 302 1533 stillatitius
324 1511 363 1532 ex
384 1501 453 1532 vini
478 1499 594 1542 spiritu
618 1501 651 1532 in
673 1511 742 1543 quo
764 1509 842 1532 nota
864 1498 922 1532 fibi
947 1499 1018 1532 her-

11 1542 51 1576 ba
75 1541 154 1576 esset*
173 1552 327 1577 macerata
350 1543 536 1577 calefaciens
552 1568 564 1583 ,
588 1554 715 1582 amara,
738 1542 829 1586 cujus
852 1542 929 1576 dato
946 1542 1016 1584 pul-

9 1597 79 1618 vere
101 1585 204 1620 febres
228 1588 371 1629 abegerat
391 1610 401 1625 ‚
427 1588 459 1618 in
484 1587 563 1619 locis
588 1587 772 1627 proveniens
794 1595 865 1620 tum
889 1586 1016 1628 planis,

11 1639 82 1663 tum
105 1629 260 1663 montosis
276 1653 288 1669 ,
310 1628 399 1671 cujus
424 1629 566 1663 humoris
590 1630 814 1662 attraffionem
825 1640 890 1663 non
914 1630 1017 1662 maxi-

12 1685 62 1706 ma
85 1674 211 1706 narium
244 1673 389 1705 irritatio
424 1672 604 1715 sequeretur
624 1697 631 1704 .
670 1675 744 1714 Ego
766 1684 842 1706 vero
866 1672 1017 1706 assensum

11 1715 141 1750 sustinui
157 1739 169 1756 ,
194 1727 258 1748 non
281 1724 347 1748 tam
370 1717 444 1758 quia
469 1717 572 1749 herbae
593 1727 708 1749 nomen
731 1715 789 1749 sibi
814 1718 1020 1759 incognitum

12 1758 89 1800 esse,
114 1758 217 1802 ajebat
232 1782 240 1795 ,
263 1770 359 1801 quam
382 1760 458 1802 quia
482 1759 574 1794 suum
608 1758 671 1793 hoc
695 1759 871 1794 remedium
894 1786 903 1800 ‚
933 1771 1020 1803 quae-

11 1813 132 1845 cunque
153 1801 225 1835 esset
250 1801 373 1835 doloris
394 1802 508 1843 causa,
530 1814 617 1846 aeque
640 1802 774 1842 efficax,
796 1806 829 1836 &
851 1803 1020 1847 praesenta-

13 1857 108 1880 neum
130 1844 207 1883 esse,
230 1845 292 1878 sine
316 1845 380 1879 ulla
403 1845 601 1879 haefitatione
626 1845 832 1880 asseverabat..

55 1900 107 1932 32.
131 1891 183 1924 De
205 1887 328 1922 Gustus
361 1899 466 1922 autem
490 1890 673 1932 privatione
705 1890 748 1923 ob
770 1889 925 1924 vitiosum
949 1901 1019 1924 ner-

12 1943 128 1967 vorum
152 1931 271 1972 situm,
295 1942 458 1974 nunquam
483 1933 774 1974 apudKColumbum
799 1932 833 1966 id
852 1934 916 1976 legi
929 1933 1018 1977 quod

10 1979 44 2011 in
80 1976 225 2009 Sefflone·
256 1975 313 2009 ista
345 1977 435 2009 XXI.
473 1977 672 2010 Observatio
711 1976 844 2011 exhibet
879 1979 1016 2010 XXXV.

10 2021 89 2064 quin
112 2019 220 2053 statim
245 2019 530 2053 animadverterem
554 2046 563 2060 ,
596 2018 618 2053 fi
643 2019 726 2054 nihil
761 2022 878 2054 erroris
899 2022 933 2053 in
957 2021 1018 2053 ob—
1040 2046 1042 2049 .

11 2062 160 2097 servando
182 2061 350 2096 admissum
363 2061 401 2095 sit
415 2088 424 2103 ,
446 2062 668 2106 supervacuam
691 2064 748 2098 esse
760 2063 1019 2106 disquisitionem

12 2108 105 2141 aliam
137 2116 265 2139 omnem
290 2105 329 2139 ad
360 2107 609 2141 controversiam
645 2107 890 2148 dirimendam,
923 2109 1020 2150 quin-

10 2151 100 2184 &um
115 2171 129 2187 y
148 2159 187 2182 an
210 2160 334 2183 nonum
357 2160 529 2184 nervorum
557 2153 615 2185 Par
635 2174 645 2189 ‚
668 2162 741 2185 cum
764 2160 935 2194 utrumque
959 2151 1022 2182 lin-

10 2205 81 2236 guae
105 2190 278 2227 subserviat
301 2215 312 2231 ,
347 2192 430 2226 illud
453 2192 492 2226 sit
516 2193 604 2237 quod
627 2192 705 2227 huic
737 2192 848 2226 afferat
872 2193 1020 2235 gustandi

10 2236 198 2271 facultatem
213 2257 222 2272 ‚
244 2235 376 2279 quando
399 2237 434 2269 in
458 2234 591 2270 homine
610 2259 622 2276 ,
652 2236 807 2270 facultate
829 2235 887 2278 hac
911 2238 1019 2277 priva-

10 2291 69 2320 to,
92 2279 264 2323 quin&um
287 2288 354 2312 erat
376 2278 465 2322 quod
489 2280 634 2322 linguam
657 2290 723 2313 non
746 2279 854 2312 adibat
879 2305 886 2311 .
924 2282 1018 2321 AEgre

10 2333 116 2357 autem
140 2321 212 2356 sero
234 2322 321 2364 quod
345 2333 417 2355 cum
442 2321 518 2355 huic
541 2322 676 2356 similem
698 2346 710 2362 ,
733 2322 822 2366 quod
847 2322 885 2355 ad
908 2333 1018 2356 nervos

11 2368 152 2406 attinet,
174 2365 451 2402 observationem,
476 2375 512 2400 ut
536 2365 606 2398 istic
629 2365 870 2408 pariter-vides,
896 2365 959 2397 alio
983 2367 1017 2398 in

11 2411 144 2444 homine
168 2408 348 2443 Rolfincius
371 2408 520 2442 habuerit
540 2434 549 2447 ‚
584 2420 682 2451 pauca
706 2409 785 2441 adeo
806 2434 814 2447 ,
838 2410 872 2441 in
896 2418 928 2439 re
952 2419 1017 2441 non

11 2454 92 2487 levis
118 2452 301 2494 momenti,
322 2451 417 2486 verba
442 2450 574 2491 fecerit,
599 2461 636 2484 ut
660 2451 730 2485 suus
752 2451 806 2483 ille
829 2453 938 2484 Sartor
960 2463 1018 2493 gu-

11 2496 60 2531 stu
82 2503 220 2535 careret,
243 2505 282 2528 an
304 2505 368 2527 non
390 2504 508 2529 careret
528 2517 536 2532 ‚
560 2493 690 2539 prorsus
713 2496 878 2528 reticuerit
898 2519 905 2526 .
940 2495 1016 2528 Hoc

12 2542 97 2573 enim
119 2540 220 2582 magis
243 2537 319 2572 scire
342 2538 470 2570 avebam
493 2561 503 2577 ,
535 2549 631 2581 quam
654 2548 762 2572 utrum
786 2539 858 2571 viva
890 2549 1017 2581 quoque

14 2583 189 2623 animalia,
212 2582 295 2614 vitra
315 2604 329 2621 ‚
362 2580 433 2615 saxa
455 2604 468 2621 ,
502 2584 533 2615 δε
557 2590 668 2615 caetera
701 2593 770 2625 quae
795 2583 936 2616 Lazarus
960 2582 1017 2614 ille

12 2626 189 2664 Columbi‚
213 2633 358 2657 voraret.
382 2625 471 2658 Nam
494 2635 568 2658 cum
594 2626 649 2658 alii
669 2648 682 2665 ,
705 2627 914 2668 quantumvis
926 2624 1017 2667 gustu

12 2671 191 2713 pollentes,
222 2679 285 2702 non
308 2666 462 2701 absimilia
479 2692 491 2709 ,
521 2676 577 2701 aut
600 2670 641 2702 iis
676 2666 863 2702 nocentiora
886 2668 1019 2701 devora-

13 2724 112 2756 runt,
137 2723 172 2747 ut
197 2720 273 2753 puta
296 2711 490 2745 cultrivorus
512 2711 566 2745 ille
591 2711 770 2745 Bafileensis
788 2737 798 2751 ‚
831 2711 920 2754 cujus
944 2723 1019 2744 ven-

13 2758 74 2791 tris
104 2767 168 2789 non
193 2756 306 2788 leviter
329 2753 392 2788 laefi
425 2753 696 2798 descriptionem,
721 2767 816 2798 quam
839 2755 1020 2789 Columbus

12 2801 47 2833 in
73 2802 196 2838 Lazaro
216 2796 324 2831 omisit
344 2820 353 2835 ‚
388 2799 471 2841 apud
494 2799 633 2834 Felicem
669 2798 829 2832 Platerum
859 2802 1019 2832 minorem

15 2847 30 2882 (
53 2844 73 2876 d
95 2847 108 2883 )
132 2841 308 2880 habemus5
332 2849 403 2874 tum
426 2852 501 2874 vero
525 2842 604 2882 alii,
628 2841 717 2885 quod
751 2842 834 2876 nosti
856 2866 868 2883 ,
906 2853 1019 2874 nervo-

13 2898 85 2920 rum
109 2886 191 2919 rami
214 2885 420 2926 deglutiendo
443 2911 450 2925 ‚
474 2885 736 2928 conficiendoque
760 2885 877 2928 ingesta
900 2885 1019 2918 subserv

13 2931 131 2968 virtut,
154 2938 190 2962 ut
214 2927 290 2963 satis
313 2938 377 2961 non
401 2927 499 2962 faciat
526 2928 709 2963 Columbus
731 2929 922 2962 mirantibus
944 2938 1016 2961 tan-

15 2983 81 3006 tam
105 2972 248 3006 hominis
271 2972 479 3006 voracitatem
499 2995 512 3013 ,
536 2972 595 3006 hac
619 2983 679 3006 una
703 2972 866 3015 proposita
889 2971 979 3005 causa
1002 2996 1013 3013 ‚

14 3016 101 3059 quod
124 3015 217 3059 gustu
238 3022 356 3048 careret
379 3040 386 3046 -
507 3017 669 3050 Caeterum
691 3027 755 3049 non
780 3026 811 3049 te
834 3015 917 3049 illud
939 3027 1010 3048 mo-

13 3069 100 3092 retur
130 3057 218 3103 quod
241 3059 306 3102 ipse
339 3058 501 3101 quinetam
533 3071 702 3094 nervorum
735 3059 1010 3102 Conjugationem

13 3100 103 3136 :fuisse
116 3125 131 3143 ,
153 3102 309 3141 dixerim,
332 3112 427 3146 quam
442 3103 619 3137 Columbus
635 3127 647 3144 ,
670 3106 702 3136 δε
725 3102 904 3138 Rolfincius
916 3114 1011 3146 quar-

15 3155 80 3180 tam
94 3169 107 3186 ,
129 3156 164 3179 ut
187 3145 245 3179 diu
267 3145 489 3179 consueverant
511 3147 698 3180 Anatomici
719 3169 729 3186 ,
760 3147 912 3181 dixerunt
930 3170 938 3178 .
979 3147 1012 3179 Si

15 3191 98 3228 enim
121 3198 293 3231 utrumque
316 3187 467 3234 inspicias
490 3190 544 3222 ubi
559 3196 704 3232 quartam
727 3189 907 3225 describunt
930 3193 1014 3230 (e),

15 3235 46 3265 ὃ(
70 3244 143 3267 cum
166 3230 310 3266 Willifio
332 3230 415 3277 (f)
438 3231 579 3267 conferas
602 3247 612 3272 3
637 3234 783 3276 praeclare
806 3235 976 3279 cognosces
998 3256 1013 3274 ,

16 3278 47 3308 ὃς
70 3284 119 3309 me
142 3287 252 3310 verum
276 3275 400 3316 dicere,
423 3277 455 3308 &
477 3276 511 3307 in
534 3276 740 3312 breviffimam
762 3279 853 3311 illam
864 3278 1013 3312 Adnota-

13 3320 155 3361 tionem,
178 3331 247 3362 quae
271 3318 346 3354 huic
368 3321 402 3352 in
425 3318 632 3360 Sepulchreto
655 3321 884 3357 Observationi
915 3319 1015 3361 subji-

15 3365 96 3397 citur
115 3387 128 3404 ‚
159 3374 279 3397 errores
302 3373 366 3396 non
399 3363 481 3397 leves
503 3363 650 3406 irrepsisse
678 3388 691 3405 ‚
722 3365 807 3408 quasi
839 3377 906 3398 eam
941 3376 1012 3407 quae
1062 3363 1170 3405 Atque
1192 3371 1228 3396 ut
1251 3363 1412 3404 intelligas

770 1370 867 1403 Talia
891 1380 1031 1412 quoque·

1904 180 1994 226 119
2032 225 2039 227 „

1059 241 1162 275 Vocis
1185 239 1307 282 aliquid
1330 239 1546 275 adnotandum
1567 239 1611 274 est
1637 264 1644 271 .
1677 238 1872 272 Observatio
1893 241 1920 272 Ι.
1945 239 2062 280 Apho-

1062 287 1148 318 niam
1172 282 1241 326 post
1264 281 1447 316 diuturnam
1481 283 1681 316 raucedinem
1703 283 1858 326 proponit
1887 283 1921 315 in
1948 281 2061 315 foemi-

1056 340 1121 366 na,
1144 329 1178 359 in
1203 337 1262 368 qua
1284 327 1443 368 Spigelius
1467 327 1570 360 noster
1591 325 1749 367 Asperum
1778 326 1926 360 arteriam
1949 332 2065 365 totam,

1061 370 1286 413 inflammatam
1305 377 1396 409 parte
1418 371 1563 403 interiore
1580 367 1804 410 vdeprehendit
1825 378 1897 402 cum
1927 365 2065 401 notabil-

1061 413 1238 456 nigredine.
1264 411 1333 446 Etsi
1359 411 1572 446 inflammatio
1597 436 1609 452 ,
1640 413 1674 443 in
1698 421 1898 452 gangraenam
1921 410 1985 455 jam
2006 409 2061 457 ἀεὶ

1064 466 1215 500 generans
1234 477 1245 492 ‚
1277 456 1410 488 interius
1435 456 1524 489 illam
1547 456 1693 489 arteriam
1708 462 1821 486 ⁸totam
1851 454 2028 496 occupabat
2052 483 2066 490 ,

1060 501 1138 535 'satis
1161 497 1204 532 est
1226 508 1330 532 tamen
1355 497 1392 531 ad
1414 498 1589 541 aphoniam
1611 522 1622 538 ,
1636 495 1902 541 praegress'amque
1925 495 2051 530 raucedi

1062 555 1134 576 nem
1157 541 1397 584 intelligendam
1419 564 1427 578 ‚
1462 543 1627 584 laryngem
1651 541 1789 583 speetare
1812 567 1820 580 ,
1853 552 1922 582 quae
1946 541 2066 573 summa

1061 598 1134 630 pars
1160 585 1281 626 estus&
1309 582 1399 628 quod
1422 585 1463 618 acl
1487 596 1598 619 vocem
1618 586 1759 624 attinet,
1782 594 1941 626 praecipua
1965 584 2067 615 totius

1063 630 1210 670 arteriae,
1233 630 1300 662 imo
1319 629 1493 671 glottidem
1513 627 1683 661 dumtaxat
1701 651 1714 668 ,
1744 639 1816 671 quae
1840 627 1999 669 praecipua
2022 626 2068 658 la-

1064 674 1175 716 iyngis
1198 673 1354 715 particula
1375 671 1438 705 est.
1463 673 1552 706 Nam
1574 671 1596 704 fi
1621 671 1686 704 haec
1699 682 1760 704 una
1781 670 1981 712 exasperetur
1996 691 2009 708 ,
2030 677 2070 702 ut

1064 717 1181 750 rimula
1204 716 1238 748 in
1262 716 1340 748 tibia
1367 728 1378 755 5
1410 717 1568 748 continuo
1592 712 1726 748 raucedo
1762 713 1823 752 fit,
1845 714 1895 746 uti
1919 710 2072 745 Schelha-

1066 771 1170 792 merus
1193 762 1206 797 (
1224 770 1246 801 g
1266 763 1280 798 )
1300 759 1469 792 adnotavit
1483 771 1495 790 .·
1516 759 1573 801 qui
1600 761 1632 790 Be
1648 756 1815 790 Gordonii
1840 755 2068 798 prognosticon

1066 803 1226 846 explicat,
1248 804 1334 836 vocis
1359 803 1552 836 raucedinem
1579 812 1635 843 per
1658 811 1771 834 annum
1802 810 1869 843 quae
1903 799 2034 832 duravit
2061 819 2070 834 ‚

1062 847 1255 879 rurationem
1276 857 1337 878 nou
1359 846 1493 886 recipere
1517 857 1526 876 .·
1560 842 1699 877 utillud
1728 844 1828 876 etiam
1851 866 1860 881 ‚
1888 843 1915 885 fi
1948 841 2092 884 longius>

1064 889 1210 931 procedat
1228 910 1239 926 ,
1273 899 1379 922 vocem
1400 898 1533 929 parvam
1556 885 1670 931 efficere
1691 911 1702 927 ‚
1734 889 1917 928 tandemque
1940 884 2073 918 adimere

1057 929 1179 974 plane,
1201 931 1291 973 quod
1312 931 1456 965 foemiuae
1482 931 1673 973 Spigelianae
1696 929 1837 963 accidit.
1866 927 1923 962 Sed
1939 928 2073 961 minime

1068 975 1166 1007 nobis
1186 973 1302 1007 necesse
1324 975 1367 1007 est
1390 985 1498 1006 omnes
1520 973 1559 1006 de
1574 973 1624 1007 his
1647 974 1739 1007 rebus
1764 972 1852 1015 sequi
1870 970 2074 1005 Schelhame-

1070 1019 1099 1050 ri
1123 1018 1310 1053 sententias,
1333 1021 1366 1050 &
1391 1018 1622 1059 explicationes
1643 1041 1651 1047 .
1688 1015 1850 1058 Qsdam
1875 1025 1979 1049 tamen
2002 1015 2075 1047 illa-

1068 1073 1140 1095 rum
1163 1070 1311 1103 pra-terea
1335 1062 1514 1102 excipimus
1534 1084 1546 1100 ,
1581 1061 1614 1092 in
1638 1060 1751 1101 primis
1774 1069 1871 1102 quarn
1894 1057 2076 1093 Dodartius

1069 1109 1080 1144 (
1104 1104 1124 1137 h
1147 1108 1160 1144 )
1183 1105 1319 1137 maxime
1341 1104 1591 1144 comprobavit,
1614 1113 1723 1135 vocem
1746 1102 1847 1144 ipsam
1858 1110 1935 1136 tunc
1957 1101 2078 1143 gigni,

1065 1159 1141 1181 cum
1164 1158 1218 1180 aer
1240 1147 1280 1181 ad
1300 1147 1475 1189 glottidem
1498 1146 1670 1185 allidunt,-
1693 1147 1938 1188 augei-sautem,
1961 1146 2078 1177 &mo-

1071 1191 1193 1224 dificari
1219 1203 1234 1222 a
1259 1190 1475 1223 resonantibus
1487 1191 1636 1229 caeteris,
1660 1188 1699 1222 ad
1722 1200 1799 1232 quas
1813 1188 1899 1222 idern
1924 1199 1975 1220 aer
1999 1198 2078 1221 mox

1071 1244 1243 1277 antequam
1266 1246 1282 1266 a
1305 1232 1502 1267 vociferante
1525 1241 1614 1267 exeat
1634 1256 1646 1272 ,
1681 1232 1827 1266 alliditur
1854 1255 1865 1272 ,
1901 1231 2044 1275 partibus
2069 1254 2077 1261 .

1071 1279 1162 1311 Nam
1185 1278 1271 1321 quod
1295 1278 1397 1320 aliqui
1422 1276 1606 1312 Doffiffimi
1630 1277 1708 1309 Viri
1743 1286 1856 1308 contra
1881 1274 2085 1310 Dodartiunr

1070 1321 1293 1358 contendunt,
1316 1321 1437 1354 omnino
1459 1321 1544 1353 vitia
1567 1320 1691 1353 narium
1715 1330 1773 1352 nou
1785 1319 1938 1362 loquelam
1955 1318 2082 1362 solum,

1064 1365 1125 1407 sed
1145 1375 1252 1398 vocem
1272 1363 1421 1404 destruere
1432 1387 1445 1405 ,
1542 1364 1681 1406 erosoque
1695 1363 1805 1406 palato
1827 1373 1933 1395 vocem
1946 1372 2005 1395 non
2027 1361 2082 1394 vi-

1073 1409 1190 1441 ciatam
1206 1407 1309 1449 solum
1332 1431 1340 1446 ‚
1362 1405 1419 1450 sed
1440 1405 1575 1440 deletam
1602 1405 1711 1448 paffim
1735 1405 1796 1450 legi
1828 1405 1936 1446 Foreft.
1961 1409 1996 1438 L.
2023 1415 2079 1448 32.

1075 1451 1142 1484 obs.
1168 1451 1430 1492 22.-eundemque
1462 1460 1567 1483 vocem
1597 1447 1737 1494 recepiffie
1770 1447 1903 1490 repofita
1932 1457 1990 1489 pro
2022 1447 2079 1492 offic

1072 1494 1193 1528 lamina
1211 1516 1221 1531 ‚
1256 1495 1297 1528 (φ
1319 1494 1444 1528 eundem
1475 1501 1622 1526 eventum
1658 1491 1699 1526 ab
1723 1491 1862 1525 Hildano
1885 1491 2084 1534 observatum

1070 1536 1129 1580 ,effe
1151 1539 1247 1570 Cent.
1273 1541 1316 1570 ΙΙ.
1340 1536 1406 1570 obs.
1434 1547 1485 1568 22.
1513 1547 1573 1578 ego
1597 1535 1746 1578 equidem
1781 1537 1794 1573 (
1818 1533 1948 1578 haecque
1980 1534 2084 1575 magis

1072 1593 1133 1623 pro
1156 1582 1222 1613 veri
1245 1579 1375 1620 studio,
1397 1591 1492 1623 quam
1516 1589 1575 1622 pro
1597 1577 1763 1612 Dodartio
1783 1601 1795 1618 ,
1831 1587 1885 1611 aut
1908 1589 1967 1621 pro
1999 1588 2049 1611 me
2072 1600 2087 1618 ,

1070 1624 1140 1657 dici
1163 1624 1286 1658 credito
1306 1629 1322 1664 )
1344 1634 1403 1665 ego
1424 1647 1437 1663 ,
1461 1625 1592 1665 inquam
1612 1645 1624 1662 ‚
1647 1621 1851 1668 inconditam
1873 1621 2005 1665 quidem
2028 1632 2088 1654 vo-

1073 1679 1166 1706 cem,
1188 1666 1316 1709 ejusque
1340 1668 1545 1700 imminutam
1570 1668 1636 1698 vim
1659 1664 1816 1707 ejusmodi
1841 1666 1873 1697 in
1898 1664 2017 1698 casibus
2028 1665 2089 1697 ob-

1077 1712 1218 1749 servavi,
1242 1710 1294 1745 sed
1317 1721 1476 1753 nunquam
1499 1709 1634 1742 deletam
1655 1732 1667 1749 ‚
1705 1707 1763 1741 nisi
1788 1707 1875 1742 forte
1898 1721 1968 1752 quae
1992 1707 2084 1742 causa

1074 1755 1219 1798 palatum
1242 1754 1411 1797 naresque,
1435 1754 1540 1787 eadem
1562 1751 1737 1795 glottidem
1761 1763 1914 1795 quoque,
1938 1761 1992 1785 aut
2014 1763 2086 1794 quae

1074 1799 1114 1831 ad
1140 1797 1288 1840 glottidis
1312 1799 1470 1831 utilitates
1494 1794 1898 1839 necessariorequiruntur,
1921 1795 2062 1830 vitiasset
2077 1819 2087 1828 .

1073 1843 1193 1885 Neque
1220 1841 1265 1875 ibi
1289 1840 1450 1874 Hildanus
1475 1839 1654 1873 adversatur
1675 1863 1687 1880 ,
1718 1840 1774 1881 qui
1800 1840 1917 1872 lamina
1939 1847 2087 1881 argentea

1075 1898 1092 1919 a
1117 1884 1296 1923 foramine,
1320 1884 1408 1928 quod
1432 1886 1465 1917 in
1483 1884 1592 1927 palato
1614 1893 1680 1916 erat
1697 1883 1896 1923 maximum,
1919 1881 2059 1917 deti-aeta
2078 1904 2088 1920 ‚

1071 1929 1134 1962 *aix
1153 1928 1281 1963 verbum
1315 1939 1412 1962 unum
1445 1936 1502 1961 aut
1531 1927 1668 1962 ,alterum
1688 1926 1828 1966 distinc‘t'e
1859 1937 1894 1959 ac
1917 1926 2089 1961 articulate

1066 1970 1211 2015 proferri
1228 1970 1361 2015 potuiffe
1376 1996 1388 2012 ,
1413 1971 1522 2004 scribit
1547 1983 1557 2009 3
1590 1971 1626 2003 id
1647 1970 1735 2002 enim
1758 1968 1799 2002 ad
1822 1970 1985 2016 loquelam
2008 1972 2088 2003 atti-

1073 2025 1151 2056 net,
1174 2026 1238 2049 non
1263 2015 1302 2049 ad
1324 2026 1460 2056 vocem,
1482 2016 1569 2048 velut
1591 2015 1691 2047 etiarn
1713 2012 1835 2049 foresti
1871 2013 2052 2047 observatio
2074 2037 2089 2054 ,

1072 2060 1133 2102 qui
1156 2059 1218 2093 sine
1240 2057 1401 2092 consimili
1425 2058 1637 2093 instrumento
1660 2069 1784 2102 aegrum
1808 2081 1821 2098 ,
1855 2058 1985 2102 inquit,
2011 2069 2086 2092 cum

1076 2103 1281 2144 loqueretur,
1302 2103 1361 2135 vix
1382 2102 1522 2145 intelligi
1539 2100 1695 2145 potuiffe3
1718 2102 1779 2134 illo
1796 2111 1901 2135 autem
1926 2101 2087 2146 reposito,

1077 2147 1233 2180 commode
1257 2146 1415 2180 locutum.
1443 2144 1576 2184 Quodsi
1599 2145 1685 2179 casus
1694 2156 1789 2189 quem
1812 2157 1850 2179 ex
1860 2146 1972 2179 Amati
1986 2147 2090 2181 Cent-

1081 2198 1110 2229 5.
1135 2191 1250 2222 Curat.
1289 2200 1337 2230 14.
1374 2188 1519 2223 Forestus
1551 2188 1681 2231 subjicit
1705 2213 1716 2229 ‚
1751 2188 1866 2223 cursim
1902 2190 2087 2232 perlectus,

1076 2242 1142 2264 non
1165 2231 1266 2265 modo
1288 2232 1326 2265 ad
1350 2232 1528 2274 loquelam,
1555 2232 1606 2266 sed
1637 2232 1674 2265 acl
1697 2243 1809 2266 vocem
1832 2232 1933 2276 ipsam
1956 2233 2085 2268 videtur

1074 2274 1235 2317 speetu-e,
1257 2287 1327 2318 quae
1351 2285 1427 2309 tunc
1447 2277 1480 2309 iu
1505 2283 1607 2309 totum
1621 2275 1789 2318 dejiceret,
1812 2287 1896 2310 nunc
1920 2288 2024 2312 autem
2038 2289 2088 2312 re-

1073 2327 1297 2364 zuperareturj
1322 2328 1427 2351 tamen
1449 2317 1473 2352 si
1495 2330 1568 2353 cum
1591 2318 1711 2352 Foresti
1735 2343 1748 2359 ,
1784 2322 1817 2353 &
1841 2320 1980 2355 Hildani
2003 2333 2087 2365 prae-

1073 2362 1208 2402 sertim,
1230 2363 1509 2396 observationibus
1534 2362 1702 2404 diligenter
1725 2361 1909 2398 conferatur
1931 2377 1941 2403 ς
1965 2365 2003 2399 de
2027 2374 2088 2399 vo-'

1071 2405 1119 2437 cis
1144 2406 1197 2441 vi,
1220 2408 1252 2438 δε
1275 2405 1313 2437 de
1336 2407 1462 2448 loquela
1487 2406 1707 2448 intelligetur3
1732 2418 1806 2439 cum
1817 2409 1882 2440 veri
1906 2407 2007 2442 fimile
2018 2421 2082 2444 non

1071 2447 1111 2480 fit
1133 2471 1146 2488 ,
1178 2446 1322 2480 foramen
1346 2448 1435 2491 quod
1470 2449 1679 2482 instrumento
1703 2471 1712 2486 ‚
1747 2450 1831 2482 clavi
1855 2451 1951 2485 instar
1972 2452 2082 2495 faRO,

1068 2490 1278 2524 claudebatur
1300 2515 1313 2531 ,
1346 2490 1447 2533 majus
1470 2493 1531 2525 illo
1564 2491 1656 2526 fuisse
1680 2493 1767 2535 quod
1793 2494 1953 2530 Hildanus
1977 2499 2082 2532 maxi-

1070 2546 1157 2567 mum
1179 2534 1288 2574 dixit,
1312 2545 1367 2567 nec
1389 2533 1414 2568 fi
1437 2536 1542 2570 minus
1566 2546 1651 2573 erat,
1676 2538 1747 2578 plus
1770 2535 1955 2572 detrimenti
1979 2552 2080 2584 quam

1069 2580 1270 2615 maximum,
1296 2579 1454 2612 attulisse.
1588 2582 1752 2613 Caeterum
1769 2578 1829 2612 five
1841 2581 1990 2617 humoris
2002 2597 2079 2619 exu-

1071 2620 1216 2655 berantia
1240 2621 1333 2655 fibras
1357 2622 1529 2664 glottidis‚
1554 2633 1650 2667 quam
1674 2624 1875 2666 inaequaliter
1899 2627 2090 2662 distenden*

1070 2665 1117 2697 do
1127 2680 1148 2705 ‚-
1163 2666 1302 2708 primum
1328 2664 1494 2700 dumtaxat
1518 2667 1774 2710 exasperaverat,
1798 2669 1894 2703 nimis
1918 2670 2076 2705 diuturno

1074 2707 1199 2742 affluxu
1221 2710 1267 2742 ita
1291 2710 1376 2755 laxet
1397 2734 1409 2750 ,
1445 2719 1479 2742 ut
1502 2721 1631 2744 omnem
1654 2710 1790 2754 denique
1822 2712 1978 2747 elasticam
2008 2717 2076 2749 vim

1077 2754 1228 2799 amittant
1249 2778 1258 2793 ‚
1294 2752 1356 2785 sive
1378 2763 1489 2787 contra
1524 2756 1640 2787 intima
1664 2753 1786 2787 siccitas
1811 2764 1882 2789 tum
1904 2758 2074 2800 crispando

1076 2798 1233 2838 exasperet
1247 2818 1255 2833 ‚
1278 2805 1347 2829 tum
1359 2796 1570 2838 subsidentes,
1593 2797 1755 2840 minusque
1778 2800 1994 2834 musculorum
2004 2812 2076 2836 mo·

1070 2839 1158 2872 tibus
1181 2840 1385 2883 obsequentes
1409 2839 1530 2880 faciat,·
1551 2852 1589 2873 eo
1610 2852 1656 2874 res
1680 2840 1808 2873 demum
1831 2845 1993 2883 pervenire
2015 2856 2075 2887 po-

1071 2885 1151 2916 terit
1174 2883 1348 2927 aliquando
1367 2907 1376 2922 ,
1410 2894 1446 2917 ut
1471 2883 1604 2917 raucedo
1635 2886 1668 2917 in
1692 2885 1779 2917 vocis
1802 2885 1994 2920 amiffionem
2016 2887 2072 2921 de-

1069 2936 1226 2968 generet:
1261 2926 1349 2973 quod
1372 2928 1475 2961 nobili
1508 2929 1642 2960 Oratori
1667 2928 1912 2968 QHortensio
1944 2931 2072 2966 videtur

1064 2970 1212 3047 laccidisse
1243 2995 1256 3012 ,
1297 2971 1320 3002 11
1354 2972 1524 3004 Samonico
1565 2974 1578 3009 (
1598 2971 1611 3004 i
1632 2975 1646 3011 )
1689 2969 1848 3006 credimus
1878 2971 1947 3008 haec
1992 2974 2071 3010 scri-

1089 3025 1174 3048 enti.-

1152 3101 1205 3135 Vel
1227 3100 1352 3134 rabidus
1374 3101 1491 3136 clamor
1504 3100 1611 3145 frafi'o
1632 3113 1701 3137 cum
1714 3102 1805 3146 forte
1819 3104 1929 3148 sonore

1152 3145 1288 3178 ‘Planum
1310 3146 1394 3179 radit
1418 3146 1504 3185 iter,
1519 3146 1566 3188 fic
1587 3145 1625 3186 est
1648 3148 1831 3189 Hortenfius
1853 3148 1928 3182 olim

1152 3187 1377 3230 Absumptus:
1401 3188 1498 3231 caufis
1521 3191 1634 3223 etenim
1655 3189 1811 3234 confecflus
1832 3192 1956 3234 agendis

1152 3231 1312 3270 obticuit,
1337 3244 1407 3266 cum
1430 3242 1492 3265 vex
1514 3233 1634 3266 domino
1655 3235 1783 3268 vivente
1802 3235 1947 3276 periret,

1148 3278 1192 3308 Et
1213 3276 1345 3308 nondum
1369 3276 1501 3310 extinfti
1523 3284 1691 3310 moreretur
1713 3276 1817 3319 lingua
1840 3277 1968 3319 diserti.

1435 3385 1448 3402 ,
1471 3363 1675 3396 Samonicum
1698 3361 1894 3406 praegressam
1918 3365 2062 3401 raucedi-

15 3406 126 3441 Willis
143 3407 235 3450 sexta
259 3406 319 3448 esi,
342 3404 527 3442 indicassent
552 3431 562 3449 ‚
593 3412 623 3441 δε
647 3407 765 3442 sextam
801 3409 856 3443 hic
872 3407 957 3452 ferri
979 3409 1012 3441 in
1063 3418 1134 3439 nem
1158 3403 1327 3447 indicasse,·
1350 3406 1399 3439 sac
1423 3405 1485 3438 tibi
1508 3417 1619 3440 eorum
1641 3409 1746 3440 veniat
1776 3409 1810 3440 in
1832 3416 1969 3443 mentem
1990 3422 2062 3453 quae

13 3448 153 3491 palatum
165 3473 179 3490 ,
203 3449 331 3484 doceret
343 3475 351 3482 .

56 3503 106 3537 33.
125 3494 200 3537 Jam
224 3504 297 3528 vero
320 3493 357 3528 ad
382 3494 560 3528 sectionem
582 3504 706 3537 quoque
729 3496 837 3530 XXII.
861 3496 1015 3530 devitiis

1065 3450 1104 3483 de
1126 3449 1185 3483 hac
1208 3451 1377 3483 Lucretius
1399 3454 1413 3490 (
1433 3449 1453 3489 l<
1474 3453 1514 3489 ),’
1536 3450 1647 3493 s'aepius
1667 3472 1677 3488 ‚
1698 3459 1735 3484 ut
1759 3450 1836 3483 alibi
1857 3453 1873 3490 ζ
1894 3451 1906 3485 l
1926 3455 1940 3491 )
1960 3453 2062 3487 osten-

1066 3494 1100 3528 di
1112 3516 1122 3532 ,
1146 3505 1164 3526 a
1188 3494 1360 3527 Samonico
1382 3492 1536 3536 spec‘tatus
1551 3517 1563 3535 ‚
1583 3493 1808 3537 conscripserat
1822 3506 1832 3526 .-
1930 3541 2016 3573 Pm-

20 3642 2061 3659 *ww—mmm—

74 3716 84 3743 s
99 3725 111 3742 c
125 3717 139 3746 )
154 3720 295 3745 Comment-
313 3718 337 3746 in
352 3719 468 3749 Hippou.
484 3719 513 3744 de
530 3719 597 3744 hom.
614 3718 691 3743 stru&-

72 3745 135 3784 (ᾗ)
152 3751 247 3774 cerebr.
265 3753 337 3775 Anat.
357 3757 378 3773 c.
396 3756 435 3777 22.
495 3751 508 3779 (
523 3758 542 3781 g
560 3748 679 3779 >misem
696 3748 726 3773 de
744 3751 807 3776 Voce
825 3753 853 3776 Ρ.
869 3760 891 3776 2.
907 3759 929 3776 c.
947 3760 968 3781 3-

75 3781 82 3810 (
100 3787 109 3804 ³
126 3778 139 3808 )
155 3780 190 3804 De
205 3780 296 3806 Medic.
313 3788 334 3806 c.
349 3781 427 3811 Uvae,
445 3777 535 3807 faucib.
552 3782 574 3806 δε
590 3788 612 3806 c.
630 3779 741 3805 medend.

753 3719 767 3747 (
784 3721 799 3744 d
814 3720 828 3750 )
843 3720 953 3745 Mantiff.
970 3720 1029 3745 Obs.
1048 3728 1085 3750 30.

1148 3722 1163 3750 (
1178 3729 1189 3745 e
1204 3722 1213 3754 )
1231 3725 1267 3748 De
1284 3726 1320 3747 Re
1336 3724 1409 3747 Anat.
1426 3724 1442 3747 1.
1460 3723 1481 3746 8.
1499 3730 1519 3747 c.
1538 3732 1559 3754 3.
1578 3723 1672 3748 Differt.
1690 3724 1762 3747 Anat.
1780 3726 1797 3747 1.
1813 3732 1836 3752 4.
1852 3731 1873 3748 c.
1891 3730 1928 3754 35.

1030 3750 1039 3777 s
1056 3752 1071 3775 b
1086 3751 1100 3780 )
1116 3752 1196 3776 Mem.
1211 3754 1243 3778 de
1257 3754 1275 3778 ι’
1291 3753 1365 3778 Aead.
1384 3756 1413 3778 R.
1430 3753 1471 3778 des
1487 3755 1524 3778 Sc.
1545 3757 1574 3778 A.
1594 3761 1662 3782 1700.

804 3779 846 3810 (le
865 3782 872 3813 )
889 3784 924 3806 De
941 3785 995 3807 Rer.
1017 3782 1077 3806 Nat.
1093 3782 1111 3806 1.
1128 3790 1152 3811 4.
1169 3790 1193 3807 ν.
1211 3792 1261 3815 53¹·
1280 3784 1302 3808 δ(
1319 3783 1378 3813 seqq.

1445 3784 1482 3813 <l
1502 3785 1512 3815 )
1527 3785 1600 3816 Epist.
1618 3785 1643 3809 in
1661 3782 1781 3809 samonie.
1799 3785 1819 3809 r.
