2498 4075
395 126 456 197 38

326 208 479 248 portione
493 213 564 247 quae
578 202 632 237 illi
644 202 879 246 respondebat,
900 212 938 238 ut
956 202 1048 237 faeces
1061 212 1175 246 praeter
1189 203 1339 238 volunta—

331 257 398 284 tem
412 247 554 284 redderet
570 247 673 281 :hunc
684 248 799 290 igitur,
812 248 851 281 ad
866 248 943 280 vitae
955 255 1136 280 extremum
1151 245 1337 287 adduetum,

329 292 457 328 evasisse
471 314 483 331 ,
506 294 537 324 &
560 291 663 323 ulcere
687 291 823 334 perfe&e
846 290 1075 332 conglutinato
1087 312 1096 327 ,
1121 289 1335 334 sphinCterem

328 336 364 370 in
377 336 545 379 pristinum
558 332 675 367 statum
688 334 814 368 rediisse
829 358 836 365 .
862 334 988 366 Verum
1002 333 1056 366 etfi
1070 333 1138 368 haec
1152 346 1224 367 vera
1235 334 1310 366 sunt
1321 356 1334 373 ,

326 388 435 413 tamen
449 389 515 420 quo
527 378 628 418 magis
640 388 654 409 a
667 376 846 419 sphinfiere
859 376 958 409 altius
982 376 1140 410 recesseris
1152 400 1162 415 ‚
1187 388 1225 409 eo
1249 378 1334 417 peri-

327 423 472 456 culosior
482 418 597 454 incifio
609 420 734 453 accidet
750 444 759 457 ,
780 419 848 453 five
860 419 1007 453 craffiore
1020 419 1132 462 aliquo
1145 419 1331 462 sanguifero

327 467 397 499 vase
412 463 485 499 laeso
498 487 508 503 ‚
530 463 696 506 sanguinis
706 462 863 497 effluxum
874 473 1023 496 coercere
1046 474 1111 496 non
1125 463 1215 505 poffis
1231 488 1239 500 ,
1265 464 1331 496 five

324 520 461 543 nervum
478 517 599 549 pungas
613 529 626 547 ‚
649 507 733 540 unde
746 507 876 540 lethalis
887 507 914 539 is
924 505 1023 539 dolor
1034 528 1043 544 ‚
1068 518 1164 546 quem
1176 505 1330 539 observa-

331 554 382 587 vit
393 551 559 586 Fabricius
571 548 673 584 noster
686 550 745 592 (o)
757 572 765 587 ‚
791 550 921 583 videtur
933 548 1112 592 provenisse
1123 574 1132 589 ,
1156 550 1221 582 five
1231 551 1329 583 etiam

323 605 440 631 neutro
452 594 624 629 vulnerato
635 615 645 631 ‚
671 593 864 627 intestinum
887 593 1058 627 dumtaxat
1080 592 1220 635 perfores
1233 615 1245 632 ,
1269 593 1329 626 fic-

324 651 388 683 que
410 638 544 673 faecibus
564 638 690 671 exitum
711 638 832 679 aperias
852 637 887 669 in
924 637 1047 670 ventris
1079 647 1194 670 cavum
1215 648 1225 667 .·
1256 647 1328 678 quae

323 682 536 759 pericnlaffiss
566 682 660 714 caecis
697 688 792 723 atque
826 680 947 714 abditis
978 678 1191 714 incifionibus
1222 680 1327 714 vitare

371 738 397 762 1s
440 738 458 759 o
485 735 510 758 1t
521 750 528 757 .

321 738 402 813 «ἕως.
417 738 483 802 {bb
495 768 551 801 has
563 768 667 810 igitur
677 787 690 807 ‚
713 766 852 809 aliasque
864 765 970 800 causas
983 765 1059 801 satis
1082 776 1137 808 per
1150 766 1178 800 se
1188 765 1328 800 manife-

281 848 285 853 ,
325 815 384 850 stas
394 824 469 847 cum
480 810 602 845 efficaci
616 811 778 844 curationi
793 820 858 843 non
869 810 908 843 fit
920 810 1010 844 locus
1021 835 1031 851 ‚
1044 810 1243 851 relinquitur
1255 831 1265 847 ‚
1289 818 1326 842 ut

325 868 400 893 cum
413 853 586 898 Ruyschio
598 857 645 896 (p
662 857 696 893 )‚
720 856 751 886 &
765 854 917 887 Valsalva
932 852 1247 896 quampalliativam
1272 864 1327 894 ap-

321 901 473 945 pellitant
483 922 496 939 ,
520 897 693 932 necessario
704 896 936 939 ampleetamur
948 923 956 931 .
980 896 1149 931 Laudabat
1161 897 1215 930 ille
1225 896 1329 929 emol-

320 945 433 979 lientia
445 966 455 983 ,
479 945 510 976 δε
521 942 668 976 dolorem
680 941 834 974 lenientia
845 949 992 975 enemata
1005 966 1013 974 .
1038 940 1111 974 Nec
1121 940 1328 983 improbabat

320 990 400 1022 alter
410 1011 420 1026 ,
443 984 504 1020 nifi
516 987 676 1020 continuo
687 983 858 1018 refluerent
871 997 879 1017 .·
893 983 1106 1027 quamobrem
1119 984 1262 1018 modicas
1275 984 1327 1016 in-

320 1031 476 1076 jeffiones
497 1031 607 1073 potius
617 1052 627 1067 ,
651 1031 683 1062 &
707 1027 838 1062 infessus
853 1028 1103 1062 commendabat
1116 1052 1125 1067 ,
1147 1028 1257 1061 addito
1279 1037 1328 1060 et-

319 1078 390 1110 iam
404 1086 470 1118 quo
484 1073 523 1108 ad
535 1085 617 1116 aeger
631 1074 699 1107 fine
713 1071 855 1106 molestia
868 1070 1007 1114 perferre
1023 1069 1126 1114 posset
1139 1094 1149 1109 ,
1173 1080 1250 1113 apto
1262 1097 1269 1110 ‚
1295 1073 1326 1103 &

320 1119 499 1163 perforatis
510 1117 666 1152 lateribus
681 1115 797 1150 tubulo
811 1138 820 1153 ‚
845 1127 901 1158 per
912 1126 1010 1157 quem
1033 1114 1205 1149 humorem
1229 1114 1325 1147 illurn

317 1165 353 1197 in
367 1174 433 1204 quo
447 1159 598 1196 infideret
610 1183 620 1198 ‚
644 1159 683 1194 ad
697 1160 805 1193 morbi
817 1159 918 1200 ipsam
929 1157 1033 1193 sedem
1046 1158 1230 1192 admitteret
1240 1180 1253 1198 ,
1269 1157 1325 1191 ad-

318 1205 647 1248 miffumqueinterea
661 1203 740 1237 dum
752 1202 867 1237 inseffu
877 1211 1043 1243 uteretur,
1068 1201 1220 1236 servaret.
1247 1201 1324 1235 Hu-

316 1261 443 1285 morem
456 1258 564 1283 autem
578 1248 705 1282 varium
717 1258 777 1289 pro
791 1248 880 1281 varia
890 1247 998 1280 morbi
1011 1245 1244 1280 constitutione
1254 1245 1323 1279 lau-

314 1294 415 1329 dabat
425 1316 438 1334 ‚
461 1292 561 1327 modo
574 1292 675 1327 calcis
688 1315 696 1330 ‚
721 1302 821 1333 quam
832 1300 948 1324 vocant
961 1314 970 1328 ,
997 1301 1114 1333 aquam
1125 1312 1137 1329 ‚
1162 1291 1244 1332 plus,
1258 1291 1324 1322 mi-

315 1336 416 1373 nusve
429 1360 441 1377 ,
465 1345 496 1370 at
508 1336 626 1378 semper
636 1334 798 1374 dilutam3
821 1334 922 1369 modo
943 1334 1238 1367 thermalemillam
1251 1344 1323 1375 quse

314 1382 408 1425 supra
424 1380 605 1415 Bononiam
619 1379 662 1413 est
674 1401 684 1416 ‚
699 1379 886 1420 diciturque
897 1378 1057 1412 Porrectae
1068 1378 1213 1418 Veteris,
1225 1388 1323 1418 quam

316 1424 481 1461 interdum
492 1435 620 1468 quoque
632 1423 725 1466 potui
737 1422 834 1457 dabat
849 1436 858 1459 ς
882 1422 959 1455 alias
974 1447 984 1462 ‚
1006 1432 1082 1455 cum
1107 1421 1324 1455 exulceratio-

319 1482 393 1505 nem
407 1469 543 1503 minime
558 1466 742 1509 adjuncftam
754 1465 815 1500 effe
828 1491 836 1504 ‚
862 1465 1010 1499 censebat
1020 1489 1032 1508 ,
1057 1475 1266 1499 communem
1291 1476 1325 1498 a-

316 1525 417 1558 quam
429 1512 569 1547 incoestis
580 1522 654 1553 quae
664 1511 767 1552 magis
779 1521 819 1543 ex
827 1507 884 1543 usu
896 1508 1007 1544 futura
1031 1510 1171 1543 crederet
1181 1531 1195 1549 ,
1219 1508 1323 1542 medi-

315 1559 409 1593 cabat
423 1583 432 1591 .
454 1557 506 1590 Sic
519 1556 608 1588 varia
621 1555 719 1587 etiam
732 1551 915 1587 assumenda
928 1552 1094 1596 praebebat
1105 1576 1117 1592 ‚
1139 1553 1175 1586 in
1188 1552 1238 1586 his
1247 1552 1324 1586 resi-

314 1614 390 1638 nam
403 1598 662 1635 terebinthinam
672 1619 682 1635 ,
707 1597 762 1631 cui
775 1608 856 1639 aqua
880 1595 1139 1639 superbiberetur
1163 1596 1323 1630 medicata

313 1646 425 1682 herbis
439 1642 629 1677 vulnerariis
642 1645 652 1680 (
665 1651 807 1682 quacum
821 1640 997 1681 aliquando
1009 1640 1143 1673 resinam
1156 1641 1260 1679 illam,
1275 1642 1326 1673 vi-

314 1690 396 1725 tello
405 1689 461 1723 ovi
475 1686 611 1721 solutam
625 1709 635 1725 ,
659 1682 891 1717 commiscebat
907 1707 916 1720 ‚
940 1685 972 1716 δε
985 1683 1025 1716 ad
1048 1681 1239 1724 injefflones
1252 1693 1324 1717 ute-

316 1732 437 1774 batur)
458 1738 693 1772 nonnunquam
707 1737 814 1762 autem
826 1750 842 1766 ‚,
859 1736 936 1761 cum
949 1726 1024 1759 anni
1036 1736 1162 1768 tempus
1178 1725 1251 1760 esset
1274 1738 1324 1760 ca-

312 1778 437 1817 lidius,
460 1774 562 1809 refina
573 1769 708 1811 omissa,
735 1781 853 1813 aquam
876 1771 911 1802 in
924 1780 988 1812 qua
1011 1769 1157 1810 eaedem,
1174 1779 1229 1804 aut
1252 1770 1325 1802 aliae

312 1834 375 1867 pro
387 1831 418 1855 re
428 1827 504 1853 nata
527 1816 666 1851 incoctae
688 1814 790 1849 essent
813 1813 921 1848 herbae
932 1835 944 1852 ,
969 1812 1020 1846 sed
1045 1824 1104 1854 pro
1116 1824 1205 1855 aquae
1229 1814 1324 1856 copia

312 1865 480 1912 pauciores
493 1877 502 1901 3
528 1871 564 1896 ut
577 1870 677 1904 quam
689 1857 880 1900 largiffimus
891 1867 992 1900 prope
1003 1857 1102 1890 instar
1115 1855 1324 1890 thermalium

314 1918 474 1955 aquarum
488 1904 549 1940 effe
564 1902 666 1947 poss'et
683 1913 792 1936 earum
804 1901 879 1936 usus
893 1915 903 1939 3
928 1900 1001 1933 bibi
1026 1899 1157 1933 volebat
1172 1913 1181 1932 τ
1203 1899 1321 1941 hyeme

314 1967 394 1992 vero
404 1954 516 1987 vinum
528 1972 542 1990 ‚
564 1950 598 1981 in
611 1945 718 1980 mensa
728 1943 862 1989 quidem
878 1971 887 1985 ‚
912 1944 1016 1986 idque
1027 1942 1240 1977 domesticum
1251 1964 1261 1979 ‚
1285 1943 1321 1975 in

316 2011 386 2042 quo
399 2022 409 2039 ,
433 1993 583 2030 autumni
596 2000 745 2032 tempore
758 2014 768 2030 ‚
791 2000 865 2023 cum
878 1990 913 2022 in
925 1987 1016 2021 dolio
1030 1987 1168 2021 ferveret
1182 2011 1190 2026 ,
1202 1985 1323 2020 radices

314 2044 407 2087 ligna
418 2062 428 2079 ,
443 2038 539 2078 folia,
549 2046 620 2078 quae
635 2035 738 2076 magis
749 2034 938 2071 convenire,
948 2030 1103 2071 erederet,
1115 2030 1246 2064 fuissent
1258 2041 1328 2063 ma-

318 2093 428 2123 cerata
439 2109 448 2119 .
558 2078 746 2120 Utriusque
758 2087 819 2119 ego
830 2075 1006 2115 consilia,&
1015 2075 1163 2116 exempla
1174 2073 1327 2108 hactenus

316 2132 442 2167 secutus
458 2127 526 2161 sum
537 2146 546 2161 2
571 2132 607 2157 tit
618 2123 681 2155 alia
692 2122 764 2154 aliis
777 2120 880 2162 magis
889 2117 1141 2157 commendans,
1165 2115 1232 2151 fere
1255 2128 1327 2159 quae

316 2168 753 2210 adversanturluiVenereae
765 2163 975 2198 admiscerem
992 2186 1000 2202 ‚
1024 2172 1061 2196 ut
1086 2171 1163 2204 pote
1175 2172 1273 2203 quam
1296 2173 1328 2194 e-

316 2215 459 2264 jusmodi
485 2211 615 2247 affectus
628 2207 806 2253 praecedere
817 2210 1008 2251 plerumque
1021 2205 1151 2256 solitam
1176 2203 1324 2254 animad-

316 2262 404 2298 verti
417 2282 426 2298 ,
448 2257 618 2297 multoque
630 2254 737 2287 minus
747 2252 937 2286 omitterem
949 2262 1020 2293 quae
1031 2260 1064 2282 in
1077 2248 1167 2283 duris
1179 2258 1323 2281 tumori-

316 2308 378 2342 bus
389 2299 585 2339 resolvendis
596 2308 745 2339 magnam
758 2295 922 2329 interdum
935 2292 1044 2328 tulisse
1055 2304 1150 2335 opem
1163 2315 1173 2329 ,
1197 2303 1324 2335 cogno-

317 2352 354 2386 vi
369 2374 377 2382 .
399 2348 465 2382 His
476 2344 564 2379 enim
579 2342 691 2384 saepius
712 2350 811 2382 quam
836 2340 876 2372 iis
890 2349 962 2380 quae
987 2338 1118 2385 proprie
1130 2337 1304 2369 emolliunt
1319 2361 1329 2376 ‚

318 2391 478 2430 utendum
490 2387 586 2422 credo
599 2407 608 2422 ‚
632 2395 670 2417 ne
682 2382 768 2416 forte
781 2383 921 2415 nimium
937 2382 1055 2412 laxatis
1082 2379 1174 2412 fibris
1185 2401 1194 2415 ‚
1221 2388 1326 2420 partes

317 2433 486 2480 ingruenti
498 2429 639 2465 materiae
651 2425 765 2461 cedant
776 2447 789 2465 ,
811 2427 842 2458 ὃ(
853 2434 964 2457 tumor
977 2422 1131 2455 increscat
1145 2443 1154 2459 ,
1180 2433 1328 2455 omnem-

317 2492 382 2526 que
395 2478 518 2512 exitum
533 2472 665 2508 faecibus
675 2468 884 2503 intercludat:
896 2469 1039 2509 itemque
1048 2465 1186 2499 dandam
1196 2466 1328 2513 quidem

320 2533 453 2566 operam
464 2544 476 2561 ,
498 2528 536 2552 ut
548 2517 596 2551 hae
610 2514 724 2549 molles
739 2513 800 2546 sint
816 2533 826 2549 ‚
849 2523 888 2544 ne
898 2510 986 2543 durae
998 2532 1007 2548 ‚
1034 2508 1205 2557 crassaejque
1227 2510 1286 2542 sibi
1296 2511 1325 2542 i-

319 2568 382 2613 psae
395 2564 611 2608 angustiorem
623 2558 687 2602 jam
699 2560 784 2590 viam
796 2555 964 2589 obstruant
975 2576 988 2593 ,
1011 2561 1066 2586 aut
1079 2575 1089 2590 ,
1115 2553 1138 2586 11
1152 2553 1328 2591 transeant,

318 2612 425 2648 nimia
435 2610 469 2642 vi
481 2609 515 2640 in
525 2614 691 2640 tumorem
704 2600 789 2635 faeta
802 2599 930 2634 dolores
942 2605 1095 2630 moveant
1108 2621 1116 2635 ‚
1140 2599 1172 2629 &
1194 2598 1300 2631 ulcera
1312 2622 1322 2638 ,

319 2658 413 2698 fiqua
434 2652 514 2688 sint,
540 2657 676 2691 augeant
690 2659 699 2683 ;
724 2655 779 2678 nec
805 2652 912 2676 tamen
926 2640 965 2675 ad
979 2640 1060 2673 illud
1083 2640 1298 2675 obtinendum
1312 2667 1322 2682 ,

322 2699 369 2734 ob
391 2697 447 2732 has
471 2693 553 2738 ipsas
575 2689 682 2726 causas
696 2713 707 2731 ,
730 2686 886 2721 utendum
899 2684 1079 2727 pharmacis
1091 2695 1164 2733 quae
1184 2694 1240 2718 aut
1258 2684 1328 2727 ipsa

323 2743 410 2778 acria
433 2738 497 2773 sint
507 2760 517 2777 ,
540 2746 595 2771 aut
609 2745 695 2770 acres
706 2754 718 2773 ,
739 2729 924 2773 multosque
945 2726 1098 2763 humores
1117 2727 1197 2761 illuc
1220 2728 1327 2763 versus

321 2786 492 2822 concieant
504 2806 512 2814 .
1285 2817 1292 2823 ι

371 2840 421 2863 10.
447 2826 528 2861 Alvi
542 2822 796 2858 Adstriffionem
811 2846 820 2861 ,
843 2819 883 2854 de
895 2829 958 2862 qua
969 2817 1081 2852 breves
1092 2816 1148 2851 has
1158 2816 1196 2851 ad
1209 2825 1240 2850 te
1253 2817 1327 2850 Lit-

325 2883 408 2909 teras
421 2868 528 2912 scripfi
541 2891 555 2909 ,
577 2867 643 2901 duo
667 2864 908 2906 consequuntur
931 2862 1062 2900 morbi,
1084 2861 1169 2911 ‘alter
1192 2861 1326 2910 saepius,

322 2919 358 2952 id
371 2916 414 2951 est
424 2911 717 2947 Haemorrhoidum
733 2907 858 2942 affeffio
872 2929 882 2944 ,
896 2906 976 2940 alter
985 2903 1071 2939 haud
1082 2914 1129 2939 ita
1141 2916 1225 2944 raro,
1237 2904 1270 2937 1d
1284 2904 1326 2937 est

323 2961 394 2997 Ani
416 2955 585 2999 Prolapsus
598 2978 604 2984 -
616 2955 667 2987 De
680 2953 742 2989 hoc
754 2978 762 2993 ‚
774 2950 871 2985 credo
882 2949 971 2992 quod
982 2949 1075 2983 scires
1090 2948 1211 2983 nullam
1224 2945 1281 2995 esse
1294 2949 1329 2980 in

328 3001 543 3047 Sepulchreto
552 2998 740 3033 ὃεᾶἱοηεπι
751 3019 760 3034 ‚
785 2994 849 3037 jam
861 2992 985 3037 pridem
996 2992 1330 3035 longumConlilium

325 3045 492 3088 quoddam
504 3040 654 3086 flagitasti
666 3065 675 3080 ,
698 3037 789 3083 quod
814 3050 830 3071 a
841 3049 891 3072 me
915 3038 1077 3079 scriptum
1097 3035 1298 3069 inaudiveras
1316 3058 1330 3075 ‚

325 3102 386 3135 ego
396 3099 496 3129 vero,
519 3086 612 3129 quale
623 3083 656 3118 id
668 3093 796 3125 cunque
810 3081 852 3114 est
869 3104 878 3119 ‚
901 3082 1032 3114 mittam
1045 3080 1193 3130 Epistola
1217 3080 1330 3129 proxi-

324 3146 379 3172 ma
393 3159 400 3167 .
510 3130 561 3164 De
583 3125 876 3162 Haemorrhoidum
901 3133 1010 3159 autem
1036 3122 1204 3158 affe5t1one
1219 3123 1329 3156 Ξεᾶιο

326 3178 459 3223 quidem
469 3183 558 3209 extat
568 3174 602 3206 in
614 3168 826 3215 Sepulchreto
836 3172 849 3208 (
861 3180 879 3210 q
890 3173 925 3209 >3
952 3168 1001 3203 sed
1013 3167 1117 3201 brevis
1131 3167 1211 3201 adeo
1223 3193 1232 3207 ‚
1256 3175 1292 3199 ut
1304 3165 1328 3199 si

323 3220 456 3260 Scholia
466 3221 574 3253 demas
586 3242 596 3256 ,
607 3217 664 3249 vix
677 3213 853 3249 dimidium
867 3213 990 3254 paginae
1003 3211 1137 3255 impleat
1151 3236 1159 3244 .
1171 3211 1326 3252 Quapro-

326 3277 399 3312 pter
412 3266 570 3299 malumus
581 3260 618 3294 de
629 3256 939 3293 Haemorrhoidibus
955 3255 1110 3289 nonnulla
1124 3253 1187 3288 huc
1200 3253 1325 3293 addere,

327 3321 426 3355 quam
441 3318 515 3342 cum
529 3317 566 3339 eo
578 3304 816 3346 pervenerimus
831 3325 839 3340 ,
862 3300 1040 3341 Epistolam
1064 3299 1197 3333 scribere
1210 3321 1220 3336 ‚
1244 3308 1325 3348 prze-

328 3354 442 3389 sertim
464 3361 539 3385 cum
563 3346 763 3382 diffeffiones
773 3356 846 3388 quae
870 3343 907 3377 ad
918 3354 1026 3376 earum
1037 3343 1168 3376 morbos
1192 3352 1322 3384 proprie

327 3397 507 3432 attineant,
533 3402 635 3434 neque
646 3392 734 3424 inter
746 3387 904 3422 Valsalvae
919 3386 1171 3420 Observationes
1185 3409 1197 3426 ,
1222 3397 1322 3428 neque

326 3443 411 3475 inter
423 3438 542 3472 nostras
555 3435 651 3469 ferme
663 3433 867 3467 inveniamus
879 3456 886 3463 .
912 3430 1012 3467 Quod
1025 3431 1128 3472 igitur
1140 3429 1251 3463 duram
1276 3430 1323 3462 al-

329 3495 406 3519 vum
419 3483 497 3523 saepe
511 3506 518 3520 ‚
541 3489 576 3513 ut
590 3478 688 3521 paulo
700 3487 771 3509 ante
783 3476 906 3509 ἀὶἃιιτῐι
918 3473 959 3506 est
974 3498 982 3513 ‚
1006 3473 1244 3516 consequantur
1256 3471 1323 3506 hae-

328 3524 532 3562 morrlioides
543 3548 554 3564 ,
577 3533 680 3564 neque
701 3520 839 3554 dubium
863 3519 906 3552 est
917 3539 930 3557 ,
954 3519 985 3550 &
1011 3529 1029 3552 a
1051 3516 1255 3553 Boerhaavio
1278 3519 1322 3555 (r)

930 122 1091 178 Liber
1120 123 1212 178 111.
1244 124 1331 178 De
1364 125 1573 179 Morbis
1603 121 1817 180 Ventris

1389 203 1431 237 fic
1455 203 1659 245 explicatur,
1682 203 1770 244 quod
1794 204 1827 236 in
1850 202 1983 237 nixibus
2007 202 2045 237 ad
2069 202 2259 245 egerendum
2284 206 2388 242 neces·

1388 248 1480 281 sariis
1503 246 1752 287 comprimuntur
1774 246 1918 286 intestina
1933 272 1943 287 ,
1961 246 2092 289 sanguis
2115 248 2282 291 arteriasus
2309 261 2386 292 pro..

1387 296 1550 327 movetur,
1574 288 1707 330 venosus
1729 289 1909 323 retardatur
1924 311 1933 326 ,
1955 291 2087 331 adeoque
2103 288 2229 332 stagnat
2250 294 2282 325 in
2302 293 2385 335 vafis

1385 331 1523 373 intestini
1546 332 1622 365 7·εὲἶί
1631 354 1639 367 ,
1657 331 1837 373 putrescit,
1852 332 1957 375 ficque
1971 331 2194 374 drjspofitionem
2207 335 2246 367 ad
2255 334 2385 369 haemor-

1385 377 1507 410 rhoz'des
1530 375 1667 408 inducit.
1694 374 1774 407 Non
1798 376 1865 409 sum
1888 376 2031 413 nescius,
2056 376 2100 408 ob
2113 377 2187 409 alias
2201 379 2295 410 etiarn
2307 390 2384 412 cau-

1384 419 1431 452 sas
1454 421 1598 460 stagnare
1623 417 1809 460 sanguinem
1843 420 1877 452 in
1912 420 2002 453 venis
2034 418 2173 461 ejusdem
2207 421 2384 455 intestini.

1381 463 1471 497 Cum
1494 463 1580 495 enim
1604 460 1717 494 harum
1742 462 1869 496 intimae
1893 464 1930 496 ad
1946 463 2118 500 Portarum
2141 462 2280 505 denique
2292 474 2384 498 trun-

1385 518 1461 540 cum
1484 506 1691 547 pertineant3
1715 503 1737 538 fi
1763 503 1850 539 forte
1875 508 2020 544 accidat,
2044 514 2081 539 ut
2105 517 2148 538 eae
2173 504 2237 538 sive
2259 508 2292 540 in
2305 510 2383 548 via,

1380 549 1443 583 five
1465 550 1499 581 in
1523 550 1682 584 termino,
1706 557 1762 582 aut
1785 549 1840 582 hic
1851 549 2130 592 circumjeerarum
2153 550 2294 591 partium
2306 561 2386 584 con-

1381 592 1526 626 vulfione
1541 617 1549 631 ,
1572 591 1789 631 distentione,
1812 592 2029 628 obstruffione
2039 593 2162 626 diutius
2174 593 2386 636 stringantur,

1380 646 1630 678 premanturve3
1654 636 1798 676 proclive
1831 636 1875 669 est
1898 637 2100 678 intelligere,
2125 635 2310 677 sanguinem
2334 637 2385 671 fa-

1378 681 1440 713 cile
1462 680 1501 712 iis
1524 680 1558 712 in
1583 681 1672 712 venis
1695 688 1953 713 remoraturum:
1978 682 2030 714 Sic
2052 679 2386 714 mesenterioconvul-

1378 723 1411 757 so
1428 746 1438 761 ‚
1463 723 1504 755 fic
1527 723 1685 755 intestinis
1708 721 1843 755 flatuum
1868 725 1963 765 copia
1986 725 2082 757 nimis
2106 724 2384 759 tumentibus,fic

1377 766 1543 800 obstrufio
1566 766 1708 807 jecinore
1723 788 1731 802 ‚
1758 766 1790 798 id
1803 777 1868 799 non
1890 766 2062 801 difficulter
2085 765 2156 800 fieri
2172 767 2257 810 posse
2271 793 2278 801 .
2303 768 2384 805 Quo

1376 810 1497 853 spectat
1510 809 1633 843 Vesalii
1646 808 1842 843 Observatio
1853 833 1866 849 ,
1890 821 1961 853 quae
1974 812 2078 853 prima
2093 837 2101 850 ,
2115 811 2286 854 eademque
2297 823 2385 853 pra:-

1377 856 1472 897 cipua
1495 853 1539 887 est
1563 853 1601 886 de
1623 853 1728 885 tribus
1750 864 1822 894 quae
1845 855 1880 886 in
1904 854 2050 896 perbrevi
2074 856 2131 889 illa
2165 867 2262 897 quam
2284 856 2383 897 paulo

1379 908 1453 932 ante
1475 896 1712 934 indicavimus,
1739 896 1889 930 Seffione
1912 898 2083 939 leguntur.
2107 897 2225 941 Neque
2246 900 2382 932 enimin

1379 954 1417 975 eo
1439 943 1498 984 qui
1521 939 1683 982 sanguinis
1706 950 1744 972 ex
1768 939 2061 974 haemorrhoidibus
2085 941 2175 975 fluxu
2201 953 2256 984 per
2278 944 2382 975 inter-

1379 985 1461 1018 valla
1484 984 1702 1020 laboraverat,
1727 982 1791 1016 lien
1817 983 1902 1017 solus
1925 984 2038 1018 durior
2062 983 2126 1018 suit
2151 1010 2161 1024 ,
2195 995 2232 1018 ut
2255 985 2383 1019 fortasse

1378 1028 1483 1062 credes
1507 1029 1659 1070 quintum
1684 1027 1762 1059 libri
1785 1026 1851 1061 ΙΙΙ.
1877 1027 1915 1061 de
1927 1028 2063 1062 Fabrica
2086 1030 2245 1070 Corporis
2271 1028 2385 1062 huma-

1379 1074 1414 1106 ni
1437 1081 1534 1114 caput
1558 1071 1730 1113 inspiciens
1754 1092 1765 1108 ‚
1800 1082 1867 1112 quo
1890 1083 1929 1104 ex
1951 1083 2017 1105 uno
2053 1082 2087 1105 ea
2110 1071 2308 1105 Observatio
2344 1074 2379 1104 in

1376 1114 1586 1158 Sepulchreto
1610 1113 1766 1155 descripta
1790 1114 1856 1154 est,·
1878 1115 1929 1149 sed
1954 1118 1986 1148 δε
2007 1115 2096 1156 jecur
2123 1112 2197 1157 fuit
2219 1117 2300 1149 mira
2324 1115 2380 1148 du-

1376 1159 1474 1199 ritie,
1495 1158 1582 1201 quod
1608 1170 1646 1191 ex
1657 1158 1735 1191 XV.
1759 1160 1866 1199 capite
1888 1158 2060 1201 cognosces
2085 1159 2160 1192 libri
2175 1159 2216 1191 V.
2241 1159 2296 1192 ubi
2311 1160 2380 1192 Ve-

1375 1202 1469 1236 salius
1494 1203 1593 1244 paulo
1618 1202 1725 1234 minus
1750 1200 1848 1243 presse
1872 1202 2007 1236 eundem
2030 1202 2138 1236 casum
2174 1202 2344 1244 proposuit
2369 1223 2380 1239 2

1374 1252 1546 1288 veramque
1571 1244 1666 1278 fimul
1691 1256 1790 1286 quam
1811 1245 1852 1278 iis
1876 1245 2079 1288 tempor—ibus
2102 1246 2156 1279 ille
2188 1257 2252 1278 non
2288 1254 2382 1287 pote-

1376 1300 1428 1324 rat
1452 1313 1464 1330 ,
1496 1301 1535 1322 ex
1559 1298 1647 1331 parte
1672 1288 1779 1321 saltem
1805 1287 1937 1329 causam,
1954 1290 2116 1330 intelliges
2139 1311 2148 1327 ,
2173 1299 2230 1323 cur
2253 1290 2380 1322 interna

1375 1333 1661 1368 haemorrhoidalis
1686 1342 1763 1365 vena
1779 1331 1840 1375 sub
1863 1332 1922 1366 cola·
1943 1331 2174 1375 intestinifine,
2196 1335 2319 1365 &tota
2330 1342 2381 1364 re-

1376 1378 1421 1412 ᾶὶ
1441 1377 1634 1420 longitudine
1653 1374 1780 1418 pollicis
1796 1372 1868 1417 fere
1889 1374 2052 1418 crafficiem
2073 1383 2207 1418 aequaret
2231 1400 2238 1407 .
2262 1375 2381 1409 Nimi-

1374 1433 1449 1456 rum
1473 1420 1560 1455 haud
1585 1419 1659 1453 satis
1682 1418 1775 1453 facile
1799 1428 1891 1456 erat,
1916 1419 2103 1462 sanguinem
2116 1431 2172 1462 per
2196 1418 2286 1462 jecur
2298 1417 2383 1460 ejus-

1375 1465 1467 1499 modi
1491 1462 1646 1498 tranlire.
1673 1464 1733 1497 Sed
1759 1473 1816 1496 cur
1839 1464 1942 1504 igitur
1957 1486 1966 1501 ,
1991 1465 2123 1506 inquis,
2145 1475 2211 1496 non
2236 1461 2382 1496 substitit

1374 1511 1409 1544 in
1433 1510 1503 1543 aliis
1527 1509 1646 1551 pariter
1670 1508 1759 1541 venis
1785 1506 1823 1540 ad
1850 1509 2023 1541 Portarum
2048 1518 2201 1541 truncum
2218 1508 2383 1550 pertinen-

1374 1554 1487 1587 tibus?
1511 1552 1642 1593 Nempe
1666 1552 1711 1584 ob
1735 1549 1796 1584 hoc
1819 1549 1911 1591 dixi,
1934 1560 1966 1584 te
1988 1553 2116 1585 causam
2140 1552 2231 1583 illam
2256 1561 2294 1582 ex
2307 1561 2383 1591 par-

1377 1607 1409 1631 te
1423 1597 1535 1631 saltem
1559 1594 1619 1629 effe
1641 1595 1802 1629 continuo
1825 1593 2041 1629 assecuturum
2057 1619 2064 1626 .
2091 1594 2318 1635 Addeigitur3
2344 1603 2381 1627 ut

1378 1641 1440 1675 alia
1462 1643 1638 1677 omittam3
1665 1639 1862 1675 maximam,
1886 1650 1958 1681 quae
1983 1640 2066 1672 inter
2092 1648 2220 1671 caeteras
2244 1638 2314 1670 illas
2330 1648 2381 1670 ve·-

1378 1695 1433 1718 nas
1455 1683 1533 1718 huic
1556 1683 1612 1716 uni
1637 1682 1809 1724 peculiaris
1833 1680 1901 1721 est,
1925 1681 2167 1723 longitudinem
2182 1706 2190 1721 ‚
2215 1690 2251 1714 ut
2276 1682 2381 1715 multo

1377 1739 1415 1762 ex
1437 1727 1498 1761 hac
1522 1737 1620 1767 quam
1643 1735 1682 1757 ex
1704 1724 1769 1757 illis
1792 1747 1801 1762 ‚
1837 1724 2006 1758 difficilius
2028 1725 2066 1757 sit
2092 1725 2278 1767 sanguinem
2303 1736 2382 1767 pro-

1378 1771 1505 1806 moveri
1528 1768 1674 1809 sursum,
1700 1767 1880 1810 praesertim
1905 1777 1940 1801 ut
1953 1766 2245 1810 humanicorporis
2268 1770 2382 1810 requi-

1379 1817 1425 1850 rit
1449 1814 1525 1848 situs
1550 1835 1559 1851 ‚
1582 1824 1652 1855 quae
1675 1822 1737 1845 una
1761 1811 1846 1845 haud
1868 1810 1966 1844 dubie
1990 1824 2028 1845 ex
2051 1810 2150 1845 causis
2175 1812 2217 1845 est
2240 1834 2252 1850 ,
2285 1823 2382 1853 quare

1381 1860 1443 1892 alia
1466 1857 1643 1891 animantia
1675 1854 1972 1889 haemorrhoidibus
2007 1867 2072 1888 non
2108 1856 2170 1888 sint
2203 1855 2348 1889 obnoxia
2372 1878 2382 1888 .

1381 1901 1485 1939 Quod
1508 1899 1530 1933 s1
1554 1899 1672 1942 quibus
1695 1901 1727 1932 in
1751 1899 1949 1940 corporibus
1972 1899 2126 1941 expedito
2163 1898 2286 1933 sursum
2311 1899 2382 1932 san-

1375 1945 1485 1987 guinis
1509 1944 1801 1985 motuiquodpiam
1814 1942 1856 1975 est
1881 1941 2172 1984 impedimentum,
2194 1943 2280 1976 iniis
2292 1954 2383 1984 quae-

1379 1999 1429 2020 ras
1452 2013 1462 2028 ‚
1496 1999 1552 2021 cur
1575 1988 1609 2019 in
1632 1986 1724 2019 tibiis
1747 1985 1944 2028 potiffimum
1969 1997 2055 2019 venae
2078 1988 2112 2019 in
2136 1987 2253 2020 varices
2278 1986 2307 2018 se
2330 1987 2383 2019 di-

1381 2032 1483 2065 latent
1508 2053 1518 2068 ‚
1541 2029 1670 2063 eandem
1697 2033 1857 2072 praecipue
1879 2031 2022 2063 invenies
2045 2030 2172 2063 causam
2193 2041 2291 2072 quam
2316 2029 2383 2063 hae-

1381 2073 1630 2109 morrlioidibus
1653 2072 1840 2115 assignamus
1857 2099 1865 2107 .
1889 2073 2160 2107 Haemorrhoides
2184 2082 2289 2107 autem
2301 2071 2383 2106 nihil

1380 2118 1469 2152 aliud
1492 2115 1547 2160 effe
1570 2127 1662 2159 quam
1683 2117 1808 2150 varices
1829 2126 1979 2150 venarum
2002 2117 2056 2149 ani
2078 2140 2087 2155 ‚
2119 2117 2235 2151 diserte
2272 2119 2321 2150 vel
2345 2118 2383 2149 in

1380 2162 1597 2205 Sepulchreto
1619 2159 1678 2202 (s)
1702 2158 1800 2193 habes
1823 2160 1995 2194 docentem
2020 2161 2203 2194 Walaeum:
2227 2159 2382 2204 idemque

1378 2206 1445 2239 alio
1470 2206 1546 2239 loco
1570 2206 1652 2246 leges
1677 2203 1931 2237 confirmantem
1955 2203 2191 2238 Boerhaaviutn
2216 2204 2276 2247 (t)
2291 2228 2300 2241 ‚
2323 2204 2383 2238 ubi

1375 2250 1545 2292 aliquanto
1567 2247 1688 2286 fusim,
1711 2260 1767 2281 nec
1793 2247 1858 2281 ulla
1882 2247 2063 2289 putredinis
2096 2247 2216 2290 injecta
2241 2250 2384 2282 mentio-

1379 2304 1439 2330 ne,
1464 2292 1571 2326 eadem
1594 2303 1666 2334 quae
1691 2292 1791 2335 paulo
1814 2300 1889 2324 ante
1911 2303 1949 2324 ex
1971 2304 2009 2325 eo
2021 2293 2216 2329 retulimus,
2240 2292 2383 2325 declara-

1379 2345 1468 2371 verat
1483 2361 1490 2367 .
1515 2336 1685 2375 Quantum
1710 2345 1817 2369 autem
1840 2346 1882 2368 eae
1906 2346 1993 2367 venae
2017 2334 2237 2377 seexpandant
2252 2359 2260 2373 ‚
2283 2338 2316 2369 in
2333 2337 2383 2369 vi-

1380 2391 1418 2414 ro
1441 2381 1584 2422 quodam
1610 2383 1619 2418 (
1644 2378 1699 2421 u)
1724 2378 1938 2412 animadverti
1963 2378 2051 2411 bono
2074 2381 2220 2422 corporis
2244 2377 2381 2418 habitu,

1380 2426 1412 2456 &
1436 2423 1475 2456 ad
1498 2423 1628 2465 plenum
1652 2424 1818 2457 accedente
1833 2449 1844 2465 ,
1867 2433 1963 2464 quem
1989 2433 2027 2454 ex
2050 2423 2181 2455 vulnere
2204 2422 2260 2455 sub
2284 2424 2382 2457 axilla

1381 2475 1548 2500 mortuum
1572 2466 1730 2500 Bononia:
1753 2465 1835 2500 secui
1862 2469 1903 2499 A.
1920 2468 2011 2508 1706.
2028 2465 2116 2500 Huic
2139 2469 2382 2501 extremumin—

1380 2508 1534 2545 testinum
1556 2533 1570 2551 ,
1602 2510 1691 2552 quod
1714 2508 2012 2544 haemorrhoidibus
2036 2510 2219 2543 obnoxium
2253 2507 2346 2544 fuisse
2367 2532 2381 2550 ‚

1381 2553 1552 2596 apparebat
1577 2578 1587 2593 ‚
1625 2565 1700 2588 cum
1724 2551 1799 2586 esset
1824 2555 1911 2586 intus
1934 2553 2085 2586 varicofis
2108 2565 2261 2588 venarum
2285 2553 2380 2587 nodis

1380 2599 1559 2641 inaequale3
1585 2596 1739 2640 majorem
1763 2609 1803 2630 ex
1824 2595 1874 2629 his
1899 2605 2075 2638 perattente
2098 2597 2293 2639 inspiciens,
2316 2600 2380 2631 rni-

1381 2651 1468 2677 ratus
1491 2640 1560 2675 sum
1583 2664 1592 2679 ‚
1630 2653 1704 2675 cum
1730 2641 1800 2682 ipso
1822 2640 1879 2681 qui
1905 2651 1969 2673 non
1993 2640 2125 2674 modico
2150 2641 2294 2682 alioquin
2327 2641 2380 2674 di-

1378 2686 1585 2720 stendebatur
1607 2685 1770 2728 sanguinis
1783 2693 1921 2726 gruum,
1947 2695 2010 2717 non
2034 2684 2094 2717 nili
2118 2684 2298 2719 tenuiffima
2310 2684 2381 2718 san-

1379 2729 1506 2772 guifera
1527 2728 1652 2763 vascula
1674 2728 1933 2765 communicare,
1959 2737 1994 2761 ut
2019 2726 2149 2761 evidens
2172 2728 2246 2762 estet
2272 2755 2281 2768 ‚
2317 2729 2380 2761 ali-

1378 2784 1476 2815 quam
1499 2773 1675 2816 perexilem
1699 2783 1811 2808 venam
1835 2773 1869 2805 in
1892 2783 1962 2805 eam
1996 2770 2089 2805 fuisse
2122 2772 2377 2816 amplitudinem

1378 2817 1550 2851 dilatatam
1566 2844 1573 2851 .

1425 2870 1475 2893 11.
1502 2861 1557 2894 Ne
1581 2861 1683 2903 igitur
1709 2860 1778 2895 haec
1800 2861 2009 2903 contingant,
2031 2871 2103 2903 quae
2128 2869 2182 2894 aut
2204 2860 2268 2895 sine
2290 2872 2378 2895 acer-

1382 2904 1431 2938 bis
1455 2905 1667 2947 plmumque,
1692 2904 1911 2947 &praesertim
1935 2906 1968 2937 in
1980 2903 2135 2946 egerendo
2149 2926 2158 2941 ‚
2180 2905 2378 2939 cruciatibus

1381 2949 1518 2981 minime
1540 2946 1634 2989 sieri,
1657 2958 1775 2982 notum
1798 2950 1841 2982 cst
1864 2972 1874 2988 ,
1898 2947 1919 2981 fi
1944 2949 2075 2989 quidem
2088 2950 2211 2982 varices
2233 2949 2282 2982 isti
2307 2958 2378 2982 tur-

1381 3002 1499 3031 geant,
1524 3003 1581 3025 nec
1603 3002 1813 3033 rumpantur:
1838 3000 1891 3024 aut
1916 2990 1981 3024 fine
2005 2991 2169 3033 profluvio
2191 2991 2377 3034 sanguini53

1382 3034 1406 3068 fi
1431 3045 1645 3078 rumpantur,
1669 3035 1849 3069 immodico
1872 3035 2055 3073 interdum,
2082 3037 2112 3068 δι’.
2134 3047 2170 3069 ea
2194 3035 2262 3079 post
2286 3036 2314 3069 se
2328 3047 2378 3068 re-

1381 3079 1549 3122 linquente
1573 3091 1644 3120 quae
1669 3078 1920 3113 haemorrhoides
1944 3090 2008 3111 non
2032 3089 2227 3122 magnopere
2250 3077 2308 3113 esse
2338 3092 2377 3112 o-

1379 3124 1534 3164 ptandas,
1556 3123 1631 3156 satis
1654 3123 1808 3164 superque
1828 3123 2028 3159 docuerunt3
2054 3124 2196 3165 primum
2208 3123 2377 3166 plenitudo

1379 3167 1510 3201 vitanda
1533 3166 1601 3205 est3
1625 3177 1726 3208 neque
1750 3168 1835 3199 enim
1861 3177 1895 3199 ut
1921 3166 2110 3200 mulieribus
2132 3168 2166 3200 in
2190 3167 2309 3209 quibus
2320 3178 2376 3200 ne-

1378 3209 1544 3244 cessarium
1566 3211 1601 3244 id
1624 3219 1713 3249 erat,
1735 3211 1783 3243 ita
1807 3211 1887 3243 viris
1920 3220 2077 3252 apparatae
2101 3210 2141 3243 ab
2165 3220 2277 3245 natura
2312 3212 2375 3242 viae

1377 3252 1453 3287 sunt
1476 3276 1485 3291 ‚
1510 3265 1564 3296 per
1586 3265 1664 3296 quas
1686 3263 1869 3296 opportune
1894 3253 2021 3295 sanguis
2044 3255 2210 3288 minuatur
2232 3266 2244 3294 ,-
2282 3252 2331 3287 sed
2354 3264 2372 3285 a

1377 3288 1494 3331 morbo
1518 3300 1727 3339 aperiantur,
1749 3308 1880 3339 oportet
1895 3320 1904 3335 ‚
1928 3306 2005 3331 tunc
2029 3297 2201 3340 aliquando
2226 3296 2369 3335 salutari,

1376 3339 1456 3383 saepe
1480 3350 1586 3374 autem
1610 3340 1813 3382 periculoso,
1838 3340 1957 3383 semper
1981 3342 2190 3375 incommodo
2214 3365 2220 3373 .
2244 3338 2369 3374 Deinde

1374 3385 1432 3418 illa
1454 3382 1607 3427 fugienda
1630 3384 1702 3418 sunt
1726 3395 1798 3427 quae
1821 3385 1929 3419 alvum
1952 3385 2132 3428 praeduram
2155 3384 2368 3420 faciunt3nec

1375 3439 1410 3460 ea
1434 3438 1561 3467 taurum
1586 3429 1663 3461 dico
1686 3440 1757 3468 quae
1789 3432 1969 3469 perminusa
2001 3429 2111 3461 oscula
2145 3425 2368 3468 adstringendo

1374 3469 1623 3515 glandularum,
1646 3471 1820 3513 intestina,
1842 3476 1874 3506 &
1896 3483 1967 3514 quae
1979 3471 2030 3506 his
2052 3472 2282 3509 continentur,
2307 3469 2367 3503 hu-

1375 3525 1610 3555 mectantium,
1632 3528 1698 3550 non
1722 3516 1796 3550 satis
1819 3517 1965 3550 humoris
1988 3518 2116 3560 prodire
2137 3514 2242 3547 linunt
2266 3536 2280 3563 ,
2301 3512 2366 3555 sty-

2234 3566 2322 3598 ptica
2340 3597 2345 3605 ‚

389 3715 432 3743 (o)
447 3718 484 3749 De
502 3716 618 3748 Chirurg.
635 3719 710 3747 oper.
729 3725 751 3741 c.
766 3717 795 3742 de
805 3718 853 3741 An.
870 3716 961 3743 Fist.in
972 3717 1013 3742 fin.

380 3746 397 3775 ζ
408 3746 430 3776 s
438 3747 453 3775 J
467 3754 494 3772 m
510 3746 591 3774 schol.
607 3748 637 3774 ad
653 3756 676 3775 1.
693 3747 754 3775 obs.
772 3747 834 3776 Sect·
851 3747 894 3775 cit.

1076 3717 1123 3747 (p)
1139 3714 1199 3743 obs.
1217 3717 1261 3741 cit.
1277 3719 1313 3745 95.
1331 3716 1357 3741 in
1373 3715 1416 3744 fin.

956 3748 971 3778 ί
987 3752 998 3774 r
1013 3748 1021 3780 J
1039 3748 1149 3785 Praesta:
1166 3748 1212 3778 eit.
1227 3748 1259 3775 ad
1275 3747 1300 3778 §.
1318 3755 1373 3780 11².

1478 3715 1523 3745 (q)
1540 3715 1557 3739 1.
1574 3714 1646 3744 hujus
1662 3723 1685 3749 3.
1702 3715 1763 3749 Sect.
1778 3722 1812 3745 ις.
1873 3716 1915 3747 (r)
1930 3715 2035 3742 Praelea.
2052 3713 2077 3740 in
2093 3712 2151 3740 Inst.
2169 3711 2257 3745 5-774»
2272 3710 2298 3737 in
2312 3709 2360 3739 sim·

1434 3747 1450 3777 (
1464 3754 1480 3773 u
1494 3747 1508 3778 2
1523 3747 1561 3774 De
1575 3746 1622 3774 hot
1640 3745 1698 3778 vid.
1714 3746 1789 3778 Epist,
1805 3753 1846 3777 44·
1862 3753 1889 3778 n,
1907 3753 1947 3773 22.
