2498 4075
480 200 631 267 Epist.
666 200 827 253 Anat.
861 199 1076 253 Medica
1110 198 1267 251 Xul.
1303 196 1422 250 Art.
1439 212 1515 252 20.
1543 199 1687 254 612¹.

69 289 167 321 neque
188 288 263 313 curn
284 276 443 312 inchoatae
468 286 522 311 aut
546 274 752 319 Crystallini,
775 286 830 312 aut
853 277 984 311 alterius
1006 274 1069 311 hu-

69 322 168 354 moris
192 321 370 361 opacitatis
393 320 514 354 iudicia
539 320 569 353 se
592 319 753 361 produnt:
780 319 830 353 sed
851 332 924 354 cum
957 321 1067 353 omnia

68 376 138 408 quae
163 361 409 404 antecesserunt,
432 374 484 398 aut
498 364 694 396 comitantur
707 385 719 402 ,
743 373 886 409 accurate
897 362 1069 406 perpende-

69 408 137 446 ris‚·
159 415 236 440 tunc
257 404 296 438 de
319 407 410 441 causa
433 418 544 441 eorum
568 406 699 451 pupillaej
723 407 891 440 affectuum
902 407 1069 450 judicato.

203 451 254 483 Dc
275 450 422 483 morbosa
446 459 550 483 antem
575 448 636 481 sive
670 448 812 490 eiusdem
844 451 1035 484 dilatatione
1057 473 1070 490 ,

70 492 131 527 sive
176 493 273 526 Iridis
315 493 356 527 ad
388 495 548 526 Corneam
582 491 757 525 adhaesione
789 492 811 526 si
847 493 960 536 legeris
999 505 1070 534 quae

70 535 281 570 Manchartus
304 540 317 575 (
338 537 357 577 k
379 540 389 576 )
413 535 539 575 edidit;
561 546 624 568 non
649 546 748 569 unum
771 537 910 571 invenies
931 535 1018 580 quod
1028 537 1072 569 ti-

68 578 103 658 Ξί
127 580 207 613 utile
231 577 289 613 esse
312 578 404 622 poffit
427 587 497 613 tum
531 578 702 612 meditanti
727 603 740 620 ‚
776 588 847 614 tum
880 580 976 613 etiam
1006 590 1071 613 me-

89 632 157 657 enti
172 648 181 657 .

113 678 163 700 20.
190 669 242 702 De
264 668 303 700 iis
326 665 444 708 pariter
465 677 535 707 quae
560 664 597 698 de
619 666 721 700 Oculi
745 674 798 701 aut
823 667 945 701 Dolore
971 689 983 705 ,
1017 673 1071 700 aut

70 708 299 751 Prodi-lenna,
325 718 380 742 aut
405 708 584 742 Strabismo
606 709 639 741 in
664 708 873 751 Sepulchreto
904 708 1071 752 proferun-

70 763 148 794 tur,
172 751 240 786 haec
264 761 391 785 tantum
415 751 569 786 monebo.
595 752 694 790 Quod
718 752 757 787 ad
781 754 921 794 primum
933 753 1074 793 attinet,

72 807 126 830 aut
150 797 268 830 XXIX.
293 795 560 829 observationem
605 796 811 837 praetermitti
835 795 996 836 debuisse,
1021 804 1076 828 aut

69 841 206 874 XXXV.
234 841 413 882 Utramque
437 840 521 871 enim
546 837 675 873 eandem
699 837 756 873 esse
782 862 796 880 ,
831 839 922 872 facilc
953 847 1078 881 cogno-

71 884 134 917 sces
148 906 160 922 ,
184 894 246 915 non
260 883 341 917 secus
355 892 447 924 atquc
459 883 589 917 initium
603 882 807 917 Scholiorum
819 882 856 916 ad
871 882 1079 915 Observatio-

72 928 122 960 nis
147 928 173 958 Ι.
198 928 225 966 §.
254 937 280 958 1.
306 926 393 960 idem
415 925 471 959 esse
493 937 529 959 ac
551 926 698 969 pleraque
719 926 835 964 verba,
860 937 930 968 quae
955 925 1077 958 moxin

74 968 214 1012 ejusdem
237 970 255 1009 §
348 978 555 1012 repetuntur.
578 971 629 1003 De
656 969 858 1003 Procidentia
872 977 977 1003 autem
990 966 1078 1011 quod

75 1025 114 1047 ex
138 1013 281 1055 Spigelio
304 1012 433 1051 nostro,
454 1011 647 1046 diffimulato
669 1011 734 1055 ejus
757 1013 886 1046 nomine
906 1037 915 1051 ‚
937 1011 1079 1045 totidem

71 1055 302 1099 propemodum
324 1056 429 1089 verbis
453 1055 656 1098 descripserat
681 1057 843 1098 Plempius
865 1060 879 1097 (
896 1055 955 1096 l),
977 1064 1014 1088 tu
1025 1066 1079 1087 ve..

72 1112 110 1132 ro
134 1098 307 1141 subjeetum
331 1100 413 1142 leges
436 1098 666 1143 Observationi
690 1101 795 1134 XXV.
819 1097 852 1132 id
881 1097 1011 1141 quidem
1043 1099 1076 1130 in

72 1143 190 1176 leviore
213 1143 298 1176 oculi
323 1143 497 1186 prolapsu,
520 1143 571 1176 seu
594 1143 705 1185 potius
727 1153 792 1176 non
814 1141 1076 1176 adeoimmodica

71 1196 160 1219 extra
183 1186 322 1219 orbitam
344 1186 560 1228 prominentia
575 1187 707 1219 minime
719 1184 919 1219 necessarium
930 1186 1078 1225 est3nam

74 1231 219 1273 Opticus
241 1240 354 1262 nervus
377 1240 441 1262 non
466 1229 571 1263 tensus
596 1230 630 1262 in
651 1229 760 1263 orbita
782 1229 953 1263 secundum
984 1238 1078 1262 natu-

71 1284 163 1313 ram,
187 1272 236 1305 sed
260 1273 306 1305 ita
333 1271 422 1307 laxus
446 1272 507 1313 est,
530 1282 564 1306 ut
577 1273 707 1307 oculum
718 1271 781 1306 sine
792 1272 990 1314 disruptione
1001 1283 1079 1315 qua-

72 1327 162 1350 tenus
186 1315 353 1356 diximus,
377 1316 462 1358 sequi
487 1315 598 1358 poffit.
626 1316 728 1357 Qiod
752 1327 827 1350 vero
850 1316 888 1350 ad
919 1315 1080 1349 Observa-

73 1361 199 1393 tionem
221 1357 365 1394 XXVII.
393 1358 522 1393 additur
557 1370 596 1393 ex
629 1358 777 1393 Hildano
797 1382 809 1400 ,
842 1358 1078 1402 procidentiam

72 1402 229 1446 quandam
252 1403 341 1439 oculi
364 1402 566 1446 explicante,
587 1414 658 1445 quae
681 1403 794 1436 vulnus
818 1402 991 1446 supercilio
1025 1403 1078 1434 in-

72 1447 199 1481 flic'tum
215 1470 227 1486 ,
251 1449 283 1480 &
306 1447 387 1480 male
410 1455 559 1480 curatum
581 1445 743 1480 noviffime
767 1446 870 1479 secuta
893 1455 959 1479 erat
976 1469 989 1486 ,
1018 1444 1077 1478 nisi

72 1491 179 1524 multo
204 1490 296 1523 aliter
320 1500 353 1523 ac
377 1488 443 1532 ipse
467 1488 570 1529 fecit,
595 1500 642 1522 res
663 1498 863 1532 exponatur,
885 1501 950 1523 non
983 1488 1077 1521 facile

73 1534 205 1577 probari
229 1532 351 1576 potest.
374 1534 463 1566 Nam
486 1531 575 1576 quod
598 1532 753 1565 vulnusin
767 1534 878 1566 Sinum
891 1532 1078 1565 Frontalem

71 1577 237 1611 dexterum
262 1577 460 1617 pervenerit,
482 1574 632 1608 credibile
654 1575 713 1609 est:
735 1574 821 1618 quod
832 1584 936 1609 autem
949 1574 1077 1618 sangui-

71 1633 110 1655 ne
133 1622 166 1654 in
190 1631 227 1652 eo
250 1621 327 1652 Sinu
349 1618 534 1660 putrefacto
555 1627 644 1651 totus
668 1619 778 1652 oculus
802 1617 941 1653 infectus
973 1617 1012 1652 fit
1034 1618 1076 1651 ob

71 1664 228 1698 naturalia
243 1660 407 1709 foramina
430 1671 468 1695 ex
490 1660 687 1694 cavitatibus
711 1661 777 1702 istis
800 1662 839 1695 ad
859 1662 963 1696 oculos
981 1672 1075 1704 pene-

74 1707 219 1746 trantia,
240 1705 312 1748 quis
335 1703 515 1744 concedat,
538 1703 594 1738 nisi
618 1705 675 1747 qui
696 1705 752 1737 illa
776 1717 847 1748 quae
871 1705 910 1740 de
934 1704 1074 1749 ejusmo-

73 1749 107 1784 di
133 1748 348 1783 foraminibus
371 1759 409 1781 ex
431 1747 644 1790 quorumdam
680 1749 871 1790 opinatione
903 1749 999 1793 paulo
1021 1760 1077 1781 an-

70 1803 102 1827 te
125 1795 205 1832 (m)
229 1793 400 1834 attigerat,
423 1802 622 1835 nequaquam
644 1790 774 1826 dubitet
805 1804 880 1827 cum
911 1793 1075 1831 Anatome

71 1834 279 1871 consentire?
302 1836 334 1868 Si
359 1845 455 1878 quem
478 1836 601 1869 exitum
626 1833 661 1869 id
684 1836 761 1869 mali
785 1834 949 1869 habuisset
973 1862 981 1875 ,
1018 1845 1074 1871 aut

69 1881 142 1921 ibi,
159 1889 212 1913 aut
236 1880 301 1913 alio
317 1904 326 1919 ‚
350 1880 407 1921 qui
440 1889 489 1911 me
513 1878 624 1921 fugit,
656 1878 733 1913 loco
757 1877 920 1921 scripsisset
953 1879 1074 1913 Hilda-

69 1935 154 1962 nus;
179 1932 331 1966 apparere
345 1918 446 1964 posset
461 1947 471 1963 ,
494 1932 533 1954 an
555 1932 621 1955 non
644 1924 754 1965 potius
776 1923 878 1956 caries
889 1921 1075 1966 peroffeum

69 1968 224 2011 parietem
257 1967 344 1999 inter
365 1965 459 1999 illum
481 1966 592 1998 Sinum
608 1988 621 2005 ‚
654 1968 687 1999 ὃς
709 1967 842 2001 oculum
866 1967 1073 2002 interiectum

68 2011 127 2045 sibi
162 2009 332 2054 pravisque
355 2007 522 2042 ichoribus
544 2010 630 2042 viam
654 2010 689 2043 in
712 2010 852 2043 orbitam
874 2008 1042 2052 aperuisset
1061 2035 1071 2042 .

202 2052 325 2087 Strabis
324 2053 366 2086 mi
380 2051 514 2095 denique
525 2063 586 2085 una
598 2051 683 2086 haud
695 2053 831 2096 amplius
844 2076 854 2092 ‚
878 2053 1076 2088 observatio

68 2102 84 2138 (
97 2098 140 2141 n)
164 2097 356 2140 proponitur
369 2120 381 2137 ,
404 2107 500 2140 eaque
512 2096 606 2130 unius
617 2095 704 2129 oculi
719 2120 731 2137 ,
744 2108 818 2132 cum
830 2106 989 2140 repetatur
1000 2108 1076 2132 cau-

70 2141 101 2175 sa
125 2139 164 2173 ab
190 2139 327 2174 alluente
350 2138 507 2174 cerebrum
529 2140 655 2173 humore
678 2139 779 2173 multo
801 2152 868 2182 quo
889 2141 980 2173 nervi
1003 2151 1076 2174 ocu-

69 2185 172 2219 lorum
194 2190 328 2217 motores
350 2182 467 2215 imbuti
491 2182 767 2215 convellerentur.
793 2183 870 2224 Q
893 2182 982 2216 causa
1015 2182 1079 2216 sine

68 2227 140 2262 ullo
164 2225 389 2260 additamento
411 2223 534 2267 posita,
557 2225 691 2257 minime
700 2224 857 2267 intelligis
873 2247 883 2263 ,
896 2236 953 2263 cui·
967 2237 1030 2258 non
1040 2225 1080 2260 ad

69 2281 244 2312 utrumque
269 2270 386 2312 pariter
410 2268 541 2301 oculum
565 2266 749 2301 strabismus
772 2266 889 2302 fuerit.
905 2270 943 2302 In
968 2268 1080 2303 addito

70 2312 209 2348 Scholio
234 2313 305 2345 aliae
328 2308 459 2354 quidem
483 2319 699 2349 memorantur
731 2322 768 2344 ex
801 2311 910 2345 nostro
940 2313 1079 2347 Saxonia

72 2355 238 2391 Strabismi
263 2355 386 2392 causae,
412 2352 496 2387 mala
519 2353 671 2387 videlicet
687 2354 822 2396 fituatio
843 2351 1043 2396 reipupillae
1063 2378 1076 2396 ,

69 2399 122 2434 wel
144 2398 333 2441 crystallini.
359 2396 419 2431 Sed
441 2397 546 2439 plures
569 2398 638 2430 aliae
665 2398 784 2430 interea
820 2399 1077 2441 praetermittun-

70 2453 142 2477 tur.
169 2443 240 2475 Nec
262 2453 337 2475 vero
360 2442 498 2484 internas
522 2440 692 2475 dumtaxat
709 2439 811 2481 dico,
833 2450 869 2476 ut
882 2439 904 2473 fi
917 2442 1075 2484 pupillae,

70 2491 105 2520 &
126 2483 324 2527 Crystallino
346 2486 497 2528 utrinque
516 2484 604 2519 recte
628 2483 740 2528 positis
754 2508 766 2525 ‚
790 2495 853 2519 non
880 2496 914 2518 ea
926 2485 959 2517 in
971 2485 1072 2519 altero

67 2530 166 2563 oculo
188 2529 314 2563 Retinae
339 2539 408 2570 pars
431 2528 617 2571 respondeat
641 2540 712 2572 quae
735 2527 828 2563 debet
843 2553 856 2570 ,
879 2526 932 2561 sed
948 2529 1071 2571 altera,

68 2573 176 2607 multo
198 2572 333 2615 propior
353 2582 450 2614 quam
474 2582 529 2614 par
552 2571 589 2605 fit
604 2597 613 2612 ,
636 2583 725 2605 caecae
749 2571 802 2606 illi
826 2570 997 2606 secundum
1021 2584 1075 2606 na-

69 2627 174 2651 turam
197 2614 384 2658 particulae‚
409 2613 500 2691 cqjus
524 2615 607 2650 sedes
633 2614 671 2649 ad
693 2615 795 2658 ipsam
809 2615 1018 2650 insertionem
1032 2616 1075 2652 est

68 2660 156 2694 nervi
179 2659 321 2702 Optici,
344 2667 379 2692 ut
403 2659 461 2691 nii
485 2659 620 2694 musculi
645 2659 810 2703 aliquanto
833 2659 984 2693 aliorsum
1008 2669 1075 2693 tra-

68 2704 206 2742 herent,
229 2704 262 2735 in
287 2713 356 2735 eam
379 2703 572 2745 particulam
596 2702 754 2737 incideret
779 2714 850 2747 pars
884 2703 1037 2744 imaginis
1060 2727 1074 2745 ,

68 2758 138 2790 quae
161 2747 194 2779 in
219 2746 336 2780 Retina
360 2747 525 2790 pingitur.
552 2748 710 2780 Externas
732 2758 860 2789 quoque
873 2769 885 2786 ,
908 2745 942 2779 id
951 2744 994 2778 cst
1003 2758 1073 2789 quae

69 2799 157 2822 extra
179 2789 309 2823 oculum
331 2789 414 2830 sint,
435 2790 513 2824 alias
534 2789 627 2824 dico.
652 2790 767 2833 Neque
789 2788 980 2823 enimasola
993 2801 1076 2832 quo-

69 2832 202 2866 rundam
224 2832 440 2867 musculorum
462 2833 551 2867 oculi
571 2832 800 2874 convulsione,
822 2833 874 2867 sed
898 2844 914 2865 a
939 2832 1077 2875 paralysi

70 2877 168 2909 etiam
192 2874 248 2909 esl‘e
272 2874 465 2910 Strabismus
487 2877 611 2919 potest:
635 2888 729 2919 quam
752 2876 877 2910 causam
908 2875 965 2910 diu
1000 2885 1072 2910 ante

70 2920 252 2962 Plempium
264 2919 391 2953 Auctor
400 2919 554 2953 docuerat
569 2921 968 2953 finitionumMedicarum
983 2945 991 2959 ,
1001 2932 1072 2962 quae

70 2963 200 2996 Galeno
223 2961 464 2997 adscribuntur.
490 2962 705 3005 Strabismus,
727 2964 859 3007 inquit,
882 2963 965 2996 oculi
987 2963 1072 3006 mus-

68 3006 209 3040 culorum
231 3015 289 3039 non
314 3007 474 3047 omnium,
492 3007 548 3049 sed
569 3007 745 3049 aliquorum
769 3006 915 3050 resolutio
937 3005 977 3045 eft
996 3029 1010 3047 ‚
1033 3006 1071 3040 ob

69 3061 162 3093 quam
183 3048 307 3092 causam
329 3048 379 3082 rel
395 3050 541 3093 sursum,
563 3049 617 3083 'vel
638 3049 776 3093 deorsum
790 3071 799 3086 ,
822 3049 874 3082 *vel
903 3047 937 3081 in
967 3047 1068 3082 latera

69 3099 185 3126 nutant
206 3091 307 3125 oculi.
334 3091 393 3124 Sed
417 3095 448 3126 δι
473 3093 582 3136 aliquo
592 3092 692 3127 exhis
704 3091 995 3127 musculisimbuto
1005 3092 1067 3126 hu-

69 3134 233 3172 moribus,
256 3135 362 3168 minus
384 3136 530 3178 expedite
554 3148 609 3179 pei·
632 3136 736 3180 ipsum
758 3135 1030 3170 circumeuntibus
1049 3159 1064 3177 ,

68 3178 259 3213 Strabisi‘nus
281 3176 441 3212 interdum
463 3178 519 3217 fit,
542 3190 579 3214 ut
602 3181 635 3212 in
660 3182 770 3213 Uxore
794 3178 1065 3224 amiciJuriscon-

67 3222 143 3257 sulti
167 3221 236 3255 fieri
259 3221 352 3259 vidi,
373 3232 443 3264 quae
465 3222 723 3264 defluxionibus,
747 3232 783 3257 ut
806 3224 918 3266 vulgus
929 3223 1066 3265 appelli-

66 3275 139 3306 tat,
163 3264 201 3298 ad
224 3264 342 3298 radicis
365 3264 427 3298 nasi
451 3266 583 3300 alterum
595 3267 817 3310 latuseamque
828 3267 981 3300 viciniam
992 3277 1065 3300 cor-

67 3320 178 3353 repta,
201 3309 234 3341 in
259 3308 353 3342 illum
375 3307 462 3341 oculi
485 3308 631 3344 affectum
654 3309 794 3351 incidit,
814 3322 830 3343 a
844 3310 987 3343 meintra
999 3321 1064 3343 non

67 3354 200 3395 longum
212 3361 339 3395 tempus
349 3374 363 3392 ,
373 3352 491 3385 cumin
503 3353 607 3387 Patria
619 3354 814 3387 medicinam
827 3353 960 3387 facerem
970 3376 983 3394 ,
995 3364 1066 3396 per-

65 3405 213 3430 curatum
226 3421 233 3427 .
248 3395 499 3430 Defluxionibus
510 3407 633 3440 quoque
643 3397 743 3431 modo
755 3409 816 3432 una
828 3398 860 3430 in
873 3407 952 3440 gena
962 3419 971 3435 ,
994 3408 1067 3430 mo-

67 3440 110 3473 do
121 3441 153 3473 in
165 3439 262 3473 altera
273 3439 395 3472 nonita
407 3438 530 3481 pridem
540 3450 668 3476 vexatus
679 3440 782 3475 fuerat
805 3440 939 3474 Nobilis
961 3442 1067 3474 Sacer-

67 3482 125 3517 dos
135 3495 208 3517 cum
220 3491 345 3526 repente
358 3480 489 3516 affectus
502 3482 544 3516 est
557 3494 590 3516 ea
605 3484 688 3518 visus
709 3484 937 3527 depravatione
950 3507 963 3525 ,
985 3494 1021 3518 ut
1043 3484 1066 3517 fi

67 3528 177 3561 oculos
192 3550 200 3564 ,
223 3537 258 3561 iit
282 3526 341 3564 fit,
368 3525 406 3560 ad
417 3525 585 3569 legendum
596 3526 802 3568 demitteret,
826 3529 944 3561 litterae
957 3539 1067 3562 omnes

68 3570 139 3603 aliae
164 3571 235 3604 aliis
259 3570 344 3613 quasi
369 3569 553 3604 decussatim
576 3570 752 3613 impositae,
778 3574 810 3604 δε
832 3573 916 3604 inter
939 3570 968 3604 se
990 3583 1069 3606 con-

66 3613 143 3648 fusae
156 3624 340 3657 apparerent
354 3628 361 3647 .·
386 3625 455 3656 quae
465 3613 611 3648 confusio
623 3617 758 3649 omnino
772 3614 943 3649 tollebatur
963 3614 1069 3649 statim

155 3659 320 3700 Morgagnz'
330 3658 364 3691 de
374 3657 440 3690 Sed.
453 3657 496 3691 Θ
507 3656 596 3700 Caus.
608 3658 709 3691 Morb.
723 3660 823 3691 Tom.
839 3661 866 3691 I.

292 981 306 990 a.

258 993 321 1002 ἀι

1078 2318 1116 2353 ⁴ss
1135 2311 1301 2346 &antibus
1313 2335 1322 2350 ‚
1346 2325 1418 2356 quae
1440 2313 1596 2348 doetrinae
1609 2337 1621 2354 ,
1644 2315 1813 2352 secundum
1825 2328 1926 2362 quam
1936 2316 2120 2363 scripseram

1959 212 2049 258 ως

1118 285 1213 319 atque
1237 274 1426 309 alterutrum
1447 274 1611 310 claudebat
1638 273 1769 307 oculum
1783 297 1795 314 ,
1817 282 1870 309 aut
1894 273 2011 308 librum
2034 281 2115 309 con-¹

1119 330 1168 352 tra
1191 317 1300 352 ambos
1323 318 1434 351 oculos
1458 328 1582 362 apertos
1606 315 1757 360 quidem,
1783 316 1835 351 sed
1858 329 1925 351 non
1947 317 2114 358 demissos,

1119 365 1208 403 imo,
1232 361 1253 394 ii
1278 360 1396 400 vellet,
1418 363 1513 396 etiam
1537 360 1657 395 sursum
1678 360 1845 394 conversos
1857 360 2009 394 statuebat
2023 361 2118 394 .Ali-

1119 417 1182 449 qua
1205 415 1309 438 tamen
1334 403 1463 437 restabat
1488 402 1634 438 confufio
1649 427 1659 443 ,
1682 401 1704 436 fi
1730 402 1847 438 librum
1871 404 1914 436 ita
1939 403 2117 444 statutum,

1120 449 1159 482 ad
1182 449 1264 482 latus
1286 447 1452 481 dexterum
1465 449 1632 490 aliquanto
1643 446 1886 486 transferretur3
1912 447 2021 487 nulla,
2043 445 2117 481 fiad

1119 491 1277 526 sinistrum
1291 515 1298 522 .
1324 489 1413 523 Mihi
1425 493 1481 533 qui
1495 491 1682 534 perlitteras
1693 489 1897 530 consulebat,
1918 502 1990 524 cum
2003 502 2040 523 ex
2051 489 2117 524 hoc

1144 534 1207 569 uod
1230 533 1390 568 noviffime
1414 532 1507 574 dixi,
1529 535 1604 567 vitii
1629 533 1685 568 esse
1709 532 1832 575 aliquid
1854 535 1887 566 in
1898 534 2119 568 musculoAb-

1119 549 1254 612 duetore
1275 576 1408 611 dextero
1432 577 1614 618 videretur,
1637 576 1728 620 cujus
1752 577 1832 610 vires
1854 575 2120 611 Adduetoiafini-

1122 622 1185 656 stro
1209 632 1272 654 non
1296 620 1430 653 omnino
1452 632 1491 654 ex
1502 633 1594 664 aequo
1608 618 1853 663 responderent,
1876 619 1978 654 visum
1992 630 2120 662 quoque

1122 666 1164 699 est
1185 663 1271 698 idem
1294 662 1412 697 vitium
1435 666 1467 696 in
1493 663 1681 707 Depressore
1691 665 1842 706 proximo
1852 662 1983 696 dextero
1993 663 2041 696 vel
2057 674 2123 696 ma-

1124 712 1172 751 gis
1195 708 1253 742 effe
1273 707 1534 750 conjiciendum,
1560 707 1681 740 scilicet
1705 716 1741 740 ut
1763 706 1937 750 deprimere
1948 704 2124 747 nonposset

1126 752 1257 785 oculum
1280 762 1368 794 aeque
1391 762 1425 784 ac
1449 749 1620 793 Deprcssor
1643 749 1783 789 sinister,
1810 750 2124 792 cumalioquini-eli-

1127 796 1185 838 qui
1208 794 1377 829 oculorum
1400 793 1535 828 musculi
1559 792 1754 827 naturalibus
1779 794 1935 836 pollentes
1968 792 2088 826 viribus
2111 814 2126 833 ,

1126 848 1297 881 utrumque
1321 838 1486 880 :equaliter
1511 840 1543 872 &
1565 845 1786 871 converterent
1818 836 2029 870 sinistrorsum
2047 859 2056 874 ,
2092 839 2125 869 δε

1129 880 1249 915 sursum
1272 891 1459 921 moverent,
1482 879 1585 923 sicque
1608 881 1790 914 litterarum
1802 879 2128 923 singularumimagi-

1127 936 1181 958 nes
1201 925 1235 957 in
1258 925 1298 957 iis
1321 927 1525 967 pingerentur
1549 926 1583 957 in
1605 924 1722 967 quibus
1745 923 1909 964 solebant,
1932 922 2027 965 liujus
2050 945 2061 962 ,
2094 925 2129 956 &

1129 968 1220 1002 illius
1245 968 1370 1003 Retinae
1394 967 1561 1011 partibus,·
1583 968 1616 1000 in
1641 968 1701 1000 alia
1725 976 1829 1001 antem
1839 967 1968 1001 alterius
1979 967 2130 1006 Retinae,

1129 1009 1154 1044 si
1179 1010 1405 1051 dextrorsum,
1431 1009 1615 1045 deorsumve
1630 1034 1641 1051 ‚
1666 1010 2021 1054 quippeinaequalitcr,
2041 1009 2128 1044 oculi

1126 1063 1319 1097 agei-cutum
1343 1053 1426 1088 unde
1449 1055 1564 1087 litterae
1588 1053 1673 1096 quasi
1695 1055 1890 1096 geminatae,
1908 1054 1975 1086 aliae
1999 1054 2069 1088 aliis
2079 1055 2131 1086 vi-

1131 1098 1279 1132 derentur
1303 1096 1481 1139 impositae.
1509 1098 1626 1129 Levem
1651 1098 1753 1138 igitur
1777 1096 1945 1139 pai-alyfim
1966 1121 1975 1136 ,
2009 1096 2131 1130 scilicet

1130 1151 1196 1174 non
1219 1141 1418 1183 graviorem,
1442 1151 1537 1182 quam
1561 1151 1631 1182 quae
1656 1139 1695 1173 ad
1718 1140 1832 1173 leviter
1855 1139 2043 1182 inaequalem
2062 1151 2135 1173 rno-

1131 1194 1202 1218 tum
1226 1182 1470 1226 intelligendum
1495 1183 1569 1216 satis
1595 1181 1691 1223 esset,
1713 1182 1880 1217 induobus
1891 1183 2041 1218 musculis
2052 1193 2133 1216 con-

1130 1227 1301 1271 jiciebam3
1326 1229 1358 1259 in
1382 1237 1491 1260 neutra
1515 1228 1599 1260 enim
1609 1228 1727 1261 Retina
1740 1235 1909 1270 poteram,
1930 1238 2004 1260 cum
2017 1225 2135 1266 singuli

1131 1272 1219 1305 oculi
1244 1273 1277 1304 in
1289 1281 1496 1313 quancunque
1510 1270 1635 1313 plagam
1646 1279 1867 1311 verterentur,
1891 1264 2136 1313 egregieviden-

1132 1324 1200 1353 tes,
1226 1316 1348 1357 egregie
1372 1313 1401 1346 se
1424 1313 1540 1349 habere
1563 1325 1672 1347 omnes
1695 1313 2000 1356 utriusqueillarum
2011 1322 2135 1356 partes,

1132 1358 1280 1401 praeclare
1301 1356 1524 1392 ostenderent,
1547 1357 1717 1400 Paralyfim
1734 1366 1838 1391 autem
1850 1381 1862 1398 ,
1884 1355 2135 1391 velConvulsio-

1130 1413 1205 1435 nem
1217 1413 1292 1435 cum
1304 1413 1343 1434 ex
1366 1402 1534 1443 repentino
1550 1399 1678 1436 affectus
1692 1399 1787 1443 hujus
1798 1400 1934 1435 adventu
1943 1401 2071 1443 culpare
2082 1400 2142 1434 de-

1131 1445 1259 1484 berem3
1284 1443 1453 1488 paralysim
1477 1445 1585 1490 potius
1609 1443 1685 1481 esse,
1707 1443 1830 1478 credidi
1855 1444 1899 1478 ob
1923 1444 2049 1479 nullum
2079 1443 2140 1478 ad-

1129 1487 1283 1530 J‘unCtum
1306 1488 1473 1522 molestum
1495 1487 1641 1528 sensum,
1665 1488 1846 1531 nullamque
1869 1489 1974 1521 motui
1990 1488 2040 1521 cui
2065 1498 2144 1523 uam

1132 1532 1222 1567 oculi
1247 1529 1477 1576 resistentiam:
1501 1531 1644 1574 quibus,
1668 1531 1801 1575 aliisque
1824 1530 1983 1574 ejusmodi
2006 1532 2039 1564 in
2066 1531 2140 1564 iciis

1130 1576 1182 1609 uti
1209 1574 1356 1609 consuevi
1379 1575 1419 1609 ad
1441 1574 1512 1607 illas
1536 1575 1569 1607 in
1593 1574 1645 1609 his
1658 1598 1670 1614 ‚
1693 1583 1747 1608 aut
1771 1576 1844 1608 aliis
1865 1574 2009 1618 partibus
2041 1575 2141 1608 int-ei·-

1128 1618 1323 1655 noscendas‚
1350 1616 1625 1661 quemadmodum
1647 1629 1686 1651 eo
1709 1629 1860 1662 quoque,
1885 1619 1939 1652 cui
1963 1620 1996 1652 in
2020 1619 2141 1652 recenti

1128 1661 1194 1696 hoc
1215 1659 1334 1695 affeetu
1356 1662 1446 1694 locus
1468 1659 1524 1694 ess‘e
1548 1672 1610 1694 non
1626 1670 1777 1705 poterat,
1800 1663 1955 1696 nimirum
1978 1660 2144 1697 diuturni-

1130 1713 1198 1739 tate
1212 1728 1222 1744 ,
1243 1708 1276 1738 &
1298 1703 1490 1738 difficultate
1513 1707 1712 1748 curationis,
1735 1717 1805 1748 quae
1830 1707 2015 1750 plerumque
2037 1706 2072 1739 in
2087 1717 2142 1747 pa-

1130 1747 1225 1790 ralyfi
1247 1759 1345 1792 quam
1367 1749 1401 1783 in
1424 1747 1631 1784 convulsione
1646 1772 1659 1790 ‚
1683 1749 1754 1784 sunt
1777 1748 1911 1791 majores
1926 1775 1935 1782 .
2071 1750 2138 1783 Ac-

1129 1790 1213 1825 cidit
1235 1793 1333 1824 etiam
1356 1791 1388 1826 id
1411 1791 1502 1835 quod
1527 1791 1700 1835 aliquando
1722 1794 1854 1834 inveni,
1876 1803 1913 1829 ut
1936 1793 2022 1828 oculi
2055 1792 2143 1827 mus-

1130 1835 1221 1869 culus
1245 1836 1361 1878 aliquis
1385 1836 1430 1868 ita
1453 1847 1527 1868 cuni
1551 1837 1701 1878 proxima
1739 1837 1905 1871 immobili
1940 1845 2028 1880 parte
2068 1848 2143 1870 coa-

1125 1878 1249 1922 lescat,
1272 1889 1308 1912 ut
1334 1877 1400 1921 ipse
1423 1890 1552 1922 quoque
1578 1879 1759 1916 immobilis
1783 1879 1838 1914 fiat
1852 1904 1859 1912 .
1873 1880 2056 1914 Verumhae
2067 1881 2144 1924 plu-

1130 1934 1203 1963 res,
1226 1925 1409 1964 variaeque,
1431 1921 1468 1956 de
1492 1923 1609 1965 quibus
1632 1923 1675 1958 est
1696 1923 1822 1960 dictum
1838 1948 1851 1965 ,
1874 1934 2009 1958 externae
2040 1923 2145 1960 causae

1134 1976 1246 1999 omnes
1270 1964 1454 1999 adventitiae
1478 1965 1567 2000 sunt.
1592 1966 1713 2010 Qd?
1735 1967 1758 2002 si
1781 1968 1819 2001 ab
1840 1976 1933 2002 utero
1955 1969 2073 2011 aliquis
2097 1968 2144 2001 al-

1133 2010 1292 2044 terutrius
1314 2010 1403 2057 oculi
1427 2009 1585 2045 musculus
1608 2009 1647 2045 sit
1671 2010 1823 2053 brevior,
1846 2021 1901 2047 aut
1925 2011 2144 2055 longior;va-

1130 2051 1253 2092 lidior,
1277 2062 1330 2086 aut
1343 2054 1527 2093 innrmi0r;
1547 2054 1753 2097 expeditior,
1776 2065 1829 2090 aut
1841 2054 2034 2099 impeditior
2049 2067 2154 2099 quarm

1129 2094 1192 2138 ipsi
1215 2097 1405 2144 conveniat.
1429 2097 1549 2130 Nonne
1572 2110 1631 2142 pro
1655 2097 1795 2142 majori,
1820 2110 1874 2134 aut
1912 2100 2031 2134 minori
2063 2097 2146 2142 ejus-

1132 2137 1226 2175 modi
1250 2140 1336 2172 vitio
1359 2137 1518 2174 strabones
1528 2164 1540 2181 ‚
1564 2152 1616 2176 aut
1634 2145 1708 2185 paeti
1722 2142 1914 2178 nascentur?
2042 2144 2148 2181 Haec,

1133 2190 1173 2230 ut
1197 2181 1304 2232 nosti,
1328 2193 1402 2216 cum
1426 2193 1515 2217 antea
1538 2184 1577 2218 ad
1591 2195 1620 2218 te
1635 2186 1841 2229 scripsissem3
1856 2186 2044 2231 prodiitCl.
2061 2185 2147 2221 Buf-

1135 2226 1223 2260 1onii
1246 2228 1529 2261 Commentarium
1552 2231 1636 2269 (o),
1660 2231 1701 2263 iis
1724 2229 1895 2266 subnixum
1917 2231 2147 2272 experimentis

1138 2266 1177 2301 ad
1202 2268 1370 2303 Strabismi
1392 2271 1540 2311 causam,
1564 2276 1595 2305 ὅ(
1622 2271 1751 2307 facilem
1775 2273 1853 2317 saepe
1864 2274 2062 2308 curationem
2076 2273 2146 2317 spe-

1135 2357 1240 2401 magis
1262 2357 1428 2390 communi
1452 2357 1670 2395 adversentur.
1698 2362 1729 2395 Si
1753 2363 1816 2396 tibi
1840 2374 1909 2405 quae
1932 2363 2014 2399 deest
2036 2349 2145 2407 mihi}

1134 2410 1172 2430 ea
1196 2402 1283 2448 torte
1304 2402 1399 2443 copia
1423 2400 1607 2436 strabonum
1631 2404 1696 2446 est,
1720 2414 1756 2438 ut
1787 2404 1857 2447 eius
1889 2407 1982 2448 poffis
2015 2410 2144 2452 experi-

1134 2451 1245 2475 menta
1268 2452 1406 2481 iterare,
1431 2444 1518 2487 quod
1540 2449 1715 2489 experienti
1740 2449 1967 2491 respondebit,
1991 2451 2025 2485 id
2038 2451 2144 2496 seque-

1132 2496 1187 2518 re.
1212 2487 1274 2518 Fac
1298 2495 1402 2521 tamen
1415 2487 1679 2533 animadvertas,
1701 2491 1738 2524 de
1763 2492 1939 2526 Strabismo
1961 2495 2094 2535 innam,
2109 2500 2142 2532 ὅ(

1129 2529 1176 2562 ab
1197 2529 1321 2580 interna
1343 2532 1435 2576 causa
1457 2541 1532 2564 orto
1547 2532 1651 2575 ipsum
1661 2535 1974 2579 magisquaefiviffe,
1998 2540 2142 2582 quamde

1131 2571 1341 2622 adventitio,
1364 2584 1455 2621 cujus
1482 2584 1617 2611 externae
1641 2590 1711 2620 quae
1734 2579 1794 2612 sint
1817 2580 1939 2622 caulae,
1962 2581 2017 2615 hie
2050 2595 2066 2617 a
2090 2595 2141 2617 me

1130 2626 1294 2666 praecrpue
1318 2620 1485 2661 quaesitum
1508 2618 1573 2660 est,
1596 2631 1633 2654 ne
1656 2622 1726 2666 ipso
1749 2623 1905 2667 quidem,
1928 2624 1949 2658 si
1972 2627 2054 2661 κᾶε
2073 2639 2141 2662 me-

1126 2670 1215 2693 mini
1228 2682 1239 2698 ,
1263 2671 1478 2704 repugnante.

1176 2714 1228 2735 21.
1253 2706 1438 2755 Antequam
1463 2706 1499 2740 de
1523 2709 1760 2753 Lacrymalium
1783 2713 1907 2747 viarum
1919 2715 2042 2749 morbis
2055 2725 2138 2752 nona

1131 2747 1227 2781 nulla
1251 2758 1433 2799 attingam,
1458 2762 1586 2798 :equum
1610 2754 1654 2788 est
1675 2753 1714 2787 de
1737 2756 1993 2792 inflammatione
2027 2759 2138 2797 saltem

1133 2791 1270 2824 Corneae
1288 2801 1411 2842 ,tunlcae
1425 2816 1434 2831 s
1457 2795 1588 2838 aliilque
1610 2797 1676 2839 ejus
1699 2799 1791 2832 vitiis
1802 2800 1946 2842 quaedam
1961 2801 2139 2848 subjicere,

1121 2834 1262 2878 quando
1284 2845 1481 2871 internarum
1504 2841 1590 2874 oculi
1615 2840 1911 2879 inflammationum
1923 2845 2025 2881 nullas
2036 2849 2073 2881 in·
2083 2850 2139 2882 Se-

1130 2878 1520 2926 pulchretoanatomicas
1535 2882 1769 2919 observationes
1779 2885 1833 2919 hic
1852 2886 1966 2929 video,
1989 2900 2046 2925 nec
2069 2891 2137 2935 ipse

1129 2920 1230 2970 habeo
1240 2934 1251 2960 3
1263 2923 1320 2955 nisi
1332 2924 1421 2967 quod
1433 2927 1565 2959 memini
1578 2927 1611 2959 in
1625 2937 1700 2961 cane
1711 2940 1796 2963 caeco
1807 2931 1961 2965 Retinam
1971 2933 2072 2975 ipsam
2084 2936 2135 2968 vi-

1123 2962 1203 3014 disse
1212 2964 1438 3014 sanguineam,
1462 2971 1494 3001 δε
1511 2967 1610 3002 ferme
1620 2971 1853 3014 nigricantem,
1874 2984 1911 3008 ut
1932 2984 2030 3011 tanto·
2050 2977 2133 3012 faci-

1122 3007 1192 3057 lius
1213 3009 1394 3058 intelligam
1418 3012 1497 3053 quid
1520 3013 1611 3055 poffit
1623 3015 1761 3049 accidere
1786 3016 1979 3061 Choroidi,
2002 3033 2073 3065 quae
2091 3022 2135 3056 ob

1124 3051 1347 3102 incredibilem
1361 3052 1507 3088 vasorum
1519 3057 1764 3093 multitudinem
1777 3060 1859 3095 mihi
1885 3063 2047 3099 interdum
2066 3070 2134 3108 (p)

1120 3096 1170 3144 vel
1182 3106 1215 3128 in
1230 3095 1311 3130 sanis
1321 3097 1423 3147 oculi-s
1436 3101 1581 3141 apparuit
1591 3100 1849 3147 sanguinolenta,
1860 3105 1973 3150 illique
1983 3107 2049 3150 ejus
2061 3120 2133 3152 par-

1119 3146 1147 3170 ti
1159 3150 1230 3188 quae
1245 3140 1332 3172 Uvea
1347 3139 1479 3180 dicitur,
1493 3143 1531 3176 cle
1544 3155 1633 3187 cujus
1647 3146 1912 3183 inflammationis
1931 3153 1961 3183 &
1972 3149 2087 3192 signis,
2097 3155 2132 3186 δε

1121 3182 1311 3232 peric-ulo&
1323 3186 1488 3218 curatione
1496 3188 1647 3229 multa‚ut
1658 3189 1904 3234 solebat,paucis
1913 3192 2025 3227 docuit
2034 3195 2132 3229 Boet-

1118 3224 1250 3259 haavius
1261 3229 1309 3268 (q)
1321 3250 1328 3258 .
1341 3226 1400 3260 Sed
1411 3239 1470 3262 nos
1482 3230 1515 3263 in
1524 3233 1656 3266 Corneae
1669 3234 1978 3269 inflammationibus
1987 3236 2130 3273 subsista-

1116 3280 1208 3318 τηυξ.
1229 3270 1375 3304 Quarum
1386 3271 1485 3305 causae
1529 3277 1650 3309 uari-ivis
1661 3276 1740 3319 saepe
1758 3277 1999 3321 inspicientium
2022 3283 2127 3318 oculis

1116 3312 1223 3363 obviae
1235 3311 1308 3352 fint5
1323 3324 1426 3361 tamen
1440 3287 1557 3352 accidit
1578 3330 1805 3363 nonnunquam
1824 3330 1861 3355 ut
1883 3333 1943 3365 pro
1961 3322 2126 3360 effeetibus

1119 3366 1320 3399 accipiantur
1334 3381 1341 3389 .
1354 3360 1458 3408 Cujus
1471 3364 1512 3394 rei
1526 3362 1591 3395 duo
1601 3385 1610 3399 ,
1624 3376 1639 3396 a
1651 3374 1698 3396 me
1712 3363 1774 3396 visa
1786 3386 1799 3403 ‚
1817 3376 1994 3408 proponam
2019 3380 2126 3403 exem-

1120 3400 1172 3442 pla
1183 3423 1196 3440 ,
1207 3400 1341 3434 alterum
1353 3413 1387 3435 in
1397 3404 1514 3438 Nobili
1528 3407 1782 3446 Viro,alterum
1799 3409 1833 3441 in
1845 3409 2005 3444 Molitore
2019 3437 2027 3445 .
2047 3413 2126 3446 Hoc

1121 3441 1220 3493 adme
1231 3443 1368 3495 adducto
1380 3467 1390 3483 ‚
1416 3456 1453 3480 ut
1462 3448 1541 3491 quid
1552 3450 1625 3483 vitii
1636 3450 1670 3482 in
1682 3451 1805 3483 Cornea
1819 3463 1858 3486 ex
1868 3455 1956 3495 gravi
1967 3452 2125 3497 ophthal-

1119 3497 1184 3520 mia
1195 3498 1277 3521 oriri
1289 3499 1465 3531 inciperet,
1480 3492 1667 3533 edocerem;
1688 3494 1722 3526 in
1743 3494 1834 3529 illius
1844 3496 1952 3530 medio
1972 3498 2123 3541 exiguam

1121 3531 1279 3581 maculam
1300 3533 1510 3569 animadverti
1534 3537 1649 3571 circuli
1673 3536 1802 3580 forma,
1825 3539 1964 3574 albidam
1994 3541 2031 3576 ad
2055 3554 2124 3577 am-

1118 3574 1238 3623 bitum,
1248 3577 1280 3626 in
1295 3585 1407 3609 centro
1418 3577 1598 3622 subnigram
1611 3604 1618 3611 .
1633 3582 1719 3615 Cum
1729 3581 1902 3617 sciscitarer
1912 3607 1925 3624 ,
1935 3584 2014 3627 quid
2024 3587 2125 3621 causae

1119 3616 1252 3652 dedisset
1268 3621 1517 3655 inflammationi
1531 3646 1542 3663 ‚
1566 3624 1632 3665 ipse
1645 3635 1749 3659 autem
1760 3625 1943 3662 inchoatam
1955 3625 2073 3663 diceret
2084 3642 2125 3665 ex

1642 3670 1677 3700 O
2015 3685 2081 3715 quo

67 3730 2132 3752 ῌῂ--ἭἫ

223 3774 251 3798 Di
272 3780 315 3798 ert.
333 3774 362 3799 de
379 3776 494 3806 Mydriafi
509 3791 514 3804 ‚
532 3777 553 3798 8ι
569 3774 627 3799 Diff.
643 3775 672 3799 de
687 3775 805 3804 synechia
821 3778 866 3801 lte.

128 3774 294 3836 sfssMessn.
312 3804 340 3831 d·
356 3806 459 3834 l’Aead.
475 3810 506 3832 R.
522 3806 564 3832 du
580 3807 619 3832 Se.
636 3806 666 3830 λ.
685 3812 749 3836 1745.

810 3807 819 3837 ‹
833 3814 852 3837 ρ
865 3807 879 3836 )
890 3774 1138 3836 -νιὲἶέρῖἰῗὶὶῗςάῑ
1155 3788 1275 3841 ἓξιέἔς

1337 3780 1347 3809 (
1364 3790 1387 3806 m
1405 3781 1414 3811 )
1431 3782 1485 3808 Vid.
1502 3785 1575 3818 een-t.
1586 3794 1605 3815 ς.
1625 3783 1684 3809 obs.
1696 3783 1714 3808 ι’.
1776 3785 1790 3815 (
1806 3794 1822 3810 n
1837 3782 1852 3815 2
1867 3785 1927 3811 obs,
1944 3793 1982 3817 ³7·

1336 3812 1353 3843 ί
1367 3821 1382 3844 ς
1397 3813 1407 3844 )
1425 3813 1532 3842 Prnlest.
1550 3821 1575 3840 in
1593 3815 1674 3842 lnssit.
1693 3814 1716 3846 5.
1733 3816 1789 3846 841.
