2498 4075
474 160 569 226 184

411 248 484 279 quae
505 241 650 274 attinent
673 239 709 274 ad
734 239 873 283 prolapsi
897 239 930 274 in
962 238 1103 272 scrotum
1127 237 1271 271 intestini
1295 235 1415 276 repnsi-

408 285 555 322 tionem,
580 293 614 317 ut
639 284 713 317 satis
736 293 816 317 ame
839 283 901 316 tibi
926 283 1005 318 fiat,
1029 281 1210 323 quaerenti,
1232 291 1309 314 num
1334 279 1414 312 Val-

409 325 493 360 salva
517 339 533 359 a
556 326 727 368 clysterum
753 327 811 361 usu
836 337 912 360 tunc
946 324 1133 358 abhorreret
1160 322 1174 357 ?
1207 324 1268 362 Ille
1303 333 1379 356 vero
1406 342 1416 358 ‚

409 369 498 411 quod
520 380 560 402 ex
585 368 704 411 scripto
727 381 857 412 quoque
890 369 961 411 ejus
993 366 1143 400 Consilio
1177 367 1380 415 intelligitur
1404 391 1414 405 ‚

408 412 520 445 sedulo
542 413 696 450 curabat,
723 423 758 446 ut
771 413 931 448 debebat,
955 422 993 444 ne
1011 411 1089 452 quid
1113 412 1303 457 reponendis
1329 417 1414 441 inte-

406 454 496 488 stinis
520 454 685 492 obstaret,
710 458 778 488 imo
801 466 835 488 ut
849 455 977 491 omnia,
1003 465 1070 495 quo
1094 452 1132 486 ad
1157 464 1222 494 eJus
1246 452 1314 485 fieri
1341 449 1414 494 pos-

404 497 468 535 set,
496 498 652 534 redituris
674 500 706 531 in
723 507 865 531 ventrem
887 497 1055 530 cederent.
1082 498 1199 538 Itaque
1220 497 1281 529 ubi
1303 495 1415 529 hernia

404 539 538 572 mollior
563 542 732 584 aliquanto
757 540 840 574 faeta
863 540 960 581 esset,
983 538 1073 583 quod
1097 539 1233 572 mataxis
1258 538 1414 581 appofitis

403 584 495 616 crudi
518 582 568 616 fili
593 584 759 626 praestabat
774 609 781 623 ,
804 584 907 617 calida
933 582 1196 626 permadentibus
1219 582 1253 615 in
1275 593 1339 630 qua
1353 582 1414 615 flo-

404 637 452 659 res
478 625 701 666 charnaemeli‚
727 631 757 660 &
781 628 942 663 meliloti,
969 625 1087 659 semina
1113 635 1223 658 autern
1257 626 1344 663 lim,
1379 627 1412 657 &

408 668 491 703 foeni·
515 672 612 712 graec‘i
646 671 774 704 §meaa
798 670 896 704 essent
915 692 925 707 ‚
949 680 1064 711 quarta
1087 680 1213 710 quaque
1236 667 1316 704 hora
1341 679 1413 701 mu-

406 713 514 746 tandis
538 718 547 752 (
572 713 613 746 sic
637 715 723 747 enim
747 723 826 747 tunc
850 714 1007 747 Bononiae
1032 711 1202 748 solebant,
1227 711 1339 754 saepius
1363 722 1411 743 ta-

405 767 475 790 men
500 758 635 791 mataxis
660 758 777 790 lixivio
799 758 959 793 imbutis;
983 754 1038 789 hic
1061 755 1204 798 spongiis
1228 764 1364 789 utuntur
1375 756 1409 787 in

403 800 559 833 calentem
585 807 746 835 amurcam
769 799 954 841 demersis)
989 808 1067 834 tunc
1103 798 1329 845 intestinorum
1361 810 1411 832 re-

405 842 598 885 positionem
623 843 739 877 blanda
763 854 860 877 manu
887 841 1082 876 moliebatur
1104 865 1115 880 ‚
1151 842 1260 884 jeJuno
1293 853 1380 883 aegro
1404 866 1413 880 ,

402 897 506 928 neque
530 887 596 919 alio
619 884 715 928 hujus
739 888 885 928 corporis
907 885 969 919 fitu
988 911 996 925 ‚
1018 897 1116 928 quam
1138 897 1177 919 eo
1211 896 1307 927 quem
1331 907 1341 922 ‚
1376 893 1412 918 ut

402 931 436 962 in
463 940 551 961 more
572 929 643 969 est,
666 929 730 971 jam
754 930 829 964 inde
852 941 869 963 a
892 930 1055 972 principio
1079 928 1258 972 imperabat
1283 954 1293 969 ‚
1329 938 1411 963 tem-

401 983 460 1014 pus
484 971 612 1014 insuper
635 973 824 1015 impellendi
847 972 1023 1006 observans
1047 984 1115 1016 quo
1138 970 1237 1016 jussus
1260 983 1410 1013 aegerex-

401 1017 609 1057 spirationem
634 1017 763 1058 longius
801 1016 1025 1059 producebat.
1067 1017 1235 1059 Sanguinis
1268 1025 1374 1049 autem
1396 1037 1409 1055 ,

399 1059 574 1101 praesertim
598 1059 653 1092 ubi
677 1058 774 1100 huju-s
801 1061 901 1093 nimia
925 1061 1019 1101 copia
1045 1061 1117 1102 esset
1133 1084 1144 1101 ,
1171 1058 1330 1093 miffiones
1353 1070 1408 1090 an.

401 1113 452 1135 tea
476 1112 694 1144 praeceperat‚
718 1115 792 1137 cum
809 1103 962 1137 consueta
977 1104 1062 1144 alia,
1086 1106 1119 1137 in
1142 1103 1261 1146 quibus
1283 1104 1315 1134 &
1338 1102 1409 1144 cly-

404 1146 500 1179 steres
524 1147 699 1189 intelligo,
722 1148 842 1180 auxilia
878 1148 1084 1186 laudaverat,
1108 1149 1138 1179 δε
1174 1157 1307 1188 parcum
1339 1155 1411 1178 tum

404 1188 527 1231 semper
538 1190 604 1223 cibi
620 1215 629 1227 ,
654 1190 817 1232 potusque
841 1190 949 1227 usum,
979 1192 1020 1223 iis
1043 1201 1115 1231 quae
1137 1189 1229 1224 flatus
1252 1190 1412 1231 gignunt,

401 1233 533 1271 vitatis,
556 1232 594 1266 ad
619 1233 685 1266 haec
712 1231 873 1274 jusculum
897 1235 1065 1268 emolliens
1092 1244 1206 1273 mane,
1239 1234 1271 1264 <Sc
1312 1233 1378 1264 sero
1403 1255 1412 1271 ‚

398 1277 509 1308 oleum
535 1285 640 1310 autem
665 1287 704 1309 ex
715 1277 866 1312 dulcibus
879 1277 1058 1320 amygdalis
1082 1287 1189 1309 recens
1213 1275 1413 1317 expressum,

397 1319 539 1352 interdiu
564 1331 600 1352 ex
625 1318 791 1354 cochleari
816 1333 870 1364 per
902 1322 988 1355 vices
1013 1320 1204 1353 sumendum
1226 1318 1267 1351 sic
1301 1327 1337 1351 ut
1372 1329 1410 1350 ne

395 1364 468 1405 plus
491 1361 614 1395 duabus
638 1365 744 1398 unciis
768 1365 918 1406 quotidie
949 1363 1171 1396 absumeretur
1195 1388 1202 1395 .
1240 1360 1410 1404 Postquam

395 1405 546 1440 intestina
558 1407 762 1448 reposuerats
788 1420 824 1441 nc
849 1407 934 1441 forte
947 1408 1188 1447 relaberentur,
1211 1405 1324 1438 eodem
1339 1417 1411 1439 cor-

396 1452 487 1492 poris
510 1452 643 1492 positu,
667 1461 809 1492 aptoque
833 1451 988 1492 subligari
1012 1450 1169 1488 cavebat,
1194 1449 1231 1482 ad
1255 1449 1341 1491 quod
1362 1449 1408 1481 as·

395 1493 505 1527 sutum
530 1491 666 1528 frustum
692 1492 767 1528 esset
790 1495 898 1527 mollis
912 1495 1076 1536 spongiae,
1100 1503 1165 1525 tres
1188 1493 1311 1533 digitos
1334 1493 1406 1525 lon—

393 1548 494 1583 gum,
516 1537 658 1571 totidem
681 1538 782 1571 latum
799 1560 808 1574 ‚
834 1548 935 1571 unum
958 1537 1115 1570 crassum.
1141 1536 1214 1568 Ubi
1240 1547 1314 1569 veto
1351 1547 1405 1576 per

394 1581 565 1615 intervalla
589 1592 623 1614 re
648 1581 761 1623 saepius
774 1590 921 1618 tentata,
946 1579 1102 1623 repositio
1116 1591 1181 1612 non
1203 1579 1405 1626 succederet.

393 1636 452 1659 nec
476 1624 585 1667 gravia
612 1625 745 1657 interim
759 1623 978 1666 symptomata
1003 1623 1089 1657 aliud
1101 1633 1212 1664 capere.
1235 1624 1406 1656 consilium

392 1676 548 1711 cogerent
564 1693 573 1707 ‚
594 1666 664 1709 ipse
686 1667 820 1710 quidem
845 1667 955 1709 potius
979 1678 1076 1709 quam
1101 1664 1256 1700 incassum
1289 1677 1407 1699 vexan-

392 1712 436 1746 do
460 1710 761 1744 inflammationem
775 1713 918 1747 crearet,
942 1720 1012 1742 tum
1038 1711 1161 1746 vitare,
1188 1719 1258 1742 tum
1283 1708 1405 1743 servare

394 1766 519 1797 aegrum
543 1754 675 1797 jubebat
699 1764 812 1787 caetera
835 1755 945 1786 omnia
970 1752 1153 1794 quae-diCta
1178 1751 1251 1784 sunt
1264 1752 1326 1785 five
1350 1764 1405 1786 ex-

392 1800 520 1839 terius,
543 1797 606 1832 sive
631 1795 766 1831 interius
790 1797 961 1830 molliendi
982 1796 1075 1829 causa
1099 1796 1132 1826 in
1157 1795 1248 1828 usum
1274 1794 1405 1828 trahen-

377 1842 433 1885 ‚da
451 1868 460 1883 ‚
485 1841 536 1876 sed
561 1853 636 1875 cum
655 1843 696 1874 iis
720 1840 899 1883 praesertim
923 1841 1021 1873 toties
1045 1839 1246 1872 inculcatum
1271 1838 1405 1873 decubi-

394 1898 447 1920 ως
483 1885 619 1919 modum
642 1907 649 1917 .
685 1884 716 1916 id
741 1885 782 1918 est
805 1893 841 1917 ut
866 1884 963 1916 altior
987 1882 1061 1915 effet
1086 1882 1183 1923 pubes
1207 1893 1303 1924 quam
1329 1883 1404 1915 reli-

394 1942 480 1971 quus
503 1938 640 1965 venter·‚
666 1928 706 1960 sic
729 1929 815 1961 enirn
842 1939 897 1969 per
919 1927 948 1960 se
971 1935 1120 1958 naturam
1145 1926 1311 1972 interdum
1338 1937 1404 1958 rem

394 1974 559 2007 absolvere
575 1997 583 2004 .
610 1972 773 2004 Contraxi
798 1971 861 2004 tibi
884 1972 918 2003 in
943 1970 1101 2002 summam
1133 1969 1315 2001 Consilium
1352 1978 1404 2001 to-

395 2030 487 2055 tum,
513 2027 577 2049 non
602 2014 690 2057 quod
712 2015 864 2056 pleraque
886 2024 952 2047 non
977 2012 1039 2056 finnt
1072 2013 1224 2045 omnibus
1257 2023 1405 2045 commu-

393 2063 474 2100 nia;
496 2061 565 2093 imo
589 2068 755 2102 propterea
780 2056 869 2100 quod
894 2057 985 2094 sunt,
1010 2066 1046 2089 ut
1082 2056 1175 2097 plane
1207 2055 1369 2097 intelligas
1392 2076 1403 2093 ‚

394 2117 471 2139 curn
495 2106 530 2137 in
553 2102 615 2136 hoc
638 2103 834 2135 conveniant
857 2099 944 2143 quod
969 2101 1055 2133 ratio
1077 2099 1221 2135 indicat,
1236 2108 1285 2131 *ne
1308 2096 1406 2140 quid-

392 2159 493 2193 quam
518 2149 551 2178 in
577 2154 686 2179 ventre
710 2145 747 2178 sit
767 2143 855 2186 quod
879 2144 1008 2180 obstet,
1030 2152 1131 2186 utque
1155 2144 1263 2175 omnia
1287 2142 1404 2185 cedant

394 2189 581 2231 regressuris
604 2189 781 2224 intestinis,
807 2188 941 2220 minime
974 2198 1145 2228 apparere,
1168 2196 1224 2218 cur
1246 2185 1351 2224 olim,
1374 2188 1404 2218 &

395 2230 504 2270 no'stro
528 2234 625 2267 etiarn
650 2241 795 2273 tempore
808 2231 908 2273 aliqui
934 2243 949 2263 a
969 2230 1159 2272 clysteribus
1183 2238 1261 2262 tunc
1286 2228 1405 2262 abhor-

397 2289 509 2317 reant,
533 2287 587 2319 per
612 2287 693 2318 quos
714 2276 783 2317 fine
797 2275 1006 2307 irritamento
1029 2272 1190 2316 quidquid
1215 2284 1248 2319 ea
1262 2274 1313 2306 via
1328 2282 1405 2316 pot-

395 2324 440 2357 est
463 2334 500 2355 cx
525 2320 684 2353 intestinis
711 2317 925 2351 subducatur.
947 2314 1038 2350 Nam
1071 2316 1159 2359 quod
1192 2325 1284 2358 ajunt
1306 2328 1318 2356 ,⁷
1352 2317 1404 2349 de-

389 2367 533 2411 scendere
557 2361 703 2405 clysteres
726 2362 764 2393 ad
779 2360 919 2402 scrotum
943 2384 951 2397 ‚
988 2364 1029 2393 (Γ
1051 2361 1171 2393 rarione
1191 2360 1335 2401 ponderis
1350 2358 1405 2408 siri

403 2409 547 2448 intestina
570 2406 671 2447 magis
695 2405 885 2445 deprimere,
909 2411 1002 2445 atque
1026 2402 1163 2436 herniam
1195 2413 1304 2444 augere
1326 2416 1335 2439 ς
1368 2403 1404 2436 1d

397 2455 507 2487 locum
531 2447 659 2483 fortasse
684 2448 813 2480 haberet
837 2447 895 2479 ubi
920 2447 1068 2486 proxima
1094 2445 1200 2478 Refflo
1225 2456 1296 2485 pars
1327 2447 1406 2478 Coli

398 2498 434 2530 in
458 2495 603 2528 scrotum
625 2490 734 2531 illapsa
747 2487 842 2525 esset.
866 2498 921 2522 aut
946 2490 1002 2521 ubi
1025 2487 1152 2520 inverso
1175 2488 1246 2529 jam
1263 2488 1406 2529 peristal-

399 2541 468 2573 tico
494 2547 610 2574 motu5
631 2535 740 2567 omnia
764 2544 801 2565 ex
828 2533 934 2564 Recto
958 2534 989 2563 in
1016 2533 1137 2573 reliqua
1173 2530 1322 2564 intestina
1357 2542 1407 2564 ra-

403 2591 576 2627 perentur.
601 2580 753 2617 Qorum
778 2584 929 2607 neutrum
957 2576 995 2607 ab
1018 2575 1056 2607 iis
1079 2575 1145 2608 dici
1170 2575 1271 2616 potest
1295 2597 1304 2611 ,
1340 2585 1404 2607 non

400 2628 569 2670 primum,
591 2623 668 2664 quia
692 2619 784 2652 colon
808 2629 878 2650 raro
903 2618 1029 2651 exirein
1054 2617 1217 2655 scrotum,
1242 2616 1406 2655 fatentur;

402 2682 467 2704 noo
493 2669 653 2705 alterum,
674 2664 750 2706 quia
776 2673 850 2695 cum
874 2659 940 2702 jam
960 2659 1084 2702 peffima
1113 2660 1324 2709 symptomata
1349 2663 1407 2705 su-

397 2712 620 2756 pervenerint3
645 2718 722 2742 tunc
743 2704 881 2748 denique
906 2703 1093 2746 clysteribus
1118 2705 1175 2747 ipsi
1200 2703 1329 2746 quidem
1358 2705 1405 2737 uti

404 2757 602 2799 permittunt
616 2777 623 2784 .
1367 2793 1373 2798 .

450 2810 500 2831 12.
526 2797 598 2830 Ubi
622 2806 698 2829 vero
723 2791 900 2828 adrferrum
920 2791 1110 2826 veniendum
1134 2791 1196 2829 est,
1218 2802 1279 2837 qua
1305 2792 1408 2833 potis-

399 2842 516 2878 fimum
543 2840 669 2876 ratione
693 2836 920 2875 utendarum,
943 2834 1203 2871 cumValsalva,
1226 2846 1407 2876 quusprae-

401 2889 496 2927 cipue
520 2883 596 2916 scire
609 2894 680 2915 aves
704 2880 987 2919 con-suetudinem,
1012 2879 1170 2920 scriptum
1195 2890 1258 2911 non
1271 2878 1407 2920 relique-

403 2933 469 2965 rit3
495 2927 578 2960 nihil
602 2928 645 2959 est
671 2925 793 2963 causae,
816 2934 873 2956 cur
898 2925 937 2956 iis
961 2934 1031 2965 quae
1056 2922 1132 2955 satis
1156 2921 1195 2954 ab
1229 2923 1301 2955 aliis
1339 2931 1406 2954 tra-

403 2974 489 3005 c‘tata
514 2971 587 3003 sunt
611 2995 620 3010 ‚
654 2969 863 3001 immoremur
887 2990 893 2998 .
928 2966 1099 2999 Nonnulla
1134 2965 1319 3010 dumtaxat⁴
1335 2977 1406 3007 quae

400 3016 494 3049 illius
516 3039 524 3053 ‚
561 3023 616 3046 aut
650 3013 727 3045 meis
764 3010 1004 3043 diffeRionibus
1029 3009 1214 3043 confirmari
1247 3008 1372 3049 possunt
1395 3031 1405 3047 ‚

405 3059 516 3102 paucis
540 3058 719 3097 attingam.
746 3055 788 3086 Et
813 3054 952 3095 primum
973 3065 1045 3095 quae
1080 3051 1268 3094 repositioni
1309 3053 1411 3084 maxi—

406 3114 457 3135 me
480 3100 654 3136 officiunt,
680 3097 801 3130 orificii
827 3097 942 3130 sacculi
977 3096 1127 3138 angustiae
1143 3120 1150 3133 ,
1172 3097 1203 3127 &
1237 3094 1374 3128 durities
1401 3117 1410 3132 ‚

402 3150 434 3178 ὅ(
459 3143 683 3187 prolapsorum
698 3149 750 3172 aut
777 3139 813 3172 ad
830 3140 1011 3176 sacculum,
1036 3149 1090 3173 aut
1115 3140 1197 3172 inter
1223 3139 1250 3171 se
1275 3140 1411 3171 annexio

403 3200 438 3224 ut
463 3185 859 3229 aliquando.‹iccurrerint
885 3183 997 3221 nobis,
1020 3192 1105 3216 certa
1143 3183 1210 3214 loca
1244 3180 1411 3215 ostendent

403 3232 627 3275 Epistolatum
653 3229 696 3261 V.
723 3231 775 3264 (n
797 3226 836 3266 )‚
864 3228 952 3273 XXl.
979 3231 988 3265 (
1013 3238 1028 3259 ο
1051 3230 1085 3266 ),
1112 3225 1272 3258 XXXIV.
1295 3227 1382 3274 (p.)
1400 3246 1409 3261 ,

404 3281 435 3310 ὃς
458 3273 552 3315 liujus
568 3283 696 3315 quoque
720 3270 974 3311 Epistolaeipsius
999 3272 1011 3307 (
1035 3281 1052 3311 q
1077 3274 1109 3307 ).
1248 3268 1409 3314 Mutatio-

404 3332 457 3354 nes
479 3317 592 3350 deinde
615 3326 693 3357 quas
716 3315 747 3345 in
774 3315 919 3355 partibus
943 3313 1136 3346 offendimus
1158 3322 1213 3346 aut
1237 3313 1319 3343 intra
1343 3313 1408 3344 lac-

404 3365 538 3401 culum„
563 3369 616 3392 aut
642 3369 739 3400 prope
774 3356 932 3394 saeculum
968 3357 1078 3397 positis
1100 3378 1109 3393 ‚
1143 3354 1373 3388 animadvertes
1399 3379 1406 3388 .

405 3411 443 3441 In
467 3408 516 3439 his
551 3405 759 3436 adnotatione
781 3400 923 3431 maxime
947 3400 1080 3441 dignum
1106 3400 1149 3432 est
1173 3399 1258 3440 quod
1283 3397 1409 3429 Vaisal-

405 3463 446 3483 νε,
468 3448 550 3481 vidit
566 3468 575 3483 ‚
600 3455 635 3478 ut
659 3442 802 3486 Epistola
827 3442 922 3475 habes
949 3444 991 3475 ll.
1018 3446 1028 3480 (
1053 3453 1068 3473 r
1089 3445 1125 3481 ),
1149 3442 1236 3474 testis
1261 3441 1408 3487 videlicet

404 3495 449 3526 ob
474 3501 613 3525 veterem
629 3511 637 3525 ‚
664 3499 698 3519 Ut
724 3485 871 3523 videtur,
897 3486 1126 3528 epiplocelem‚
1150 3488 1184 3518 in
1203 3484 1328 3528 Juvene
1354 3486 1408 3515 sn·-

986 154 1140 211 Liber
1171 157 1260 210 111.
1298 161 1375 211 De
1411 156 1617 210 Morbis
1651 152 1866 210 Ventris

1466 243 1517 267 ma
1553 232 1700 275 alioquin
1724 233 1915 268 valetudine
1937 231 2014 270 uso,
2041 233 2074 266 δε
2103 237 2204 265 annos
2236 238 2312 263 nato
2344 235 2473 272 circiter

1466 277 1589 319 viginti
1614 279 1718 316 duos,
1740 287 1828 311 totus
1851 275 2158 310 inmembranosum
2170 283 2283 315 corpus
2307 286 2472 316 mutatur.

1467 322 1565 361 Leges
1587 319 1718 360 quidem
1751 321 1784 353 in
1820 319 2032 362 Sepulchreto
2063 318 2121 360 (s
2133 321 2147 357 )
2189 317 2276 349 testes
2308 322 2431 363 exiguos
2454 350 2466 365 ,

1466 361 1642 405 compressos
1656 386 1665 399 ,
1684 361 1909 405 flavescentes,
1933 364 2020 395 nucis
2040 361 2200 404 moschatae
2223 362 2485 403 magnitudinem>

1465 408 1524 439 vix
1545 413 1699 447 aequantes
1721 418 1794 441 cum
1811 406 1920 439 hernia
1936 408 2108 445 inventos,
2132 403 2181 437 sed
2207 414 2317 444 magna
2333 429 2342 443 ,
2369 421 2469 450 oeque

1468 461 1506 481 ex
1529 458 1661 481 omento
1684 449 1806 489 solum,
1830 449 1880 482 sed
1905 462 1943 484 ex
1966 448 2145 482 mesenterii
2170 457 2320 489 quoque,
2353 452 2383 482 8<
2406 451 2468 485 Ilei

1467 491 1612 525 intestini
1645 504 1708 526 non
1744 493 1900 527 mediocri
1936 495 2084 534 portione
2116 491 2197 525 faeta
2220 513 2229 527 ,
2264 501 2362 534 eaque
2395 505 2468 529 ante

1468 536 1588 577 viginti
1614 546 1732 576 annos,
1757 539 1789 568 &
1821 537 1854 569 in
1879 536 2122 578 septuagenario
2143 559 2150 566 .
2186 534 2230 566 Et
2268 535 2370 570 Senex
2400 538 2476 573 erat'

1467 579 1588 622 pariter
1612 581 1637 611 is
1650 578 1742 621 qu'us
1755 580 1861 613 testem
1878 602 1886 617 ‚
1910 580 2030 613 herniae
2057 579 2264 621 proximum,
2288 579 2389 613 altero
2402 583 2468 615 mi-

1465 633 1600 660 norem,
1623 633 1679 656 nec
1705 624 1800 664 paulo
1813 623 1958 662 offendi,
1982 623 2180 664 eundemque
2207 622 2293 653 intus
2317 634 2354 655 ex
2378 624 2467 659 fusco

1464 665 1653 702 rubentem,
1678 666 1950 707 quemadmodum
1963 667 2107 708 Epistola
2131 665 2237 706 scripsi
2263 665 2389 699 XXIV.
2406 668 2465 711 (t)

1463 709 1585 741 Hernia
1610 718 1715 741 tamen
1739 710 1794 742 illa
1818 719 1884 743 erat
1907 711 2083 743 enterocele
2098 734 2108 749 ‚
2130 711 2163 741 δέ
2185 719 2314 750 propter
2337 711 2467 744 inflam-

1463 754 1640 785 mationem
1663 751 1790 786 lethalis
1814 752 1898 790 fuit5
1922 763 1958 786 ut
1981 761 2128 795 appareat
2151 763 2217 793 quo
2237 750 2291 784 ille
2314 752 2399 786 testis
2409 766 2466 788 co..

1463 795 1512 828 lor
1539 794 1576 828 sit
1601 795 1805 829 referendus.
1832 797 1893 829 Hae
1915 798 2018 838 igitur
2041 796 2110 829 duae
2134 793 2385 829 Observationes
2417 808 2466 830 te-
2492 816 2493 819 =

1463 838 1649 872 sticulorum
1673 838 1930 881 magnitudinem
1943 841 1988 873 ob
2000 839 2161 882 prolapsas
2183 840 2216 871 in
2241 838 2380 873 scrotum
2393 852 2466 881 par-

1462 892 1509 915 tes
1532 882 1694 915 interdurn
1720 884 1845 922 minui,
1867 882 2065 920 ostendunt3
2100 883 2202 926 prima
2232 893 2338 917 autern
2371 885 2427 918 illa
2452 907 2463 923 ,

1461 925 1636 967 aliquando
1659 926 1850 959 struc⁷turam
1872 926 1972 968 ipsam
1996 928 2123 967 penitus
2147 928 2266 960 mutati
2288 948 2298 965 ,
2330 925 2465 961 demon-

1462 968 1538 1002 strat
1553 993 1560 1002 .
1585 970 1638 1001 Ex
1661 969 1779 1012 quibus
1801 979 1833 1002 ut
1862 979 1953 1011 potes
1976 970 2172 1011 intelligere,
2199 981 2263 1003 non
2286 969 2406 1013 semper
2418 971 2465 1005 es-

1461 1012 1490 1045 se
1511 1023 1623 1045 verum
1646 1013 1734 1056 quod
1759 1013 1859 1054 aliqui
1884 1015 2141 1054 pronuntiarunt
2163 1035 2171 1049 ‚
2196 1012 2395 1052 sterilitatem
2427 1025 2464 1048 ex

1460 1054 1576 1088 hermis
1598 1062 1750 1095 metuere,
1765 1054 1975 1098 frustraneum
1998 1054 2072 1098 effe5
2095 1057 2141 1089 ita
2172 1055 2329 1098 conjicere
2363 1060 2464 1090 etiam

1462 1108 1571 1140 potes,
1605 1099 1771 1132 herniosos
1808 1098 1974 1131 interdurn
2007 1100 2123 1133 steriles
2158 1097 2228 1131 fieri
2262 1111 2326 1132 non
2364 1102 2464 1133 modo

1461 1141 1549 1182 quod
1572 1141 1669 1184 vasa,
1693 1153 1728 1176 ut
1753 1142 1972 1176 Boerhaavius
1994 1144 2008 1181 (
2029 1153 2048 1175 u
2069 1146 2083 1183 )
2106 1143 2238 1178 docuit,
2255 1142 2344 1184 sacco
2367 1144 2462 1176 adna-

1456 1184 1608 1226 scuntur,
1634 1185 1684 1219 sed
1710 1187 1806 1219 etiam
1830 1186 1919 1227 quod
1943 1194 2056 1226 praeter
2082 1185 2152 1219 vasa
2175 1186 2266 1219 testes
2289 1186 2347 1228 ipsi
2383 1198 2464 1228 pon-

1460 1227 1532 1260 dere
1554 1230 1584 1260 &
1608 1229 1692 1262 mole
1715 1228 1818 1271 illapsi
1842 1240 1907 1262 non
1932 1229 2035 1261 solum
2063 1230 2226 1267 intestini,
2254 1240 2365 1263 verum
2390 1241 2458 1263 me-

1460 1270 1591 1310 senterii
1613 1283 1764 1314 quoque,
1791 1273 1822 1304 &
1845 1283 2078 1314 nonnunquam
2102 1271 2213 1315 ipsius
2231 1272 2401 1307 dumtaxat
2424 1286 2464 1308 0-

1438 1325 1443 1334 ³
1462 1317 1563 1347 menti
1586 1315 1712 1348 diutius
1736 1324 1942 1358 premantur.

1507 1368 1554 1401 13.
1581 1359 1625 1392 Iis
1638 1366 1745 1392 autern
1760 1371 1830 1400 quae
1841 1361 1874 1391 in
1887 1357 2006 1392 herniae
2018 1357 2142 1393 saccum
2155 1359 2328 1402 procidunt
2340 1382 2349 1398 ‚
2364 1361 2465 1403 parti-

1459 1402 1518 1435 bus
1534 1413 1604 1443 quae
1619 1402 1791 1444 aliquando
1802 1404 1997 1437 mutationes
2007 1404 2247 1445 c'ontingant,&
2258 1415 2356 1447 quam
2369 1403 2464 1437 facile

1459 1449 1489 1479 &
1511 1456 1607 1487 quam
1634 1448 1777 1486 multos,
1802 1444 2001 1488 magnosque
2012 1457 2134 1479 errores
2158 1446 2225 1481 haec
2239 1448 2383 1489 neglecta
2394 1448 2465 1480 ani-

1458 1488 1633 1522 madversio
1655 1490 1689 1521 in
1714 1489 1861 1523 medendi
1886 1499 1952 1522 arte
1977 1500 2083 1531 parere
2107 1489 2219 1530 possit,
2244 1491 2323 1524 scite
2349 1490 2465 1524 admo-

1456 1534 1528 1565 nuit
1543 1533 1693 1566 Gunzius
1718 1537 1727 1572 (
1753 1543 1774 1566 x
1796 1536 1807 1571 )
1830 1533 1887 1566 ubi
1911 1531 1997 1565 suam
2020 1535 2055 1566 in
2078 1533 2214 1574 omento
2236 1534 2464 1577 deceptionem

1458 1576 1500 1608 est
1524 1575 1641 1609 faffus.
1666 1577 1723 1610 Ad
1747 1576 1840 1619 cujus
1862 1574 2137 1610 Observationem
2160 1579 2310 1617 omenti,
2333 1578 2368 1611 in
2391 1576 2464 1612 her-

1458 1619 1511 1652 nia
1536 1620 1710 1658 craffioris,
1734 1623 1765 1653 &
1787 1620 1970 1662 pinguioris
1994 1617 2091 1660 fasti,
2114 1628 2205 1653 antea
2228 1621 2354 1655 habitas
2364 1622 2464 1664 Spro-

1456 1663 1533 1704 gelii
1556 1666 1612 1704 (y
1636 1666 1647 1701 )
1666 1665 1698 1696 in
1722 1666 1819 1702 vivo,
1845 1661 2030 1696 Mancharti·
2054 1665 2069 1702 (
2091 1674 2115 1705 z
2136 1666 2150 1702 >
2173 1665 2207 1697 in
2229 1673 2364 1703 vmortuo
2387 1665 2463 1698 Ob-

1459 1707 1650 1739 servationes
1675 1706 1845 1749 adjunges.
1872 1707 1913 1739 Et
1938 1717 1976 1739 ne
1999 1716 2168 1740 omentum
2192 1706 2295 1742 solum
2321 1709 2464 1746 mutari,

1455 1750 1584 1785 credas·²
1609 1750 1697 1781 illam
1720 1761 1850 1791 quoque
1875 1749 1989 1785 addes,
2013 1749 2245 1789 quae'refertur
2262 1764 2277 1784 a
2302 1752 2463 1785 Lavatero

1454 1794 1469 1830 (
1490 1805 1508 1825 a
1525 1793 1543 1835 )
1567 1790 1777 1830 intestinorum
1795 1793 1911 1834 papyri
1930 1792 2060 1825 madida:
2091 1792 2183 1834 instar
2216 1794 2358 1833 mollium
2378 1805 2390 1833 5
2425 1803 2463 1829 ut

1457 1838 1563 1869 minus
1589 1836 1697 1868 mirari
1722 1845 1895 1877 oporteat,
1920 1834 1964 1874 si,
1990 1833 2158 1868 accedente
2181 1835 2358 1879 praesertim
2390 1837 2463 1880 sup-

1457 1880 1646 1920 puratione,
1674 1888 1728 1911 aut
1750 1889 1944 1920 gangraena‚
1967 1889 2185 1920 rumpantur,
2209 1883 2240 1913 &
2261 1879 2351 1923 quod
2383 1891 2462 1914 con.

1457 1925 1562 1955 tinent
1586 1922 1783 1964 liquidarum
1808 1921 1943 1958 saecum,
1968 1921 2135 1955 inherniae
2147 1933 2262 1956 cavum
2275 1923 2460 1962 effundant,

1456 1965 1562 2007 sicque
1588 1966 1654 1999 liaec
1678 1975 1732 1998 aut
1757 1965 1854 1998 aliam
1876 1964 1998 1998 herniae
2023 1965 2181 2009 speciem,
2207 1976 2264 2000 aut
2286 1965 2462 2001 abscessum

1459 2010 1652 2045 mentiatur,
1676 2018 1712 2041 ut
1725 2007 1944 2041 Cel.Heisteri
1966 2011 1980 2047 (
2001 2007 2020 2040 b
2041 2011 2055 2047 )
2076 2009 2109 2042 in
2130 2010 2213 2043 vivis
2227 2032 2237 2048 ‚
2261 2009 2462 2051 mortuisque

1456 2052 1621 2085 observata
1643 2051 1920 2085 commonstrant.
1946 2051 2072 2085 Verum
2097 2062 2132 2086 ut
2155 2054 2188 2085 in
2223 2054 2475 2088 mutationibus¹

1457 2095 1622 2129 subsistam
1646 2106 1723 2138 quas
1756 2094 1905 2129 Valsalva
1930 2120 1940 2136 ,
1973 2096 2003 2127 &
2037 2104 2095 2138 ego
2133 2095 2284 2139 prolapfis
2315 2097 2473 2139 partibus

1457 2137 1604 2173 accidisse
1626 2163 1634 2178 ‚
1667 2137 1921 2181 conspeximus;
1955 2150 2006 2172 eas
2037 2151 2076 2173 ex
2109 2139 2255 2182 Epistola
2291 2142 2456 2183 intelliges

1458 2183 1618 2216 XXXIV.
1643 2182 1714 2218 Nec
1738 2182 2023 2217 intestinissolum
2044 2184 2139 2221 dico,
2162 2195 2234 2227 quae
2260 2185 2299 2218 ab
2321 2185 2461 2218 interce-

1457 2229 1570 2269 ptione
1582 2227 1692 2266 paffim
1718 2235 1774 2261 aut
1795 2226 2020 2265 inflammata,
2047 2236 2101 2260 aut
2125 2227 2236 2270 nigra,
2262 2231 2292 2261 δε
2314 2239 2463 2270 gangrae-

1458 2270 1531 2303 nosa
1555 2272 1716 2308 invenies;
1750 2270 1798 2304 sed
1822 2281 1956 2305 omento
1980 2282 2111 2314 quoque
2133 2291 2145 2310 ‚
2175 2275 2216 2305 ὃ(
2239 2270 2428 2306 mesenterio
2452 2294 2461 2302 .

1457 2313 1544 2348 Illud
1566 2314 1654 2346 enirn
1675 2314 1878 2355 duplicatum
1893 2336 1901 2351 ‚
1925 2317 1956 2346 &
1981 2316 2014 2347 in
2038 2326 2152 2358 corpus
2174 2323 2255 2349 teres
2276 2315 2464 2349 conforma-

1457 2367 1528 2391 tum
1552 2358 1637 2399 leges
1658 2357 1673 2397 (
1693 2369 1709 2391 c
1732 2361 1765 2396 )‚
1789 2359 1879 2400 quod
1902 2355 1959 2390 nisi
1983 2358 2160 2393 incidendo
2184 2360 2279 2401 potui
2312 2358 2392 2401 quid
2414 2356 2464 2405 esa-2

1457 2402 1502 2435 set
1517 2424 1527 2440 ‚
1551 2400 1732 2442 intelligere
1745 2427 1752 2434 .
1777 2401 2082 2437 Mesenteriiautem
2107 2404 2218 2444 porti-0
2235 2404 2278 2436 lut
2291 2402 2378 2445 quas-i
2391 2406 2477 2435 car-*

1457 2455 1513 2478 nea
1537 2444 1695 2477 Valsalvae
1727 2450 1741 2485 (
1762 2445 1816 2484 d)
1853 2446 2036 2488 apparuerit
2059 2468 2069 2484 ,
2100 2445 2223 2479 ibidem
2255 2445 2426 2488 cognosces
2451 2469 2459 2477 .

1458 2489 1527 2524 Ea,
1551 2489 1706 2528 inquam,
1731 2489 1869 2530 portio,
1890 2500 1982 2531 quae,
2009 2489 2030 2521 si
2054 2489 2459 2531 duplicatumintestinum

1458 2530 1556 2573 paulo
1581 2530 1677 2563 altius
1699 2530 1892 2571 descendat,
1914 2531 2018 2574 ipsum
2043 2533 2128 2565 intra
2153 2532 2315 2566 sacculum
2347 2531 2461 2574 sequa—

1457 2584 1535 2611 tur,
1560 2574 1679 2607 neceffe
1704 2575 1766 2612 esi3
1791 2573 1918 2609 facilius
1941 2576 2026 2607 enirn
2049 2585 2181 2617 propter
2205 2575 2460 2617 pinguedinem,

1459 2628 1522 2660 qua
1545 2618 1648 2650 multa
1671 2618 1917 2660 estpraeditum,
1942 2618 2040 2650 laxari
2065 2620 2189 2659 potest,
2213 2618 2461 2661 quamdisrum-

1460 2662 1512 2702 pi.
1538 2660 1718 2702 Nunquam
1743 2670 1849 2693 autem
1875 2661 1977 2694 laxius
2001 2659 2082 2697 esse,
2105 2673 2202 2703 quam
2237 2662 2269 2694 in
2305 2662 2426 2696 herniis
2449 2685 2460 2699 „

1457 2704 1672 2744 intelligitur.
1697 2703 1854 2748 Molliries
1873 2711 1966 2745 atque
1989 2703 2107 2743 laxitas
2131 2704 2313 2738 mesenterii
2329 2706 2369 2739 'in
2390 2704 2461 2738 her-

1456 2747 1509 2780 nia
1533 2746 1699 2786 intestinali
1713 2748 1896 2788 frequenter
1919 2747 2056 2780 cernitur
2078 2770 2088 2784 ‚
2121 2750 2227 2790 inquit
2260 2749 2462 2783 Wliartonus

1458 2795 1468 2829 (
1493 2788 1562 2832 e).
1589 2789 1684 2831 Usque
1707 2791 1780 2823 adeo
1802 2791 1882 2823 enim
1905 2789 2031 2823 laxatur
2068 2791 2302 2833 mesenterium,
2323 2799 2360 2826 ut
2387 2798 2473 2833 per-'

1459 2833 1571 2866 mittat
1593 2832 1768 2871 intestinum
1786 2831 1848 2875 fibi
1868 2832 2033 2874 appensum
2054 2858 2063 2874 ‚
2100 2835 2178 2876 quod
2210 2836 2294 2868 intra
2326 2834 2461 2870 orbitam

1451 2875 1545 2918 fuam
1567 2886 1699 2909 coercere
1721 2875 1885 2914 debuerat,
1909 2876 2085 2918 inferorum
2097 2876 2214 2911 delabi.
2240 2878 2302 2912 Sed
2325 2880 2351 2912 is
2363 2890 2460 2921 quem

1459 2919 1570 2962 saepius
1595 2919 1678 2954 tibi,
1702 2921 1733 2951 δε
1756 2919 2006 2957 meritolaud0‚
2032 2921 2209 2955 Benevolus
2232 2920 2288 2964 (f
2304 2925 2324 2960 )‘
2340 2922 2460 2956 mesen-

1459 2964 1534 2995 terii
1559 2963 1726 2995 laxitatem
1752 2964 1873 3004 semper
1887 2987 1897 3002 ‚
1919 2963 2034 2996 nedum
2051 2962 2235 3006 frequenter
2255 2964 2314 3006 esse
2334 2967 2369 2998 in
2392 2965 2462 2998 istis

1459 3005 1602 3044 herniis,
1625 3005 1763 3046 indeque
1787 3008 1923 3049 primam
1948 3007 2060 3040 harum
2072 3007 2132 3041 effe
2153 3011 2337 3050 originem,
2360 3009 2465 3051 digna

1463 3049 1533 3081 sane
1556 3061 1627 3090 quse
1650 3050 1774 3090 legatur
1797 3047 2030 3083 Dissertatione
2053 3051 2281 3085 ostendendum
2298 3051 2457 3095 suscepit.

1462 3091 1542 3132 Quo
1566 3093 1685 3134 spec‘tat
1709 3091 1904 3126 Observatio
1931 3119 1940 3134 ‚
1976 3096 2009 3126 in
2032 3095 2210 3128 Seffionem
2233 3095 2316 3130 hanc
2350 3096 2462 3139 Sepul-

1463 3136 1566 3168 chreti
1590 3136 1675 3177 (g)
1699 3135 1818 3172 relata,
1842 3137 2034 3170 Hoffmanni
2047 3139 2145 3180 patris
2160 3162 2169 3177 ,
2192 3139 2275 3172 vires
2297 3138 2472 3181 emplastri

1464 3178 1510 3211 sui
1523 3179 1718 3220 magnetici,
1742 3178 1861 3212 lumbis
1886 3179 2046 3219 adhibiti,
2071 3180 2276 3224 praedicant'is
2301 3183 2338 3216 ad
2362 3192 2459 3216 retra-

1461 3220 1563 3255 henda
1589 3233 1625 3254 ex
1638 3222 1757 3254 herniis
1782 3223 1950 3259 intestina.
1977 3223 2210 3261 Quaefi'tantae
2234 3226 2333 3265 sunt,
2358 3236 2460 3268 quan-

1459 3275 1498 3297 tae
1524 3265 1560 3298 ad
1587 3264 1839 3305 pervadendum,
1863 3266 1951 3309 quod
1975 3267 2162 3308 perdifficile
2186 3268 2228 3301 est
2261 3269 2424 3302 intelleeffl
2448 3293 2460 3307 ‚

1458 3308 1690 3341 craffitudinem
1716 3308 1925 3346 lumborum,
1959 3311 2028 3346 imo'
2062 3322 2172 3345 eorum
2206 3313 2366 3346 vertebras
2388 3332 2397 3348 ‚
2428 3313 2460 3343 δε

1461 3352 1737 3384 corroborandum
1753 3354 1979 3386 mesenterium
2002 3357 2231 3395 requiruntur3
2256 3357 2377 3394 miror,
2400 3364 2457 3388 cur

1462 3395 1548 3427 filius
1571 3395 1626 3427 ubi
1651 3396 1689 3426 de
1712 3394 1895 3429 herniarum
1927 3399 2093 3430 curatione
2126 3409 2189 3431 non
2224 3409 2288 3432 uno
2319 3400 2351 3432 in
2386 3398 2459 3430 loco

1463 3437 1585 3479 scripsit
1603 3460 1611 3474 ‚
1636 3438 1757 3471 nullam
1780 3438 1848 3481 ejus
1864 3463 1877 3479 ,
1911 3439 1999 3483 quod
2030 3442 2232 3476 meminerim
2253 3465 2265 3481 ‚
2300 3439 2460 3481 emplastri

1461 3483 1659 3513 mentionem
1683 3480 1817 3515 fecerit.
1845 3483 1949 3526 Cujus
1961 3493 2064 3517 tamen
2077 3495 2153 3518 curn
2177 3484 2404 3558 Ettmtillerug(
2419 3482 2458 3523 h)

2299 3537 2358 3559 COD
2389 3538 2417 3555 Γ-

446 3576 2457 3601 ffl-——o———ffl-——m

464 3649 620 3677 (n)n.2.
684 3643 853 3673 (0)n.15.
919 3639 1158 3672 (pjn.5.9.18.
1220 3638 1372 3667 (q)n.5.

469 3681 484 3707 (
498 3688 513 3702 ιι
528 3680 540 3705 )
561 3676 663 3701 Praelest.
680 3676 709 3699 ad
728 3673 805 3698 lnssit.
827 3673 850 3702 §.
868 3675 921 3705 ⁶4}-
986 3671 995 3700 s
1011 3680 1029 3705 ,νγ
1044 3675 1051 3699 )
1069 3670 1158 3694 Prosus.
1176 3669 1243 3697 supra
1259 3670 1286 3691 ad
1306 3677 1326 3691 n.
1347 3676 1381 3692 ιο.
1398 3673 1439 3691 cit.

466 3710 480 3737 Q
496 3717 513 3735 ες
527 3710 540 3736 )
558 3708 652 3730 Ὀὶῐῖὲη.
670 3705 737 3733 supra
754 3705 782 3727 ad
802 3712 825 3726 n.
847 3711 867 3731 3.
884 3707 925 3726 cit.
942 3708 963 3724 c.
983 3710 1004 3725 2.
1024 3709 1048 3724 in
1066 3701 1127 3724 fine.

469 3740 482 3765 ζ
497 3738 509 3760 b
530 3741 536 3763 J
553 3737 646 3760 Diiiert.
664 3737 692 3759 de
710 3734 799 3758 Hernia
819 3735 936 3756 incar-cer.
955 3732 978 3761 §.
997 3740 1028 3754 ιο.
1048 3733 1068 3754 δι
1089 3740 1122 3760 ις.
1187 3730 1195 3758 (
1213 3738 1223 3752 c
1241 3734 1248 3758 )
1266 3738 1286 3753 n.
1308 3737 1329 3757 9.
1394 3730 1436 3757 (d

467 3771 511 3799 (l
527 3768 539 3795 )
556 3767 611 3790 ΟΜ.
631 3774 668 3794 14.
687 3765 708 3795 §.
728 3772 752 3795 3.
814 3764 828 3793 (
844 3762 1003 3792 hJanx.1.
1026 3770 1045 3785 ι.
1062 3763 1076 3785 S
1103 3768 1141 3785 η.
1157 3768 1178 3785 e.
1198 3767 1218 3783 ι.

1413 3637 1602 3670 ,(νὶηιο.

1652 3633 1676 3666 Ἶ(
1691 3637 1730 3666 s)
1748 3640 1807 3662 Sest.
1825 3638 1869 3662 hac
1885 3647 1921 3666 29.
1939 3639 1998 3664 Obs.
2018 3647 2056 3669 13.

1504 3668 1547 3697 (y
1563 3669 1576 3696 )
1594 3668 1653 3701 EPh·
1674 3670 1693 3690 N
1724 3670 1751 3692 C.
1772 3672 1842 3694 Cent.
1861 3678 1884 3697 7.
1903 3670 1960 3694 ΟΜ.
1981 3678 2018 3698 70·

1975 3732 1987 3759 <
2001 3729 2039 3762 f)
2056 3731 2179 3755 Dissertaz.
2198 3738 2216 3755 t.

2117 3641 2278 3670 (t)n.16.

1191 3706 1194 3726 ι
1216 3707 1230 3722 a
1252 3700 1259 3727 )
1276 3699 1372 3723 Differt.
1389 3698 1417 3721 ad
1434 3699 1501 3722 eund.
1520 3704 1552 3722 na
1563 3707 1584 3728 3.
1600 3706 1641 3722 cit.
1659 3706 1682 3721 n.
1702 3706 1739 3727 ²3·

1453 3729 1509 3757 Dn.
1528 3738 1549 3759 5.
1611 3729 1619 3759 (
1640 3731 1817 3758 e>Adenogin
1836 3737 1911 3754 c.11.
