2498 4075
417 86 487 137 60

355 173 466 204 nemer
489 163 670 207 decrepitus
692 174 778 199 erat.
803 166 863 201 Sed
885 170 918 201 δε
940 168 1011 200 aliis
1033 166 1192 203 interdum
1215 171 1250 203 in
1273 171 1360 204 rnul-

356 215 394 242 ,to
419 210 537 244 minori
562 217 654 241 aetate
676 219 740 242 non
763 208 922 244 diffimilia
945 210 973 243 se
996 211 1202 245 obtulerunt.
1228 215 1310 247 Satis
1320 213 1358 246 fit

355 250 458 292 duos,
483 251 585 285 tresve
608 251 798 291 nominaffe,
824 254 908 287 Phil.
931 255 1031 287 Conr.
1057 255 1260 296 Fabricium,
1284 258 1358 289 Lit-

354 297 478 337 trium,
501 299 533 328 &
548 296 729 328 Fantonum
753 306 897 338 patrem.
913 297 1076 332 Fabricius
1100 298 1158 341 (s)
1180 301 1211 331 in
1224 299 1358 334 foemina

354 339 468 372 mediae
491 338 620 377 aetatis,
643 350 716 372 cum
731 339 807 374 bene
818 341 917 375 valere
929 340 1112 381 videretur,
1137 353 1261 384 repente
1273 355 1360 377 mor-

353 391 408 419 tua
420 406 432 422 ,
463 380 669 423 substantiam
694 381 810 417 cerebri
832 391 898 416 tam
904 381 1031 425 firmam
1045 384 1206 426 &ficsam
1221 389 1338 429 reperit
1352 412 1361 427 ,

353 434 390 460 ut
417 424 453 459 iel
479 423 688 458 adnotatione
711 424 846 467 dignum
869 426 1197 462 censuerit.Littrius
1221 433 1283 469 (r)
1310 442 1360 463 ce-

352 469 440 502 rebri
453 492 463 507 ,
488 468 659 507 cerebelli,
680 470 714 501 ,δε
739 468 885 501 medullae
898 469 1366 513 Oblongataestibstantiamvi-

353 512 403 544 sus
429 514 460 545 δε
476 512 579 547 ‚taetus
601 509 728 553 judicio
752 510 926 545 densiorem
952 515 1248 556 &compactiorem
1270 528 1365 559 quam

352 554 474 594 soleat,
497 557 530 587 in
555 554 707 589 damnato
725 555 847 598 Juvene
870 555 1015 597 invenit,
1039 559 1095 599 qui
1119 567 1154 591 ut
1167 557 1195 591 se
1206 558 1365 600 supplicio

353 596 576 637 subtraheret,
599 598 702 639 capite
728 597 765 630 ad
789 599 967 639 parietem,
989 602 1023 633 in
1044 612 1137 643 quem
1160 601 1363 636 valentiffime

351 641 493 675 incurrit
522 640 634 680 alliso,
659 641 815 673 continuo
843 641 869 674 se
892 640 976 676 haud
1000 643 1084 679 secus
1106 642 1267 678 occiderat
1288 648 1361 679 acis

350 684 477 723 insanus
494 708 506 724 ,
530 683 567 716 de
589 695 655 725 quo
677 684 710 718 in
736 683 901 718 noviffima
924 684 1058 720 historia
1083 687 1250 722 retulimus
1272 692 1361 729 (u):

350 727 442 770 eujus
466 728 581 760 mortis
605 728 764 761 internam
789 728 913 763 causam
937 739 1001 761 non
1025 730 1130 764 multo
1151 733 1253 773 magis
1265 743 1362 775 quam

351 771 386 802 in
411 770 564 804 damnato
589 769 650 802 illo
675 769 1088 813 aspectuisoccurrentem,
1110 784 1148 805 ex
1171 785 1204 807 ea
1241 775 1362 817 posses,

351 825 451 856 quam
474 813 614 849 Littrius
626 813 804 853 proponit,
826 815 984 856 conjicere
997 839 1010 855 ,
1033 814 1055 848 fi
1071 815 1179 849 eadem
1191 818 1361 862 utrobique

352 855 570 894 animadversa
594 853 710 892 essent,
734 866 790 900 nec
814 857 867 890 ille
891 856 1157 893 exdenfitateista
1172 882 1181 898 ,
1205 870 1358 904 tanquam

350 899 390 932 ab
412 900 481 932 istu
505 897 681 941 producta,
703 908 878 940 repeteret.
903 902 1065 937 ,Pantonus
1089 913 1195 937 autem
1205 905 1254 937 vel
1267 909 1300 939 in
1313 915 1361 939 te-

349 953 425 977 nero
451 941 573 974 infante
598 940 663 984 (x)
688 952 782 984 quem
805 944 1026 979 convulsiones
1039 947 1289 989 interemerant,
1312 961 1361 982 ce-

352 985 435 1018 rebri
456 983 662 1027 substantiam
686 984 885 1023 medullarem
900 1013 908 1027 ‚
934 988 969 1022 (5
983 988 1185 1032 oblongatam
1196 991 1362 1026 medullam

347 1027 540 1070 durzffimam
565 1026 795 1070 deprehendit:
818 1029 856 1062 de
880 1030 969 1073 cujus
988 1034 1031 1064 rei
1045 1033 1142 1067 caufis
1155 1045 1233 1076 quas
1254 1035 1362 1076 conje-

350 1072 454 1105 &uras
465 1095 477 1112 ,
503 1074 534 1104 δε
545 1082 641 1113 quarn
652 1080 763 1115 caute,
775 1072 974 1118 modesteque
986 1076 1156 1117 protulerit
1167 1077 1291 1111 Clariff,
1305 1080 1361 1114 121·-

351 1115 437 1153 lius,
462 1125 526 1148 non
548 1116 754 1150 eritomnino
777 1114 816 1148 ab
838 1128 869 1148 re
881 1118 1026 1160 praesenti
1039 1143 1052 1159 ,
1075 1117 1097 1151 si
1113 1130 1152 1152 ex
1163 1120 1296 1154 Scholio
1309 1122 1362 1156 ad-

348 1157 447 1191 discas
461 1182 474 1199 ,
494 1157 583 1200 quud
606 1169 680 1193 cum
704 1159 869 1200 primum,
893 1170 964 1195 tum
987 1161 1129 1197 secundis
1152 1165 1251 1199 etiam
1273 1167 1357 1200 curis

347 1202 529 1243 expolitum
553 1209 691 1244 paternae
717 1201 950 1238 observationi
973 1204 1126 1248 subjecit.
1152 1207 1235 1243 Satis
1257 1210 1359 1251 igitur

345 1245 524 1286 intelligis,
548 1244 711 1281 cerebrum
736 1244 852 1280 durum
877 1247 934 1281 esse
957 1248 1359 1294 poffefinessultitia.Ad-

346 1287 386 1320 de
406 1297 515 1328 nunc,
542 1289 574 1320 &
597 1287 767 1322 stultitiam
791 1287 849 1321 effe
871 1291 954 1333 posse
978 1290 1041 1326 fine
1064 1291 1182 1326 cerebri
1206 1294 1326 1330 duritie
1346 1320 1353 1329 .

347 1331 465 1373 Neque
490 1331 576 1365 enim
601 1331 636 1363 in
655 1330 760 1377 ‘fatuis
784 1331 916 1375 solum,
941 1347 957 1367 a
982 1336 1112 1378 Tulpio
1143 1339 1207 1379 (y)
1228 1361 1242 1378 ,
1276 1340 1358 1372 Ker-

345 1373 500 1416 ckringio
522 1374 597 1418 (z)
616 1397 628 1413 ,
653 1375 781 1417 Kingio
803 1379 893 1417 (a),
916 1377 1069 1413 Scheidio
1093 1378 1159 1422 (b)
1183 1380 1322 1416 diffeetis
1345 1404 1355 1421 ‚

350 1417 525 1454 flaccidum
550 1418 721 1460 laxumque
745 1418 907 1453 cerebrum
931 1421 1017 1461 fuit,
1042 1422 1095 1460 secl
1116 1422 1170 1457 hic
1182 1423 1354 1466 postremus

351 1460 386 1494 id
410 1469 513 1496 mente
537 1461 640 1503 captis
662 1468 699 1494 ut
718 1460 915 1504 plurimum,
939 1467 1046 1508 inquit
1071 1491 1080 1505 ,
1105 1464 1271 1510 familiare
1305 1468 1359 1513 effe

338 1503 424 1551 solet
436 1527 449 1544 ,
465 1503 550 1547 ficut
572 1504 659 1543 haud⁴
678 1514 747 1537 raro
762 1506 794 1537 in
805 1507 956 1543 maniacis
973 1509 1240 1550 deprehendimus.
1258 1511 1358 1549 Qiod

347 1545 402 1583 etsi
438 1548 475 1580 ab
508 1546 624 1580 nostris
659 1546 817 1589 discrepat
854 1550 1156 1593 observationibus,
1189 1553 1357 1590 secunoum

347 1601 424 1633 quas
448 1590 604 1625 duritiem
628 1591 749 1624 cerebri
774 1592 807 1623 in
833 1590 899 1626 hoc
922 1594 1028 1627 morbi
1053 1607 1162 1638 genere
1194 1598 1355 1642 negligen-

349 1635 424 1668 dam
448 1644 513 1667 non
537 1644 715 1676 putamus3
740 1634 820 1667 facit
848 1645 953 1670 tamen
977 1648 1013 1672 ut
1037 1650 1094 1672 nos
1117 1639 1254 1674 minime
1286 1653 1357 1684 poe-

347 1679 473 1717 niteat,
496 1687 560 1723 non
584 1676 685 1720 ipsam
713 1678 825 1720 unice,
851 1690 904 1715 aut
928 1683 1086 1726 praecipue
1105 1681 1302 1727 speetandam
1314 1686 1360 1721 es-

347 1722 398 1762 se,
420 1720 568 1757 censuisse
591 1724 672 1765 (c).

395 1775 445 1806 19.
468 1766 545 1809 Jam
568 1776 643 1799 vero
666 1776 736 1807 quae
763 1763 800 1799 ad
823 1766 1098 1813 Hydrophobiam
1123 1771 1261 1803 attinent
1280 1796 1292 1812 ,
1324 1781 1361 1806 ut

349 1809 451 1841 initio
476 1808 620 1850 polliciti
645 1807 774 1850 sumus,
798 1808 1005 1852 adjiciamus.
1034 1810 1104 1845 Etsi
1129 1814 1293 1857 postquam
1306 1816 1361 1849 Sa-

351 1852 414 1889 lius
438 1852 523 1891 (d),
548 1850 746 1894 Caesalpinus
769 1856 857 1894 (e),
879 1854 1108 1889 Codroncbius
1119 1855 1176 1899 (f)
1191 1883 1198 1897 ‚
1223 1859 1363 1892 Aroma-

349 1897 453 1929 tarius
476 1898 488 1933 (
508 1906 530 1937 g
551 1898 565 1934 >
587 1894 843 1937 confirmarunt,
867 1898 986 1931 multos
1009 1898 1070 1932 fine
1094 1899 1212 1933 delirio
1233 1899 1290 1935 ess‘e
1301 1901 1361 1944 hy.

346 1937 559 1982 clrophobos‚
585 1939 690 1981 plures
714 1939 820 1981 parffim
844 1940 987 1975 historiae
1009 1965 1023 1982 ,
1055 1951 1171 1985 praeter
1201 1955 1250 1977 eas
1283 1956 1360 1987 quas

344 1982 416 2027 jpse
441 1981 604 2025 proferam
626 1981 695 2022 (h)
717 1984 896 2017 extiterunt
920 1996 991 2027 quae
1015 1985 1250 2020 observationes
1274 1998 1362 2021 com..

349 2025 532 2071 probarunt
557 2025 762 2060 Medicorum
788 2028 921 2061 illorum
946 2028 1040 2070 longe
1064 2029 1361 2071 praestantium‚at-

347 2081 409 2114 que
433 2068 510 2104 adeo
534 2067 734 2103 Theodorus
759 2071 945 2116 Zwingerus
969 2073 1027 2111 (i)
1049 2071 1324 2116 Hydrophobiam
1345 2087 1362 2108 a

349 2113 458 2149 Rabie
494 2111 535 2144 fic
558 2111 730 2154 distinxit,
755 2121 792 2147 ut
816 2125 880 2148 non
906 2113 1006 2147 modo
1028 2116 1119 2149 illam
1141 2116 1205 2149 sine
1228 2115 1288 2150 hac
1304 2117 1361 2152 effe

353 2155 459 2201 posse,
485 2155 570 2198 quod
596 2166 705 2190 verum
729 2155 791 2195 est,
817 2156 867 2191 sed
892 2157 975 2191 hanc
988 2158 1049 2191 line
1065 2159 1144 2198 illa,
1171 2160 1259 2202 quod
1276 2160 1362 2195 haud

350 2201 472 2243 paritet
496 2198 538 2232 est
561 2209 669 2233 verum
684 2225 692 2239 ,
719 2197 777 2232 effe
790 2211 856 2234 non
870 2200 952 2242 posse
964 2227 974 2242 ‚
985 2201 1130 2236 docuerit
1144 2215 1153 2242 3
1168 2213 1273 2236 tamen
1287 2206 1363 2247 quia

351 2245 522 2282 Bonetus,
544 2243 600 2284 qui
624 2245 820 2285 caeteroquin
845 2244 987 2286 aliquam
1014 2243 1251 2288 hydrophobiae
1270 2248 1362 2290 salvo

350 2288 468 2331 judicio
491 2284 622 2317 exhibet
648 2285 920 2321 Observationem
947 2287 1028 2330 (k),
1051 2288 1136 2331 sequi
1160 2301 1212 2323 eos
1226 2292 1366 2331 maluit,

351 2332 410 2374 qui
434 2327 581 2363 morbum
605 2327 691 2360 hunc
715 2330 796 2362 olim
822 2331 905 2362 inter
927 2331 1047 2364 Maniae
1073 2332 1188 2373 species
1222 2333 1368 2375 reposue-

352 2383 451 2413 rant,
476 2374 508 2404 &
533 2372 754 2405 maniacorum
777 2371 1019 2407 disseetionibus
1031 2373 1230 2408 diffcetioncs
1243 2376 1369 2410 addidit

352 2414 669 2460 hydrophoborum,·
692 2415 770 2447 nolo
793 2414 831 2448 ab
852 2414 917 2457 ejus
940 2416 1051 2448 ordine
1063 2416 1114 2450 hic
1128 2418 1277 2460 recedere,
1291 2430 1372 2461 prae-

355 2460 467 2494 sertim
492 2469 566 2492 curn
592 2456 831 2500 hydrophobiae
856 2459 960 2492 fatear
982 2459 1131 2493 delirium
1157 2461 1370 2504 saepenumero

355 2502 487 2545 adjungi
513 2512 567 2535 aut
593 2500 887 2541 melancholicurn‚
913 2511 966 2536 aut
990 2514 1028 2536 ex
1051 2502 1133 2543 hoc,
1158 2508 1190 2537 δε
1224 2507 1369 2539 maniaco

355 2545 512 2586 mistum,
535 2553 588 2578 aut
612 2546 795 2591 maniacum
820 2544 924 2586 adeo,
947 2554 983 2578 ut
1006 2545 1091 2589 quod
1115 2547 1264 2582 Medicus
1288 2550 1370 2583 Illu-

355 2591 425 2625 stris
449 2586 595 2624 Meadius
616 2587 678 2627 (l)
701 2590 892 2625 confirmat,
916 2588 1124 2630 musculorum
1146 2592 1232 2625 vires
1253 2593 1371 2634 adpro-

357 2634 476 2677 digium
498 2630 664 2708 ubsque-ma
686 2642 729 2664 nac
745 2633 832 2673 sint,
854 2631 1034 2675 videritque
1057 2632 1122 2675 ipse
1137 2658 1146 2674 ,
1169 2635 1273 2669 viram
1285 2636 1315 2669 in
1327 2636 1371 2669 le-

359 2677 406 2711 ῑέο
421 2674 505 2718 jetti
528 2685 565 2707 us
580 2670 658 2717 funi
680 2684 718 2706 us
742 2673 913 2717 deligatum
945 2686 1085 2717 rumpere
1106 2688 1166 2710 uno
1189 2688 1291 2711 omnes
1323 2680 1372 2712 ni-

352 2719 416 2763 su.
445 2719 504 2752 Sed
529 2717 628 2751 &alii
651 2720 729 2756 (m)
754 2718 955 2763 retulerunt,
979 2718 1249 2754 adolescentulum
1262 2720 1372 2755 abhoc

360 2762 480 2796 morbo
505 2772 559 2805 per
581 2762 665 2793 vices
689 2761 733 2792 ita
758 2764 919 2795 lui-entem
951 2769 987 2795 nt
1009 2775 1026 2795 a
1050 2772 1181 2804 quatuor
1201 2765 1282 2798 viris
1293 2776 1373 2798 cotr-

361 2807 425 2840 ceri
447 2806 505 2838 vix
526 2803 647 2848 poffet:
674 2803 730 2837 alii
754 2807 817 2844 (n)
842 2807 1079 2847 quinquennem
1105 2817 1258 2849 puerum,
1281 2819 1372 2848 cujus

353 2846 460 2894 furori
484 2847 641 2880 coercendo
665 2858 702 2879 ne
719 2844 840 2889 fortior
864 2850 994 2890 quidem
1019 2850 1071 2882 vir
1090 2860 1150 2891 par
1175 2859 1241 2883 erat
1256 2876 1263 2883 .
1291 2851 1369 2883 Haec

361 2901 469 2924 autem
492 2890 614 2930 attigi,
637 2899 673 2922 ut
700 2890 914 2934 intelligeres,
939 2889 1048 2933 poffe,
1072 2894 1140 2926 imo
1165 2892 1275 2927 debere
1288 2895 1371 2927 inter

361 2932 658 2977 hydrophoborum
682 2932 882 2966 disseftiones
906 2946 1016 2976 magna
1040 2935 1372 2970 discriminainterce-

361 2978 433 3011 dere
457 2987 516 3020 pro
542 2986 651 3008 eorum
676 2975 791 3021 quibus
815 2979 920 3010 vexati
945 2977 1064 3013 fuerint
1101 2980 1284 3014 morborum
1318 2991 1374 3012 va-

362 3023 500 3059 rietate5
524 3018 679 3061 siquidem
706 3029 742 3051 ne
766 3019 862 3055 febris
885 3021 1013 3063 quidem
1038 3022 1125 3063 ulla,
1149 3033 1183 3056 ut
1208 3035 1245 3056 ex
1264 3023 1374 3057 lauda-

369 3074 478 3097 torum
501 3063 662 3095 Virorum
688 3059 751 3095 fere
785 3064 932 3097 omnium
952 3088 963 3103 ,
999 3065 1197 3108 aliorumque
1228 3067 1374 3100 observa-

364 3107 510 3142 tionibus
534 3104 679 3152 ἰοῦ-ΗΜ,
702 3104 744 3139 est
767 3107 801 3152 in
823 3105 1045 3149 hydrophobis
1078 3120 1140 3142 non
1164 3112 1274 3153 paucis
1289 3136 1297 3150 ,
1322 3121 1375 3143 ne-

369 3151 448 3184 dum
463 3150 566 3184 ullum
581 3149 752 3183 delirium.
782 3149 862 3182 Noli
876 3152 958 3183 enim
972 3150 1148 3187 existimare
1165 3176 1174 3191 ,
1198 3152 1259 3187 hoc
1271 3153 1375 3196 ipsum

368 3192 455 3236 quod
477 3203 590 3234 aquam
615 3191 755 3225 sitientes
780 3192 929 3228 horreant
944 3217 957 3234 ³
981 3195 1130 3229 delirium
1153 3195 1211 3229 esse
1231 3209 1242 3235 3
1277 3207 1376 3239 neque

368 3238 454 3271 enim
477 3234 608 3269 horrent
632 3247 761 3268 omnes:
786 3237 853 3269 imo
876 3237 976 3279 aliqui
1000 3239 1038 3271 ad
1062 3238 1090 3273 se
1114 3238 1216 3273 afferri
1240 3240 1376 3283 jubent,

368 3283 395 3315 ἃ
434 3277 541 3313 bibere
571 3288 730 3313 conantur
754 3304 762 3314 .
796 3281 876 3314 Non
920 3279 1035 3317 bibunt
1079 3291 1188 3318 tamen
1231 3284 1375 3329 plerique

945 84 1103 138 Liber
1134 86 1173 138 1,.
1206 85 1291 139 De
1325 87 1533 141 Morbis
1565 86 1770 152 eapitis

1409 181 1517 203 omnes
1531 193 1543 210 ,
1565 170 1662 214 idque
1685 181 1751 205 non
1774 171 1836 205 fine
1859 183 1972 215 magna
1994 172 2118 206 ratione
2138 197 2148 206 .
2181 172 2272 207 Nam
2302 176 2418 208 conati

1433 212 1543 247 uidam
1564 214 1612 247 vel
1638 214 1785 257 exiguam
1808 214 1953 251 humoris
1985 217 2170 257 portionem
2191 239 2203 255 ,
2234 220 2269 250 ἀ
2299 216 2411 250 sensim

1409 226 1594 300 deglutire,
1618 268 1681 290 non
1704 259 1764 291 levi
1787 269 1861 292 curn
1883 258 2109 301 incommodo,
2132 259 2164 293 a&
2187 259 2297 294 dolore
2330 259 2417 294 fece-

1413 308 1507 337 runt,
1530 310 1566 333 ut
1590 311 1665 342 puer
1687 301 1725 334 de
1747 313 1813 344 quo
1848 302 1887 336 ad
1921 303 2058 345 Regiam
2092 302 2322 338 Londinensem
2356 305 2416 336 So-

1410 344 1559 377 cietatem
1584 344 1694 378 retulit
1719 344 1867 378 Meadius
1891 348 1980 385 (ο),
2004 346 2058 379 alii
2083 357 2159 379 vero
2181 355 2236 380 aut
2260 358 2333 380 cum
2351 345 2418 390 jam

1410 385 1498 429 pejus
1529 386 1680 420 haberent
1702 411 1714 428 ,
1747 397 1800 421 aut
1833 399 1908 421 cum
1939 390 2008 431 plus
2039 387 2186 422 bibissent
2205 412 2218 429 ,
2249 389 2325 424 hinc
2363 398 2418 424 aut

1413 429 1540 463 obortis
1563 428 1838 465 vehementiffimis
1869 431 2124 466 convulfionibus
2148 456 2162 473 ,
2194 440 2249 465 aut
2282 432 2417 467 suffoca-

1416 474 1504 506 tione
1527 475 1716 516 ingruente,
1739 476 1861 509 mortui
1886 475 1957 508 sunt
1972 500 1979 507 .
2006 476 2158 514 Quorum
2181 474 2262 509 illud
2296 476 2417 510 accidit

1417 517 1549 559 Virgini
1573 517 1748 553 Mutinensi
1771 517 1809 550 cle
1831 529 1891 560 qua
1915 518 1999 551 infra
2023 522 2077 562 (p
2097 523 2112 561 )
2145 521 2418 554 commemorabi-

1416 570 1509 600 mus;
1529 558 1591 593 hoc
1613 562 1654 594 iis
1678 560 1715 594 de
1737 561 1853 605 quibus
1875 562 2040 595 Avicenna
2063 562 2246 602 indicavit,
2279 563 2344 596 haec
2378 561 2417 596 de

1416 602 1656 645 hydrophobo,
1675 608 1708 637 δε
1731 616 1811 646 aqua
1834 604 1967 639 scrianS
1990 609 2003 645 (
2023 617 2042 647 q
2062 609 2077 647 )
2099 607 2141 640 (T
2163 606 2342 648 quandoque
2347 605 2419 648 sor-

1414 645 1467 680 bet
1487 657 1525 680 ex
1547 657 1604 687 ea,
1627 658 1719 689 quare
1735 646 1949 690 strangulatur
1967 659 2024 690 per
2046 660 2112 683 eam
2128 672 2140 689 ,
2172 650 2215 684 &
2249 650 2384 682 moritur
2406 672 2413 679 .

1414 691 1534 723 Caeteri
1559 700 1691 731 autem,
1721 692 1777 733 qui
1808 701 1883 725 cum
1914 691 2050 725 rationis
2083 690 2179 725 essent
2215 701 2380 734 compotes
2403 715 2416 731 ,

1416 731 1505 772 sunt,
1527 744 1584 766 cur
1604 745 1668 767 non
1692 733 1858 774 biberent,
1881 735 2093 777 interrogati,
2120 734 2350 778 responderunt
2373 734 2417 768 ob

1412 774 1555 809 faucium
1578 777 1697 819 gulaeve
1720 787 1864 819 magnam
1886 776 2056 819 angustiam
2081 780 2124 812 &¹
2146 777 2392 818 constrictionem
2405 801 2419 818 ,

1412 827 1448 852 ut
1472 820 1572 853 Salius
1596 824 1609 860 (
1630 831 1646 852 r
1668 823 1682 859 )
1713 820 1843 854 testatur
1859 843 1872 860 ,
1898 822 1931 853 6<
1952 822 2177 855 Aromatarius
2199 821 2273 864 (s)
2296 821 2417 854 confir-

1411 871 1496 896 mat.
1519 864 1564 897 Et
1587 864 1656 898 sane
1679 864 1719 896 iis
1740 864 1774 896 in
1809 862 1952 905 partibus
1984 865 2089 907 reapse
2120 864 2233 899 habere
2265 864 2417 898 videntur

1411 906 1535 949 aliquid
1559 919 1573 940 a
1598 918 1664 951 quo
1685 907 1828 949 potionis
1852 905 2025 949 deglutitio
2040 906 2271 949 prohibeatur,
2293 917 2329 942 ut
2340 910 2418 942 Cae-

1413 948 1552 991 salpinus
1574 954 1635 991 (t)
1658 952 1893 994 comparaverit
1918 962 1992 984 cum
2015 949 2196 993 quibusdam
2228 950 2381 993 anginofis
2403 974 2417 991 ,

1413 991 1524 1033 quihus
1542 1002 1639 1035 potus
1656 1005 1715 1036 per
1737 1003 1826 1028 nares
1849 991 1974 1040 effluit,
1998 996 2222 1036 putaveritque
2236 1017 2244 1033 ,
2268 993 2310 1026 iis
2344 1004 2418 1027 con-

1411 1036 1489 1070 velli
1505 1036 1632 1079 gulam.
1657 1038 1741 1079 Qae
1765 1048 1836 1071 cum
1860 1037 1978 1078 legislet
2000 1037 2226 1071 Aromatarius
2259 1039 2336 1082 (u),
2362 1048 2417 1079 per

1413 1077 1472 1120 ipfi
1495 1081 1613 1113 mirum
1635 1080 1738 1114 visum
1761 1080 1803 1113 est
1817 1102 1827 1117 ,
1849 1091 1948 1123 neque
1973 1081 2117 1120 Salium,
2138 1091 2236 1122 neque
2259 1080 2416 1122 Caelalpi-

1414 1133 1491 1155 num
1513 1122 1587 1156 inde
1610 1123 1643 1156 id
1666 1123 1754 1166 quod
1777 1123 1834 1156 fibi
1857 1123 2057 1157 statuendum
2088 1125 2227 1158 omnino
2259 1121 2380 1156 censuit
2403 1133 2423 1164 ‚'

1408 1167 1541 1201 minime
1565 1166 1723 1200 deduxisse
1734 1191 1747 1207 ‚
1770 1167 1855 1202 hunc
1878 1166 2026 1202 morbum
2057 1167 2139 1203 nihil
2173 1166 2259 1203 alind
2277 1189 2288 1205 ‚
2323 1177 2417 1210 qnam

1408 1212 1553 1252 anginam
1577 1211 1731 1252 quandam
1756 1209 1827 1252 effe.
2121 1212 2126 1213 ⁷

1453 1264 1503 1285 20.
1526 1253 1579 1287 Ab
1603 1254 1662 1287 illo
1684 1253 1723 1286 ad
1746 1253 1808 1287 hoc
1841 1261 1966 1296 tempus
1998 1253 2104 1288 multo
2137 1254 2241 1296 plures
2276 1253 2381 1287 morbi
2405 1275 2416 1291 ‚

1408 1307 1505 1339 quam
1528 1297 1738 1337 cadaverum,
1762 1295 2001 1331 observationes
2026 1296 2119 1330 editae
2150 1296 2222 1331 sunt
2243 1321 2251 1328 .
2290 1298 2327 1329 In
2364 1295 2416 1331 his

1407 1339 1554 1383 quaedam
1599 1340 1749 1374 videntur
1784 1339 1887 1374 favere
1920 1340 2120 1374 Aromatarii
2152 1340 2314 1373 sententiae
2335 1350 2416 1377 ‚·ut

1432 1395 1504 1418 uam
1528 1383 1640 1417 'nabuit
1665 1383 1732 1417 Th.
1760 1384 1945 1427 Zwingerus
1970 1387 2035 1424 (x)
2056 1384 2114 1426 qui
2136 1383 2304 1423 interstitia
2318 1393 2416 1417 mem-

1406 1396 1539 1470 Zranosa
1559 1428 1831 1470 cartilagineorum
1853 1426 1984 1470 Aspera
2008 1427 2129 1461 arteriae
2153 1426 2340 1461 circulorum
2364 1427 2417 1459 vi-

1411 1470 1461 1503 dit
1484 1470 1676 1513 intenfiffime
1700 1469 1866 1510 rubentia,
1888 1476 1921 1505 &
1944 1472 2047 1513 magis
2071 1470 2128 1503 illa
2150 1482 2247 1513 quam
2277 1468 2418 1504 Chirur-

1409 1525 1466 1556 gus
1489 1513 1624 1547 Meadio
1650 1517 1701 1555 (y
1720 1516 1733 1552 )
1757 1514 1894 1555 retulit,
1916 1512 2063 1548 faucium
2085 1512 2176 1547 valde
2197 1513 2418 1547 inflammata-

1409 1568 1501 1596 rum,
1524 1560 1555 1592 ὃ(
1578 1567 1673 1600 quam
1698 1557 1869 1599 Tauvryus
1893 1559 1928 1590 in
1961 1558 2065 1600 Regia
2102 1557 2221 1590 Scient.
2257 1555 2419 1594 Parifienfi

1407 1599 1579 1634 Academia
1603 1602 1661 1643 (z
1683 1603 1696 1638 )
1719 1601 1880 1641 narravit,
1903 1601 1986 1643 gulae
2007 1600 2240 1640 inflammatae,
2272 1603 2305 1633 δε
2337 1612 2420 1634 non-

1408 1643 1456 1678 hil
1481 1645 1576 1677 etiam
1597 1643 1725 1684 Asper-„12
1749 1645 1891 1676 arteriae:
1914 1654 2096 1687 quanquam
2120 1643 2186 1678 duo
2210 1644 2333 1686 priores
2345 1645 2420 1687 pul-

1411 1698 1539 1719 monem
1564 1697 1693 1729 quoque
1719 1696 1960 1728 memorarunt,
1985 1688 2018 1719 in
2042 1697 2154 1729 parte,
2193 1695 2247 1721 aut
2281 1689 2420 1721 omnino

1412 1729 1499 1764 effusi
1522 1732 1557 1762 in
1578 1729 1726 1762 veficulas
1751 1728 1913 1773 sanguinis
1937 1732 2084 1773 plenum:
2107 1742 2204 1775 quem
2229 1732 2418 1774 Zwingerus

1413 1773 1597 1816 sanguinem
1630 1774 1664 1805 in
1696 1771 1792 1815 corde
1823 1784 1950 1816 quoque
1973 1799 1982 1813 ,
2014 1771 2151 1818 vasisque
2185 1775 2308 1815 magnis
2343 1774 2419 1808 huic

1414 1818 1575 1859 proximis
1598 1819 1785 1849 concretum
1807 1814 1919 1854 fuisse,
1943 1820 1976 1851 a&
1999 1826 2149 1859 praeterea
2171 1815 2319 1851 intestina
2344 1841 2357 1858 ,
2387 1821 2420 1852 δε

1413 1862 1514 1903 magis
1539 1860 1753 1894 ventriculum
1776 1859 1964 1894 rubicundis
1999 1861 2133 1895 maculis
2163 1859 2313 1894 distincta
2345 1861 2422 1894 scri..

1412 1903 1494 1946 psiut:
1518 1905 1689 1944 Tauvryus
1714 1910 1818 1936 autern
1842 1912 1878 1937 ut
1904 1903 1989 1938 nihil
2015 1904 2160 1944 horum,
2186 1903 2227 1938 fic
2253 1905 2421 1938 caeterail-

1412 1947 1442 1979 la
1466 1946 1529 1980 fere
1552 1947 1659 1979 omnia
1685 1946 1874 1987 adnotavit,
1895 1958 1964 1989 quae
1987 1958 2061 1981 cum
2085 1947 2203 1982 horum
2227 1956 2315 1990 parte
2339 1947 2423 1990 apud

1413 1989 1647 2023 Boerhaavium
1669 1992 1736 2029 (a)
1761 1989 1910 2022 recensita
1945 1989 2051 2024 videre
2084 1992 2204 2035 poteris
2225 2016 2233 2024 .
2265 1993 2389 2024 Contra
2408 2015 2422 2032 ,

1413 2032 1558 2066 adversus
1581 2033 1825 2066 Aromatarium
1848 2030 1996 2066 diffeetio
2021 2033 2063 2068 est
2085 2045 2182 2076 quam
2205 2035 2239 2066 in
2263 2045 2360 2075 puero
2384 2035 2421 2068 de

1412 2088 1478 2119 quo
1503 2075 1594 2119 supra
1617 2079 1629 2115 (
1651 2075 1670 2109 b
1691 2079 1704 2115 )
1729 2075 1798 2109 dixi
1821 2096 1830 2113 ,
1854 2074 1966 2109 habuit
2000 2077 2149 2111 Meadius
2173 2090 2183 2116 3
2215 2088 2288 2111 nam
2320 2078 2395 2120 gula
2414 2103 2424 2119 ‚

1413 2119 1564 2159 cerebro,
1586 2117 1740 2158 thorace,
1763 2120 1795 2151 &
1818 2119 2002 2152 ventriculo
2025 2123 2233 2160 examinatis,
2256 2120 2339 2155 nihil
2372 2121 2425 2155 us-

1414 2174 1511 2205 quam
1535 2171 1648 2205 praeter
1671 2161 1805 2195 solitum
1829 2162 1953 2195 invenit
1976 2187 1985 2202 ‚
2020 2163 2077 2196 uisi
2112 2175 2260 2206 magnam
2292 2165 2326 2196 in
2361 2164 2425 2199 hoc

1414 2206 1490 2240 bilis
1514 2206 1644 2249 copiam
1667 2205 1795 2238 viscidae
1818 2215 1853 2238 ac
1876 2206 2029 2239 virentis.
2056 2207 2110 2240 Eae
2135 2219 2261 2249 quoque
2283 2207 2425 2242 adversa-

1417 2250 1445 2281 ri
1470 2248 1570 2281 videri
1594 2246 1721 2290 possunt
1744 2271 1757 2287 ,
1788 2259 1867 2291 quas
1900 2249 2041 2283 invenies
2067 2261 2099 2282 ,11
2126 2249 2340 2293 Sepulchreto
2363 2254 2426 2293 (c)

1417 2291 1574 2326 indicatas
1599 2313 1608 2328 ,
1644 2293 1674 2322 δε
1699 2289 1812 2324 diserte
1836 2292 1942 2332 magni
1964 2293 2099 2326 nominis
2129 2294 2259 2328 Medico.
2294 2297 2309 2334 <
2339 2296 2426 2328 Aro-

1421 2335 1557 2369 matario
1580 2332 1731 2367 videlicet
1754 2357 1766 2373 ,
1799 2342 1834 2366 ut
1859 2342 1940 2374 puto
1963 2337 1978 2374 )
2015 2334 2177 2378 oppositas
2199 2360 2212 2376 ,
2246 2339 2302 2380 qui
2339 2337 2426 2371 hunc

1423 2378 1574 2411 morbum
1609 2374 1762 2419 referebat
1793 2376 1832 2410 ad
1865 2373 2142 2417 inflammationem
2168 2376 2314 2421 faucium
2338 2405 2346 2418 ‚
2382 2382 2426 2414 ἔφ’

1424 2420 1618 2463 εοηῃιηῖἔαηι
1639 2420 1776 2462 Anginae
1804 2418 1939 2461 sacciem
1965 2442 1972 2448 .
2009 2420 2067 2464 Seci
2098 2429 2208 2461 aperta
2240 2424 2426 2465 cadam-a,-

1421 2464 1510 2506 quod
1534 2461 1736 2497 Rolfinckius
1760 2483 1769 2499 2
1802 2464 1843 2496 iis
1866 2461 1965 2495 fretus
1989 2463 2279 2499 Oblervationibus
2304 2489 2315 2505 ,
2347 2478 2427 2499 ccm-

1422 2509 1517 2540 tinuo
1540 2504 1669 2551 subjicit
1693 2518 1703 2545 3
1735 2504 1821 2538 nulla
1845 2504 2101 2548 inflammationis
2133 2507 2263 2550 vestigia
2295 2508 2426 2549 ostende-

1421 2561 1452 2585 re
1475 2575 1483 2582 .
1530 2551 1683 2582 Attamen
1727 2549 1950 2582 Aromatarius
1998 2553 2008 2588 (
2032 2550 2052 2581 d
2075 2552 2086 2588 )
2132 2559 2168 2582 ut
2212 2560 2277 2583 erat
2311 2554 2344 2585 in
2374 2563 2427 2585 ve-

1421 2602 1524 2626 terum
1567 2591 1774 2626 Medicorum
1818 2591 1955 2626 lectione
2000 2603 2067 2624 non
2110 2592 2315 2628 mediocriter
2358 2607 2426 2628 ver-

1422 2636 1507 2670 satus
1539 2659 1552 2676 ,
1597 2635 1763 2678 complura
1808 2645 1847 2667 ex
1891 2636 1931 2668 iis
1976 2647 2047 2678 quae
2092 2633 2148 2669 fibi
2196 2639 2299 2679 objici
2353 2640 2427 2680 pos.

1423 2679 1489 2715 sent
1513 2702 1524 2719 ,
1559 2690 1669 2713 eorum
1704 2679 1895 2712 auetoritate
1917 2676 2074 2712 declinare
2108 2679 2264 2713 studuerat
2289 2706 2300 2721 ,
2334 2685 2427 2726 angi-

1424 2733 1497 2755 nam
1539 2721 1732 2756 contendens
1786 2732 1854 2754 eam
1909 2733 2036 2766 quoque
2092 2722 2149 2756 else
2194 2736 2264 2766 quae
2309 2723 2346 2758 fit
2393 2728 2427 2760 in

1423 2777 1610 2809 quacunque
1656 2774 1743 2807 parte
1788 2774 1841 2798 aut
1883 2766 1967 2807 gulae
1989 2788 2003 2804 ,
2044 2774 2099 2798 aut
2144 2769 2250 2800 trunci
2296 2768 2426 2811 Asperat

1424 2810 1545 2842 arteriae
1561 2835 1569 2847 ,
1596 2812 1627 2842 δε
1651 2820 1720 2851 quae
1744 2808 1905 2841 interdum
1929 2818 2019 2841 acuta
2044 2819 2108 2841 non
2132 2809 2191 2847 est,
2218 2812 2285 2844 imo
2308 2810 2371 2845 fine
2381 2812 2428 2846 fe-

1420 2852 1498 2892 bre,
1521 2853 1641 2895 quippe
1665 2863 1738 2885 cum
1760 2852 1793 2883 in
1817 2852 1940 2885 viarum
1964 2852 2093 2885 illarum
2118 2853 2224 2896 aliqua
2249 2855 2391 2897 angustia
2417 2882 2427 2896 ,

1420 2896 1468 2928 vel
1492 2894 1709 2929 obstrueuone
1732 2893 1875 2927 consistat
1902 2918 1913 2935 ,
1945 2905 1980 2928 ut
2013 2906 2082 2937 quae
2119 2895 2156 2929 fit
2183 2908 2198 2929 a
2221 2897 2427 2934 convulsione

1424 2940 1591 2972 dumtaxat
1606 2961 1615 2976 ‚
1640 2947 1732 2981 atque
1748 2961 1760 2978 ,
1783 2946 1818 2971 ut
1842 2938 1901 2971 alia
1918 2938 2015 2973 sciens
2027 2939 2200 2980 omittam,
2224 2953 2239 2973 a
2265 2941 2429 2984 phlegma-

1426 2992 1477 3021 te,
1502 2983 1568 3017 vias
1592 2991 1719 3015 tantum
1742 2991 1917 3023 occupante
1931 3006 1940 3018 .,
1965 2982 2052 3015 nulla
2076 2983 2226 3016 existente
2247 2984 2428 3020 inflamma-

1425 3027 1533 3059 tione:
1558 3028 1590 3059 &
1613 3035 1790 3068 quanquam
1802 3044 1820 3063 ,a
1835 3023 1913 3057 ficut
1939 3027 1970 3057 in
1995 3025 2107 3058 eodem
2131 3027 2337 3069 Sepulchreto
2360 3033 2429 3074 (e)

1426 3069 1513 3101 vides
1533 3093 1546 3109 ,
1576 3078 1630 3102 aut
1654 3069 1734 3102 hanc
1756 3058 1906 3104 ultilmam
1941 3071 2061 3111 anginae
2094 3069 2252 3111 speciem,
2283 3081 2336 3105 aut
2360 3085 2428 3109 eam

1427 3124 1497 3154 quae
1520 3112 1681 3154 laryngem
1706 3120 1863 3153 occupat,
1887 3111 2013 3146 videtur
2036 3113 2069 3145 in
2104 3112 2326 3156 hydrophobis
2349 3129 2429 3151 con..

1427 3155 1573 3194 stituere3
1597 3165 1701 3189 tamen
1727 3154 1774 3186 vel
1801 3165 1833 3186 re
1867 3155 1912 3187 i-ta
1947 3165 2072 3198 accepta
2091 3181 2100 3196 ,
2137 3156 2212 3191 satis
2243 3158 2428 3195 Rolfinckii

1427 3199 1675 3232 Observationes
1696 3197 1852 3232 declinat.
1881 3199 1982 3240 Qod
2006 3200 2028 3233 fi
2052 3211 2117 3233 rem
2141 3201 2187 3232 ita
2211 3212 2275 3233 non
2298 3212 2429 3238 contra-

1427 3242 1505 3281 lias,-
1530 3241 1632 3275 favere
1655 3252 1781 3284 quoque
1803 3241 1908 3274 credes
1939 3255 2035 3286 quam
2057 3244 2091 3276 in
2116 3243 2321 3285 Sepulchreto
2343 3246 2429 3291 (f)

1426 3297 1503 3320 mox
1536 3285 1630 3319 habes
1651 3308 1662 3325 ,
1696 3284 1964 3319 Observationem
2004 3285 2215 3320 Erechtfelclii
2237 3311 2251 3328 ,
2290 3291 2346 3331 qui
2380 3299 2429 3325 to..

2318 3340 2388 3368 tum

367 3385 2429 3405 Ἣ

429 3428 443 3456 (
455 3427 499 3457 s)
515 3427 680 3456 Propemptic.
696 3428 726 3453 ad
743 3428 802 3454 Diffi
818 3432 844 3460 J.
861 3432 890 3455 B.
908 3431 1031 3456 Hoffman.
1093 3433 1107 3463 (
1123 3440 1133 3458 t
1148 3433 1163 3462 )
1180 3432 1239 3457 Hist.
1257 3433 1286 3458 de
1303 3433 1403 3458 l'Acad.
1421 3437 1454 3459 R.
1471 3434 1511 3460 des
1527 3436 1562 3459 Sc.
1581 3436 1611 3459 A.
1629 3443 1698 3469 1705.
1762 3435 1770 3465 (
1787 3444 1803 3460 u
1819 3435 1833 3465 )
1849 3436 1939 3466 Supra,
1956 3445 1981 3461 n.
2002 3444 2038 3466 ις.

429 3459 445 3487 (
459 3466 474 3481 ’t
490 3458 504 3486 )
521 3458 623 3482 Observ·
640 3461 714 3482 Anat.
730 3461 799 3484 Med.
817 3468 855 3486 ιο.
917 3462 960 3493 (y
976 3462 990 3491 )
1006 3464 1156 3499 Sepulchret.
1173 3464 1192 3498 1.1
1209 3472 1230 3489 ι.
1247 3466 1270 3489 S.
1289 3471 1326 3498 .¹0·
1343 3465 1401 3490 Obs.
1421 3469 1455 3489 16.
1517 3466 1531 3494 (
1547 3473 1565 3493 z
1582 3465 1592 3494 )
1610 3465 1671 3489 lbid.
1690 3464 1751 3489 Obs.
1768 3475 1789 3494 ς.
1830 3467 1862 3500 ἱ(
1878 3476 1892 3491 a
1908 3467 1921 3501 2
1939 3468 1979 3492 ubi
1996 3467 2064 3496 supra
2079 3467 2108 3491 ad
2126 3475 2150 3492 n.
2169 3477 2204 3499 ¹3·

430 3486 501 3546 ἷξες
519 3490 557 3542 gg
572 3487 644 3543 ῗὶιιοξ..
662 3489 760 3543 Olfficul.
780 3491 803 3515 δι
818 3498 840 3515 c.
858 3499 898 3522 qu.
916 3500 944 3520 4.
1005 3494 1044 3527 (.‘
1063 3495 1070 3523 )
1088 3496 1142 3519 vid.
1161 3498 1235 3520 enam
1251 3495 1325 3524 Epist.
1343 3500 1383 3520 61.
1397 3504 1426 3530 .¹'¹·
1440 3497 1462 3521 8.
1526 3494 1535 3523 (
1551 3495 1568 3520 d
1584 3496 1596 3524 )
1614 3498 1648 3531 De
1665 3496 1752 3521 Affest.
1768 3497 1938 3522 Particulanb.
1956 3506 1977 3523 c.
1993 3505 2029 3527 19.
2091 3499 2142 3528 (e)
2159 3502 2212 3525 Art.
2223 3499 2350 3532 Medd-3.
2359 3508 2429 3535 1234..

432 3547 441 3577 ί
461 3548 471 3572 i
487 3551 498 3575 2
517 3547 575 3576 Eph.
593 3527 678 3575 §.lec-
690 3528 751 3575 'DeIt'n
764 3528 789 3580 {-
808 3529 837 3576 ¹A.
856 3559 880 3577 2.
897 3522 1068 3583 ὃξίὶοῗῖἰρῆ
1085 3525 1437 3584 ξεῖιοιιῗῖιὲᾈῐῖξιρίᾒεξλὲἓξιῖα
1451 3533 1506 3581 ¹o-rd.
1525 3527 1730 3585 Sgptlilghrinffarl
1742 3535 1922 3586 Si¹⁸132ffin²gm
1984 3561 1998 3590 (
2015 3559 2031 3583 k
2047 3556 2057 3588 )
2073 3560 2095 3583 8.
2113 3558 2137 3583 in
2155 3561 2177 3584 S.
2195 3562 2216 3585 8.
2234 3563 2251 3585 1.
2267 3560 2339 3590 ejusd.
2358 3570 2379 3590 1.

433 3578 448 3606 (
463 3577 498 3605 l)
516 3579 597 3612 Traet.
616 3580 644 3603 de
662 3583 750 3606 Venen.
769 3583 846 3608 Tent.
863 3590 887 3617 α.-
949 3584 962 3613 (
978 3591 1002 3608 m
1019 3585 1033 3613 )
1049 3586 1111 3613 apud
1127 3587 1246 3612 Swieten·
1262 3588 1364 3611 Comm.
1380 3588 1405 3612 in
1421 3587 1506 3615 Boerh.
1524 3586 1586 3617 Aph.
1605 3587 1628 3617 §.
1648 3596 1711 3617 ¹137-
1774 3589 1787 3617 (
1804 3598 1819 3612 n
1835 3589 1848 3618 J
1865 3590 1928 3618 Eph.
1947 3592 1982 3614 N.
2000 3592 2028 3614 C.
2044 3591 2114 3614 Cent.
2132 3598 2154 3620 7.
2173 3591 2232 3616 Obs.
2252 3599 2287 3621 54.

432 3608 475 3636 ΕΠ
492 3607 505 3634 )
538 3616 606 3637 agglo
631 3610 694 3643 delle
720 3612 834 3637 Transaz.
861 3613 932 3638 filos.
960 3615 985 3639 P.
1009 3622 1030 3638 2.
1060 3623 1079 3641 c.
1104 3618 1127 3640 8.
1152 3624 1174 3640 n.
1203 3624 1226 3645 3.
1299 3618 1372 3647 (p)
1400 3626 1424 3642 n.
1444 3626 1482 3646 29.
1550 3618 1564 3646 (
1583 3626 1598 3647 q
1616 3619 1629 3646 )
1655 3620 1745 3643 Canon.
1768 3621 1787 3644 l*
1807 3628 1832 3648 4.
1857 3621 1884 3643 F.
1910 3623 1934 3644 6.
1959 3626 1990 3645 tr.
2011 3629 2035 3648 4.
2056 3627 2079 3645 c·
2100 3628 2124 3648 7.

433 3639 447 3667 ζ
463 3645 474 3660 r
489 3640 501 3663 )
521 3645 602 3672 εἰς».
619 3646 660 3664 επ,
724 3642 732 3670 (
749 3642 769 3672 s
785 3647 792 3672 1
810 3645 836 3668 P.
852 3643 896 3668 cit·
914 3645 997 3672 partic.
1013 3654 1036 3673 7.
1099 3648 1105 3676 (
1127 3653 1137 3671 t
1153 3647 1166 3675 )
1180 3654 1202 3671 c.
1221 3646 1265 3671 cit.
1327 3649 1340 3677 (
1357 3657 1372 3672 u
1391 3652 1398 3679 )
1418 3648 1503 3678 partie.
1520 3649 1574 3674 ead.
1590 3657 1614 3677 7·
1677 3650 1689 3677 (
1705 3657 1719 3672 x
1738 3652 1746 3679 )
1763 3649 1820 3673 Obs.
1838 3649 1879 3674 cit·
1899 3658 1950 3679 104-
2013 3652 2020 3681 l
2035 3658 2052 3680 y
2067 3650 2080 3679 )
2097 3658 2122 3676 n·
2140 3659 2160 3680 34-
2178 3651 2222 3677 eit.

435 3669 442 3696 (
462 3675 480 3695 z
496 3667 509 3693 3
526 3668 588 3701 Hist.
604 3670 633 3702 A„
655 3676 721 3699 1699·
784 3674 828 3706 (ss
843 3673 856 3702 )
873 3676 962 3702 Aphor.
978 3675 1007 3700 de
1021 3683 1089 3704 cogn.
1107 3676 1185 3703 morb.
1204 3677 1226 3707 §.
1248 3685 1314 3705 1140.
1377 3679 1420 3708 (b
1434 3679 1448 3708 3
1464 3687 1486 3704 n.
1505 3688 1540 3709 19.
1603 3680 1643 3708 (c
1658 3678 1744 3707 )1.1.
1763 3681 1785 3705 S.
1803 3682 1828 3705 8.
1844 3680 1903 3705 Obs.
1924 3688 1960 3708 io.

436 3700 447 3730 t
464 3698 479 3725 d
495 3697 508 3726 )
523 3697 587 3729 Disp.
604 3704 648 3724 cit.
664 3702 690 3724 P.
707 3708 728 3730 3.
747 3709 831 3731 parne-
852 3711 868 3729 ι.
887 3707 907 3730 ἃ
924 3711 947 3733 4.
1009 3707 1024 3733 ζ
1039 3714 1050 3730 e
1066 3707 1079 3737 3
1096 3708 1177 3733 Addit.
1194 3710 1224 3733 ad
1239 3710 1262 3734 S.
1277 3708 1319 3734 cit.
1334 3710 1356 3732 8.
1373 3710 1431 3735 Obs.
1448 3717 1469 3735 1.
1531 3708 1593 3740 (s)
1616 3709 1677 3734 ibid.
1701 3709 1758 3734 Obs·
1779 3718 1801 3735 2·

2036 3871 2063 3899 N
