2498 4075
430 128 534 182 280

677 127 836 182 Liber
869 127 961 181 IV.
995 126 1080 178 De
1114 128 1321 181 Morbis
1353 127 1713 197 Chirurgicis‚
1745 130 1800 180 δι
1839 126 2237 182 Universalibus

373 206 519 251 itemque
540 207 589 241 vel
617 208 724 241 multo
747 206 941 242 senioribus,
964 207 995 240 &
1016 207 1200 240 exercitatis
1211 206 1385 249 Chirurgis
1435 207 1602 243 occludere
1625 231 1638 248 ‚
1668 208 1739 240 'tum
1764 218 1801 240 ne
1825 218 1957 250 propter
1980 207 2195 242 immodicum
2220 208 2360 241 materiae
2385 206 2436 240 ef-

360 254 488 286 -omnia
512 262 585 293 quae
608 252 694 283 inter
715 251 914 291 operandum
939 249 1078 283 accidere
1101 248 1249 292 possunt,
1274 254 1382 285 animo

372 295 435 328 effe
472 304 561 329 antea
585 293 808 335 prospicienda
835 318 843 326 .
879 290 1036 325 Ceterum
1061 292 1148 334 quod
1181 293 1219 327 ad
1243 296 1381 336 primam

372 341 574 372 curationem
598 339 716 370 attinet
742 361 750 375 ,
770 335 879 378 legesis
902 338 985 369 inter
1010 336 1144 369 Veteres
1166 336 1380 372 Benivenium

373 386 387 424 (
408 381 428 416 b
451 387 486 421 ).·
509 379 595 422 quod
620 381 658 412 ad
681 380 836 419 alteram,
860 380 944 411 inter
968 379 1177 412 Recentiores
1194 380 1378 415 Heisterum

372 431 385 466 (
407 438 423 459 c
447 430 479 464 >3
503 423 684 464 exemplum
709 423 791 463 apud
815 432 985 464 utrumque
1009 419 1114 455 felicis
1139 425 1316 457 curationis
1329 426 1378 458 in-

372 472 499 503 venies.
630 466 911 507 Condylomatum
937 474 1043 498 autem
1069 467 1237 501 muliebris
1251 470 1376 509 vaginae

371 524 444 546 cum
470 513 574 553 plures
596 510 709 551 peffint
733 508 790 542 esse
813 509 912 542 causae
937 520 948 546 3
986 518 1055 542 turn
1079 511 1164 552 inter
1186 521 1238 543 eas
1260 522 1332 551 quae
1357 524 1375 544 a

370 555 557 598 primordiis
584 553 680 593 sunt,
703 551 866 594 quandam
890 551 1056 598 interdurn
1080 551 1140 586 esse
1166 576 1174 590 ‚
1197 553 1340 595 suspicor
1364 580 1373 594 ‚

367 609 441 642 quae
473 597 654 640 cujusmodi
686 595 723 629 sit
749 620 759 636 ,
787 606 826 631 ex
849 595 990 637 subJtha
1025 595 1192 639 apparebit
1215 596 1374 633 Observa..

369 651 458 676 tione
475 668 482 676 .

415 697 465 728 51.
489 683 832 720 VIRGUNCULA
865 693 963 716 annos
987 692 1058 716 nata
1081 683 1118 716 ad
1150 682 1337 725 quindecim
1360 709 1374 725 ‚

367 732 517 774 corporis
541 729 655 763 habitu
679 725 744 768 jam
767 727 823 759 diu
845 725 1050 763 cachefflcc„
1072 727 1215 768 graviori
1236 727 1372 769 denique

370 774 486 807 morbo
508 781 653 815 correpta
668 792 676 807 ,
698 779 860 802 extremos
884 768 978 810 hujus
999 791 1009 806 ‚
1034 773 1065 802 δι
1089 770 1165 802 vitae
1186 768 1253 803 dies
1275 769 1315 805 fic
1338 773 1370 804 in

367 817 532 850 Patavino
555 818 621 858 egit
647 813 850 846 Nosocomio
871 834 883 851 ,
906 824 941 845 ut
966 823 1004 845 ex
1027 813 1218 855 pulmonum
1243 813 1370 848 ins-lam-

366 862 513 893 matione
545 859 630 892 mori
664 855 829 890 videretur.
859 855 916 889 sub
948 856 1045 890 finem
1077 856 1119 889 A.
1149 865 1242 897 1750.

366 903 609 939 THORACE
633 909 743 943 aperto
766 921 777 938 ‚
813 898 907 941 hujus
931 899 1064 941 quidem
1089 899 1234 942 hydrops
1256 899 1366 943 depre-

365 946 480 983 hensus
503 947 569 985 est3
591 947 625 979 in
650 942 858 986 pulmonibus
881 953 987 977 autem
1022 943 1077 975 vix
1100 944 1281 988 quidquam>
1301 943 1366 978 fuit

364 989 453 1034 quod
476 990 546 1024 leve
568 999 680 1023 eorum
703 986 973 1033 inflammationis
998 986 1151 1027 praeberet
1175 987 1334 1021 indicium
1359 1014 1367 1022 .

491 1035 544 1067 Ex
566 1033 691 1066 Ventre
722 1030 875 1073 genitales
899 1029 1096 1072 potiffimum
1129 1039 1232 1073 partes
1264 1031 1368 1065 detra-

360 1078 420 1112 &ae
445 1078 536 1112 sunt.
561 1076 713 1120 Quarum
736 1085 797 1115 ego
822 1073 1009 1107 strueturam
1034 1084 1108 1107 cum
1139 1073 1286 1108 studiosae
1306 1075 1365 1118 Ju-

362 1124 487 1156 ventuti
512 1120 729 1155 ostenderem,
753 1119 787 1151 in
809 1117 961 1151 omnibus
983 1116 1082 1150 ferme
1108 1116 1284 1151 secundum
1309 1129 1365 1151 na-

360 1173 467 1199 turam
492 1165 520 1198 se
545 1164 716 1198 habentem
741 1176 749 1194 :
788 1172 887 1203 pauca
912 1161 978 1195 haec
1011 1172 1082 1203 quae
1107 1161 1208 1194 aliena
1232 1161 1329 1194 essent
1354 1183 1363 1197 ‚

359 1208 574 1242 animadverti
601 1231 607 1239 .
641 1206 694 1240 Ad
729 1205 859 1238 alterius
883 1205 1099 1245 Falloppianae
1124 1204 1227 1237 Tub‘ae
1261 1215 1365 1238 extre·

358 1263 446 1285 mum
472 1252 646 1285 foliaceum
673 1259 739 1282 erat
765 1248 913 1290 hydatis.
942 1248 991 1280 Ex
1013 1245 1150 1280 urethrae
1161 1247 1270 1280 osculo
1295 1259 1365 1280 cor-

382 1295 527 1329 usculutu
551 1292 753 1334 prominebat
774 1290 959 1324 rubellum.-
983 1289 1091 1331 quod,
1115 1289 1179 1331 ipsa
1191 1290 1364 1325 secundum

356 1306 594 1382 fongitudinem
617 1336 738 1374 incisa,
764 1334 848 1367 nihil
870 1334 956 1367 aliud
982 1332 1042 1366 esse
1057 1357 1066 1372 ,
1087 1335 1176 1373 vidi,
1201 1334 1259 1367 nisi
1283 1336 1363 1367 inti-

356 1393 442 1415 mam
466 1382 532 1423 ejus
555 1383 700 1414 tunicam
725 1402 734 1417 ,
770 1390 840 1420 quae
863 1389 937 1411 curn
973 1376 1065 1418 supra
1090 1389 1106 1411 a
1130 1376 1282 1419 subjectis
1305 1390 1361 1411 va-

355 1425 450 1459 sculis
474 1426 623 1467 sanguine
647 1423 791 1458 distentis
814 1430 886 1455 tota
910 1423 1108 1463 nigricaret‚
1133 1423 1196 1455 ima
1222 1431 1309 1464 parte
1334 1424 1362 1454 se

354 1470 538 1503 extrorsum
563 1469 723 1502 invertens
748 1492 757 1506 ,
789 1464 929 1499 exstabat
952 1479 959 1497 :
995 1465 1084 1506 quod
1106 1467 1136 1497 &
1168 1466 1202 1497 in
1229 1465 1288 1498 alia
1323 1466 1360 1498 de

354 1523 418 1554 qua
443 1513 499 1548 ubi
521 1511 559 1545 de
582 1510 833 1545 Claudicatione
857 1508 993 1541 scribam
1016 1510 1030 1546 (
1052 1508 1071 1540 d
1091 1511 1123 1547 )‚
1151 1509 1284 1541 memini
1311 1509 1359 1541 vi-

353 1555 452 1595 disse,
477 1566 646 1597 utramque
670 1563 777 1588 autem
802 1562 877 1586 cum
902 1552 940 1585 de
965 1552 1077 1584 Urinae
1102 1551 1303 1586 Difficultate
1328 1565 1360 1585 a-

352 1611 459 1643 gerem
483 1603 497 1639 (
519 1611 533 1633 e
557 1603 568 1636 )
593 1594 878 1635 commemorasse,
901 1599 932 1629 ὅ(
957 1596 1047 1637 parvi
1072 1595 1159 1628 illius
1183 1597 1257 1628 vitii
1282 1607 1358 1630 cau⁵

353 1645 418 1678 farn
442 1641 634 1687 quaesivisse.
661 1644 786 1683 Aperta
808 1639 948 1681 denique
972 1639 1086 1681 vagina
1107 1661 1119 1678 ,
1150 1650 1222 1680 quae
1246 1639 1358 1673 albido

352 1687 554 1722 craffiusculo
586 1684 721 1719 humore
744 1692 813 1717 erat
844 1683 948 1715 oblita
973 1705 983 1721 ‚
1019 1681 1101 1720 illud
1124 1681 1245 1716 offendi
1269 1682 1357 1724 quod

352 1730 439 1765 mihi
466 1731 526 1764 hoc
550 1730 626 1762 loco
649 1727 810 1761 scribendi
834 1725 916 1759 hanc
930 1724 1207 1758 Observationern
1229 1725 1357 1758 causam

351 1774 487 1809 attulit.
514 1773 639 1806 Scilicet
666 1771 798 1814 propius
823 1768 1078 1807 alterumlatus,
1103 1779 1168 1801 uno
1190 1767 1282 1810 supra
1295 1768 1356 1810 hy.

351 1829 479 1853 menem
503 1815 682 1850 transverso
705 1814 835 1855 digito,
860 1813 1002 1845 anterior
1026 1835 1035 1850 ‚
1067 1813 1098 1844 &
1123 1810 1277 1852 posterior
1300 1822 1355 1845 va-

351 1865 435 1906 ginae
460 1859 553 1894 facies
575 1860 736 1901 colligatae
759 1865 849 1891 erant
874 1857 958 1889 inter
982 1854 1010 1887 se
1034 1866 1090 1897 per
1114 1855 1243 1903 brevem
1266 1856 1353 1897 quasi

349 1906 491 1940 institam
517 1902 695 1937 latitudinis
721 1924 730 1938 ,
761 1904 792 1935 &
815 1899 1030 1934 crassitudinis
1056 1899 1189 1931 modicae
1213 1922 1223 1937 ,
1245 1910 1283 1931 ex
1306 1911 1357 1932 ea-

349 1949 422 1983 dern
447 1948 572 1991 prorsus
596 1959 634 1980 tx
656 1958 718 1988 qua
744 1946 859 1986 vagina
883 1966 892 1981 ,
926 1941 1100 1975 substantia
1134 1941 1250 1974 sat‘tam
1274 1966 1283 1980 ‚
1318 1942 1356 1976 ad

349 1993 551 2035 eundemque
583 1991 715 2024 modum
740 1987 855 2029 rugosa
894 1985 1061 2029 praeditam
1086 1984 1252 2026 superficie
1275 1997 1286 2023 3
1319 1995 1354 2019 ut

348 2036 550 2071 manifestum
575 2033 649 2068 esset
673 2059 682 2070 ,
707 2033 882 2074 praesertim
905 2041 979 2063 cum
1003 2028 1174 2071 praegreffae
1198 2027 1354 2062 erofionis

348 2080 476 2115 nullum
501 2079 637 2120 usquam
652 2076 763 2119 supra,
790 2085 844 2108 ant
869 2073 952 2108 infra
968 2082 1132 2116 appareret
1157 2071 1351 2113 vestigium,

348 2125 594 2163 colligationem
618 2121 706 2154 illam
729 2117 788 2153 esse
813 2119 853 2152 ab
877 2127 990 2151 natura
1015 2140 1022 2147 .
1049 2115 1158 2154 Quam
1183 2125 1354 2157 antequam

348 2162 488 2201 sectione
513 2165 713 2200 dissolverem
738 2174 749 2201 3
784 2161 949 2195 arffiffima
974 2159 1013 2192 ab
1046 2171 1084 2192 eo
1108 2158 1204 2205 latere
1238 2161 1353 2201 vagina

348 2222 438 2248 erat3
464 2212 518 2245 illa
544 2220 650 2243 autem
672 2205 844 2245 dissoluta,
869 2206 1028 2239 continuo
1043 2204 1086 2236 vin
1110 2202 1353 2245 justamlatitu-

347 2257 456 2290 dinem
483 2255 509 2288 se
533 2253 699 2286 extendit.
1363 2254 1366 2257 ⁴

393 2310 445 2341 52.
470 2297 577 2341 Quod·
594 2296 615 2330 fi
641 2296 707 2329 haec
732 2294 842 2337 Virgo
866 2291 1039 2334 nupfiffet3

347 2344 489 2377 institam
528 2341 614 2374 illam
639 2350 692 2373 ant
726 2352 740 2371 a
764 2337 992 2380 congrediente
1017 2338 1087 2368 viro
1110 2357 1122 2374 ‚
1158 2345 1212 2382 aut
1238 2346 1253 2366 a
1278 2347 1351 2376 pro.

347 2388 464 2421 deunte
488 2386 572 2419 foetu
597 2383 775 2425 disruptam
791 2403 804 2420 ,
828 2380 1006 2414 excrescere
1030 2376 1139 2421 postea
1163 2388 1196 2409 in
1222 2378 1350 2419 praehu-

349 2431 439 2466 mido
463 2431 535 2463 loco
580 2430 612 2460 in
637 2425 832 2467 condyloma
856 2422 995 2465 potuisse
1021 2420 1140 2467 ..Mihi
1165 2431 1251 2453 certe
1273 2434 1347 2455 cum

348 2487 416 2509 eam
439 2471 623 2508 diffecarem
650 2493 658 2507 ,
695 2470 726 2500 in
752 2477 890 2505 mentem
916 2468 1003 2498 venit
1036 2465 1160 2504 juvenis
1186 2464 1347 2498 Matronae

348 2520 402 2552 cui
439 2518 506 2560 post
531 2526 594 2548 non
628 2513 756 2547 facilem
782 2520 907 2552 partum
940 2508 1169 2554 condylomata
1193 2507 1258 2540 duo
1292 2520 1347 2549 per

348 2573 472 2605 vaginae
497 2559 660 2593 orificium
684 2555 821 2599 pendere
843 2575 851 2590 ‚
876 2552 965 2589 vidi,
992 2549 1123 2592 hujusce
1144 2550 1260 2584 institae
1286 2576 1294 2590 ‚
1328 2550 1349 2584 si

347 2607 381 2639 in
406 2605 512 2638 medio
535 2602 678 2642 disrupta
705 2598 797 2633 esset,
822 2594 933 2637 &post
956 2596 1191 2635 disruptionem
1203 2595 1351 2637 aliquan-

347 2659 417 2683 tum
444 2644 648 2690 procrevisset
667 2669 675 2682 ‚
699 2642 816 2674 fimzlia
837 2641 881 2673 ob
906 2639 938 2672 id
962 2639 1059 2671 etiam
1082 2636 1176 2680 quod
1193 2648 1257 2670 non
1284 2650 1350 2670 ma-

348 2693 410 2735 jori
437 2692 527 2734 supra
551 2687 632 2722 illud
655 2684 818 2720 orificium
843 2682 1018 2717 intervallo
1041 2692 1140 2724 quarn
1164 2680 1232 2714 haec
1258 2681 1347 2715 insti-

348 2746 380 2770 ta
396 2759 408 2776 >
431 2735 618 2769 oriebantur
632 2756 641 2764 .
1077 2768 1084 2774 ·

391 2790 441 2822 53.
469 2778 599 2813 Restant
636 2776 776 2808 Artuum
811 2781 983 2804 tumores.
1018 2769 1084 2803 Qui
1108 2779 1217 2802 omnes
1249 2766 1349 2801 ferme

347 2835 422 2858 cum
447 2822 505 2855 fint
530 2819 672 2862 utrisque
693 2825 879 2849 communes
902 2835 911 2850 ‚
944 2812 1031 2853 juvat
1056 2812 1088 2843 in
1122 2813 1161 2844 iis
1184 2810 1256 2857 fere
1275 2811 1348 2860 sub-

347 2867 452 2902 fistere
487 2866 543 2906 qui
568 2865 601 2895 in
635 2861 792 2904 proximis
816 2857 937 2891 fuerint
972 2857 1103 2889 artubus
1129 2853 1349 2888 Inferioribus

349 2911 435 2944 mole
460 2909 514 2942 alii
540 2906 699 2943 immani,
724 2905 780 2936 alii
804 2901 976 2934 mediocri.
1004 2900 1143 2930 Immani
1168 2907 1234 2931 erat
1258 2900 1314 2940 qni
1339 2923 1347 2935 ‚

348 2953 502 2987 absceslus
525 2951 622 2983 instar
646 2971 654 2984 ,
694 2946 797 2980 femur
823 2949 901 2978 adeo
924 2941 1122 2976 distendebat
1147 2940 1349 2976 Nobiliffimi

348 2999 447 3033 Viri,
474 3004 508 3028 ut
532 2992 705 3030 Valsalva‚
728 2991 767 3023 ad
791 2990 990 3022 curationem
1012 2984 1202 3022 accersitus,
1228 2987 1349 3026 aperire

348 3043 469 3074 veritus
494 3038 531 3070 sit
558 3060 565 3073 ,
599 3034 686 3068 felici
711 3033 845 3066 consilio
870 3047 878 3069 3
911 3042 983 3063 nam
1007 3030 1116 3072 paucis
1148 3028 1216 3071 post
1238 3029 1350 3062 diebus

348 3095 403 3126 per
427 3083 456 3116 se
476 3079 632 3124 paulatim
656 3077 784 3110 evanuit
797 3085 883 3107 totus
898 3097 905 3110 ,
929 3085 1075 3115 aegerque
1088 3082 1154 3106 tam
1179 3074 1257 3105 bene
1272 3084 1350 3105 con-

347 3128 471 3164 valuit,
497 3134 531 3158 ut
557 3123 659 3166 plures
684 3119 787 3162 postea
803 3129 900 3151 annos
926 3116 1097 3150 saniffimus
1110 3117 1252 3156 vixerit,
1274 3116 1350 3148 Me-

348 3171 452 3209 dicis,
476 3171 506 3201 &
530 3166 703 3207 Chirurgis
727 3175 740 3196 a
767 3162 882 3204 quibus
906 3160 937 3193 id
956 3162 1086 3201 accepi,
1108 3162 1138 3192 δέ
1161 3159 1349 3201 aegroipso,

348 3226 404 3256 qui
436 3212 516 3245 mihi
541 3220 635 3253 quem
670 3209 754 3239 inter
779 3206 912 3238 Amicos
936 3205 1070 3237 intimos
1101 3203 1215 3236 habuit
1242 3224 1251 3240 ‚
1284 3213 1349 3235 non

351 3257 445 3291 semel
479 3256 563 3288 idem
587 3250 792 3286 confirmavit
818 3271 826 3285 ‚
862 3248 1053 3280 mirantibus
1086 3257 1228 3294 quonam
1262 3255 1350 3279 tanta

351 3302 493 3334 materiae
518 3298 629 3338 copia,
656 3294 711 3327 snb
736 3291 882 3326 manibus
908 3290 1096 3323 fluctuantis
1124 3316 1132 3328 ,
1156 3292 1220 3322 sine
1244 3290 1351 3338 perni-

351 3348 399 3378 cie
424 3340 603 3375 receffifl'et.
629 3336 814 3371 Valsalvam
839 3346 944 3368 autem
971 3333 1018 3367 his
1043 3332 1247 3366 absterritum
1273 3331 1351 3365 suis-

351 3389 400 3425 se,
426 3385 598 3419 credebant
623 3383 761 3423 primum
787 3390 825 3412 ne
849 3389 946 3419 quam
971 3376 1064 3410 facile
1088 3374 1162 3410 esset
1187 3386 1349 3409 tumorem

351 3429 509 3474 ejusmodi
534 3427 656 3469 aperire
679 3448 692 3465 ,
728 3434 795 3457 tam
816 3421 947 3456 difficile
981 3420 1055 3454 estet
1090 3418 1252 3462 persanare
1276 3441 1286 3457 ‚
1318 3421 1348 3453 &

1062 2265 1158 2324 facile
1170 2290 1327 2333 intelligis
1342 2314 1352 2330 ‚

361 3568 1976 3586 ,Μ

495 3653 530 3674 De
547 3649 620 3673 abdit.
638 3647 714 3673 morb.
734 3647 756 3670 δι’.
772 3646 848 3670 sanat.
865 3645 927 3670 caus.
946 3652 965 3668 c.
982 3646 1021 3669 68.

490 3680 548 3703 Hist.
566 3680 655 3703 brachii
673 3677 809 3708 praetumidi
828 3676 850 3706 §.
869 3685 903 3703 ια.

502 3712 581 3738 Opere
600 3712 672 3733 Tom.
692 3717 710 3733 x.
731 3711 755 3732 Ρ.
772 3712 796 3731 6.
859 3709 871 3735 (
888 3709 896 3729 t
914 3711 925 3739 2
940 3707 994 3728 Rer.
1011 3707 1114 3729 Graeear.
1132 3707 1150 3727 Ι.

496 3742 530 3763 De
547 3740 640 3764 recond.
658 3739 756 3763 Abscezi'.
775 3743 825 3762 nat.
846 3737 861 3761 l.
878 3746 900 3766 4.
920 3744 945 3759 in
963 3735 1009 3759 fine
1027 3736 1106 3759 Schnl.
1124 3734 1153 3758 ad
1169 3742 1192 3758 c.
1210 3742 1231 3763 7.

1170 3713 1190 3733 3.
1208 3704 1286 3727 versus
1302 3703 1345 3726 fin.

1084 3643 1092 3671 (
1110 3652 1122 3667 c
1138 3644 1151 3671 )
1170 3643 1229 3672 Ephi
1247 3644 1280 3666 N.
1298 3643 1326 3666 C.
1344 3643 1414 3666 Cent.
1432 3643 1454 3666 8.
1473 3641 1533 3666 Obs.
1550 3645 1589 3670 ⁶7-

967 3676 1011 3704 (ἕ
1029 3673 1037 3703 )
1053 3674 1113 3699 sest.
1131 3674 1174 3698 hac
1192 3682 1214 3698 2.
1230 3672 1290 3697 obs.
1312 3681 1344 3700 17.
1365 3673 1386 3702 §.
1407 3681 1429 3701 3.

1435 252 1560 286 fluxum
1582 263 1665 293 aeger
1687 249 1836 284 deficeret
1860 252 1923 285 live
1946 252 2046 291 longo
2068 251 2230 284 diuturnae
2262 252 2437 285 curationis

1433 296 1538 338 spatio
1563 319 1572 334 ,
1614 294 1677 328 sive
1700 295 1807 336 primo
1831 295 1900 336 ipso
1926 293 2093 327 incisionis
2125 305 2271 336 tempore
2294 306 2306 333 3
2348 293 2435 338 quasi

1430 339 1464 371 in
1488 338 1554 380 ejus
1578 348 1672 371 manu
1695 347 1772 371 tunc
1797 348 1861 370 non
1886 336 1994 372 fuisset
2017 347 2143 371 tantum
2179 337 2310 371 educere
2333 349 2435 380 quan-

1431 391 1501 415 tum
1533 380 1616 415 ferre
1651 383 1728 422 aegri
1761 382 1844 414 vires
1878 381 2030 423 possent.
2079 381 2182 425 Quod
2228 391 2301 414 cum
2345 392 2434 423 rege-

1430 435 1531 458 rerem
1555 437 1565 462 3
1600 424 1769 467 quaesitum
1795 448 1804 462 .
1837 433 1873 457 ut
1896 423 1932 458 fit
1958 426 1990 456 in
2014 425 2188 466 colloquiis
2213 449 2221 464 ‚
2252 435 2291 457 ex
2314 435 2363 457 me
2385 424 2432 457 es-

1429 467 1459 502 se
1487 492 1495 508 ,
1527 469 1659 502 memini
1682 489 1692 504 ‚
1726 467 1803 510 quid
1827 469 1927 501 causae
1952 468 1992 501 fit
2016 493 2025 508 ,
2058 479 2156 510 quare
2188 467 2209 500 fi
2243 466 2326 500 forte
2349 466 2433 501 Chi-

1427 522 1541 554 rurgus
1584 523 1600 543 e
1644 521 1709 544 non
1742 510 1870 545 modico
1915 522 2040 545 tumore
2079 510 2239 555 quidquid
2282 512 2430 544 continet

1426 553 1558 588 effluere
1581 554 1689 587 statim
1712 552 1790 587 sinat
1821 579 1830 594 ‚
1865 556 1941 596 aegri
1966 556 2075 588 animo
2108 554 2185 597 saepe
2209 556 2396 596 linquantur
2421 566 2429 587 1

1425 596 1620 639 respondisse
1643 607 1776 645 autem,
1799 600 1921 639 placere
1944 598 2137 641 quibusdam
2150 597 2290 632 tribuere
2315 596 2348 629 id
2364 597 2432 630 san-

1425 643 1516 684 guini
1538 642 1572 674 in
1597 642 1667 674 vasa
1688 652 1754 682 ejus
1776 642 1876 683 partis
1899 664 1911 681 ,
1944 654 1997 683 per
2022 643 2159 675 tumoris
2184 642 2350 676 materiam
2376 651 2428 671 an-

1425 694 1475 718 tea
1497 683 1669 726 compressa
1684 708 1693 721 ‚
1718 695 1801 717 nunc
1824 686 1927 717 laxata
1949 710 1957 724 ,
1981 695 2106 727 repente
2130 697 2164 718 ea
2189 686 2281 727 copia
2305 685 2428 716 irruen-

1425 730 1451 762 ti
1476 750 1490 767 ,
1522 738 1557 761 ut
1583 729 1688 761 minor
1710 739 1804 771 aequo
1829 727 1865 761 sit
1888 740 1961 771 quae
1984 729 2021 763 ad
2046 739 2100 762 cor
2127 728 2234 762 redeat
2258 753 2265 761 .
2301 728 2351 760 Sic
2375 737 2430 760 au-

1423 782 1487 805 tem
1511 772 1591 814 quid
1615 772 1687 805 aliis
1712 772 1821 813 potius
1847 792 1856 808 ‚
1887 783 1983 812 quam
2007 775 2088 814 quid
2124 772 2205 807 mihi
2230 770 2393 804 videretur
2415 793 2425 807 ,

1421 813 1572 857 respondi
1597 816 1741 857 primum
1774 816 1850 858 quia
1876 825 1939 848 non
1972 816 2123 849 omnibus
2149 814 2331 849 tumoribus
2355 813 2426 846 vasa

1421 860 1685 900 comprimuntur
1707 870 1777 901 quae
1802 869 1916 899 magna
1939 858 2000 897 sint
2024 884 2032 898 ,
2063 858 2179 893 deinde
2201 860 2277 902 quia
2309 867 2426 897 magna

1418 903 1490 937 sunt
1514 911 1601 936 certe
1625 901 1695 935 vasa
1720 902 1774 935 illa
1797 903 1944 944 proxima
1968 902 2238 944 quaenovimestri
2263 900 2347 944 foet'u
2371 901 2423 933 di-

1418 946 1537 981 stentus
1560 955 1668 980 uterus
1691 946 1880 986 comprimit
1903 968 1913 983 ‚
1947 957 2045 989 eaque
2067 946 2257 988 compressio
2282 943 2421 977 feliciori

1418 991 1452 1023 in
1487 999 1582 1031 partu
1607 988 1671 1023 fere
1705 990 1858 1030 temporis
1882 990 2003 1030 ρυηᾶο
2024 989 2155 1023 tollitur
2179 1013 2188 1027 ,
2222 1000 2324 1031 neque
2348 998 2425 1029 pro-

1419 1042 1525 1076 pterea
1547 1033 1687 1076 deliquia
1714 1033 1893 1075 ingruunt3
1918 1040 1953 1066 ut
1977 1033 2039 1065 alia
2051 1033 2219 1075 quaerenda
2243 1031 2423 1074 responsio,

1419 1085 1474 1110 aut
1512 1076 1600 1109 aliud
1623 1076 1735 1109 saltem
1769 1077 1806 1109 ad
1834 1077 1922 1109 iliam
1957 1075 2137 1109 addendum
2161 1075 2218 1110 esse
2244 1076 2391 1109 videatur
2416 1097 2425 1106 .

1547 1119 1605 1153 Sed
1638 1129 1783 1154 tumores
1807 1129 1936 1153 artuum
1970 1119 2026 1152 alii
2052 1118 2125 1153 sunt
2160 1120 2208 1153 vel
2233 1119 2296 1153 isto
2328 1128 2425 1160 quem

1417 1161 1509 1202 dixi,
1533 1163 1628 1205 longe
1652 1163 1806 1204 majores:
1832 1173 1915 1205 quos
1939 1164 2061 1204 aperire
2085 1162 2198 1196 frustra
2222 1174 2311 1197 aveas
2335 1174 2344 1198 3
2369 1172 2423 1193 ne-

1416 1217 1478 1247 que
1512 1207 1597 1239 enim
1620 1207 1708 1249 quod
1743 1207 1914 1246 continent
1935 1228 1947 1245 ,
1981 1217 2095 1248 magna
2120 1218 2159 1239 ex
2184 1218 2272 1248 parte
2312 1204 2423 1239 fluxile

1416 1247 1480 1285 est,
1505 1261 1608 1292 neque
1633 1252 1665 1283 in
1690 1261 1748 1292 pus
1774 1250 1853 1282 vetti
1879 1249 1980 1290 potest
2000 1272 2012 1288 ,
2035 1250 2114 1292 quin
2139 1253 2235 1282 etiam
2260 1260 2324 1282 non
2352 1259 2424 1282 raro

1415 1292 1662 1334 interjectorum
1695 1293 1914 1333 musculorum
1947 1292 2101 1332 structura
2137 1294 2316 1326 mirum'in
2351 1303 2424 1325 mo—

1415 1336 1492 1369 dum
1519 1337 1636 1370 vitiata
1660 1359 1670 1374 ,
1702 1348 1738 1369 ac
1763 1345 1884 1369 mutata
1908 1336 1949 1368 est
1974 1361 1980 1367 .
2016 1335 2205 1379 Descriptos
2229 1336 2353 1369 videbis
2386 1340 2421 1370 in

1416 1379 1652 1414 Dissertatione
1683 1377 1768 1421 (f)
1786 1380 1841 1423 Jo.
1866 1378 2035 1412 Henseleri
2060 1403 2068 1417 ‚
2103 1391 2165 1421 qua
2187 1378 2420 1421 ejusdemmodi

1413 1432 1581 1457 tumorum
1606 1424 1749 1465 exempla
1785 1423 1969 1456 indicantur
1993 1422 2081 1463 plura
2104 1447 2113 1461 ,
2145 1434 2285 1464 quorum
2312 1423 2420 1465 aliqua

1413 1478 1478 1500 non
1503 1469 1583 1500 adeo
1606 1469 1744 1500 recentia
1770 1467 1843 1500 sunt
1867 1490 1875 1503 ‚
1916 1465 2009 1498 ut·in
2035 1466 2278 1508 Sepulchretum
2303 1466 2418 1500 referri

1413 1521 1478 1544 non
1502 1509 1701 1554 potuissent,
1727 1513 1757 1543 δε
1783 1511 1821 1543 ad
1835 1508 2064 1543 Wedelianum
2089 1509 2169 1543 illud
2194 1514 2203 1549 (
2225 1510 2280 1553 g)
2304 1509 2421 1552 adjun-

1412 1557 1447 1597 gi
1470 1577 1482 1594 ,
1512 1554 1601 1598 quod
1624 1556 1657 1588 in
1682 1566 1715 1587 ea
1738 1553 1972 1587 Dissertatione
1998 1555 2196 1594 praeteritum
2220 1553 2262 1597 est
2285 1578 2293 1587 .
2327 1554 2420 1588 Plura

1408 1609 1539 1640 quoque
1562 1599 1643 1641 leges
1666 1599 1697 1629 in
1722 1597 1953 1631 Dissertatione
1977 1617 1986 1632 ‚
2011 1608 2081 1638 quae
2107 1606 2197 1629 antea
2224 1596 2385 1637 prodierat
2411 1623 2419 1636 ,

1409 1640 1587 1675 Alexandri
1611 1641 1790 1674 Camerarii
1814 1639 1871 1683 (h
1887 1640 1905 1681 )
1921 1661 1929 1675 ,
1953 1642 1984 1671 &
2007 1640 2152 1681 quaedam
2176 1641 2208 1671 in
2224 1641 2333 1674 Tamo
2359 1643 2418 1684 qui

1410 1693 1482 1717 ante
1505 1685 1632 1718 illarum
1663 1694 1834 1726 utramque
1857 1686 1978 1715 exierat
2001 1704 2013 1720 ‚
2052 1683 2212 1716 Italorum
2236 1684 2418 1718 Litterato-

1409 1739 1479 1761 rum
1504 1728 1645 1770 Diarii(
1668 1728 1680 1760 i
1701 1731 1714 1767 )
1739 1739 1749 1765 3
1783 1738 1884 1768 neque
1909 1728 1996 1759 enim
2020 1726 2069 1758 vel
2095 1726 2180 1767 apud
2204 1738 2260 1759 nos
2286 1739 2416 1770 perrara

1407 1771 1499 1807 sunt,
1525 1777 1626 1812 eaquae
1647 1771 1803 1803 mirifica.
1833 1772 1901 1810 lpse
1923 1771 2020 1801 etiam
2046 1769 2152 1806 aliud,
2177 1773 2323 1812 quamvis
2342 1783 2419 1805 cnm.

1406 1814 1445 1846 iis
1469 1816 1603 1847 minime
1627 1812 1905 1855 comparandum,
1928 1822 2080 1854 magnum
2105 1822 2212 1845 tamen
2237 1836 2248 1852 ,
2287 1813 2340 1846 hic
2365 1819 2418 1847 vi-

1408 1857 1476 1895 di,
1511 1869 1578 1899 quo
1601 1856 1827 1899 generosissimi
1865 1857 1941 1888 Viri
1965 1866 2035 1888 ctus
2071 1864 2181 1889 totum
2214 1855 2417 1891 vehementer

1407 1900 1646 1934 distendebatur
1669 1925 1677 1933 .
1713 1900 1814 1936 Quod
1837 1898 1991 1933 incassum
2026 1909 2173 1941 apertum
2197 1899 2237 1932 iri
2272 1901 2315 1934 ob
2349 1901 2416 1935 haec

1406 1955 1481 1987 quae
1503 1944 1600 1977 modo
1623 1943 1707 1977 dina
1733 1943 1823 1980 sunt,
1850 1942 2159 1985 pronunciaveram:
2184 1954 2285 1986 neque
2309 1947 2416 1978 exitus

1406 1999 1457 2021 me
1480 1986 1596 2021 fefellit
1614 2010 1627 2028 ,
1649 1997 1724 2021 cum
1748 1997 1831 2029 aeger
1856 1985 2059 2028 postmodum
2086 1985 2414 2030 nihilominuspungi

1407 2031 1569 2065 voluerit.
1697 2031 1863 2063 Caeterum
1897 2039 1963 2062 non
1987 2028 2109 2071 possum
2143 2030 2260 2064 adduci
2286 2041 2320 2064 ut
2343 2043 2414 2065 cre-

1406 2075 1480 2108 dam
1496 2099 1505 2115 ,
1528 2073 1644 2116 hujus,
1668 2082 1723 2107 aut
1746 2072 1922 2106 consimilis
1945 2075 2070 2114 generis
2095 2083 2223 2106 tumore
2241 2076 2414 2117 praeturgi-

1405 2119 1483 2153 dum
1517 2115 1608 2151 fuisse
1642 2115 1810 2150 brachium
1844 2117 1905 2149 viti
1939 2115 1977 2149 de
2011 2128 2078 2159 quo
2112 2117 2151 2150 ad
2176 2118 2413 2152 Vallisnerium

1405 2166 1418 2201 (
1439 2161 1491 2202 k)
1515 2160 1638 2203 scripsit
1662 2158 1866 2193 Sancaffanus
1891 2182 1900 2197 ‚
1927 2171 2002 2193 cum
2027 2161 2203 2201 primarius
2226 2160 2412 2205 Chirurgus

1405 2205 1527 2240 ferrum
1551 2201 1749 2247 impreffiffet
1769 2226 1782 2243 ,
1808 2214 1876 2237 eam
1900 2207 1968 2237 vim
1991 2202 2156 2250 sanguinis
2179 2203 2313 2247 erupisse
2333 2227 2345 2245 ,
2376 2215 2413 2240 ut

1404 2250 1589 2291 Chirurgus
1613 2249 1772 2281 attonitus
1805 2246 1969 2281 hominem
1994 2257 2059 2289 Jam
2082 2246 2148 2289 jam
2172 2247 2248 2281 inde
2272 2250 2418 2281 moritu-·

1403 2305 1476 2326 rum
1500 2293 1627 2325 timeret
1653 2305 1660 2325 :
1696 2289 1788 2324 cursu
1812 2301 1921 2324 autern
1944 2291 2107 2333 sanguinis
2130 2291 2290 2325 desinente
2316 2314 2327 2331 ,
2367 2291 2413 2325 se-

1402 2347 1475 2369 rum
1500 2337 1614 2369 multas
1637 2334 1852 2368 hebdomadas
1876 2334 1984 2368 exiisse
2007 2357 2020 2374 ,
2042 2336 2153 2378 itaque
2176 2334 2346 2368 brachium
2372 2334 2411 2369 ad

1401 2379 1519 2421 justam
1543 2381 1663 2412 molem
1688 2377 1858 2411 decreviffe
1881 2401 1889 2416 ,
1917 2378 2007 2411 nullo
2030 2379 2138 2420 quoad
2163 2378 2265 2412 homo
2291 2380 2373 2412 vixit
2398 2392 2407 2415 ;

1400 2424 1506 2465 plures
1531 2434 1637 2456 antem
1662 2432 1761 2454 annos
1785 2422 1871 2454 vixit
1895 2434 1904 2457 3
1941 2422 1974 2453 in
2000 2433 2037 2454 eo
2061 2433 2133 2456 artu
2169 2421 2338 2465 superstite
2361 2425 2414 2455 in-

1398 2466 1573 2499 commodo
1598 2490 1604 2498 .
1639 2466 1730 2498 Facit
1754 2468 1859 2506 potius
1883 2466 1908 2497 is
1931 2463 2017 2499 casus
2041 2489 2050 2502 ‚
2088 2475 2123 2499 ut
2147 2467 2179 2498 in
2216 2467 2407 2499 memoriam

1402 2508 1470 2551 ejus
1491 2508 1616 2542 redeam
1642 2520 1742 2550 quem
1764 2507 1802 2541 de
1828 2509 1920 2551 Rege
1945 2508 2265 2546 Lacedaemoniorum
2292 2508 2407 2551 Agesi-

1401 2554 1455 2586 lao
1479 2551 1560 2594 apud
1584 2551 1833 2593 Xenophontem
1858 2557 1867 2590 (
1893 2551 1938 2590 l)
1966 2574 1975 2588 ,
2009 2554 2039 2583 &
2065 2551 2271 2585 Plutarchum
2306 2555 2315 2590 (
2340 2563 2370 2585 m
2392 2556 2407 2591 )

1401 2598 1515 2638 legeris
1541 2620 1548 2635 ‚
1572 2604 1607 2628 ut
1631 2595 1679 2628 illi
1704 2606 1742 2628 ex
1764 2594 1888 2628 ascensu
1913 2596 2067 2627 incertum
2091 2605 2150 2636 qua
2173 2605 2252 2628 vena
2277 2603 2368 2636 rupta
2396 2619 2408 2635 ‚

1393 2639 1524 2682 sanguis
1546 2649 1561 2671 e
1583 2648 1705 2680 corpore
1722 2638 1836 2681 sanum
1868 2638 1901 2670 in
1925 2648 1996 2669 crus
2018 2635 2181 2684 defluxerit
2204 2652 2212 2674 ς
2248 2639 2350 2671 altero
2375 2650 2407 2670 e-

1401 2684 1467 2715 nim
1491 2692 1558 2716 erat
1580 2681 1710 2714 claudus
1732 2692 1746 2720 ;
1767 2690 1894 2722 cumque
1917 2678 1996 2713 tibia
2020 2682 2151 2713 nzrnc'nm
2184 2690 2334 2722 quantum
2358 2683 2408 2713 in-

1400 2726 1598 2768 tumesceret,
1624 2736 1659 2757 ac
1682 2724 1797 2757 dolores
1820 2723 2007 2756 intolerandi
2029 2724 2208 2757 accederent
2235 2749 2244 2763 ,
2265 2725 2405 2757 Medicus

1399 2770 1524 2812 quidam
1546 2768 1756 2811 Syracusanus
1788 2768 1816 2800 ei
1836 2774 1963 2810 propter
1995 2765 2169 2801 malleolum
2193 2777 2304 2801 venam
2337 2778 2407 2809 ape—

1402 2813 1522 2849 ruerit,
1546 2819 1637 2854 atque
1660 2810 1713 2844 ubi
1729 2809 1826 2852 semel
1848 2808 1978 2853 caepisset
2002 2832 2014 2848 ,
2036 2809 2126 2842 ηοὲἶιι
2151 2810 2258 2852 dieque
2275 2809 2406 2853 sangnis

1398 2856 1607 2897 profluxerit,
1629 2855 1670 2887 (θ’
1694 2853 1844 2896 quidquid
1867 2860 2047 2888 tentarent,
2069 2851 2239 2894 fluxionem
2254 2852 2332 2886 hanc
2356 2855 2405 2887 in-

1400 2897 1502 2934 hibere
1534 2908 1592 2932 non
1611 2898 1774 2939 potuerint
1798 2918 1807 2932 ‚
1839 2897 1929 2929 donec
1950 2895 2119 2938 *Agesilaus
2152 2897 2278 2930 tandem
2302 2898 2404 2931 animo

1400 2939 1538 2984 defecit,
1561 2944 1591 2974 δι
1613 2949 1686 2974 tunc
1702 2940 1832 2983 sanguis
1848 2939 1944 2980 fluere
1967 2939 2073 2980 defin,
2100 2951 2135 2972 ea
2147 2939 2330 2973 valetudine
2354 2942 2407 2974 in-

1401 2985 1505 3019 secuta
1530 2997 1600 3028 quae
1625 2984 1785 3026 reliquum
1809 2982 1925 3015 :estatis
1950 3007 1959 3021 ,
1982 2985 2012 3015 δι’
2035 2992 2140 3015 totam
2165 2982 2311 3025 hyemem
2339 2984 2408 3017 Re-

1401 3040 1474 3071 gem
1497 3030 1581 3062 lecto
1605 3028 1725 3061 affixit.
1750 3028 1857 3068 Qem
1880 3025 1986 3058 casum
2012 3051 2020 3063 ‚
2053 3028 2234 3059 attentione
2258 3027 2402 3069 alioquin

1400 3074 1537 3115 dignum
1560 3095 1568 3110 ,
1595 3083 1658 3104 non
1683 3072 1813 3104 memini
1840 3093 1850 3109 ,
1885 3080 1923 3101 an
1946 3071 2019 3110 quis
2042 3081 2079 3102 ex
2113 3071 2244 3103 eruditis
2269 3071 2408 3104 Medicis

1402 3115 1676 3150 consideraverit.
1808 3114 1975 3146 Incertum
2000 3116 2117 3154 pariter
2142 3137 2150 3152 ‚
2183 3125 2250 3155 quo
2274 3125 2311 3146 ex
2336 3114 2407 3147 vase

1402 3159 1528 3202 sanguis
1551 3157 1724 3193 defluxerit
1748 3155 1787 3190 ad
1814 3167 1946 3197 magnos
1961 3155 2040 3190 duos
2065 3167 2207 3190 tumores
2219 3156 2407 3198 faciende-s,

1401 3215 1417 3236 a
1442 3204 1490 3237 M.
1515 3202 1652 3236 Aurelio
1685 3201 1838 3235 Severino
1860 3202 1873 3238 (
1895 3210 1913 3232 n
1936 3203 1949 3239 )
1969 3224 1977 3238 ‚
2018 3203 2048 3231 &
2083 3213 2098 3233 a
2132 3201 2240 3233 Praecl.
2268 3201 2407 3234 Alberto

1400 3246 1537 3280 Hallero
1573 3248 1586 3284 (
1609 3256 1625 3277 o
1649 3247 1659 3283 )
1685 3252 1880 3277 memoratos
1905 3267 1911 3273 .
1948 3243 2043 3277 Alter
2073 3243 2205 3285 quidem
2243 3242 2405 3278 brachium

1401 3288 1492 3332 usque
1515 3289 1553 3322 ad
1580 3287 1738 3329 flammam
1759 3286 1921 3320 humerum
1944 3309 1953 3324 ‚
1982 3287 2025 3320 Θ·
2046 3287 2232 3320 anteriorem
2267 3286 2405 3321 thoracis

1397 3341 1522 3374 partem
1546 3343 1608 3373 5⁷14ae
1631 3333 1669 3363 ad
1690 3330 1757 3363 alas
1775 3330 1897 3373 speffat
1921 3352 1929 3366 ‚
1965 3332 1998 3364 in
2023 3331 2197 3363 immanem
2224 3330 2312 3362 illam
2338 3343 2406 3364 mo-

1402 3378 1465 3408 lem
1489 3374 1678 3409 distenderat
1702 3385 1799 3416 quam
1823 3372 1944 3414 adieeta
1969 3375 2071 3411 Iton,
2095 3377 2126 3406 &
2150 3374 2244 3407 dolor
2270 3385 2336 3416 quo
2347 3372 2404 3406 ho-

1403 3430 1457 3452 mo
1493 3417 1657 3452 confectus
1679 3419 1811 3460 periit,
1845 3417 2133 3451 commonstrant.
2167 3417 2263 3450 Alter
2299 3426 2403 3449 autem

2275 3458 2362 3501 subi*

1652 3644 1662 3667 (
1679 3642 1694 3665 d
1710 3642 1723 3670 )
1740 3642 1813 3670 Epi-i.
1834 3647 1868 3672 36.
1888 3651 1913 3666 n.
1930 3650 1969 3666 21.
2032 3644 2046 3672 (
2062 3651 2073 3665 e
2089 3642 2102 3669 )
2119 3642 2190 3671 Epist.
2207 3649 2243 3668 ω.
2262 3648 2285 3664 n.
2305 3648 2342 3669 4²·

1605 3672 1637 3695 ist.
1652 3671 1719 3700 pedis
1736 3673 1839 3696 tumuli.
1903 3673 1916 3701 C
1933 3675 1943 3696 i
1960 3675 1968 3702 j
1986 3674 2062 3697 Tem.
2080 3680 2118 3702 29-
2136 3679 2179 3696 art.
2197 3682 2220 3700 ai

1490 3674 1503 3701 ζ
1520 3673 1534 3695 h
1549 3672 1563 3700 2
1620 3702 1722 3729 Aaesilai
1734 3719 1750 3737 ⁵.

1409 3700 1603 3732 (m)in'Via

1292 3738 1300 3758 (
1319 3741 1331 3756 ο
1347 3734 1355 3764 )
1372 3734 1460 3763 Opusc.
1479 3733 1572 3757 Pathoi.
1590 3732 1646 3756 Obs.
1666 3740 1700 3761 32.
1720 3733 1780 3757 Hist.
1798 3741 1818 3756 2.
