2498 4075
386 104 476 160 165

309 183 573 223 madvertendum
595 181 638 215 est
655 204 664 219 ,
700 181 830 225 possitne
853 182 914 214 alia
949 180 1055 223 aliqua
1078 178 1135 214 effe
1157 178 1312 223 propositi

305 233 388 270 {iani
405 230 519 268 causa,
541 237 612 269 quae
635 226 670 261 in
691 226 846 268 organico
867 225 951 258 vitio
964 223 1227 269 cordis-necdum
1236 235 1314 256 con-

308 275 417 314 sistat,
440 283 476 307 iit
501 280 578 313 puta
602 270 636 301 in
660 269 853 310 Virginibus
885 267 1022 300 chlorosi
1049 267 1169 300 asteffis
1189 293 1194 298 .
1230 268 1314 299 Lan-

309 311 405 352 kiiius
428 322 481 358 (y
505 318 518 353 >
543 324 677 354 namque
701 311 755 345 etsi
782 311 818 344 ad
841 309 1118 343 eundemmodum
1142 312 1174 342 in
1200 309 1318 353 hisJu-

305 362 465 397 amasium
489 366 638 388 venarum
662 355 872 398 pulsationem
897 352 1036 386 accidere
1051 376 1059 389 ‚
1082 364 1146 385 non
1170 353 1320 399 dubitat,

306 399 386 438 {unc
412 401 586 446 praesertim
609 410 684 432 cum
701 410 755 441 per
776 397 908 430 acclivia
922 395 1138 437 ascendendo,
1160 399 1319 429 recursum

305 448 462 482 craffioris
488 443 650 481 sanduinis
683 441 789 474 versus
813 439 959 473 dextram
995 449 1116 482 partem
1137 439 1245 474 cordis
1268 451 1319 472 ac-

302 485 469 530 celerant,
492 500 530 520 ex
543 481 614 529 'qua
640 496 692 527 per
715 484 876 517 obsti-ueta
902 507 911 522 ‚
948 492 1002 516 aut
1024 482 1196 525 compressa
1218 506 1228 520 ,
1262 493 1315 516 aut

303 533 453 569 convulsa
477 531 670 573 pulmonum
693 527 786 568 vasa,
808 538 896 567 aeque
919 528 1050 560 celerem
1072 529 1196 572 exitum
1218 526 1317 559 habe-

300 590 334 612 re
358 589 422 611 non
446 573 569 619 potest,
593 571 650 604 etii
673 572 770 603 etiam
793 569 905 610 addit,
927 569 949 603 si
974 570 1029 604 diu
1053 581 1087 602 ea
1109 570 1248 613 pulsatio
1271 581 1317 602 re-

299 622 418 656 mediis
442 630 505 652 non
529 616 639 649 cedens
664 614 835 656 perseveret
857 636 866 652 ‚
898 614 946 645 vel
972 612 1023 646 liis
1055 614 1089 645 in
1114 612 1315 654 virginibus,

299 676 337 701 ut
362 665 428 708 ipse
451 660 613 695 interdurn
636 657 813 690 observavit
838 679 847 693 ,
879 658 967 689 illius
993 658 1091 699 partis
1116 655 1220 689 cordis
1245 667 1316 689 tan-

300 710 375 744 dem
400 708 466 741 fieri
491 703 740 741 dilatationem
764 710 827 732 non
851 699 894 733 est
917 710 1021 732 tamen
1045 710 1102 733 cur
1126 708 1214 732 antea
1233 698 1313 733 hanc

300 753 359 787 effe
375 779 382 790 ,
407 749 642 784 εχίίὶίπιεῐιῃιες
667 743 797 786 quando
821 743 1028 785 niliilsaepi'tis
1053 741 1170 776 accidit
1185 769 1193 783 ,
1216 755 1314 786 quam

298 807 336 831 ut
362 795 451 829 fimul
476 802 548 824 cum
571 786 711 821 chlorosi
743 787 853 819 omnia
878 786 989 819 abeant
1020 797 1092 828 quae
1117 798 1184 819 eam
1206 788 1312 819 comi-

297 850 411 874 tantur
433 831 658 869 incommoda.
792 831 881 862 Cum
901 838 1007 863 autem
1035 840 1132 871 neque
1145 829 1199 863 hic
1223 841 1312 864 mor..

296 886 356 918 bus
377 907 385 920 ,
421 890 519 922 neque
553 876 633 908 alitis
658 871 813 914 ejusmodi
847 872 946 906 fuerit
969 884 1042 906 cum
1065 884 1098 905 ea
1133 874 1309 916 pulsatione

295 925 517 969 conjunctus,¹
551 915 720 961 significari
744 916 802 949 hac
823 940 835 957 ,
872 917 915 948 ait
940 919 953 955 <
976 929 1000 959 z
1022 920 1035 955 )
1056 940 1067 956 ,
1090 925 1183 950 tanto
1207 919 1307 959 magis

297 972 502 1004 dexterorum
525 972 678 997 cavorum
703 959 810 993 cordis
833 959 1081 1001 dilatationem,
1103 960 1303 995 iinotaealiae

295 1013 453 1057 adjunftce
476 1012 536 1043 sint
560 1017 629 1050 quae
652 1004 753 1047 ipsam
764 1004 1037 1044 commonstrent,
1061 1007 1093 1037 in
1118 1006 1235 1046 quibus
1247 1016 1303 1047 poa

294 1060 345 1093 nit
368 1054 475 1090 cordis
500 1060 672 1094 angorem,
697 1050 729 1080 &
750 1048 1022 1090 palpitationem,
1048 1047 1214 1092 pulsusque
1238 1049 1302 1091 ple-

295 1111 428 1143 rumque
452 1106 608 1138 magum,
632 1096 663 1125 δέ
687 1093 839 1134 aequales,
864 1091 922 1124 hos
940 1115 948 1129 ,
979 1094 1010 1123 δέ
1034 1091 1140 1125 cordis
1173 1091 1303 1134 oppres-

291 1146 393 1180 siones
416 1136 623 1177 confirmante
645 1134 818 1168 Albei-tino
840 1138 855 1173 <
875 1146 893 1167 a
917 1140 929 1174 )
950 1157 961 1172 ,
986 1137 1016 1167 ἃ
1042 1134 1104 1169 huc
1128 1137 1227 1168 animi
1250 1135 1305 1168 de-

292 1189 448 1223 festiones
473 1183 627 1216 addente.
655 1180 701 1212 Et
723 1188 851 1214 caeteras
875 1178 1006 1221 quidem
1030 1188 1121 1212 notas
1150 1178 1227 1221 saepe
1252 1191 1303 1212 re-

292 1231 470 1276 spondere,
492 1226 654 1266 intelliges
680 1222 726 1254 vel
750 1233 798 1255 eas
823 1221 1141 1265 relegenshfflorias,
1166 1234 1235 1265 quae
1247 1225 1313 1257 aut‘

291 1276 390 1320 paulo
415 1283 486 1306 ante
507 1274 522 1310 (
544 1268 563 1302 b
588 1272 601 1308 )
624 1276 883 1300 commemoratae
908 1267 999 1303 sunt,
1024 1276 1077 1300 aut
1101 1266 1252 1300 hacftenus
1269 1269 1302 1302 in

292 1319 438 1362 praesenti
454 1339 463 1354 ‚
490 1323 542 1348 aut
566 1313 673 1354 primo
699 1311 772 1342 loco
803 1312 837 1342 in
864 1309 1007 1351 Epistola
1043 1311 1190 1352 proxima
1216 1310 1304 1354 supe-

291 1365 379 1396 tiore
402 1365 416 1401 (
439 1373 454 1394 c
477 1363 490 1398 )
513 1356 699 1398 descriptae.
725 1353 783 1386 Sed
807 1356 839 1386 in
854 1352 991 1396 pulfibus
1015 1352 1142 1387 fortasse
1166 1353 1301 1394 haereas,

288 1418 364 1441 cum
387 1405 424 1438 de
437 1402 541 1436 tribus
567 1412 581 1432 a
605 1399 657 1432 Cl.
675 1396 760 1431 Pasta
782 1401 795 1437 (
816 1398 869 1440 d)
894 1395 1030 1430 diss‘eetis
1049 1409 1086 1429 ne
1110 1409 1208 1431 unum
1233 1402 1307 1441 qui-

289 1451 364 1484 dem
388 1447 501 1487 fuisse,
524 1442 728 1479 memineris,
753 1442 809 1485 qui
833 1441 1009 1484 inaequali,
1032 1443 1063 1473 ἅ*
1088 1441 1308 1475 intermitten-

291 1504 324 1527 te
347 1494 552 1527 continenter
576 1487 670 1530 pulsu
694 1497 756 1518 non
782 1482 855 1518 esset
883 1508 894 1524 ‚
929 1496 1111 1527 quanquam
1136 1485 1202 1518 duo
1226 1495 1310 1519 certe

290 1538 465 1571 dilatatum
502 1530 717 1565 ventriculum
750 1529 919 1563 dexterum
951 1528 1131 1561 habuerunt
1154 1553 1161 1559 .
1198 1530 1310 1562 Velim

290 1583 395 1625 igitur
420 1576 654 1613 animadvertas
678 1598 689 1615 ,
723 1573 757 1606 id
779 1571 902 1615 iignum
927 1584 942 1604 a
967 1571 1106 1614 pulsibus
1132 1574 1272 1613 petitum
1297 1596 1310 1613 ,

292 1637 357 1658 non
380 1622 437 1657 esse
472 1619 638 1655 necessario
660 1629 770 1650 verum
790 1639 802 1656 ,
833 1627 906 1648 cum
941 1616 999 1648 alia
1035 1615 1071 1648 ad
1105 1614 1310 1649 dexterorum

290 1679 445 1702 (avorum
469 1664 697 1698 dilatationem
722 1661 802 1692 vitia
828 1658 1027 1701 adjiciuntur
1051 1685 1058 1698 ‚
1074 1659 1197 1704 *qualia
1218 1683 1230 1698 ,
1256 1663 1311 1692 Pa-

288 1713 367 1746 stam
390 1711 496 1754 ipsum
520 1705 680 1749 legendo,
704 1705 738 1736 in
765 1702 889 1736 duobus
912 1702 978 1735 illis
1002 1702 1120 1741 fuisie,
1142 1705 1280 1736 invenies
1305 1729 1313 1743 ‚

294 1768 361 1789 non
387 1756 470 1788 secus
495 1763 588 1794 atque
613 1751 645 1781 in
668 1749 840 1780 Canonico
859 1772 868 1784 ‚
902 1757 997 1789 quem
1034 1746 1125 1787 supra
1158 1749 1171 1785 <
1195 1758 1208 1779 e
1231 1751 1244 1787 J
1276 1759 1315 1781 ex

297 1798 434 1833 [ancisii
462 1794 698 1831 observatione
723 1791 972 1824 memoravimus
992 1813 1003 1829 >
1029 1791 1081 1822 cui
1107 1790 1214 1831 pullus
1238 1792 1316 1823 inae-

299 1845 457 1887 qualitas,
482 1844 513 1874 δε
539 1835 724 1871 intermissio
747 1845 810 1866 non
834 1833 1000 1866 defuerant
1022 1858 1028 1864 .
1055 1835 1182 1865 Contra
1208 1844 1313 1867 autern

296 1887 387 1925 vide,
412 1889 445 1919 in
468 1884 587 1927 quibus
610 1878 760 1913 Vali'alva
791 1876 876 1920 (f)
911 1876 1003 1909 simul
1026 1887 1137 1909 eorum
1159 1888 1309 1911 cavorum

295 1932 547 1967 dilatationem,
572 1924 663 1958 simul
690 1922 799 1965 pulsus
823 1920 990 1954 adnotavit
1006 1943 1018 1959 ,
1042 1931 1120 1953 num
1144 1919 1179 1952 hi
1200 1943 1211 1959 ,
1248 1920 1305 1954 nifi

293 1976 380 2010 sorte
405 1972 565 2017 postremo
589 1978 758 2009 tempore,
783 1964 903 1997 suerint
928 1964 1100 2006 inaequales
1125 1988 1144 2012 ¹.
1164 1964 1223 1997 Sed
1247 1977 1304 1997 nec

289 2022 389 2054 Sutor
412 2015 503 2057 cujus
527 2014 588 2048 tibi
617 2010 785 2044 historiam
809 2006 954 2049 descripsi
980 2010 1034 2049 (g
1055 2010 1068 2046 )
1092 2027 1102 2043 ‚
1136 2009 1306 2050 inaequales

284 2063 421 2099 habuit,
448 2072 521 2093 cum
547 2057 644 2090 animi
669 2052 867 2086 defectiones
892 2051 1034 2084 abiisient
1061 2074 1069 2088 ‚
1097 2061 1133 2082 ne
1159 2054 1305 2092 proxima

283 2108 414 2149 quidem
440 2104 505 2148 jam
529 2110 651 2135 morte.
677 2099 809 2138 Atque,
837 2096 954 2140 uta-liis
979 2100 1108 2137 quoque
1129 2093 1306 2128 sciasidem

283 2152 372 2185 cuod
400 2147 571 2184 Lancilio‚
597 2142 793 2179 Albertino,
820 2139 977 2173 Vallalvae
994 2163 1002 2177 ,
1028 2140 1058 2170 ἃ
1084 2137 1196 2178 nobis,
1220 2143 1305 2172 acci-

280 2184 383 2230 d¹iss“e;
410 2193 513 2234 aspice
537 2189 627 2222 illam
651 2185 825 2229 praesertim
858 2185 1021 2226 ingentem
1047 2182 1194 2227 auriculae
1227 2182 1304 2218 dex-

283 2249 356 2272 terae
374 2231 633 2271 dilatationem,
657 2228 749 2272 cujus
774 2229 884 2270 imago
905 2250 916 2267 ,
951 2229 983 2259 δε
1007 2225 1183 2269 descriptio
1206 2239 1222 2258 a
1247 2230 1304 2260 Pe-

282 2293 337 2316 tio
363 2278 519 2317 Dionisio
544 2277 639 2309 editae
666 2274 736 2307 sunt
762 2273 794 2304 in
818 2272 904 2303 calce
926 2271 1105 2319 Anatomes
1129 2270 1190 2303 suae
1215 2270 1300 2318 (¹²³.)-

284 2327 477 2360 Auriculam
502 2321 631 2365 quidem
668 2317 773 2358 capite
800 2326 905 2347 recens
942 2315 1007 2346 nati
1032 2314 1167 2347 infantis
1201 2325 1305 2357 majo-

286 2382 352 2403 sem
378 2367 526 2404 videbis,
552 2363 603 2396 sed
628 2361 749 2394 nullam
787 2359 820 2389 in
845 2357 993 2400 pulsuum
1016 2360 1304 2392 commemoratio-

287 2427 325 2447 ne
376 2409 612 2453 inaequalitatis
640 2404 837 2436 mentionem
861 2401 1002 2446 invenies
1026 2425 1032 2429 .
1072 2402 1118 2432 At
1144 2402 1228 2433 enim
1264 2402 1305 2447 est

289 2437 370 2490 alnis
394 2457 449 2499 qui
477 2452 544 2495 pol‘t
568 2448 795 2483 difficultatem
820 2444 1060 2488 respirationis,
1085 2446 1115 2475 ὃς
1140 2445 1304 2477 intermis-

287 2502 405 2535 ssonem
433 2497 541 2541 pulsus
558 2521 565 2533 ‚
590 2502 747 2527 repertam
772 2489 805 2519 in
831 2488 895 2520 alio
917 2487 1033 2519 scribat
1057 2486 1160 2519 dextri
1181 2489 1305 2522 ventri-

288 2531 354 2578 c'uli
378 2544 480 2577 coi-des
506 2529 653 2581 istiusque
678 2530 825 2578 amiculi-10¹
849 2531 964 2564 deam
987 2530 1234 2578 magnitzqdinem
1259 2531 1305 2565 ita

288 2588 436 2623 matiam,
462 2594 499 2618 ut
522 2594 581 2616 umz
607 2581 731 2613 cavitas
756 2575 883 2617 insignis
907 2571 1039 2616 adeſjet.
1066 2573 1191 2615 Utique
1217 2588 1225 2610 ;
1252 2573 1303 2608 scd

826 2618 930 2650 Aorta
951 2639 963 2656 ,
996 2626 1095 2658 neque
1118 2618 1150 2648 in
1176 2618 1303 2658 pulmo-

286 2642 386 2672 neque
411 2632 442 2662 in
469 2626 620 2663 finisti-is,
644 2632 744 2663 neque
768 2620 800 2650 i'n
953 2659 958 2661 μ
1096 2659 1111 2666 ἰ
1139 2661 1144 2665 ἡ

825 2672 890 2693 non
914 2661 985 2693 ellet
1006 2683 1017 2699 ,
1050 2659 1201 2701 adJIC1tur
1228 2686 1236 2699 ,
1268 2672 1303 2694 ut

285 2676 384 2709 nibus
407 2672 484 2707 quid
510 2670 583 2702 vitii
609 2664 681 2699 esset
710 2688 721 2704 ,
746 2671 799 2695 aut
849 2706 854 2710 .
1009 2702 1018 2706 ⁴
1075 2704 1081 2709 ι
1280 2707 1285 2711 v

285 2731 385 2762 neque
411 2708 442 2750 ea
470 2714 577 2748 nulfus
601 2707 791 2743 intermiffio
822 2704 974 2737 diuturna
999 2704 1099 2736 fuerit
1120 2727 1132 2743 ,
1161 2715 1200 2749 an
1225 2705 1304 2737 ulu-

291 2774 418 2796 norum
446 2745 615 2793 dumtaxat
640 2752 765 2785 dierum
787 2762 795 2781 :
832 2758 1014 2795 quanquam
1038 2746 1242 2796 &pulsuum
1264 2760 1305 2781 ω-

286 2807 476 2840 rualitatem
501 2804 532 2834 in
558 2800 695 2832 dexterae
720 2793 819 2837 partis
831 2790 935 2838 cordis
959 2789 1206 2824 dilatationibus
1224 2795 1303 2833 saepe

288 2825 345 2884 ejss‘e
397 2844 564 2892 proposito
589 2841 664 2875 huic
691 2836 798 2870 nostro
827 2836 902 2868 satis
926 2833 990 2867 est.
1099 2879 1104 2884 ⁸
1158 2878 1162 2884 .
1279 2879 1285 2884 ¹

338 2874 385 2926 ii.
412 2894 575 2924 Caeterum
601 2884 682 2917 hanc
700 2905 710 2921 ,
736 2884 766 2912 ἃ
792 2880 882 2911 illam
906 2890 975 2920 quae
999 2877 1037 2910 ab
1060 2876 1212 2923 Dionisio
1237 2877 1304 2910 edi-

289 2948 323 2971 ta
347 2936 408 2972 est,
435 2929 706 2966 Observationem
731 2923 850 2955 duabus
876 2924 909 2954 in
936 2922 1024 2954 rebus
1051 2922 1125 2953 satis
1148 2923 1303 2954 conveni-

289 2993 320 3015 re
368 2976 604 3011 animadverto,
631 2971 718 3003 Nam
744 2967 882 3009 primum
916 2965 937 2998 si
963 2968 1001 3012 in,
1033 2963 1090 2997 hac
1112 2976 1150 2997 ex
1174 2965 1301 2997 dextera

290 3003 429 3058 auiiciila
477 3023 509 3053 &
532 3013 713 3050 ventriculo
737 3021 798 3043 una
837 3008 920 3042 fac-*ra
946 3010 1079 3050 insignis
1103 3011 1224 3041 cavitas
1249 3008 1300 3041 de-

317 3044 452 3101 rehensa³
467 3062 531 3103 est‚·
556 3062 587 3092 in
612 3058 669 3090 illa
694 3052 854 3086 orificium
871 3079 878 3090 ,
903 3054 1031 3099 utrique
1055 3051 1299 3098 interpositum,

290 3082 474 3146 intrandum
497 3108 530 3139 in
553 3101 683 3137 modum
708 3107 772 3130 erat
798 3096 1047 3138 amplificatum.
1074 3096 1244 3143 Deindefti
1266 3098 1300 3144 in

291 3156 349 3189 hac
377 3150 522 3187 auriculae
545 3147 681 3190 parietes
705 3148 795 3189 tranq
817 3139 901 3181 &ruffi
913 3162 929 3188 ³,
947 3140 1037 3174 duri,
1063 3138 1233 3180 &callosm
1259 3146 1302 3171 w

292 3200 428 3233 imfrjus
452 3191 660 3232 cartilaginoz
682 3198 694 3226 ,·
729 3187 761 3216 in
787 3184 842 3215 illa
866 3183 1013 3231 auriculae
1039 3182 1217 3231 membrana
1245 3193 1301 3231 fs!-

293 3226 381 3276 tei-na
429 3237 508 3271 oss'ea
534 3258 542 3271 ,
568 3229 797 3276 squamosaque
822 3224 991 3260 substantia
1014 3250 1026 3265 ,
1060 3227 1154 3258 simili
1179 3225 1302 3271 durilii-

294 3299 352 3319 ma:
377 3263 431 3316 o⁵vi
457 3280 563 3317 ttl'tae,
587 3274 725 3308 obducta
750 3280 816 3303 erat
844 3296 850 3302 .
886 3272 967 3310 Qae
994 3280 1067 3302 curn
1101 3272 1146 3302 ita
1171 3269 1265 3313 ellent
1290 3281 1300 3306 ς

294 3329 387 3362 facile
412 3328 444 3359 in
469 3332 603 3364 utroque
637 3328 721 3354 aegro
741 3314 947 3358 Jugularium
979 3324 1127 3345 venarum
1162 3313 1298 3355 pulsatio

292 3372 391 3406 fuerit
417 3376 547 3409 moster
573 3365 660 3396 illaiii
696 3370 815 3392 tantam
840 3358 951 3399 l'aepius
987 3357 1154 3389 memorati
1180 3354 1298 3404 orificii

295 3398 580 3457 amplificationem
604 3420 613 3445 3
646 3404 698 3437 sed
722 3404 754 3435 in
780 3412 894 3435 neutro
916 3411 997 3433 certe
1022 3400 1086 3433 fuit
1112 3400 1150 3432 ab
1173 3400 1301 3432 alternis

901 101 1058 157 Liber
1091 99 1153 154 11.
1187 98 1271 154 De
1308 101 1515 155 Morbis
1547 99 1802 153 Thoracis

1363 178 1641 213 contractionibus
1673 180 1823 214 auriculae
1846 179 1984 215 dexterae
2001 204 2011 220 ,
2046 192 2082 216 ut
2105 195 2176 227 quae
2201 182 2374 225 prohiben-

1362 232 1395 256 te
1415 221 1515 257 crusta
1539 223 1666 255 interna
1684 222 1747 256 five
1768 225 1974 267 cartilaginea
1995 247 2004 262 ,
2038 224 2100 258 five
2123 225 2200 259 ossea
2213 250 2225 266 ,
2248 227 2376 269 ipsaque

1368 265 1485 306 hujus,
1509 275 1563 299 aut
1587 266 1745 307 parietum
1781 268 1980 310 reliquorum
2016 268 2133 302 duritie
2157 278 2178 309 ,'
2201 270 2373 303 contrahe-

1369 322 1401 343 re
1425 310 1453 342 se
1477 321 1542 341 non
1566 318 1717 350 poterat,·
1740 310 1792 343 sed
1817 310 1940 351 rigida,
1968 314 1995 343 ἃ
2023 313 2180 346 inflexilis
2203 315 2236 346 in
2262 324 2371 354 perpe-

1371 363 1425 386 tua
1449 351 1642 385 dilatatione
1666 354 1887 395 permanebat.
1914 355 2022 396 Igitur
2043 367 2119 389 cum
2142 358 2176 388 in
2201 356 2276 396 his,
2300 356 2372 398 plu-

1372 395 1520 438 ribusque
1544 396 1615 428 aliis
1639 395 1755 430 casibus
1773 419 1785 436 ,
1818 400 1850 430 δε
1874 398 1907 430 in
1931 398 1991 430 illo
2016 399 2193 440 praesertim
2213 423 2225 441 ,
2249 400 2281 431 in
2303 411 2371 442 quo

1369 443 1385 478 ζ
1407 440 1419 473 i
1439 442 1453 478 )
1475 440 1529 471 vix
1551 438 1731 480 supererant
1744 439 1872 482 vestigia
1897 442 2048 475 auriculae
2059 443 2222 483 dexterae,
2246 453 2279 475 ea
2300 443 2372 484 pul-

1367 483 1449 515 satio
1473 494 1488 514 a
1513 482 1693 515 ventriculo
1718 484 1882 525 repetenda
1906 482 1969 524 fit,
1993 497 2063 530 quae
2078 488 2111 518 in
2136 486 2206 519 aliis
2228 487 2371 519 nonnul-

1368 527 1408 559 lis
1434 525 1471 558 ab
1494 526 1633 559 auricula
1657 524 1714 559 effe
1739 526 1840 568 potest
1861 540 1871 566 5
1906 526 1927 559 fi
1950 528 2035 561 forte
2058 531 2172 572 quaeri's
2193 552 2205 569 ,
2243 541 2303 572 qua
2328 531 2372 562 li-

1367 579 1436 602 ceat
1459 571 1583 602 ratione
1606 570 1837 608 internoscere,
1861 570 1900 604 ab
1920 570 2046 605 utrosit
2071 585 2180 607 eorum
2193 578 2368 611 cavarum,

1367 614 1460 645 licere
1485 623 1561 646 tunc
1584 635 1593 650 ‚
1627 613 1732 646 dicam
1757 637 1770 653 ,
1803 614 1860 646 ubi
1884 616 1981 655 paulo
2005 617 2110 650 minus
2148 616 2368 658 frequentibus

1367 657 1488 690 ictibus
1512 656 1578 698 jam
1601 659 1719 689 micent
1743 665 1814 690 tum
1838 659 1962 691 arteriae
1981 681 1994 698 ,
2025 668 2095 693 tum
2113 661 2281 706 jugulares
2314 671 2369 691 ve-

1366 711 1431 733 iiae.
1459 701 1492 732 Si
1515 701 1602 733 enim
1624 701 1746 733 obtutu
1769 698 1860 734 simul
1886 702 1919 734 in
1944 701 1994 734 his
2018 701 2084 735 fixo
2104 726 2112 740 ‚
2137 703 2227 738 fimul
2251 702 2366 744 digitis

1366 744 1488 776 arteriae
1513 753 1567 776 aut
1591 752 1773 786 temporum
1790 768 1798 783 ‚
1823 752 1875 778 aut
1897 747 1985 787 carpi
2009 745 2148 780 admotis
2170 771 2184 788 ,
2207 746 2367 779 evidenter

1362 798 1492 827 cernes,
1514 786 1625 821 eodem
1648 788 1801 828 temporis
1823 789 1943 829 puncto
1966 799 2055 821 venas
2081 790 2150 824 illas
2184 791 2212 824 se
2236 790 2368 822 attolle-

1362 842 1393 863 re
1416 842 1483 874 quo
1506 830 1628 874 pulsare
1651 830 1763 864 senties
1787 833 1935 864 arteriam
1958 845 1967 868 ;
2000 843 2016 864 a
2038 834 2261 868 contraetione
2295 834 2367 867 illas

1362 875 1505 915 micare,
1528 874 1689 916 intelliges
1715 899 1724 912 ‚
1758 875 1929 908 ventriculi
1954 874 2076 908 dexteri
2101 889 2108 910 ,·
2148 877 2192 910 sin
2216 888 2328 910 contra
2354 889 2366 916 3

1360 928 1425 951 non
1450 918 1489 950 ab
1513 917 1606 960 hujus
1629 941 1641 958 ,
1666 917 1716 950 sed
1740 930 1756 950 a
1778 919 1999 951 contractione
2022 921 2169 954 auriculae.
2203 933 2329 953 annexae.
2356 946 2363 953 .

1360 961 1457 995 Nosti
1483 963 1569 994 enim
1585 984 1594 999 ‚
1619 963 1750 994 arterias
1772 969 1848 995 tunc
1873 962 1994 1003 pulsare
2016 987 2024 1000 ,
2048 974 2111 996 non
2135 976 2207 997 cum
2232 965 2361 998 auricu—

1355 1005 1392 1037 1ae
1417 1004 1671 1044 contrahuntur,
1698 1005 1747 1039 sed
1772 1016 1845 1039 cum
1867 1007 2057 1045 ventriculi,
2081 1009 2112 1039 ὃ(
2139 1008 2268 1041 viciffim
2284 1017 2362 1041 tunc

1356 1047 1529 1089 subsidere,
1553 1059 1617 1081 non
1640 1060 1713 1082 cum
1737 1049 1930 1089 ventriculi,
1953 1049 2002 1085 sed
2027 1061 2102 1083 cuin
2127 1051 2276 1085 auriculae
2286 1062 2366 1083 con-

1355 1092 1545 1125 trahuntur.
1571 1094 1682 1134 Itaque
1707 1091 1939 1126 subsidentibus
1963 1094 2085 1127 arteriis
2109 1093 2130 1126 si
2155 1107 2240 1127 venae
2265 1095 2364 1128 attol-

1356 1136 1467 1169 luntur
1487 1136 1659 1179 jugulares
1687 1148 1697 1173 5
1729 1135 1843 1170 haruin
1877 1136 2016 1176 pulsatio
2050 1149 2064 1169 a
2100 1137 2232 1171 dextero
2255 1161 2263 1175 ,
2303 1140 2360 1181 qui

1357 1189 1432 1212 tunc
1456 1180 1578 1212 otiatur
1599 1202 1611 1219 ‚
1644 1180 1825 1212 ventriculo
1848 1179 1904 1213 effe
1930 1190 1992 1212 non
2019 1181 2143 1222 potest:
2167 1192 2278 1215 contra
2305 1194 2363 1216 au-

1355 1232 1420 1256 tem
1443 1221 1464 1255 fi
1491 1223 1613 1256 arteriae
1630 1245 1643 1263 ,
1676 1226 1704 1255 δι
1728 1234 1813 1256 venae
1838 1223 1900 1255 illae
1934 1220 2026 1257 fimul
2052 1224 2174 1266 pulsant
2201 1239 2210 1263 ς
2246 1226 2365 1260 necesse

1356 1266 1417 1306 est,
1442 1278 1590 1300 venarum
1616 1265 1756 1308 pulsatio
1780 1276 1844 1298 non
1870 1266 1907 1299 ab
1930 1269 2054 1299 otiante
2078 1269 2242 1308 auricula,
2268 1268 2318 1302 sed
2344 1281 2361 1301 a

1357 1311 1537 1344 ventriculo
1560 1309 1598 1343 sit
1622 1321 1696 1343 tunc
1721 1319 1831 1353 agente
1855 1333 1867 1350 ,
1901 1312 1932 1342 δε
1958 1310 2079 1344 sursum
2102 1312 2245 1353 impulsis
2269 1312 2365 1346 vehe-

1358 1364 1479 1388 menter
1504 1354 1636 1388 valvulis
1663 1380 1672 1395 ‚
1706 1354 1727 1387 fi
1751 1352 1801 1387 hae
1834 1354 1966 1397 quidem
1991 1355 2154 1388 orificium
2177 1355 2326 1389 claudant
2355 1378 2367 1394 ,

1357 1409 1505 1432 venarum
1541 1398 1724 1442 sanguinem
1755 1398 1954 1432 succutiente
1977 1421 1987 1437 ,
2023 1408 2076 1431 ant
2101 1398 2146 1433 sui
2180 1402 2365 1440 poinonem

1360 1442 1520 1484 sanguinis
1543 1443 1576 1475 in
1600 1454 1692 1475 venas
1717 1443 1908 1484 repellente,
1931 1441 1952 1474 fi
1967 1442 2102 1476 valvulis
2125 1443 2288 1476 orificium
2299 1455 2366 1477 non

1361 1487 1488 1526 exacte,
1512 1496 1546 1520 ut
1568 1497 1681 1520 natura
1705 1486 1869 1526 instituit,
1894 1486 2108 1526 occludatur,
2132 1486 2221 1530 cujus
2245 1488 2290 1520 rei
2314 1489 2367 1520 in-

1360 1530 1483 1563 dicium
1505 1529 1676 1563 verisimile
1701 1529 1739 1562 ab
1762 1531 1800 1563 iis
1824 1530 1909 1562 notis
1933 1529 2104 1571 petendum
2128 1530 2170 1564 est
2191 1557 2198 1570 ,
2221 1543 2291 1574 quae
2316 1531 2367 1566 su·-

1364 1584 1418 1616 pra
1455 1573 1545 1613 (k)
1576 1574 1728 1608 indicatae
1762 1573 1833 1607 sunt
1858 1596 1871 1613 ,
1903 1572 2118 1607 dilatatorum
2151 1585 2307 1608 cavorum
2330 1576 2366 1608 in

1363 1619 1489 1650 dextera
1513 1617 1621 1651 cordis
1644 1626 1752 1660 parte.
1887 1616 1968 1650 Haec
1992 1614 2029 1648 de
2064 1617 2242 1659 pulsatione
2265 1620 2365 1661 Jugu-

1364 1661 1480 1694 larium
1514 1672 1667 1694 venarum
1691 1662 1723 1692 in
1759 1658 1923 1702 pi'aesenti'a
1960 1658 2059 1692 habui
2098 1673 2168 1703 quae
2192 1658 2330 1694 dicerem
2355 1687 2362 1694 .

1365 1702 1471 1746 Cujus
1494 1703 1572 1745 signi
1595 1727 1608 1744 ,
1639 1707 1763 1744 meique
1796 1702 1889 1746 hujus
1913 1703 2070 1735 examinis
2108 1703 2128 1736 si
2153 1716 2248 1746 quam
2281 1706 2366 1739 vides

1365 1749 1542 1780 utilitatem
1566 1746 1622 1781 effe
1645 1746 1728 1790 posse
1753 1746 1792 1780 ad
1815 1746 1922 1780 cordis
1934 1746 2065 1779 morbos
2088 1747 2366 1793 abdstiffimosin-

1367 1790 1613 1830 ternosctnd05;
1635 1791 1723 1824 vides
1747 1789 1861 1830 simul,
1884 1790 1952 1832 jure
1974 1815 1982 1829 ‚
2014 1800 2052 1822 an
2077 1791 2195 1832 iniuria
2221 1792 2366 1825 adversus

1365 1835 1572 1867 Recentiores
1606 1835 1755 1868 Medicos
1790 1834 1944 1876 scriptum
1977 1832 2015 1866 sit
2048 1846 2057 1865 :
2088 1835 2197 1867 exafia
2229 1837 2366 1877 cognitio

1363 1877 1436 1918 usus
1459 1877 1663 1911 ralvularum
1686 1877 1787 1910 cordis
1811 1879 1885 1920 quid
1901 1877 2019 1920 prodest
2042 1878 2164 1910 Medico
2186 1880 2312 1912 cummi
2332 1880 2366 1912 in

1360 1921 1479 1954 morbis
1503 1922 1606 1954 cordis
1625 1932 1683 1962 pro
1706 1921 1877 1964 cognitione
1901 1918 2029 1954 morbi?

1405 1975 1452 2004 13.
1478 1963 1536 1997 Sed
1559 1975 1598 1996 ne
1630 1963 1713 1997 forte
1736 1963 1873 2004 credas,
1904 1963 2045 1997 oblitum
2077 1964 2197 1997 interea
2230 1977 2278 1998 me
2310 1965 2366 1999 esse

1357 2006 1581 2050 promissarum
1606 2010 1619 2045 (
1641 2007 1653 2041 l
1674 2011 1687 2047 >
1710 2006 1982 2040 Observationum
2004 2031 2016 2047 ‚
2049 2018 2086 2040 ex
2109 2008 2227 2051 quibus
2251 2008 2367 2042 videli-

1359 2061 1409 2084 cet
1434 2051 1619 2092 intelligas,
1643 2062 1710 2083 non
1733 2061 1807 2083 raro
1832 2049 1976 2083 accidisse
1998 2074 2011 2091 ,
2034 2060 2070 2083 ut
2094 2052 2210 2094 quibus
2234 2063 2291 2085 coi·
2314 2052 2366 2086 di-

1358 2095 1496 2128 latatum
1521 2092 1594 2127 esset
1614 2116 1627 2133 ,
1660 2104 1712 2126 eos
1735 2104 1822 2126 mors
1855 2095 2010 2136 opinione
2033 2094 2166 2128 celerior
2202 2096 2330 2129 tolleret
2352 2107 2366 2136 ,¹

1358 2137 1482 2171 tametsi
1508 2139 1613 2180 plures
1637 2135 1742 2171 habeo
1764 2148 1840 2170 cum
1863 2148 1966 2177 meas,
1990 2149 2067 2180 quas
2092 2138 2167 2171 alias
2192 2138 2230 2171 acl
2254 2141 2365 2173 Litte-

1358 2195 1407 2216 ras
1431 2180 1571 2223 rejicio,
1593 2190 1667 2214 tum
1688 2181 1903 2219 Amicorum3
1928 2181 2013 2213 malo
2038 2181 2073 2213 ad
2087 2192 2154 2214 eam
2179 2195 2273 2224 quam
2291 2195 2365 2224 pro-

1357 2228 1418 2259 tuli
1443 2237 1483 2258 ex
1506 2225 1687 2257 narratione
1709 2224 1779 2256 Cel.
1807 2225 1969 2257 Santorini
1992 2249 2003 2264 ‚
2036 2224 2166 2258 alteram
2194 2227 2248 2259 hic
2273 2226 2366 2259 adde-

1356 2282 1388 2303 re
1403 2294 1415 2308 ‚
1438 2280 1500 2311 qua
1525 2269 1716 2300 memoriam
1740 2267 1880 2300 recolam
1903 2268 2137 2301 auditorismei
2161 2271 2281 2312 Angeli
2300 2271 2367 2303 Ni-

1356 2313 1440 2346 colai
1463 2311 1586 2350 Villii,
1609 2311 1771 2353 probitate
1787 2334 1800 2350 ,
1824 2313 1855 2343 ἃ
1880 2310 2048 2353 diligentia
2074 2313 2286 2353 ornatiffimi,
2310 2326 2365 2348 cu-

1357 2357 1405 2398 jus
1438 2353 1613 2399 progressus
1647 2355 1679 2386 in
1713 2353 1784 2395 ipso
1817 2352 1984 2387 medicinae
2020 2354 2172 2389 faciendae
2206 2358 2365 2390 tirocinio

1358 2412 1445 2433 mors
1470 2397 1662 2441 intercepit.
1690 2397 1740 2430 Sic
1765 2405 1869 2430 autem
1896 2396 1951 2430 sub
1975 2396 2071 2430 finem
2102 2401 2174 2432 anni
2204 2411 2299 2444 1727.
2324 2401 2365 2434 ad

1358 2455 1409 2476 me
1433 2442 1608 2475 scribebat.

1404 2497 1452 2529 14.
1479 2487 1726 2519 VENATOR
1742 2509 1755 2525 ,
1788 2486 1844 2528 qui
1868 2494 1933 2518 erat
1956 2484 2042 2528 quasi
2069 2486 2182 2520 affidue
2206 2487 2363 2530 brevispi-

1356 2542 1431 2568 rus3
1458 2528 1516 2562 hac
1539 2530 1624 2561 enim
1648 2540 1724 2561 voce
1748 2531 1797 2562 uti
1819 2528 1931 2571 juvat3
1955 2540 2028 2562 cum
2053 2530 2119 2563 dies
2143 2529 2207 2573 jani
2232 2533 2308 2565 octo
2335 2531 2363 2564 se

1356 2576 1462 2606 minus
1485 2572 1608 2612 valere,
1633 2572 1774 2612 diceret,
1798 2571 1848 2605 sed
1872 2572 2082 2606 destoniacho
2105 2574 2361 2618 dumtaxacque-

1358 2626 1500 2655 i·ei·etui·;
1524 2616 1652 2649 tandem
1681 2639 1694 2656 ,
1725 2626 1796 2648 cum
1822 2617 1922 2649 Sacris
1947 2616 2137 2651 interfuisset
2162 2642 2173 2658 ,
2208 2630 2363 2660 paucum-

1356 2672 1418 2702 que
1442 2659 1551 2692 cibum
1574 2660 1629 2693 sub
1654 2659 1820 2692 meridiem
1846 2657 2039 2701 sumpsisset,
2063 2662 2188 2694 conclus
2214 2662 2242 2695 se
2266 2665 2299 2695 in
2319 2664 2365 2695 le<

1356 2704 1480 2737 ctulum
1504 2704 1678 2742 reclinare,
1700 2714 1798 2737 uxore
1822 2703 1878 2735 vix
1903 2702 2074 2741 advocata,
2099 2706 2205 2737 vivere
2230 2705 2322 2739 desiit
2350 2731 2359 2738 .

1486 2749 1546 2779 CA
1557 2748 1760 2780 DAVERIS
1783 2756 1856 2779 cute
1874 2773 1883 2786 ‚
1905 2758 1975 2788 quae
1999 2756 2063 2779 erat
2088 2747 2281 2783 cacliectici's
2306 2761 2364 2782 co-

1356 2791 1422 2823 lore
1446 2791 1582 2830 similis,
1608 2789 1845 2833 tenuiffimaque
1868 2789 2008 2831 Adiposa
2025 2793 2208 2824 membrana
2233 2793 2363 2832 incisis,

1356 2846 1433 2867 mox
1459 2836 1608 2875 Venter,
1632 2837 1664 2867 δε
1689 2832 1825 2867 Thorax
1852 2835 1951 2876 aperti
1977 2838 2046 2867 lunt
2062 2859 2069 2866 .
2095 2837 2208 2868 Inillo
2233 2836 2303 2869 sana
2327 2849 2364 2869 o-

1354 2879 1462 2911 mnia.
1489 2882 1526 2912 In
1553 2878 1614 2911 hoc
1639 2888 1715 2910 vero
1740 2878 1907 2919 pulmones
1931 2888 1996 2909 aere
2007 2889 2100 2912 erant
2125 2881 2266 2912 maxime
2293 2890 2363 2913 tur-

1354 2920 1424 2964 gidi
1447 2944 1454 2958 ,
1479 2925 1510 2955 δέ
1533 2921 1675 2964 undique
1698 2933 1770 2954 cum
1795 2922 1908 2953 vicinis
1935 2921 2077 2962 partibus
2102 2945 2111 2961 ,
2137 2923 2157 2955 li
2183 2923 2281 2956 modo
2311 2924 2362 2957 su-

1355 2977 1477 3008 premas
1500 2967 1658 3006 excipias,
1682 2965 1838 3001 connexi,
1865 2967 1897 2996 &
1922 2965 2155 3006 propemodum
2193 2969 2325 2999 connati
2349 2990 2362 3006 ,

1354 3021 1467 3050 magna
1489 3019 1525 3042 ut
1550 3010 1580 3040 vi
1606 3021 1686 3048 opus
1710 3007 1808 3040 fuerit
1840 3019 1898 3049 qua
1925 3019 1938 3039 a
1976 3007 2069 3041 costis
2090 3033 2102 3049 ,
2138 3023 2153 3042 a
2187 3010 2363 3052 diaphrag-

1354 3062 1436 3086 mate
1452 3076 1460 3090 ‚
1485 3066 1499 3085 a
1525 3053 1709 3086 mediastino
1723 3052 1950 3083 avellerentur.
1978 3054 2066 3084 Intra
2077 3052 2285 3095 pericardium
2300 3052 2363 3087 hu-

1353 3098 1455 3130 moris
1482 3095 1581 3129 ferme
1605 3096 1715 3132 nihil,
1738 3106 1793 3126 cor
1819 3105 1894 3126 vero
1919 3094 2090 3129 flaccidum
2105 3121 2114 3137 ,
2142 3096 2190 3129 sed
2206 3108 2361 3140 perquam

1352 3152 1521 3182 magnum.

1403 3195 1450 3226 15.
1476 3183 1659 3218 Videbatur
1681 3183 1789 3215 Villio
1812 3181 2098 3217 incommodorum
2122 3184 2291 3221 omnium,
2316 3192 2363 3216 at-

1355 3240 1415 3270 que
1439 3227 1517 3261 adeo
1541 3227 1657 3260 mortis
1691 3226 1780 3259 causa
1814 3226 1847 3256 in
1886 3235 2007 3258 tantam
2040 3227 2130 3259 illam
2168 3227 2362 3269 pulmonum

1358 3283 1430 3304 curn
1455 3272 1611 3314 proximis
1644 3271 1787 3311 partibus
1819 3267 2027 3301 coliaeiionem
2064 3269 2120 3303 effe
2156 3270 2327 3312 rejicienda
2352 3296 2360 3302 .

1357 3317 1432 3354 Ego
1456 3326 1529 3347 vero
1552 3314 1820 3347 Observationem
1845 3311 1902 3353 ipsi
1937 3316 2184 3345 commemoravi
2212 3315 2362 3348 Diemer-

1355 3354 1498 3390 broeckii
1524 3361 1537 3396 <
1560 3369 1590 3391 m
1613 3361 1646 3396 >,
1670 3358 1725 3399 qui
1750 3367 1812 3388 non
1839 3354 1876 3388 ad
1901 3356 1970 3388 illas
1983 3355 2082 3389 modo
2103 3360 2206 3398 partes
2230 3369 2362 3397 omnes,

1355 3400 1406 3434 sed
1431 3401 1467 3434 ad
1492 3401 1651 3444 supremas
1676 3410 1804 3443 quoque
1823 3424 1833 3439 ‚
1865 3411 2003 3433 annexos
2026 3400 2193 3440 pulmones
2217 3409 2285 3434 tam
2307 3401 2361 3434 fir-

2199 3453 2320 3485 miter,

293 3550 2366 3573 W

794 3626 802 3655 s
820 3634 837 3654 z
853 3625 866 3653 )
884 3623 979 3653 Propos.
996 3624 1049 3648 ead.
1067 3625 1089 3649 ἃ
1105 3630 1144 3649 60.

877 3687 890 3715 (
907 3687 916 3709 i
933 3686 945 3714 )
964 3656 1051 3714 supra}
1065 3657 1147 3714 alli·
1170 3664 1188 3685 S*

446 3628 539 3658 Proposv
559 3637 596 3657 57.
613 3627 670 3651 ibid.
688 3627 731 3651 eit.

448 3670 470 3683 n.
488 3664 500 3683 ό
529 3661 553 3683 8.
571 3667 605 3682 ιο.
669 3659 682 3686 (
699 3658 714 3681 d
731 3659 744 3686 )
762 3658 847 3686 supra,
865 3655 893 3680 ad
911 3663 933 3677 n.
955 3663 975 3682 9.

450 3691 476 3714 L'
493 3693 606 3713 Anatom,
624 3688 651 3711 de
666 3688 680 3710 l*
701 3689 813 3713 homme.

455 3724 526 3746 Anat.
544 3722 561 3744 l.
579 3728 601 3744 2.
618 3726 638 3743 c.
657 3725 692 3748 13.

1206 3626 1220 3653 (
1236 3631 1250 3647 a
1265 3624 1278 3652 )
1295 3626 1395 3648 Comm.
1411 3624 1438 3649 de
1454 3626 1547 3649 Bonon.
1567 3623 1640 3647 Atad.
1658 3625 1733 3647 Tom.
1756 3630 1774 3646 1.
1794 3624 1819 3647 in
1837 3623 1927 3652 opusc.

1253 3654 1312 3684 (f)
1333 3663 1357 3679 n.
1375 3655 1415 3678 cit.
1432 3658 1454 3679 6.
1472 3657 1494 3680 8.
1511 3664 1547 3680 io.

1194 3687 1208 3715 (
1223 3684 1239 3710 k
1255 3686 1269 3714 >
1287 3685 1368 3715 supra,
1386 3694 1409 3710 n.
1428 3694 1465 3711 11.

1609 3654 1866 3682 (g)sui>1·a‚n.2.
1990 3622 2145 3654 (⁶³¹'‘⁹'

1527 3685 1595 3715 (l)
1615 3685 1700 3713 supra,
1718 3693 1740 3707 n.
1759 3693 1781 3714 3.
