2498 4075
503 176 654 241 Epist.
689 175 848 225 Anat.
882 171 1096 225 Medica
1131 170 1286 222 XIV.
1324 167 1441 220 Art.
1457 167 1774 231 i4.15.&t6.

870 249 981 291 illapsa
1005 249 1116 281 melius
1165 244 1366 280 officulorum
1389 245 1422 277 in
1446 245 1622 287 Tympano
1645 242 1748 274 motui
1772 239 1944 275 inserviunt
1964 264 1976 281 ,
2010 239 2163 273 immobi-

124 251 286 295 oppositus
308 250 426 285 reflexo
448 252 569 285 lumine
589 248 850 288 collustrabitur3

124 296 271 339 percipi,
294 296 407 328 certius
430 293 642 336 apprehendi,
664 296 695 326 δε
719 292 845 327 felicius
870 292 1048 326 extrorsum
1059 290 1118 324 du-

123 341 177 379 ci,
201 349 264 371 non
290 346 403 370 temere
425 337 596 371 introrsum
620 335 791 378 compelli,
818 344 987 378 poterunt.

173 392 222 423 14.
247 382 298 415 De
321 380 442 414 duabus
465 380 595 421 reliquis
618 378 903 415 Observationibus
936 389 1032 420 pauca
1064 375 1120 410 ad-

127 435 253 459 monere
278 424 350 458 satis
372 423 432 457 est.
460 426 497 456 In
520 424 582 456 VI.
608 424 798 465 proponitur
820 421 909 455 causa
923 445 935 461 ,
957 432 1012 455 cur
1035 431 1050 452 a
1065 431 1119 451 na-

127 469 256 501 tivitate
280 468 384 510 plures
419 465 505 501 sensu
539 464 665 499 auditus
697 466 859 508 priventur
879 488 888 503 ‚
921 475 1017 507 quam
1051 463 1120 496 ullo

127 511 215 551 alio,
239 522 276 544 ex
299 521 465 543 nervorum
488 509 640 551 origine,
661 519 697 543 ut
720 507 859 548 dicitur,
883 507 1002 543 deteRa
1019 531 1027 539 .
1060 504 1120 538 Sed

127 553 184 587 etsi
207 553 378 592 Bwhino,
400 563 438 585 ex
471 564 537 595 quo
570 551 625 586 ista
660 550 878 586 describuntur
901 573 909 588 ‚
945 549 1087 582 daremus
1111 559 1122 587 3

127 597 162 631 id
186 596 272 640 quod
298 596 429 630 minime
452 594 591 630 dandum
616 593 678 635 est;
700 595 834 627 Mollem
859 593 1027 629 Auditorii
1054 602 1123 626 ncr-

127 642 159 673 vi
184 641 369 673 Portionem
394 649 449 680 per
471 638 600 671 Varolii
636 639 770 670 Pontem
791 660 800 675 ,
832 637 891 670 five
924 647 976 679 per
1009 636 1124 669 Annu-

128 684 225 718 larem
251 682 522 716 Protuberantiam
546 690 583 715 cx
606 680 760 714 cerebello
782 680 946 724 pronasci‚·
968 690 1030 712 non
1055 676 1127 711 inde

129 736 233 760 tamen
259 724 439 769 sequeretur
464 748 475 764 ,
498 725 588 759 illam
608 748 616 763 ,
649 722 769 756 etiamfi
803 735 866 760 non
903 724 1034 765 longum
1066 722 1127 753 iter

128 770 304 808 conficiat,
324 766 422 813 facile
452 767 579 810 mucofis
612 767 815 802 excrementis
846 767 991 809 oppleri.
1025 763 1127 806 Qiod

130 823 236 847 autem
257 813 413 845 continuo
437 810 525 843 addit
550 809 736 850 Bauhinus,
758 808 830 843 hinc
852 811 946 844 etiam
965 808 1038 852 fieri
1050 806 1128 849 quod

123 857 250 900 semper
271 867 288 888 a
315 855 487 888 nativitate
510 852 605 887 amba
627 864 719 887 aures
740 851 935 896 afficiantur,
958 860 994 885 ut
1016 850 1126 893 Caffius

135 900 262 938 docuit,
285 910 355 931 cum
381 907 419 932 ex
450 895 554 930 morbo
583 896 766 939 plerumque
798 905 890 929 unam
916 894 1017 937 solum
1050 891 1130 937 affici

131 942 318 984 contingat3
342 952 395 973 nec
419 939 538 972 Caffius
561 939 619 978 id3
641 939 730 983 quod
755 939 974 975 meminerim3
998 936 1129 979 usquam

131 985 267 1025 docuit,
293 987 324 1017 δε
349 993 432 1016 certe
457 982 677 1023 Problemate,
701 981 789 1025 quod
812 983 844 1014 in
867 980 1008 1014 Bauhini
1041 981 1130 1021 Ope-

132 1040 163 1061 re
186 1029 326 1065 citatur,
356 1038 402 1069 17.
428 1028 521 1067 longe
544 1026 605 1059 alia
639 1029 765 1068 ponit3
796 1036 896 1067 neque
927 1021 1127 1057 necessarium

132 1070 228 1111 esset,
243 1070 367 1113 semper
390 1071 494 1103 ambas
518 1080 608 1103 aures
632 1068 712 1102 affici
736 1080 751 1101 a
774 1068 942 1101 nativitate
966 1092 974 1105 ,
1004 1063 1128 1101 tametsi

132 1115 231 1148 ambae
255 1116 423 1148 Portiones,
433 1114 549 1147 Molles
573 1125 610 1146 ex
635 1111 873 1145 Protuberantia
893 1111 1051 1144 Annulari
1062 1111 1129 1142 ori-

132 1167 260 1197 rentur,
282 1156 339 1190 nifi
362 1157 538 1197 constaret,
564 1167 627 1189 non
653 1156 752 1189 modo
774 1155 809 1189 in
832 1153 897 1196 ipsa
920 1155 1047 1196 origine
1058 1164 1135 1185 con-

132 1203 258 1244 tingere
283 1200 388 1234 ambas
410 1202 492 1233 inter
517 1200 566 1237 se,
590 1209 701 1232 verum
744 1201 776 1231 &
809 1197 929 1241 semper
962 1198 994 1229 in
1028 1196 1135 1229 eadem

132 1244 199 1285 ipsa
224 1244 349 1286 origine
371 1245 488 1277 vitium
513 1242 589 1277 esse.
616 1240 718 1281 Quod
740 1242 859 1284 pariter
882 1239 1097 1283 responderem
1121 1262 1134 1279 ,

132 1287 156 1321 fi
180 1290 251 1330 quis
275 1298 358 1321 nunc
381 1287 465 1321 idem
488 1287 725 1329 explicaturus,
748 1285 911 1327 utriusque
936 1285 1024 1317 illius
1055 1283 1136 1316 Por-

133 1332 235 1365 tionis
258 1332 413 1364 veriorem
435 1332 593 1372 originem
616 1329 665 1360 illi
698 1327 884 1362 substituens
907 1351 919 1368 ,
951 1339 1022 1370 quae
1055 1326 1137 1359 Bau-

134 1374 207 1409 hini
232 1382 376 1417 tempore
400 1373 660 1417 proponebatur,
683 1372 717 1404 in
740 1382 821 1405 nova
843 1370 902 1404 hac
926 1382 995 1413 quae
1018 1371 1134 1404 Recen.

133 1417 274 1452 tioribus
298 1417 428 1450 demum
451 1418 597 1450 innotuit
613 1438 622 1452 ‚
645 1414 767 1454 videri,
793 1414 911 1448 diceret
927 1438 935 1452 ,
970 1422 1137 1456 utramque

134 1463 325 1495 Portionem
349 1462 435 1493 inter
469 1459 498 1492 se
527 1460 713 1501 contingere
737 1480 748 1496 ‚
780 1459 813 1491 in
845 1457 954 1491 medio
985 1458 1140 1490 nimirum

136 1505 265 1537 Calami
289 1504 483 1546 Scriptorii.
509 1504 576 1536 Hic
599 1501 704 1535 forsan
728 1501 911 1541 miraberis,
945 1512 961 1532 a
992 1511 1043 1533 me
1076 1501 1140 1533 Re-

141 1546 341 1581 centioribus
365 1546 396 1579 id
422 1545 525 1588 ipsum
560 1544 696 1578 adscribi
728 1544 815 1588 quod
847 1545 927 1577 olim
959 1547 1047 1582 (o)
1079 1543 1140 1575 tri-

138 1591 269 1625 bueram
296 1589 561 1624 Piccolhominm
586 1589 640 1620 alii
666 1597 769 1621 autem
803 1599 867 1620 non
902 1587 979 1621 huic
1013 1585 1139 1626 solum,

131 1634 187 1669 :sed
211 1637 241 1667 &
267 1635 427 1672 Varoli'o,
450 1633 519 1665 imo
543 1631 688 1665 Gabrieli
713 1630 817 1664 Zerbo
840 1642 922 1665 nunc
955 1628 1104 1666 tribuunt
1128 1654 1135 1661 .

135 1679 259 1710 Verum
281 1675 304 1709 fi
329 1674 494 1718 utriusque
514 1675 656 1718 'perlegas
680 1675 746 1708 loca
769 1698 782 1715 ,
804 1674 842 1708 ab
871 1676 911 1707 iis
944 1671 1103 1715 designata
1124 1696 1137 1713 ,

139 1724 173 1754 &
197 1719 291 1761 primi
319 1721 470 1761 figuram
495 1720 519 1750 I.
545 1718 600 1761 (p
621 1721 635 1758 >
657 1717 827 1761 inspicias,·
851 1719 1022 1751 Varolium
1044 1720 1057 1756 (
1079 1728 1097 1759 q
1120 1719 1133 1755 )

132 1762 289 1796 deducere
323 1762 447 1797 videbis
477 1772 590 1795 nervos
624 1760 751 1796 auditus
781 1773 820 1794 ex
853 1761 908 1794 suo
944 1763 1076 1793 Ponte:
1111 1759 1132 1791 si

129 1806 274 1842 Zerbum
299 1809 312 1845 (
335 1806 407 1848 r),
431 1806 569 1838 invenies
594 1804 724 1848 quidem
748 1804 936 1839 scribentem
961 1805 993 1838 in
1019 1803 1134 1845 origine

139 1849 204 1885 hos
226 1860 338 1882 nervos
361 1859 538 1882 concurrere
560 1848 602 1881 (7·
632 1849 717 1882 uniri
738 1861 746 1883 :
782 1847 833 1881 sed
879 1852 908 1882 δ(
954 1845 1139 1890 confimilem

133 1894 281 1928 unionem
303 1890 413 1926 habere
434 1902 545 1925 nervos
568 1892 686 1932 opticos
698 1892 731 1925 in
744 1902 847 1925 eorum
860 1892 977 1935 origine
991 1916 999 1930 ‚
1026 1899 1141 1932 praeter

132 1937 232 1971 aliam
256 1936 348 1969 illam
371 1935 454 1968 circa
476 1934 611 1968 medium
635 1934 810 1978 descensum
834 1945 869 1969 ut
901 1935 1059 1968 continuo
1091 1934 1142 1965 in-

136 1980 295 2022 telligas,
318 1989 382 2011 non
406 1977 510 2018 visas,
532 1976 581 2009 sed
606 1979 766 2020 cogitatas
790 1979 924 2011 uniones
948 1980 981 2011 in
1015 1977 1140 2018 origine

133 2025 302 2067 proponi:
326 2024 358 2055 &
382 2020 452 2054 sane
475 2032 548 2054 cum
570 2018 661 2063 supra
697 2022 780 2065 (s)
811 2021 848 2055 de
872 2023 974 2055 nervis
1008 2021 1140 2063 Opticis

132 2067 287 2101 scriberet
302 2088 311 2103 ‚
335 2064 476 2098 universe
501 2062 663 2104 tradidit,
684 2066 789 2099 'omnia
822 2076 986 2099 nervorum
1020 2062 1140 2097 horum

132 2110 228 2154 paria
249 2109 331 2152 apud
353 2109 503 2151 originem
530 2107 615 2141 suam
637 2108 745 2148 uniri,
767 2112 799 2141 ὃς
823 2119 898 2141 cum
919 2107 957 2141 de
981 2108 1139 2142 Acusticis

133 2158 150 2195 (
173 2161 187 2186 t
208 2156 244 2193 ),
267 2152 306 2187 de
329 2151 447 2196 quibus
471 2152 635 2198 loquimur
650 2176 659 2190 ‚
684 2151 761 2184 oriri
797 2163 814 2183 a
847 2150 1020 2185 ventriculo
1053 2158 1142 2183 ante-

135 2197 239 2230 riori.
373 2194 475 2237 Qod
507 2196 530 2226 11
553 2205 612 2236 ego
644 2205 677 2227 ea
711 2193 950 2227 Piccolhomini
977 2193 1076 2226 ‘verba
1107 2193 1141 2225 in

134 2238 257 2284 quibus
281 2238 383 2271 videri
405 2236 509 2276 ipsum
534 2234 723 2279 adumbrasse
746 2260 758 2277 ,
783 2236 852 2269 dixi
875 2263 883 2278 ,
915 2235 1003 2281 quod
1037 2235 1141 2279 postea

132 2281 294 2316 indicavit
309 2279 491 2320 Willifius,
513 2291 586 2314 cuin
611 2281 652 2313 iis
672 2278 898 2325 comparassem
920 2293 990 2325 quae
1014 2279 1051 2313 de
1064 2279 1142 2313 alio-

134 2336 209 2360 rum
222 2334 348 2367 quoque
360 2334 527 2357 nervorum
538 2324 664 2367 origine
677 2324 838 2367 scripserat
856 2330 900 2365 (u
910 2330 924 2366 )
934 2350 945 2366 ‚
964 2326 1141 2368 Figuraque

136 2368 259 2414 adjec'ta
282 2367 492 2401 delineaverat
511 2379 522 2407 3
547 2366 650 2401 fecisse
673 2368 753 2401 illud
776 2368 906 2411 quidem
930 2367 1028 2402 videri
1052 2391 1060 2406 ‚
1091 2369 1141 2401 di-

136 2413 249 2446 xissem
273 2421 287 2450 ;
319 2421 349 2442 re
384 2420 488 2444 autem
520 2422 591 2444 vera
623 2422 687 2444 non
721 2411 824 2445 feciss'e
849 2437 856 2444 .
992 2411 1140 2445 Tandem

132 2454 225 2498 ‚quod
250 2456 283 2486 in
310 2455 390 2486 VII.
416 2453 648 2487 Observationc
671 2455 790 2497 legitur
812 2454 849 2489 de
874 2455 1002 2489 auditus
1037 2457 1141 2489 acutie

134 2498 281 2574 profefta
306 2509 321 2529 a
345 2498 526 2539 tergemino
548 2499 698 2541 utrinque
723 2509 820 2532 nervo
841 2499 1030 2537 auditorio3
1063 2498 1142 2532 faci-

152 2542 200 2575 ius
223 2540 405 2581 crederem,
427 2539 449 2573 fi
475 2550 528 2574 aut
553 2541 754 2583 peritiffimus
778 2543 892 2586 aliquis
924 2544 1141 2576 Anatomicus

134 2585 357 2618 nominaretur
367 2584 444 2631 ,qui
458 2583 491 2631 id
504 2584 710 2627 conspexisset
721 2607 733 2624 ,
747 2597 797 2619 aut
810 2585 832 2620 fi
846 2586 985 2628 ipse(x)
1009 2587 1142 2619 minime

133 2628 446 2667 animadvertissem,
468 2627 604 2673 singulas
626 2627 760 2672 ejusdem
785 2631 870 2663 nervi
896 2630 1063 2663 Portiones
1086 2629 1142 2662 sae-

134 2680 174 2715 pe
198 2673 230 2704 in
255 2671 345 2703 fibras
370 2671 492 2704 attadftu
515 2672 586 2714 ipso
609 2681 739 2705 motuve
755 2671 904 2710 dissolvi,
929 2672 1067 2706 Mollem
1086 2684 1143 2705 au-

132 2724 201 2748 tem
219 2712 377 2757 facillime
400 2714 562 2748 interdum
585 2716 618 2749 in
641 2716 718 2749 duas
742 2715 843 2758 tresve
864 2715 1042 2758 craffiores,
1066 2715 1143 2749 dum

134 2757 299 2790 cerebrum
323 2758 507 2797 attollitur,
533 2770 638 2800 eaeque
662 2759 827 2793 Portiones
852 2759 1013 2792 secantur.

183 2812 230 2842 15.
258 2799 325 2833 Etfi
359 2801 460 2843 plures
495 2800 656 2836 laefionum
695 2801 819 2836 auditus
855 2801 960 2836 causas
993 2802 1143 2838 haetenus

135 2845 415 2885 memoravimus;
458 2856 531 2878 cave
565 2845 669 2879 credas
704 2845 857 2886 majorem
893 2844 1031 2888 attigisse
1065 2859 1140 2880 cau-

137 2887 243 2922 sarum
287 2897 406 2930 partem
431 2913 439 2920 .
486 2887 543 2922 Est
585 2891 670 2922 enirn
717 2892 876 2931 organum
907 2890 1033 2922 auditus
1055 2913 1069 2931 ,
1101 2900 1137 2924 ut

134 2932 281 2974 praeclare
326 2934 369 2963 ait
416 2930 630 2965 Bocrhaavi'us
674 2934 729 2973 (y
751 2937 766 2972 )
810 2934 893 2966 inter
933 2933 1034 2965 omnia
1062 2935 1136 2978 sen-

131 2974 225 3023 snum
258 2983 368 3017 organa
401 2976 536 3008 maxime
568 2975 800 3018 compositum,
836 2975 1041 3018 quamobrem
1060 2976 1135 3019 plu-

134 3028 220 3051 rimae
264 3018 297 3048 in
343 3028 381 3049 eo
421 3027 530 3060 partes
551 3042 564 3059 ,
610 3023 651 3055 ά*
695 3018 899 3062 diverfiffimis
931 3020 1033 3052 modis
1065 3019 1136 3053 laedi

134 3060 250 3112 unant
274 3072 286 3099 ;
320 3068 356 3093 ut
377 3083 389 3100 ,
422 3063 510 3104 quod
535 3062 614 3096 alibi
636 3066 650 3102 (
673 3074 698 3106 z
720 3064 733 3100 )
760 3073 831 3094 vere
855 3061 1010 3099 affirmat,
1035 3063 1135 3097 surdi-

134 3113 182 3136 tas
207 3102 333 3136 morbus
360 3104 519 3151 translit,
542 3107 584 3139 Θ
606 3105 824 3147 millecuplus,
847 3105 881 3138 id
903 3106 1135 3148 comprobante

132 3157 250 3189 magno
274 3146 334 3179 illo
354 3158 447 3188 quern
469 3148 533 3189 ipse
558 3153 567 3188 (
591 3161 608 3181 a
631 3153 645 3189 )
668 3174 676 3187 ‚
710 3150 828 3192 aliique
853 3148 1041 3191 proferunt,
1063 3162 1134 3184 cau—

132 3189 237 3224 sarum
263 3200 397 3239 numero
421 3191 563 3225 auditum
589 3192 918 3234 laedentium.Qem
944 3203 1048 3226 tamen
1074 3206 1132 3228 nu-

131 3244 253 3267 merum
278 3235 311 3266 in
337 3233 404 3283 dies
427 3237 531 3277 augeri
557 3235 639 3278 posse
659 3258 668 3273 ‚
707 3247 769 3269 non
810 3235 851 3270 est
886 3236 1097 3271 dubitandum
1121 3262 1133 3279 ,

130 3285 167 3312 ut
192 3285 267 3319 puta
289 3288 362 3310 cum
386 3287 557 3312 innumerae
583 3280 771 3313 membranae
793 3279 1052 3323 quoquoversum
1074 3280 1133 3315 du-

129 3321 210 3370 c‘tae.⁷
237 3324 266 3353 ἃ
293 3320 320 3353 se
344 3329 459 3353 mutuo
482 3322 729 3364 inm-secantes,
753 3332 858 3356 totam
883 3334 1009 3357 caveam
1025 3325 1131 3366 Tym-

130 3374 205 3405 pani
230 3374 409 3407 occupant3
433 3364 521 3412 quod
544 3366 577 3398 in
610 3379 643 3400 ea
676 3377 748 3400 aure
781 3368 886 3400 inveni
919 3370 933 3406 (
954 3367 972 3400 b
995 3371 1041 3407 ),
1071 3380 1131 3410 qua

129 3406 294 3440 hominem
318 3417 371 3440 aut
396 3405 506 3447 nihil,
529 3417 580 3442 aut
604 3421 716 3452 parum
739 3409 906 3450 audivisse,
930 3411 1048 3443 indicia
1062 3423 1126 3445 non

128 3449 278 3491 deerant,
302 3452 442 3493 itemque
476 3462 548 3484 curn
579 3454 740 3487 musculus
775 3454 890 3497 aliquis
926 3467 964 3488 ex
998 3455 1038 3488 iis
1070 3457 1126 3499 qui

218 3496 429 3538 Morgagnide
439 3495 506 3528 Sed.
518 3495 657 3540 &Caufi
673 3496 775 3530 Morb.
790 3498 889 3530 Toni.
906 3500 933 3532 Ι.

2008 181 2092 230 113

1168 291 1233 329 lis,
1255 290 1286 320 &
1310 287 1457 330 strigosus
1480 286 1522 320 est
1537 311 1549 326 ,
1574 295 1609 319 ut
1633 285 1666 317 in
1690 285 1792 317 altero
1826 281 2021 326 deprehendi
2053 286 2066 322 (
2087 294 2103 315 c
2123 286 2156 320 )‚

1168 342 1263 375 quem
1286 329 1467 370 viventem,
1488 330 1583 372 siquis
1606 327 1748 361 divinare
1772 324 1890 369 posset,
1913 326 1951 359 de
1976 327 2070 358 certis
2091 324 2159 365 ejus

1170 376 1252 409 auris
1276 373 1491 406 incommodis
1514 383 1577 406 non
1602 370 1732 407 frustra,
1757 371 1895 412 opinor,
1916 367 2133 410 interrogasset
2150 390 2159 405 ,

1170 417 1229 452 Sed
1252 419 1283 449 &
1308 416 1388 449 alios
1410 426 1593 450 communes
1615 415 1760 448 omnium
1785 412 2000 447 musculorum
2034 409 2162 443 morbos

1171 473 1187 494 a
1210 459 1319 504 paucis
1342 471 1422 500 quos
1445 459 1524 493 alibi
1558 458 1684 492 laudavi
1707 480 1719 497 ‚
1750 465 1941 489 memoratos
1962 480 1974 497 ,
1995 465 2069 487 non
2100 454 2162 486 mi-

1172 515 1242 540 rum
1266 502 1289 535 fi
1322 502 1356 535 in
1388 511 1481 536 tanto
1512 512 1644 535 numero
1676 499 1888 533 Boerhaavius
1922 498 2028 533 omisit
2052 520 2064 538 ,
2107 496 2164 538 qni

1175 547 1245 590 post
1268 545 1348 578 mala
1373 545 1411 578 ab
1435 545 1463 578 se
1485 553 1664 578 enumerata
1686 565 1696 581 ,
1725 542 1864 585 plurima
1898 551 2046 584 praeterea
2076 538 2132 574 esse
2154 561 2167 578 ,

1178 587 1300 632 scripsit
1326 612 1333 619 .
1379 588 1433 622 Ab
1474 589 1548 629 aliis
1593 598 1717 631 quoque
1762 584 1923 618 surditatis
1968 585 2071 627 plures
2116 593 2168 615 va-

1179 633 1299 674 riasque
1321 631 1424 664 causas
1448 630 1568 665 videbis
1592 629 1756 673 productis
1778 628 1932 670 exemplis
1954 626 2135 660 confirmari
2157 647 2170 664 ,

1178 687 1316 720 quorum
1340 675 1487 717 pleraque
1510 683 1564 707 aut
1586 673 1717 713 eadem,
1739 681 1791 706 aut
1815 669 1952 712 ejusdem
1965 670 2087 712 generis
2101 667 2171 716 sunt

1180 732 1213 753 ac
1238 719 1328 761 supra
1353 730 1368 751 a
1392 717 1484 750 nobis
1508 725 1754 751 commemorata
1770 739 1777 746 .
1804 714 1888 757 Qae
1911 715 2036 747 utinam
2061 721 2173 750 omnia⁷

1179 764 1315 805 spatium
1348 758 1524 795 habuissent
1547 771 1584 792 eo
1607 772 1673 802 quo
1696 758 1836 801 pollent,
1862 759 1924 790 acri
1949 755 2071 799 judicio
2093 755 2174 786 exa:

1178 804 1343 844 minandi,
1353 803 1573 847 quaerendique
1585 827 1597 842 ,
1607 814 1643 835 an
1654 803 1691 834 ab
1701 800 1900 835 Auctoribus
1914 827 1922 839 ,
1933 811 2015 843 quos
2026 796 2152 832 laudant
2164 818 2174 835 ‚

1180 849 1309 891 singulis
1331 859 1372 883 ea:
1396 859 1442 881 res
1465 846 1537 879 visae
1569 844 1687 879 fuerint
1711 869 1723 886 ,
1755 848 1785 878 Ee
1822 843 1843 877 fi
1878 843 1996 879 fuerint
2023 868 2031 881 ,
2065 853 2101 874 an
2133 851 2176 873 eae

1180 893 1254 935 ipsae
1279 891 1402 925 fuerint
1425 890 1523 923 causae
1547 889 1738 923 surditatis.
1762 887 1798 921 Id
1822 896 1996 930 quaerentes
2030 882 2175 918 animad-

1182 935 1343 968 vertissent
1367 933 1515 977 insuper,
1539 934 1691 966 nonnulla
1713 940 1767 967 aut
1791 942 1854 964 non
1878 930 2009 967 haberi,
2036 938 2088 962 aut
2114 937 2178 959 non

1180 980 1224 1012 ita
1250 978 1357 1012 haberi
1382 979 1415 1009 in
1438 975 1625 1020 quibusdam
1649 988 1687 1009 ex
1710 976 1802 1008 libris
1824 973 1978 1007 indicatis
2002 997 2010 1005 .
2050 969 2177 1004 Valsal-

1180 1034 1219 1054 va
1243 1024 1351 1060 enim;
1375 1030 1411 1053 ut
1435 1019 1571 1062 exempli
1597 1019 1687 1053 causti
1710 1018 1748 1051 de
1771 1016 1843 1060 ipso
1877 1027 2004 1050 tantum
2038 1014 2144 1048 dicam
2169 1025 2180 1051 3

1178 1076 1243 1098 non
1267 1077 1281 1097 a
1306 1063 1522 1098 musculorum
1545 1062 1649 1096 Tubae
1673 1060 1722 1094 scd
1745 1059 2183 1104 aSalpingostaphylinorum

1186 1107 1312 1141 laesione
1334 1106 1490 1146 deduxit,
1513 1116 1576 1137 non
1600 1103 1813 1144 surditatem,
1836 1103 1884 1137 sed
1906 1104 2101 1145 gravitatem
2124 1110 2182 1133 ai:-

1187 1153 1294 1185 ditus:
1316 1159 1497 1194 quanquam
1521 1159 1581 1190 ego
1612 1151 1625 1186 (
1648 1147 1681 1180 id
1707 1147 1791 1189 quod
1817 1146 1856 1180 ad
1879 1146 1968 1179 istius
1991 1144 2089 1177 causae
2110 1154 2184 1176 exa-

1187 1206 1258 1229 men
1282 1192 1421 1235 attinet)
1446 1203 1483 1224 ne
1504 1191 1693 1234 gravitatem
1716 1190 1798 1223 hanc
1820 1190 1949 1231 quidem
1972 1189 2006 1221 in
2037 1199 2075 1220 eo
2107 1184 2187 1220 fuis-

1189 1239 1239 1277 se,
1265 1234 1456 1280 deprehendi
1481 1236 1535 1278 (d
1555 1238 1571 1275 >
1591 1255 1601 1271 ‚
1632 1235 1685 1268 cui
1709 1244 1774 1266 non
1797 1233 1823 1265 ii
1846 1242 1973 1266 tantum
2005 1230 2062 1273 laefi
2096 1237 2186 1263 erant

1188 1281 1345 1318 musculi,
1370 1280 1420 1313 sed
1444 1278 1535 1312 molle
1554 1277 1700 1319 palatum
1722 1275 1941 1319 absumptum.
2076 1275 2187 1306 Caetc-

1188 1336 1260 1358 rum
1285 1323 1323 1358 ad
1348 1322 1581 1357 Boerhaavium
1603 1329 1638 1354 ut
1660 1319 1784 1354 redeam
1807 1332 1818 1358 ,¹
1851 1320 1974 1362 egregie
2009 1316 2073 1360 ipse
2104 1319 2156 1363 (⁴6
2179 1319 2189 1352 )

1188 1367 1352 1402 surditatis
1376 1378 1392 1400 a
1414 1366 1464 1400 lue
1487 1366 1627 1398 Venerea
1659 1365 1736 1406 saepe
1768 1363 1892 1396 causam
1924 1362 1980 1396 ess'e
2004 1385 2018 1401 ,
2051 1362 2154 1394 censet
2180 1382 2192 1398 ,

1194 1411 1300 1445 Tubae
1323 1409 1544 1445 Eustachianae
1567 1409 1831 1446 concretionem,
1853 1418 1923 1450 quae
1957 1404 2106 1438 videlicet
2138 1402 2191 1436 ul-

1193 1466 1301 1488 cerum
1336 1454 1441 1488 fauces
1474 1451 1678 1485 exedentium
1707 1450 1891 1484 cicatricem
1925 1449 2072 1490 sequatur
2096 1472 2103 1479 .
2138 1445 2193 1479 Ad

1192 1498 1376 1540 ‘Paralytica
1399 1506 1528 1536 autem,
1550 1506 1619 1538 quae
1642 1494 1765 1528 indicat
1776 1518 1789 1534 ,
1809 1494 1895 1526 vitia
1918 1495 1932 1531 (
1949 1492 2004 1536 f)
2038 1489 2195 1524 membra-

1191 1542 1358 1580 nularum,
1383 1550 1437 1575 aut
1461 1550 1631 1573 nervorum
1655 1536 1819 1577 vestibuli,
1841 1534 2039 1578 labyrinthi,
2070 1532 2198 1567 cochleae

1194 1589 1204 1624 (
1230 1596 1289 1628 pro
1314 1596 1376 1628 qua
1403 1581 1621 1626 Typographi
1645 1591 1805 1623 perperam
1831 1579 1909 1612 alibi
1945 1582 1999 1621 (g
2022 1582 2032 1617 )
2059 1575 2195 1623 spirales

1189 1638 1301 1662 caveas
1325 1627 1469 1670 tympani
1491 1624 1704 1667 scripserunt)
1729 1624 1767 1657 ad
1780 1623 1835 1656 illa
1851 1623 2027 1666 ,inquam,
2050 1629 2102 1654 aut
2115 1618 2197 1662 ejus-

1187 1671 1310 1704 cemodi
1322 1672 1401 1703 vitia
1414 1668 1520 1702 referri
1532 1667 1657 1701 videtur
1670 1665 1753 1710 posse
1763 1678 1796 1700 ea
1813 1665 1947 1700 surditas
1957 1688 1966 1703 ,
1977 1676 2039 1709 qua
2050 1664 2172 1697 vetulus
2184 1686 2201 1703 ,

1187 1717 1219 1748 &
1242 1714 1356 1748 debilis
1378 1714 1465 1747 canis
1486 1712 1550 1755 jam
1573 1713 1749 1744 triennium
1779 1710 1965 1750 tenebatur,
1986 1708 2116 1742 demum
2140 1717 2195 1749 per

1186 1757 1348 1800 sanguinis
1371 1755 1616 1790 transfusionem
1639 1766 1701 1788 non
1715 1754 1799 1787 secus
1810 1765 1844 1787 ac
1854 1753 2000 1787 debilitas
2025 1753 2101 1791 illa,
2125 1749 2198 1783 sub-

1185 1801 1245 1835 lata
1270 1805 1284 1842 (
1310 1801 1329 1837 h
1352 1805 1385 1840 ).
1518 1800 1683 1832 Hactenus
1707 1797 1744 1831 de
1767 1799 1908 1832 Aurium
1929 1794 2129 1830 Affestibus.

1238 1848 1286 1877 16.
1311 1847 1362 1878 De
1385 1842 1566 1877 Affectibus
1590 1852 1697 1875 autem·
1717 1842 1857 1874 Narium
1880 1841 2002 1883 primus
2025 1839 2113 1872 estin
2126 1849 2199 1881 pro-

1192 1890 1278 1922 xima
1305 1886 1506 1930 Sepulchreti
1531 1887 1601 1918 XX.
1627 1885 1773 1919 Seffione
1796 1886 1952 1921 oaorasus
1974 1883 2089 1926 amiffio
2109 1907 2117 1923 ‚
2143 1891 2201 1914 aut

1187 1933 1333 1974 privatio
1358 1944 1367 1963 .·
1401 1943 1464 1973 qua
1490 1930 1527 1963 cle
1552 1941 1584 1961 re
1608 1929 1659 1962 sex
1682 1928 1894 1971 proferuntur
1917 1926 2200 1961 Observationes:

1191 1985 1374 2018 quanquam
1397 1975 1431 2007 in
1456 1975 1520 2006 III.
1546 1975 1577 2006 <Sc
1603 1974 1664 2006 VI.
1687 1983 1759 2015 quae
1783 1970 1855 2006 *una
1887 1970 2057 2015 eademque
2090 1969 2200 2003 viden.-

1191 2027 1266 2058 tur,
1290 2019 1376 2052 nulla
1400 2016 1437 2050 fit
1460 2015 1556 2058 liujus
1580 2014 1710 2049 affestus
1733 2017 1876 2054 mentio,
1901 2023 1937 2050 ut
1961 2026 2060 2058 neque
2084 2016 2117 2048 in
2136 2013 2201 2046 mi-

1192 2062 1250 2093 lite
1273 2060 1311 2094 de
1333 2073 1398 2103 quo
1422 2062 1454 2093 in
1479 2061 1522 2093 V.
1549 2059 1649 2100 Quod
1672 2057 1694 2092 si
1722 2058 1808 2092 forte
1840 2059 1919 2093 velis
1953 2057 2097 2093 conferre
2130 2059 2202 2090 ΙΙΙ,

1192 2116 1266 2137 cum
1312 2103 1517 2147 autographo
1542 2116 1552 2142 3
1588 2115 1650 2137 non
1687 2103 1775 2144 plura
1821 2104 1962 2137 invenies
1986 2114 1995 2136 :
2028 2099 2200 2147 quaerenda,

1194 2158 1306 2193 autem⁴
1322 2147 1363 2181 est
1387 2150 1420 2180 in
1444 2147 1600 2182 Rolfincii
1624 2144 1754 2181 Dissert.
1783 2148 1884 2182 Anat.
1917 2148 1939 2181 l.
1965 2159 1996 2180 2.
2031 2158 2100 2190 cap.
2133 2156 2203 2178 non

1192 2193 1262 2223 XX.
1290 2191 1339 2224 sed
1361 2192 1450 2224 XIX.
1473 2189 1740 2234 quemadmodum
1763 2193 1796 2225 &
1818 2194 1864 2225 II.
1890 2192 1924 2224 in
1950 2189 2135 2225 Schneideri
2158 2189 2202 2221 lia»

1192 2234 1252 2268 bro
1275 2234 1314 2268 de
1337 2233 1413 2268 Osse
1437 2233 1636 2270 Cribiforrn.
1663 2246 1732 2278 pag.
1758 2246 1819 2267 non
1849 2234 1918 2269 118.
1944 2234 1995 2268 sed
2020 2234 2092 2285 518.
2131 2233 2199 2265 Ve-

1193 2288 1360 2314 runtamen
1384 2277 1407 2311 si
1443 2277 1557 2322 absque
1594 2280 1660 2314 ulla
1692 2276 1890 2315 haefitatione
1923 2276 2108 2321 accipienda
2142 2276 2200 2310 ista

1191 2322 1286 2357 essent
1309 2334 1379 2366 quae
1403 2321 1440 2356 de
1463 2323 1727 2361 Olfa6k2rlorurn
1750 2321 2063 2362 nervorum*defe3u
2086 2323 2120 2354 in
2132 2322 2200 2354 Ta-

1193 2366 1369 2416 baccisQss
1393 2378 1642 2411 proponuntur,
1663 2382 1725 2417 qua
1747 2370 1786 2405 de
1810 2382 1841 2404 re
1865 2382 1935 2415 pag.
1961 2381 2032 2415 503.
2061 2365 2197 2413 ⁵dubitat.

1194 2410 1403 2446 Schneiderus
1423 2425 1434 2452 ,-
1469 2415 1611 2455 proclive
1634 2415 1706 2448 esset
1731 2414 1912 2457 intelligere
1927 2441 1936 2456 ‚
1959 2409 2091 2449 defuisse
2116 2424 2199 2458 quo-

1193 2467 1254 2505 que
1279 2454 1416 2489 olfactus
1440 2456 1561 2491 sensum
1578 2482 1586 2490 .
1612 2458 1720 2496 Quem
1743 2460 1776 2491 in
1798 2458 2025 2500 Asthmatim,
2062 2471 2078 2491 a
2102 2459 2196 2492 nobis

1196 2497 1509 2548 disse-&offiniinime
1532 2500 1718 2535 dubitamus
1740 2512 1803 2534 non
1828 2514 1914 2545 aeque
1936 2505 1969 2536 in
1993 2512 2127 2545 utraque
2137 2513 2193 2534 na-

1197 2554 1229 2576 re
1245 2543 1401 2592 yzguisse.
1426 2544 1506 2576 Erat
1532 2546 1618 2577 enim
1643 2545 1699 2588 ipsi
1724 2546 1750 2578 is
1771 2545 1929 2588 processus
1941 2547 2009 2580 offis
2021 2545 2197 2579 etlimoidis

1196 2598 1252 2630 qui
1275 2585 1383 2636 Crista
1401 2587 1493 2620 Galli
1517 2589 1744 2630 appellitatur,
1770 2589 1901 2632 oblique
1933 2590 2011 2629 adeo
2041 2589 2158 2632 positus
2182 2613 2193 2628 ,

1196 2629 1350 2672 simulque
1373 2638 1418 2663 ita
1453 2630 1555 2666 faetus
1579 2656 1592 2672 ‚
1625 2642 1659 2666 ut
1692 2632 1794 2666 sedem
1827 2632 2095 2667 foraminulorum
2141 2644 2196 2676 per

1193 2685 1264 2716 qua:
1287 2672 1613 2722 olfaFtoriaeNnerveae
1636 2675 1723 2709 fibrae
1747 2678 1779 2708 in
1811 2677 1919 2711 nasum
1951 2676 2156 2720 trajiciuntur
2179 2701 2193 2717 ,

1194 2726 1287 2767 tanto
1310 2717 1521 2764 angustiorem
1546 2720 1645 2752 altero
1679 2721 1713 2752 in
1745 2721 1839 2753 latere
1872 2721 2007 2754 efficeret
2030 2747 2039 2762 ‚
2071 2730 2195 2763 quanto

1195 2772 1229 2793 in
1253 2763 1404 2807 opposito
1426 2761 1572 2796 latiorem
1596 2786 1608 2802 ,
1644 2764 1750 2805 itaque
1788 2764 1893 2797 multo
1914 2766 2023 2798 minor
2055 2762 2193 2797 forami-

1194 2804 1345 2837 nulorum
1368 2804 1595 2846 eJusdemmodi
1620 2817 1769 2840 numerus
1791 2806 1864 2840 inde
1875 2818 1965 2848 erat,
1985 2818 2083 2850 quam
2093 2806 2189 2840 hinc.

1191 2847 1251 2896 bed
1274 2845 1343 2880 haec
1380 2850 1482 2880 rarior
1515 2850 1679 2893 inaequalis
1710 2851 1757 2882 vis
1789 2849 1964 2885 olfaciendi
1994 2850 2083 2884 causa
2117 2850 2191 2889 est;

1190 2890 1245 2940 illa
1269 2889 1468 2934 frequentior
1492 2893 1577 2937 quod
1599 2916 1608 2931 ‚
1641 2901 1677 2926 ut
1699 2893 1779 2925 olim
1802 2897 1816 2933 (
1839 2894 1851 2927 i
1872 2898 1883 2933 )
1906 2906 2034 2938 quoque
2057 2893 2199 2929 adnotas-

1189 2945 1314 2974 vnnus,
1339 2936 1469 2981 Septum
1494 2934 1555 2968 nafi
1579 2938 1612 2969 in
1635 2937 1826 2970 alterutrum
1849 2938 1934 2974 latus
1957 2962 1968 2978 ‚
2003 2949 2057 2971 nec
2081 2937 2189 2972 modi-

1186 2988 1244 3027 ce,
1267 2979 1300 3010 in
1324 2978 1511 3020 quibusdam
1534 2989 1707 3019 curvatur,
1730 2988 1766 3012 ut
1789 2981 1882 3013 illinc
1905 2982 2034 3025 quidem
2045 2981 2190 3015 odorife-

1186 3032 1230 3054 ris
1254 3020 1450 3063 corpusculis
1475 3023 1588 3056 altiora
1611 3034 1707 3066 atque
1742 3023 1898 3067 ulteaiora
1934 3025 2087 3059 subituris
2119 3037 2187 3059 ma-

1185 3076 1247 3111 gna
1269 3076 1307 3097 ex
1332 3074 1417 3106 parte
1440 3064 1468 3098 se
1490 3066 1646 3108 objiciat.
1672 3067 1757 3105 Quae
1782 3078 1828 3100 res
1852 3079 1925 3102 cum
1948 3069 2031 3103 haud
2055 3080 2127 3102 raro
2151 3070 2186 3103 in

1186 3110 1247 3140 nasi
1273 3117 1418 3146 anatome
1439 3120 1586 3143 occurrat
1605 3120 1617 3150 ‚¹
1640 3111 1769 3143 videant
1791 3111 1974 3153 Chirurgi,
1999 3123 2036 3145 ne
2072 3113 2106 3145 in
2140 3123 2187 3145 re-

1185 3151 1326 3184 conditis
1349 3151 1415 3194 ejus
1437 3154 1527 3187 vitiis
1550 3154 1772 3196 explorandis,
1796 3149 1979 3189 curandisve
2003 3157 2037 3189 id
2060 3167 2185 3198 quoque

1187 3195 1371 3244 apraesenti
1402 3196 1515 3230 morbo
1545 3197 1601 3230 esse
1635 3198 1755 3240 semper
1798 3199 1925 3231 credant
1969 3198 2057 3242 quod
2104 3199 2182 3243 saepe

1185 3238 1312 3272 aliunde
1328 3263 1336 3277 ,
1351 3239 1526 3288 ¹t-‘iclsaepius
1550 3240 1587 3273 ab
1609 3240 1674 3288 ipsa
1707 3250 1819 3275 natura
1858 3241 1899 3275 est
1921 3265 1943 3282 „
1966 3251 2019 3276 aut
2050 3251 2180 3276 tantun-

1183 3282 1255 3315 dem
1279 3281 1371 3329 spat-ii
1395 3293 1429 3315 in
1453 3283 1554 3317 altero
1577 3285 1637 3317 nasi
1661 3296 1740 3318 cavo
1763 3284 1791 3317 se
1814 3283 2000 3328 habituros,
2023 3295 2177 3329 quantum
2227 3282 2228 3287 ¹

1183 3327 1216 3358 in
1241 3327 1389 3367 opposito
1408 3328 1613 3367 invenerint,
1636 3328 1674 3361 ab
1697 3329 1737 3360 iis
1761 3327 1884 3370 decepti
1907 3329 1964 3372 qui
1987 3354 2000 3370 ,
2024 3329 2179 3373 ejusmodi

1183 3372 1367 3402 varietatem
1389 3381 1451 3402 non
1476 3370 1671 3415 attendentes
1693 3394 1705 3410 ‚
1740 3371 1881 3405 absolute
1904 3372 2046 3407 scribunt
2066 3395 2090 3413 „
2126 3384 2181 3405 na-

1184 3435 1207 3452 „
1232 3411 1298 3458 sum
1321 3411 1384 3463 esse⁴
1397 3412 1534 3447 divisum
1556 3416 1590 3447 in
1611 3414 1687 3448 duas
1709 3425 1837 3457 magnas
1859 3427 1967 3449 caveas
1979 3416 2112 3458 aequales
2127 3427 2182 3459 per

1183 3479 1209 3496 „
1233 3458 1352 3499 septum
1376 3457 1596 3500 interpositum
1608 3479 1630 3497 ‚‚
1753 3458 1842 3493 Huic
1855 3459 2023 3502 oppositus
2034 3458 2075 3493 est
2084 3471 2172 3494 error

1701 3503 1726 3534 P
2038 3503 2117 3536 alter
2126 3526 2140 3544 ,

127 3574 2189 3595 *ψῃ-Ἢ

269 3644 367 3678 advers.
384 3645 457 3669 Anat.
475 3649 499 3668 6.
516 3643 601 3678 Atnim.
617 3652 655 3672 27.
716 3643 725 3672 (
740 3649 757 3673 p
772 3644 786 3672 )
804 3644 834 3669 ad
850 3644 902 3669 litt.
921 3645 945 3668 11.
962 3647 984 3670 ἃ
1000 3646 1017 3669 ι’.

268 3682 293 3697 in
313 3678 383 3699 Anat.
394 3682 465 3709 perv.
482 3677 566 3703 Optio.
629 3676 643 3704 (
657 3682 667 3698 t
683 3676 697 3705 )
714 3675 740 3700 in
755 3678 828 3700 Anat.
845 3683 937 3700 nervor.
955 3675 1037 3705 quinti
1055 3678 1109 3700 Par.

272 3705 375 3730 Piaeieet.
393 3714 418 3729 in
436 3705 511 3730 Instit.
531 3704 554 3735 §.
574 3708 624 3735 563.
686 3708 698 3736 (
715 3715 733 3735 z
748 3707 761 3736 )
777 3705 806 3730 ad
824 3705 845 3736 §.
862 3708 916 3735 698.
932 3708 989 3736 850.
1004 3706 1027 3730 8:
1043 3706 1105 3736 seqq.

273 3737 317 3789 {p-
335 3738 382 3760 An.
400 3745 424 3767 7.
442 3745 464 3760 n.
485 3744 516 3765 15.
578 3736 586 3765 (
603 3737 619 3760 d
635 3737 645 3766 J
662 3738 733 3767 Epist.
752 3739 822 3761 Anat.
842 3744 862 3765 ⁹·
879 3744 902 3761 n.
921 3745 940 3766 9.
960 3744 996 3761 xo.

187 3642 197 3672 s
212 3651 225 3667 ο
240 3645 254 3672 )

185 3673 256 3733 asi

186 3735 229 3794 ss
243 3734 257 3793 3
295 3766 324 3791 st·
342 3767 430 3793 Philus.
446 3769 500 3795 Soc.
517 3768 549 3792 R.
565 3767 590 3792 in
605 3770 679 3800 Angl.
694 3770 724 3794 A.
740 3768 807 3793 16⁶8.
824 3768 863 3791 M.
880 3766 1008 3794 Decembr.
1025 3774 1049 3791 n.
1065 3775 1089 3793 ι.

1080 3644 1090 3673 (
1106 3655 1121 3675 q
1137 3645 1150 3674 )
1166 3648 1201 3670 De
1218 3647 1295 3672 nervis
1312 3648 1396 3677 optic.
1413 3649 1483 3681 Epist.
1503 3658 1524 3675 1.

1149 3722 1151 3731 i
1183 3704 1193 3735 (
1209 3716 1224 3731 a
1239 3709 1253 3737 )
1281 3709 1357 3743 Epist.
1376 3713 1449 3735 Anat.
1466 3720 1485 3742 ς.
1505 3721 1528 3737 n.
1547 3717 1585 3737 ²6.

1057 3736 1066 3765 (
1083 3745 1094 3761 e
1109 3736 1123 3766 )
1140 3739 1248 3764 Praeiest.
1266 3745 1306 3764 cit.
1323 3742 1352 3765 ad
1372 3741 1394 3772 ς.
1411 3745 1463 3773 852.

1150 3766 1159 3797 (
1176 3770 1186 3794 ἰ
1202 3771 1212 3800 )
1229 3771 1325 3798 ΑᾰνεῚ-Γ,
1342 3776 1416 3800 Anat.
1434 3778 1458 3801 6.
1477 3776 1501 3801 in
1517 3777 1582 3803 calce
1600 3778 1694 3808 Expiie.
1710 3777 1772 3804 rab.
1788 3785 1811 3804 ².

1585 3652 1599 3682 (
1615 3659 1627 3676 r
1641 3653 1654 3681 )
1671 3655 1742 3678 Anat.
1757 3656 1803 3676 tot.
1819 3661 1883 3683 corp.
1900 3652 1967 3677 hum.
1985 3652 2010 3677 in
2026 3654 2101 3677 Anat.
2116 3654 2174 3677 Aur.

1172 3678 1180 3706 ζ
1197 3685 1213 3700 u
1230 3678 1324 3709 'Anae
1344 3680 1448 3705 Praelest.
1466 3682 1483 3705 1.
1502 3691 1521 3712 ς.
1540 3683 1604 3707 Lee‘t.
1623 3692 1642 3712 ς.
1707 3686 1713 3711 (
1733 3691 1747 3706 x
1767 3684 1780 3711 )
1798 3685 1869 3713 Epist.
1888 3687 1967 3709 Anat.
1987 3691 2024 3708 n..
2040 3691 2066 3708 n.
2083 3685 2121 3707 23.

1648 3714 1662 3743 (
1677 3713 1691 3737 b
1707 3715 1721 3744 )
1738 3717 1783 3744 Ep.
1800 3718 1872 3741 Anat.
1888 3719 1910 3740 6.
1928 3723 1953 3739 n.
1972 3723 2009 3739 22.

1525 3745 1639 3776 (flad
1658 3746 1679 3776 §.
1697 3748 1750 3774 850-
1815 3746 1859 3777 (g
1877 3747 1886 3778 )
1905 3748 1936 3772 ad
1952 3746 1975 3777 §-
1994 3750 2045 3777 563·
