2498 4075
502 223 658 289 Epist·
697 223 858 277 Anat.
894 224 1098 278 Medica

76 306 131 339 bat
154 304 243 338 enim
268 300 397 342 rotula,
420 303 495 345 quia
519 310 667 336 externus
691 302 823 336 femoris
845 302 1023 344 condylus‚
1048 311 1083 334 ut

79 357 147 381 erat
170 359 185 380 a
210 345 441 390 posterioribus
464 345 502 379 ad
525 347 684 379 anteriora
709 347 842 388 longior
860 368 870 384 ,
892 346 980 388 quod
1004 343 1083 387 ejus-

77 391 150 425 dem
183 402 256 424 cum
291 399 425 423 externo
461 389 591 423 alterius
615 388 745 422 femoris
769 389 912 430 condylo
935 388 1084 421 instituta

76 435 278 477 comparatio
302 430 557 466 manifestissime
567 432 825 473 comprobabat,
847 432 888 465 fic
902 430 1084 465 antrorsum

78 478 129 510 vel
154 478 255 520 magis
280 486 376 517 quam
399 476 544 518 alioquin
579 474 684 515 solet,
707 476 931 518 prominebat.
958 476 1082 507 Contra

74 529 206 560 autem,
230 519 375 552 Laterale
411 528 583 552 externum
616 529 697 559 genu
731 520 946 561 ligamentum
978 517 1082 550 multo

74 563 203 599 craffius
228 562 266 596 ad
290 562 449 599 alterum,
474 573 572 604 quam
587 560 625 594 ad
648 561 710 595 hoc
722 573 828 604 genu,
852 560 965 601 fuisse,
990 571 1082 594 com-

83 608 229 650 parando
254 607 375 648 pariter
397 604 648 646 comprobatum
673 606 737 638 est.

121 661 173 691 27.
197 648 294 682 Unde
317 659 397 690 aqua
420 648 474 680 illa
497 649 530 681 in
555 657 644 690 parte
668 670 678 686 ‚
708 647 879 691 foedusque
901 647 971 689 ejus
993 646 1084 681 color

75 696 110 728 in
134 694 299 726 thoracem
325 692 448 725 traduci
475 692 643 731 potuerit,
664 703 738 725 cum
763 691 801 724 fit
825 703 858 725 ea
881 702 980 734 quam
1005 701 1080 731 pau-

76 738 111 771 lo
134 745 207 769 ante
229 735 415 777 designavi,
439 733 587 775 Epistola
610 734 811 773 indicatum,
836 745 949 769 caetera
973 742 1081 766 autern

75 782 111 814 in
135 778 299 821 proposita
322 776 562 811 Observatione
586 777 659 810 satis
684 789 737 820 per
761 777 790 811 se
818 776 959 813 dilucida
983 776 1044 809 sint
1069 789 1080 812 ·‚

76 823 116 858 de
139 832 279 865 genuum
301 821 468 853 contrario
491 821 702 854 incommodo
725 843 735 858 ,
771 823 803 853 δε
826 821 863 854 de
886 819 1080 864 quibusdam

76 877 188 901 eorum
222 864 346 898 morbis
379 863 525 906 quaedam
562 864 623 898 alia
658 864 920 897 commemorabo
943 889 952 898 .
984 864 1082 896 Genu

76 911 115 944 de
137 920 204 951 quo
228 906 325 940 modo
347 905 473 940 dietum
506 907 551 941 est
576 932 585 947 ,
615 905 708 940 flecti
742 917 807 940 non
845 915 970 949 poterat
995 931 1002 939 .
1042 905 1085 938 ll-

77 952 185 986 lustris
210 960 317 984 autern
341 949 491 984 Hallerus
514 956 524 990 (
548 952 560 984 i
583 955 594 990 )
618 961 692 984 curn
727 951 762 983 in
795 951 883 985 aliud
926 948 1087 983 incidisset

77 993 169 1039 quod
191 994 321 1028 extendi
345 1003 410 1026 non
447 1002 576 1037 poterat
603 1018 612 1034 ,
643 993 765 1027 nullam
798 995 924 1027 invenit
959 990 1086 1027 causam

71 1044 188 1082 praeter
209 1038 317 1070 duram
340 1037 382 1070 Θ*
399 1045 477 1078 pene
498 1038 671 1071 tendineam
701 1035 934 1079 cellulofitatem
945 1059 958 1076 ‚
982 1036 1021 1069 ab
1053 1046 1088 1068 ea

78 1090 195 1125 parte,
217 1081 336 1122 opinor
355 1102 368 1119 ,
390 1089 445 1113 aut
468 1090 553 1114 certe
579 1081 678 1123 magis
702 1080 742 1113 ab
765 1092 798 1114 ea
822 1089 912 1122 parte
946 1090 1018 1121 quae
1051 1080 1087 1111 in

79 1134 153 1159 artu
178 1123 331 1166 posterior
355 1133 443 1157 erat.
575 1124 736 1157 Rotulam
772 1124 807 1156 in
839 1122 1053 1157 transversum
1077 1146 1087 1161 ,

78 1178 117 1203 ut
157 1168 271 1208 saepius
305 1164 388 1200 solet
412 1190 424 1206 ,
460 1165 566 1209 frangi
599 1178 614 1198 a
638 1168 791 1200 violentis
814 1167 936 1201 iffibus
968 1167 1088 1199 mirum

77 1221 146 1245 non
170 1211 234 1249 est;
256 1209 338 1243 illud
363 1210 504 1247 mirum,
528 1209 615 1252 quod
640 1222 656 1243 a
681 1210 822 1243 violenta
846 1213 875 1243 &
901 1209 1005 1243 subita
1016 1219 1089 1241 mu-

78 1253 244 1289 sculorum
266 1264 342 1294 crus
369 1253 624 1286 Extendentium
659 1253 709 1286 seu
742 1254 965 1287 contr-afflone
991 1276 1000 1290 ,
1036 1250 1088 1285 seu

80 1296 256 1334 refistentia
279 1306 514 1339 nonnunquam
538 1305 592 1329 aut
615 1296 685 1338 ipsa
708 1295 878 1338 frangatur
894 1321 902 1336 ‚
927 1305 980 1329 aut
1006 1295 1088 1328 vali-

79 1342 115 1376 di
138 1340 314 1375 eorundem
326 1339 549 1374 musculorum
563 1339 705 1373 tendines
730 1338 822 1382 supra
835 1339 936 1382 ipsam
949 1338 1089 1373 disrum-

80 1393 219 1428 pantur.
243 1382 438 1426 Cujusmodi
460 1383 644 1424 exemplum
668 1383 880 1425 disruptionis
915 1383 999 1425 apud
1033 1381 1088 1414 Cl.

77 1427 222 1463 Baffium
245 1430 259 1466 (
281 1428 299 1467 l<
323 1430 333 1465 )
356 1427 462 1469 leges,
482 1429 513 1460 &
546 1435 621 1460 ante
652 1427 746 1460 illum
781 1426 847 1460 duo
877 1426 961 1470 apud
993 1426 1090 1467 Ruy-

80 1471 208 1505 schium
232 1470 279 1514 (l
303 1474 334 1509 );
360 1469 442 1512 apud
466 1481 563 1513 quern
586 1471 653 1511 (m
674 1474 710 1510 ),
735 1472 765 1503 δι
782 1468 952 1503 Palfinium
977 1473 988 1508 (
1011 1478 1031 1500 n
1053 1472 1091 1508 );

80 1526 120 1549 ne
143 1514 223 1547 alios
247 1516 414 1547 nominem
436 1524 530 1555 quam
553 1513 612 1556 qui
647 1512 715 1547 haec
752 1513 903 1546 scribenti
937 1521 1028 1546 erant
1059 1512 1094 1544 in

79 1558 250 1595 manibu53
272 1556 452 1591 illiusmodi
476 1555 625 1590 frasturae
648 1556 901 1590 Observationes
924 1556 1067 1589 invenies
1086 1579 1093 1587 .

213 1601 425 1635 Semilunares
447 1610 577 1642 quoque
600 1600 808 1642 cartilagines
842 1612 913 1642 quae
937 1600 1022 1632 inter
1045 1597 1095 1631 fe-

79 1655 177 1682 mur,
202 1647 233 1677 &
259 1644 377 1677 tibiam
402 1643 436 1675 in
460 1652 542 1684 genu
567 1643 705 1676 articulo
737 1641 987 1683 interjiciuntur
1012 1662 1022 1678 ‚
1054 1642 1094 1674 ab

84 1688 213 1721 affluxu
236 1685 412 1720 humorum
435 1683 613 1718 excrescere
637 1696 869 1729 nonnunquam
909 1684 992 1728 posse
1016 1708 1026 1725 ,
1060 1686 1092 1717 &

80 1729 355 1773 claudicationem
369 1726 482 1762 afferre
496 1750 507 1769 ‚
529 1727 674 1762 laudatus
690 1729 806 1762 ssaffius
831 1729 848 1771 (
868 1739 884 1762 o
907 1732 921 1768 )
942 1727 1092 1762 observa-

77 1776 151 1808 vit:
283 1776 334 1808 De
358 1772 472 1814 Valgis
494 1771 633 1815 denique
646 1781 682 1805 ut
705 1772 857 1806 omittam
882 1784 916 1805 ea
940 1783 1010 1814 quae
1038 1772 1092 1803 Se-

79 1818 211 1851 verinus
234 1820 245 1855 (
264 1825 287 1858 p
311 1820 322 1855 )
347 1814 412 1848 fuse
437 1814 557 1856 scripsit
580 1828 590 1852 3
632 1814 819 1857 Ruyschins
841 1818 855 1853 (
877 1826 896 1857 q
919 1817 930 1852 )
966 1815 999 1847 in
1025 1813 1092 1846 val-

78 1871 126 1902 go
159 1859 273 1893 adulto
303 1859 434 1892 summae
468 1857 559 1890 tibiae
590 1868 699 1891 caveas
722 1882 734 1899 ,
774 1859 815 1891 iis
846 1856 1094 1900 cartilaginibus

75 1902 259 1945 subjectas,
285 1902 323 1936 ad
347 1900 478 1935 femoris
499 1900 657 1943 condylos
679 1900 884 1944 excipiendos
909 1912 972 1935 non
1005 1911 1094 1942 aeque

74 1946 244 1989 depressas
267 1969 277 1985 ‚
313 1948 366 1985 δε,
389 1944 477 1987 quod
500 1943 732 1986 consequitur,
757 1954 930 1987 utrumque
954 1943 1034 1978 illud
1057 1954 1093 1976 os

21 1994 29 2001 ‘
82 1990 180 2023 aliter
205 2001 240 2023 ac
265 1987 442 2023 seeundum
475 1996 644 2025 naturam,
670 1988 811 2029 positum
845 1987 1057 2030 deprehendit
1083 1998 1091 2019 :

80 2044 161 2076 quas
193 2043 241 2066 res
264 2032 376 2067 melius
400 2032 480 2064 Icon
507 2036 516 2070 (
542 2042 558 2063 r
581 2033 592 2069 )
616 2031 828 2068 monstrabit,
851 2042 950 2074 quam
972 2030 1091 2065 descri-

78 2078 176 2120 ptio'.
201 2076 284 2109 Haec
307 2076 395 2109 enim
420 2075 493 2107 ideo
517 2075 692 2107 memoravi
707 2098 715 2111 ,
742 2085 777 2108 ut
801 2086 839 2107 ex
862 2086 975 2108 eorum
1009 2085 1091 2115 quos

79 2119 228 2158 laudavi,
256 2119 348 2153 libris
381 2117 505 2158 plenius
527 2116 723 2158 cognoscas,
745 2117 882 2159 indeque
905 2130 939 2151 ea
972 2118 1091 2160 quibus

77 2162 297 2200 internoscas,
323 2162 429 2203 signa,
453 2163 485 2193 &
510 2159 662 2204 quando,
684 2163 728 2207 δι’
747 2161 915 2204 quomodo
946 2162 1089 2195 curatio-

20 2217 23 2219 *
74 2214 154 2241 ‘nem
181 2205 330 2249 suscipias
354 2226 363 2241 ,
400 2203 530 2246 quando
565 2213 679 2237 contra
717 2215 782 2246 jam
814 2205 1017 2247 praeteritum
1049 2203 1089 2238 fit

72 2254 211 2291 tempus
231 2261 298 2290 quo
312 2247 459 2281 auxiliari
473 2247 587 2290 possis,
609 2247 770 2289 intelligas
783 2271 793 2279 .
927 2249 1087 2282 Attamen

76 2296 116 2329 in
139 2292 305 2326 nonnullis
337 2302 444 2324 eorum
467 2302 540 2334 quae
573 2289 660 2325 dieta
690 2289 762 2324 sunt
786 2316 797 2332 ‚
829 2293 861 2325 &
892 2292 1087 2325 nominatim

75 2339 114 2371 in
139 2335 255 2370 rotulae
279 2333 417 2369 fraetura
443 2357 452 2373 ,
487 2337 518 2367 δε
541 2334 710 2368 tendinum
741 2345 814 2369 crus
842 2335 1085 2369 extendentium

74 2380 285 2422 *disruptione
308 2387 466 2421 quantum
491 2378 624 2414 auxilii,
650 2388 763 2420 praeter
796 2377 882 2420 spem
902 2403 909 2418 ,
933 2381 965 2411 &
997 2391 1090 2421 expe-

78 2426 285 2462 ctationem,
310 2422 465 2463 temporis
489 2421 627 2464 spatium
651 2423 814 2456 interdum
851 2421 962 2456 afferat
977 2445 988 2461 ‚
1011 2433 1092 2456 con-

78 2468 163 2508 tigit
188 2466 268 2499 mihi
293 2474 329 2499 ut
354 2465 445 2498 annis
470 2463 686 2507 superioribus
708 2466 741 2498 in
764 2464 891 2499 duobus
914 2465 1055 2500 viderem
1081 2491 1092 2500 .

78 2512 258 2546 Procerus,
282 2511 315 2542 &
337 2507 509 2542 lacertosus
532 2508 583 2541 vir
605 2516 672 2541 erat
695 2508 773 2541 alter
796 2510 852 2551 qui
887 2518 959 2543 ante
993 2521 1092 2543 annos

75 2554 211 2596 aliquot
235 2564 252 2585 e
276 2550 372 2586 rheda
407 2552 554 2585 desiliens
586 2562 661 2584 cum
686 2551 827 2586 rotulam
859 2552 1025 2587 dexteram
1057 2554 1091 2586 in

79 2595 304 2631 transversum
334 2594 479 2636 fregisset
504 2616 514 2632 ,
552 2595 794 2636 Chirurgorum
836 2607 931 2637 opera
977 2594 1092 2630 frustra

79 2640 155 2674 usus
178 2649 244 2673 erat
258 2639 361 2672 donec
385 2637 657 2672 Praestantiffimus
681 2640 714 2670 in
741 2639 802 2672 hoc
815 2638 995 2680 Gymnasio
1009 2638 1093 2672 Chi-

81 2684 203 2725 rurgiae
229 2680 395 2716 Professor
417 2682 644 2723 Hieronymus
667 2682 863 2716 Vandellius
887 2705 900 2722 ,
935 2681 1090 2724 vigesimo

78 2727 220 2760 :secundo
243 2738 259 2759 a
283 2725 424 2759 fractura
448 2725 500 2758 die
534 2724 722 2765 accersitus,
745 2726 941 2768 superiorem
966 2734 1092 2766 partem

80 2768 202 2804 rotulae
234 2767 272 2800 ad
304 2767 491 2802 inferiorem
525 2768 660 2802 adduxit
683 2779 840 2811 quantum
874 2769 984 2811 potuit
1010 2793 1019 2807 ‚
1054 2778 1090 2802 ut

81 2814 188 2847 altera
209 2811 249 2845 ab
273 2810 371 2843 altera
395 2812 500 2844 multo
533 2812 652 2844 minori
675 2824 775 2854 quam
798 2821 912 2850 antea,
936 2813 1091 2846 interval-

82 2858 118 2891 lo
140 2852 298 2894 distaret,
324 2852 557 2896 fasciarumque
579 2865 640 2896 ope
663 2855 711 2887 ibi
745 2855 914 2890 consistere
947 2857 1056 2898 coegit
1080 2879 1088 2887 .

82 2902 165 2935 Erat
190 2898 224 2931 id
247 2897 454 2932 intervallum
479 2896 649 2930 transversi
673 2897 793 2939 digiti:
818 2900 851 2932 in
882 2899 942 2931 illo
983 2908 1090 2933 autem

81 2953 197 2978 natura
216 2940 282 2983 ipsa
302 2940 427 2983 aliquid
448 2940 558 2973 sensim
582 2942 766 2982 procreavit
789 2953 845 2985 per
865 2942 951 2983 quod
976 2944 1092 2977 rotulae

79 2995 189 3031 partes
223 2985 362 3018 firmiter
388 2985 597 3026 alligarentur
629 2985 718 3017 inter
741 2985 769 3018 se
792 3010 801 3018 .
839 2987 954 3026 Itaque
989 2985 1091 3019 homo

77 3043 122 3065 eo
147 3037 219 3062 artu
242 3026 308 3069 jam
332 3027 431 3060 libere
456 3027 607 3060 utebatur
629 3048 641 3066 ‚
673 3038 747 3061 cum
771 3026 858 3062 forte
883 3029 1033 3062 Venetiis
1055 3030 1089 3063 in

81 3074 193 3117 pontis
217 3070 385 3113 cujusdam
408 3070 559 3112 gradibus
581 3071 626 3103 ita
647 3070 751 3112 lapsus
784 3071 829 3105 est
852 3093 862 3108 ‚
896 3082 932 3105 ut
952 3084 993 3105 eo
1015 3083 1091 3107 cru-

82 3128 119 3151 re
142 3115 236 3148 valde
269 3117 300 3148 &
324 3114 486 3147 violenter
510 3114 594 3147 flexo
620 3140 629 3155 ‚
663 3116 823 3156 crepitum
850 3115 976 3148 audiret
999 3118 1090 3158 quasi

82 3160 131 3194 rei
154 3157 291 3199 alicujus
315 3159 348 3189 in
373 3168 456 3199 genu
492 3156 676 3200 disruptae:
709 3161 740 3191 δε
771 3158 843 3191 sane
875 3170 908 3190 ea
943 3159 1090 3193 flexionis

82 3203 246 3237 violentia
269 3210 403 3242 ruptum
430 3199 471 3233 est
494 3201 652 3243 quidquid
668 3200 750 3235 illud
774 3206 840 3234 er'at
864 3202 952 3242 quod
976 3204 1090 3236 rotulae

83 3255 191 3290 partes
214 3246 302 3277 inter
325 3242 356 3277 se
386 3254 546 3277 connexas
569 3244 710 3278 servabat
734 3271 741 3279 .
776 3245 867 3284 Qas
900 3256 972 3279 cum
1006 3245 1090 3280 Chi-

85 3290 177 3331 rurgi
211 3287 326 3322 frustra
361 3288 470 3320 conati
493 3309 506 3326 ,
537 3286 578 3320 fic
612 3288 766 3322 adducere
797 3298 833 3321 ut
868 3289 962 3329 paulo
999 3298 1089 3323 antea

84 3341 199 3370 erant,
227 3342 291 3365 non
326 3329 474 3372 possent,
498 3330 636 3372 denique
669 3343 800 3375 operam
831 3332 988 3366 dederunt
1010 3353 1020 3369 ,
1052 3341 1088 3366 ut

84 3377 301 3410 instrumento
324 3373 363 3407 ad
386 3384 468 3414 genu
493 3373 638 3415 apposito
671 3374 854 3417 jun&uram
887 3375 994 3417 quoad
1027 3375 1094 3417 ejus

85 3420 222 3457 liceret,
248 3416 435 3456 firmarent,
455 3417 598 3463 lutisque
623 3418 783 3461 Euganeis
815 3419 1062 3452 corroborarent
1085 3445 1094 3453 .

86 3465 209 3503 Longo
232 3470 339 3494 autem
362 3461 536 3501 interjecto
569 3460 676 3502 spatio
707 3464 864 3505 temporis
897 3461 999 3495 homo
1035 3464 1095 3505 qui

87 3506 130 3541 ab
154 3514 293 3545 utroque
317 3505 403 3545 lapsu
429 3514 562 3544 magnos
584 3503 710 3537 dolores
734 3507 906 3547 pertulerat
931 3528 942 3544 ‚
976 3516 1032 3539 nec
1055 3506 1095 3539 il-

176 3547 342 3589 Morgagni
364 3548 398 3581 de
412 3547 480 3579 Sed.
506 3546 646 3589 &Caus-
659 3548 759 3581 Morb.
785 3550 885 3582 Tom.
901 3550 947 3581 ΙΙ,

1135 222 1278 278 LVI.
1314 222 1432 275 Art.
1460 237 1534 285 27.
1567 220 1621 273 &
1656 217 1733 269 28.
1970 229 2056 280 353

1133 304 1166 337 10
1189 310 1261 337 artu
1294 300 1342 333 uti
1367 306 1541 342 potuerat,
1566 303 1692 328 tantum
1725 291 1913 327 consecutus
1934 292 1998 329 est,
2023 301 2059 325 ut
2082 295 2138 325 eoa*

1132 347 1205 380 dem
1232 367 1241 382 ‚
1271 344 1362 377 omni
1396 342 1463 385 jam
1487 338 1611 382 abjeem
1646 335 1861 370 instrumento
1884 358 1893 374 ,
1925 334 2041 376 absque
2072 335 2138 368 ulla

1133 388 1276 424 molestia
1300 395 1431 424 utatur,
1456 384 1518 416 five
1542 382 1622 419 stet,
1645 380 1708 413 five
1731 390 1814 422 genu
1838 378 1974 416 ficerat,
1999 378 2062 411 sive
2085 379 2139 410 in-

1134 432 1247 469 cedat,
1272 429 1359 472 quod
1383 425 1613 470 expeditissime
1636 423 1736 460 facit,
1762 426 1818 455 vix
1843 423 1957 455 leviter
1979 421 2014 453 in
2036 419 2069 454 id
2093 421 2141 452 la-

1132 487 1185 511 tus
1204 473 1406 508 claudicans.
1434 469 1534 511 Qod
1557 480 1616 510 ego
1639 478 1722 509 genu
1745 477 1818 499 cum
1852 465 2026 507 diligenter
2062 473 2142 495 con-

1133 519 1301 554 treostarem
1316 540 1324 554 ,
1348 515 1461 548 rotulae
1486 520 1592 557 partes
1614 521 1685 552 quae
1709 511 1794 543 inter
1819 509 1847 543 se
1881 508 1978 542 ferme
2002 505 2142 554 aequales

1134 571 1248 601 erant,
1272 560 1403 594 alteram
1427 557 1467 590 ab
1500 556 1599 589 altera
1622 564 1687 587 non
1712 554 1831 597 exiguo
1862 550 2040 584 intervallo
2072 548 2142 581 dis-

1134 605 1279 651 jun5tam
1303 601 1449 640 offendi,
1469 609 1571 640 eoque
1595 597 1702 630 multo
1725 597 1842 637 majori
1866 605 1941 628 curn
1964 603 2047 635 genu
2067 589 2145 642 'fle-¹

1136 649 1308 683 debatur:
1329 645 1387 678 ubi
1410 643 1496 677 enirn
1520 641 1628 674 rotula
1652 637 1710 673 esse
1727 638 1904 678 debuisset,
1927 646 2005 670 tunc
2028 635 2144 669 ibica-

1132 703 1209 726 vum
1232 689 1403 733 apparebat
1427 686 1508 720 duos
1531 685 1663 717 circiter
1686 681 1809 724 digitos
1831 682 1962 723 pollices
1997 680 2143 721 amplum

1131 738 1165 769 in
1187 732 1423 772 longitudinem
1446 752 1455 767 ,
1491 740 1547 761 nec
1571 729 1677 760 minus
1701 725 1734 757 in
1757 724 1982 759 latitudinem,
2005 720 2144 764 profun-

1132 780 1210 813 dum
1235 771 1340 810 a'utem
1365 774 1402 808 ad
1438 772 1580 813 digitum
1614 766 1830 802 transversum
1854 789 1864 804 ‚
1898 776 1934 800 ut
1956 766 2015 797 imi
2039 763 2145 797 femo-

1133 825 1177 856 ris
1211 819 1393 861 condylos,
1416 819 1446 850 &
1470 814 1646 857 supremam
1672 811 1761 844 tibiae
1785 821 1874 844 oram
1888 809 1978 842 tatiiu
2002 809 2147 850 percipe..

1137 876 1170 900 re
1194 866 1303 898 liceret
1328 887 1336 895 .
1371 860 1431 893 Sed
1463 858 1571 895 hunc,
1594 863 1629 890 ut
1654 865 1726 897 quae
1749 853 1837 890 dixi,
1865 852 2080 901 inspicerem,
2104 849 2146 900 ad

1137 921 1187 943 me
1211 906 1385 941 adduxerat
1410 900 1569 935 Professor
1593 898 1740 933 laudatus
1765 909 1773 930 :
1817 897 1874 938 qui
1897 894 2078 929 consimilia
2108 904 2146 926 m

1138 952 1277 996 quodam
1301 946 1423 982 famulo
1447 945 1588 987 pariter,
1610 942 1632 976 fi
1657 941 1795 978 vellem,
1823 940 2083 973 Pataviicernere
2094 947 2146 970 me

1139 993 1246 1039 posse,
1271 991 1396 1034 ajebat.
1422 989 1488 1022 Vir
1514 996 1621 1020 autem
1645 985 1725 1018 alter
1747 993 1844 1027 quem
1869 981 1996 1017 consilii
2030 979 2149 1021 causa‚'

1139 1038 1177 1072 ad
1202 1048 1285 1080 genu
1317 1033 1466 1068 videlicet
1504 1030 1606 1072 magis
1639 1027 1858 1062 roborandum
1881 1049 1893 1067 ,
1924 1036 2000 1059 cum
2032 1023 2146 1058 eodem

1138 1080 1230 1117 invisi
1245 1104 1255 1120 ,
1280 1077 1439 1112 Patricius
1461 1075 1605 1107 Venetus
1630 1071 1717 1104 fuit.
1742 1070 1809 1103 Hic
1833 1069 1903 1112 post
1914 1070 1994 1102 duos
2017 1067 2149 1110 lapsus,

1140 1139 1157 1161 a
1182 1133 1324 1167 quorum
1346 1121 1452 1162 primo
1476 1116 1578 1150 fracta
1601 1117 1635 1148 in
1671 1112 1887 1147 transversum
1920 1112 2045 1148 rotula,
2071 1109 2148 1143 dein

1141 1170 1220 1204 artis
1242 1177 1304 1208 ope
1327 1160 1478 1198 coaluisse
1501 1158 1691 1195 dicebatur,
1715 1156 1754 1190 ab
1788 1155 1926 1190 secundo
1960 1164 2044 1188 certe
2077 1163 2150 1186 tota.

1141 1210 1265 1247 sursum
1289 1206 1423 1242 retrasta
1447 1212 1516 1237 erat
1531 1227 1541 1241 ‚
1565 1201 1631 1243 jam
1654 1199 1820 1242 expedite,
1845 1202 1875 1232 &
1900 1199 2006 1234 redite,
2030 1206 2065 1230 ut
2089 1208 2150 1230 cae-

1143 1255 1205 1290 teri
1229 1253 1394 1287 homines,
1416 1246 1480 1281 fine
1504 1245 1572 1281 ullo
1595 1244 1700 1278 fulcro
1724 1254 1778 1285 per
1803 1243 1895 1284 plana
1919 1240 2051 1284 quidem
2064 1241 2152 1273 ince-

1138 1299 1262 1334 debat;
1296 1296 1329 1328 in
1354 1292 1505 1327 scalarum
1529 1298 1636 1323 autem
1660 1285 1787 1320 ascensu
1811 1286 1945 1319 necdum
1970 1282 2152 1334 profecerat

1139 1343 1236 1378 satis·,
1259 1337 1430 1373 scandebat
1454 1336 1559 1371 enim,
1586 1331 1636 1365 sed
1660 1341 1724 1363 non
1737 1330 1858 1372 pariter
1869 1327 2035 1371 expedite.
2058 1327 2151 1360 Huic

1141 1395 1293 1429 quoque,
1315 1392 1389 1415 cum
1412 1379 1535 1414 stabat,
1559 1377 1594 1409 in
1617 1374 1683 1417 ipsa
1706 1373 1823 1406 rotulae
1847 1372 1941 1412 sede,
1975 1371 2049 1403 inde
2082 1370 2153 1403 sur-

1143 1430 1213 1463 sum
1229 1453 1238 1467 ,
1262 1436 1298 1460 ut
1320 1424 1412 1462 dixi,
1435 1421 1601 1458 retrafiae,
1627 1418 1720 1452 fovea
1743 1418 1777 1449 in
1801 1416 1913 1450 oculos
1934 1414 2117 1463 incurrebat
2142 1437 2152 1446 .

1145 1470 1253 1513 Cujus
1276 1469 1380 1507 foveae3
1403 1467 1542 1499 extantia
1567 1463 1688 1501 latera,
1711 1461 1790 1494 utin
1804 1461 1911 1502 priore
1934 1460 2032 1492 etiarn
2044 1458 2150 1496 Viro,

1149 1526 1216 1549 non
1241 1510 1410 1556 dubitasli,
1433 1509 1514 1551 quin
1538 1505 1682 1540 laterales
1705 1503 1804 1538 essent
1828 1512 1932 1545 partes
1955 1500 2154 1547 ampliffimae

1147 1559 1237 1592 illius
1261 1552 1467 1598 aponeurosis
1490 1561 1544 1593 per
1566 1559 1662 1590 quam
1687 1546 1824 1580 musculi
1849 1557 1922 1580 crus
1945 1542 2155 1578 extendentes

1147 1604 1182 1636 in
1205 1600 1268 1634 hoc
1291 1596 1499 1631 inseruntur:
1523 1592 1627 1633 iisque
1653 1590 1797 1631 partibus
1821 1588 1983 1631 quidquid
2017 1598 2154 1635 uterque

1148 1646 1212 1679 fine
1236 1642 1343 1676 rotula
1367 1638 1547 1682 praestaret,
1573 1635 1736 1666 videretur
1750 1641 1916 1673 acceptum
1932 1629 1991 1664 esse
2014 1634 2155 1664 reseren-

1143 1688 1244 1723 dum.
1270 1685 1402 1717 Scilicet
1436 1683 1570 1722 utrique
1594 1676 1773 1714 acciderat,
1800 1685 1836 1708 ut
1861 1685 1931 1716 pars
1964 1672 2155 1708 intermedia

1143 1727 1370 1773 aponeurosis‚
1394 1724 1498 1759 illaefis
1530 1720 1717 1756 lateralibus
1736 1742 1745 1757 ,
1767 1718 2039 1760 disrumperetur,
2063 1719 2153 1761 prio-

1144 1777 1173 1808 ri
1195 1775 1327 1818 quidem
1352 1769 1409 1805 ubi
1433 1768 1573 1802 rotulam
1596 1764 1648 1800 cui
1677 1761 1852 1799 firmiffime
1878 1761 2040 1799 adhaeret‚
2063 1772 2155 1795 com-

1145 1819 1322 1862 pleffltuin
1346 1813 1439 1848 alteri
1462 1820 1592 1851 autem,
1614 1817 1777 1852 quantum
1801 1816 1860 1849 ego
1887 1804 1976 1844 vidi,
2002 1808 2088 1839 inter
2099 1816 2157 1854 ron

1148 1863 1272 1900 tulam,
1295 1862 1326 1892 &
1350 1855 1438 1900 quod
1462 1858 1496 1889 in
1520 1856 1601 1889 tibia
1624 1852 1748 1891 exstat,
1773 1849 1889 1886 tuber.
1915 1849 2032 1893 Neque
2067 1859 2155 1882 enim

1147 1915 1184 1939 ut
1209 1906 1314 1938 minus
1338 1900 1434 1935 facile
1456 1899 1594 1934 inferior
1617 1896 1684 1931 haec
1717 1907 1787 1940 pars
1818 1904 1987 1935 rumpatur
2011 1919 2021 1934 ‚
2041 1903 2154 1942 ‚quam

1147 1949 1228 1982 alios
1251 1957 1402 1989 quoque,
1426 1955 1482 1977 nec
1506 1943 1618 1978 semel,
1642 1950 1772 1984 ruptam
1803 1938 1938 1979 vidisse,
1962 1938 2051 1979 scio,
2074 1939 2157 1971 sace-

1144 2002 1177 2025 re
1200 1990 1299 2025 credo
1322 1990 1539 2030 ligamentum
1563 1985 1650 2029 quod
1674 1985 1820 2027 plerique
1846 1983 1902 2017 sub
1915 1982 1983 2027 ipsa
2007 1990 2157 2025 ponunt„

1145 2048 1161 2069 a
1186 2035 1293 2068 rotula
1319 2032 1357 2066 ad
1387 2031 1467 2066 illud
1488 2030 1581 2065 tuber
1605 2029 1788 2072 pertinens.
1812 2028 1911 2061 Certe
1935 2025 2017 2061 mihi
2029 2026 2078 2060 vel
2101 2025 2155 2060 di-

1143 2080 1303 2116 ligenter,
1327 2079 1357 2109 δι
1382 2075 1494 2116 saepius
1515 2076 1550 2108 in
1574 2072 1784 2106 cadaveribus
1816 2073 1973 2114 quaerenti
1988 2094 1997 2109 ,
2021 2070 2159 2105 oculato·

1143 2116 1204 2156 esse
1226 2122 1305 2155 adeo
1328 2129 1394 2152 non
1420 2118 1537 2155 licuit,
1562 2127 1597 2150 ut
1608 2116 1786 2159 quidquam
1810 2115 1987 2156 discrepans
2012 2127 2028 2149 a
2052 2116 2160 2149 tendi-

1143 2176 1201 2199 nea
1225 2165 1380 2198 fibrarum
1403 2161 1499 2204 ipsius
1522 2159 1727 2204 aponeurosis
1750 2165 1884 2196 natura,
1906 2160 1993 2201 quod
2028 2161 2159 2202 proprie

1144 2210 1358 2251 ligamentum
1391 2206 1500 2238 vocari
1534 2202 1657 2246 posset,
1680 2203 1755 2236 satis
1788 2201 1953 2245 perspicue
1989 2204 2155 2237 viderem..

1144 2252 1369 2288 Quamobrem
1394 2259 1468 2282 cum
1491 2247 1627 2281 Vesalio
1649 2247 1730 2289 (s)
1753 2245 1857 2280 adhuc
1879 2245 1969 2281 facio
1987 2270 2001 2287 ,
2038 2246 2154 2282 diserte

1139 2295 1322 2333 scribente,
1342 2291 1495 2333 patellam
1516 2302 1551 2325 ne
1573 2301 1609 2323 ue
1626 2287 1745 2332 femori
1769 2313 1781 2329 ,
1814 2300 1908 2331 neque
1942 2289 2029 2323 tibiae
2058 2290 2153 2324 aliter

1137 2350 1231 2382 quam
1272 2336 1433 2371 tendinum
1474 2302 1620 2377 beneficio
1662 2333 1818 2367 committi
1848 2345 1859 2365 .-
1901 2332 2014 2375 hocque
2044 2335 2156 2375 print-

1143 2383 1204 2416 tim
1223 2380 1374 2423 patellam
1392 2377 1454 2420 fibi
1475 2378 1658 2416 vendicare,
1681 2377 1759 2419 quod
1780 2375 1874 2409 alteri
1896 2376 1944 2419 effi
1968 2375 2153 2418 ligamenta

1144 2436 1213 2458 rum
1238 2434 1292 2466 ope
1314 2433 1373 2455 non
1396 2420 1564 2463 alligetur.
1587 2421 1696 2457 Quem
1707 2420 1866 2453 summum
1892 2422 2154 2463 Anatomicum‚

1146 2477 1184 2502 ut
1208 2468 1237 2501 se
1259 2477 1388 2510 quoque
1412 2464 1464 2499 hic
1498 2464 1586 2507 sequi
1610 2487 1619 2501 ‚
1657 2460 1811 2506 professus
1835 2464 1876 2497 est
1910 2463 2154 2498 Weitbrechtus

1145 2514 1160 2551 (
1183 2520 1198 2544 t
1220 2514 1257 2550 )‚
1279 2511 1404 2544 utinam
1428 2507 1627 2542 constantius
1651 2508 1772 2541 secutus
1808 2505 1904 2540 esset.
1931 2507 2056 2541 Verum
2087 2520 2154 2542 non

1145 2554 1189 2587 est
1213 2555 1265 2588 hic
1291 2554 1380 2587 locus
1412 2551 1558 2594 quaedam
1580 2553 1614 2584 in
1647 2552 1771 2584 eximio
1795 2551 1941 2592 alioquin
1975 2550 2154 2593 Syndesmo-

1144 2598 1231 2640 logie
1253 2597 1339 2630 libro
1358 2595 1565 2630 examinandi
1589 2618 1601 2634 ‚
1633 2595 1745 2636 saepius
1777 2593 1814 2627 ad
1852 2595 1989 2627 nimiam
2014 2595 2047 2628 in
2071 2596 2155 2637 liga-

1146 2641 1263 2674 mentis
1301 2641 1456 2681 ponendis
1488 2638 1704 2678 facilitatem,
1730 2637 1805 2670 alias
1830 2637 1868 2670 ad
1892 2638 2024 2679 minime
2050 2638 2154 2672 neces-

1144 2685 1240 2718 sarios
1263 2682 1436 2723 dissensus,
1460 2693 1691 2725 nonnunquam
1716 2680 1885 2715 adruinus
1908 2679 2025 2721 justum
2060 2681 2154 2715 fisen-

1143 2729 1228 2762 tium
1252 2727 1445 2769 spectantia.
1475 2724 1576 2759 Nunc
1599 2727 1633 2758 in
1658 2723 1824 2767 proposito
1848 2722 2041 2765 perstemus,

1187 2769 1238 2804 28.
1261 2771 1376 2804 Cruris
1398 2781 1527 2812 quoque
1551 2767 1615 2801 ossa
1638 2777 1797 2810 quantum
1830 2767 2044 2800 ambulationi
2078 2768 2151 2809 pos-

1141 2814 1205 2848 fint
1229 2814 1373 2852 officere,
1397 2816 1428 2845 &
1452 2810 1619 2852 quomodo
1641 2810 1807 2843 hominem
1831 2809 1981 2843 claudum
2015 2809 2118 2844 facere
2141 2834 2154 2850 ,

1142 2859 1273 2900 ignorat
1297 2868 1391 2890 nemo
1412 2878 1423 2894 ,
1457 2854 1577 2888 scilicet
1609 2854 1666 2887 ubi
1703 2852 1869 2894 utriusque
1904 2852 2051 2887 stastum
2084 2865 2151 2888 non

1143 2913 1285 2943 congrua
1317 2900 1507 2933 adhibeatur
1529 2898 1676 2937 curatio,
1698 2900 1728 2929 &
1751 2896 1839 2930 illius
1865 2896 2038 2938 praesertim
2061 2898 2152 2941 quod

1144 2945 1183 2978 cle
1206 2945 1332 2978 duobus
1358 2943 1557 2985 praecipuum
1588 2941 1630 2974 est
1654 2966 1663 2981 ,
1696 2940 1786 2973 tibiae
1811 2940 1989 2977 nimirum,
2013 2952 2029 2974 a
2061 2941 2151 2983 cujus

1141 2989 1232 3021 vitiis
1269 2988 1365 3020 etiarn
1400 2985 1510 3027 valgos
1542 2985 1690 3018 homines
1712 2983 1809 3020 fieri,
1836 2983 1932 3024 paulo
1956 2993 2029 3018 ante
2064 2985 2152 3019 dice-

1139 3031 1252 3065 bamus
1275 3055 1282 3062 .
1315 3030 1476 3072 Qamvis
1499 3037 1604 3061 autem
1626 3027 1670 3060 ob
1694 3027 1871 3061 naturalem
1895 3026 2013 3061 horum
2036 3028 2151 3064 ossium

1143 3073 1373 3108 ret‘titudinem
1398 3072 1525 3106 facilius
1547 3070 1586 3104 fit
1612 3082 1742 3108 eorum,
1766 3082 1864 3112 quam
1886 3072 1979 3105 curvi
2007 3097 2016 3111 ‚
2046 3074 2077 3104 &
2100 3074 2150 3106 in-

1142 3118 1253 3151 clinati
1278 3117 1368 3154 offis,
1393 3125 1430 3150 ut
1452 3114 1557 3149 femur
1579 3114 1623 3148 est
1644 3135 1653 3151 ‚
1687 3113 1859 3147 fraeturam
1884 3115 1929 3147 ita
1953 3114 2082 3153 sanare,
2112 3125 2150 3150 ut:

1142 3170 1228 3194 artus
1252 3171 1354 3203 neque
1378 3159 1504 3200 figura,
1528 3169 1630 3201 neque
1653 3157 1862 3199 longitudine
1885 3158 2046 3191 diffimilis
2068 3159 2149 3192 alte-

1142 3205 1208 3237 rius
1231 3203 1312 3242 fiat‚·
1334 3211 1439 3235 tamen
1464 3201 1486 3234 fi
1510 3200 1650 3235 fraecura
1673 3201 1807 3242 obliqua
1837 3202 1895 3237 fit,
1919 3199 2069 3242 perfacile
2094 3214 2147 3236 ac-

1140 3247 1246 3286 cidit,
1270 3256 1306 3280 ut
1328 3248 1357 3279 is
1379 3255 1465 3278 artus
1503 3245 1634 3279 brevior
1666 3244 1781 3278 evadat
1806 3268 1814 3283 ,
1850 3255 2084 3287 nonnunquam
2116 3248 2150 3279 &

1140 3290 1295 3324 distortus
1317 3313 1326 3322 .
1360 3289 1586 3331 Qmobrem
1617 3299 1655 3321 ex
1697 3286 1892 3321 nostratibus
1923 3289 2057 3329 quidam
2088 3288 2149 3324 hac

1141 3334 1295 3367 memoria
1319 3333 1386 3374 pati
1410 3333 1592 3365 maluerunt
1626 3330 1714 3373 quod
1738 3330 1819 3364 olim
1844 3332 1950 3373 plures
1973 3336 1983 3371 (
2008 3342 2028 3365 u
2050 3336 2086 3372 ),
2113 3343 2150 3367 ut

1147 3376 1207 3410 fibi
1241 3375 1349 3409 rursus
1372 3375 1596 3417 frangerentur
1627 3374 1691 3406 ossa
1714 3397 1723 3417 ,
1754 3376 1785 3405 &
1808 3374 2027 3417 dirigerentur
2052 3389 2059 3408 :
2097 3376 2150 3409 id-

1146 3431 1208 3461 que
1234 3419 1373 3453 feliciter
1395 3417 1509 3452 ceffisse
1533 3417 1718 3456 nonnullis,
1741 3416 1829 3455 scios
1855 3417 1906 3451 sed
1928 3427 2066 3458 contra,
2089 3430 2149 3452 no-

1147 3464 1180 3495 vi
1204 3464 1257 3496 hic
1281 3461 1559 3506 Medicum-haud
1582 3460 1784 3494 ineruditum
1797 3462 1854 3502 qui
1880 3473 1954 3494 cum
1967 3461 2026 3495 sibi
2047 3464 2149 3497 cruris

1144 3505 1229 3543 ossa,
1253 3505 1517 3546 conferverejam
1540 3505 1751 3581 incipientxira,
1777 3502 2150 3548 disiungiaChirurgQ

1739 3556 1764 3589 Y
2030 3559 2106 3590 per-

149 3722 160 3752 (
176 3726 186 3747 i
202 3723 216 3751 )
233 3722 321 3751 opusc.
339 3721 434 3746 Pathol.
452 3719 510 3745 obs.
530 3729 568 3750 50·
630 3722 643 3750 (
660 3720 676 3745 k
693 3723 703 3747 )
719 3722 778 3745 Dec.
795 3728 817 3750 3.
833 3719 892 3746 obs.
912 3720 983 3744 Anat.
1001 3719 1070 3744 Chir.
1087 3723 1113 3745 6.

151 3753 161 3782 (
179 3763 193 3778 η
211 3756 224 3783 )
241 3756 313 3777 Anat·
329 3752 360 3777 du
377 3759 446 3780 corps
461 3752 530 3776 hum.
549 3758 578 3776 tr.
596 3760 618 3781 ς.
636 3751 675 3776 ch.
696 3758 730 3779 17.
791 3753 806 3780 (
821 3760 834 3775 o
851 3753 859 3782 )
879 3752 936 3774 Dec.
956 3758 978 3774 2.
996 3750 1054 3774 obs.
1073 3759 1097 3779 ς.

150 3785 166 3813 (
181 3793 196 3814 q
213 3786 225 3813 )
242 3783 338 3808 Advers.
357 3790 378 3806 2.
396 3782 439 3807 cit.
457 3790 480 3806 c.
498 3786 521 3807 6.
586 3784 619 3811 (r
636 3783 650 3810 )
669 3781 733 3806 Ibid.
749 3782 811 3806 Tab.
830 3789 849 3808 1.
866 3781 917 3810 Fig,
936 3789 960 3805 2.
1023 3781 1061 3811 (s

150 3815 167 3844 ε
180 3821 191 3839 t
207 3815 222 3844 2
237 3813 425 3845 syndesmolog.
441 3814 466 3838 S.
484 3821 505 3843 5.
524 3813 550 3844 §0
567 3819 605 3843 13.
620 3820 678 3839 cum
692 3812 776 3838 notula
791 3821 816 3838 m
830 3830 837 3837 .

1173 3721 1188 3750 (
1203 3720 1213 3743 Ι
1228 3719 1241 3747 )
1259 3718 1318 3743 Adv.
1336 3721 1410 3744 Anat.
1426 3727 1448 3744 2.
1464 3728 1488 3744 c.
1505 3729 1526 3745 ι.
1588 3719 1603 3749 (
1620 3729 1643 3744 m
1660 3720 1674 3750 )
1691 3719 1752 3745 Obs.
1768 3722 1843 3747 Anat,
1860 3721 1929 3748 Chit.
1948 3729 1973 3752 3,

1186 3757 1203 3781 p
1218 3750 1232 3779 )
1249 3753 1283 3773 De
1300 3751 1398 3775 recond.
1415 3750 1517 3775 Absceff.
1536 3755 1587 3774 nat.
1604 3750 1625 3776 l.
1640 3754 1665 3776 6.
1681 3753 1708 3776 P.
1731 3759 1753 3776 ι.

1073 3781 1088 3809 )
1104 3783 1222 3811 Decorp,
1239 3781 1306 3805 hum.
1330 3780 1389 3805 fabr.
1407 3783 1457 3805 l.1.
1471 3790 1492 3805 c.
1510 3789 1548 3810 3²·

900 3812 915 3841 c
930 3820 946 3837 u
962 3811 971 3845 )
990 3811 1046 3838 Vid,
1063 3812 1162 3838 Celsum
1177 3812 1214 3843 des
1225 3810 1319 3837 Medic.
1334 3813 1352 3838 ι.
1368 3812 1393 3839 8.
1408 3818 1432 3838 c.
1449 3819 1489 3839 ιο.
1505 3818 1578 3842 prope
1593 3811 1638 3843 fin,
