2498 4075
43 0 183 205 s

313 279 451 313 quidem
473 281 507 313 in
529 278 627 315 latere
650 277 687 311 ad
710 279 828 313 radices
850 280 932 323 ipsas
955 279 1131 323 incipiebat
1153 280 1303 315 trochan-

304 322 387 355 teris
412 321 568 365 majoris,
590 333 665 355 cum
684 322 723 354 in
749 323 846 355 latere
877 323 1006 357 interno
1038 334 1103 357 non
1131 335 1230 366 parvo
1252 325 1303 355 in-

302 365 452 400 tervallo
475 365 602 400 distaret
628 378 644 398 a
677 366 795 398 minori
819 367 1022 400 trochantere
1047 393 1055 400 .
1096 368 1176 402 Erat
1200 370 1301 412 igitur

303 410 470 444 acetabuli
494 408 617 441 dexreri
644 408 745 448 figura
768 409 879 442 eadem
902 421 973 451 quae
997 412 1068 444 cavi
1091 412 1169 444 coni
1193 433 1203 449 ‚
1226 420 1300 454 pro-

294 443 456 486 >funditas
479 461 587 485 autem
612 452 652 485 ab
674 452 829 484 exteriori
851 453 983 494 quidem
1007 455 1106 487 latere
1118 464 1300 497 permagna,

299 505 337 528 ut
361 498 407 528 ibi
432 494 533 536 duplo
557 493 792 536 propemodum
817 494 1008 538 profundius
1018 496 1116 533 esset,
1139 509 1235 540 quam
1260 496 1300 529 si-

298 538 459 572 nistrum:
484 537 646 579 glandulae
672 547 776 571 autem
801 540 1065 581 mucilaginosae,
1088 543 1201 581 quaein
1224 542 1299 573 sini-

300 580 370 614 ssro
393 581 497 623 major
519 579 598 616 esse,
624 580 842 626 quam-soleat
864 606 876 622 ‚
899 585 931 614 δε
955 594 993 615 ex
1015 583 1067 616 sua
1090 582 1180 617 fovea
1204 584 1292 626 quasi

298 626 481 665 prominere
493 624 659 658 videbatur
676 647 684 661 ,
709 635 774 664 elus
789 647 798 661 ‚
822 627 975 666 inquam,
1000 627 1178 667 glandulae,
1202 626 1294 660 &fo-

298 678 365 702 veae
389 669 468 707 vix,
493 679 527 701 ac
551 669 588 700 rie
613 669 667 700 vix
689 667 820 709 quidem
844 669 878 701 in
900 668 1037 703 dextero
1058 670 1236 712 quidquam
1257 683 1291 703 e-

296 721 345 743 rat
365 735 372 743 .
397 711 457 745 Sed
479 714 510 744 &
533 710 742 751 cartilaginea
766 711 888 750 crusta,
914 723 987 754 quaz
1014 714 1083 748 alba
1099 737 1108 752 ,
1131 716 1161 747 ὃ(
1185 715 1289 748 nitida

295 765 313 786 a
338 753 468 788 sinistris
489 765 559 788 tum
583 754 757 790 acetabuli,
782 763 852 788 tum
873 757 991 796 capitis
1014 756 1145 789 femoris
1178 758 1288 799 super-

295 798 402 831 ficiem
422 797 596 831 secundum
622 807 768 830 naturam
792 799 1029 837 convestiebat,
1055 799 1161 837 fusca,
1181 803 1213 833 δε
1235 803 1286 835 lu-

293 841 362 873 rida
386 852 402 874 a
425 841 545 874 dextris
568 839 850 880 conspiciebatur,
873 845 904 874 &
926 852 1074 884 praeterea
1089 843 1287 878 hicillicru-

294 883 370 916 bens
385 907 392 915 .
417 885 501 923 Quae
523 894 595 917 cum
618 882 691 916 satis
714 887 825 917 omnia
841 906 850 920 ,
874 888 906 917 δε
929 886 1020 919 simul
1044 898 1142 929 quam
1180 887 1287 921 flacci-

294 926 373 960 dum
397 927 473 961 esset
497 928 711 969 ligamentum
734 927 821 969 quod
847 937 925 961 teres
949 939 1086 969 vocant,
1111 932 1227 972 cap-itis
1239 933 1287 965 fe..

293 973 394 1004 moris
417 971 561 1008 dexteri,
586 968 900 1009 animadvertissem5
925 981 993 1005 tum
1007 982 1104 1015 caput
1128 974 1213 1008 idem
1227 974 1288 1007 ser-

293 1025 347 1051 ra,
374 1027 390 1046 a
414 1017 533 1048 vertice
557 1012 595 1047 ad
621 1012 719 1046 bafim
743 1024 797 1055 per
822 1026 911 1048 axem
934 1016 1051 1053 dueta,
1075 1016 1172 1050 secari
1194 1018 1287 1059 juffi,

293 1056 532 1100 scfflonemque
565 1058 598 1088 in
637 1058 819 1098 proximam
841 1067 970 1101 quoque
1006 1058 1137 1094 femoris
1170 1068 1288 1102 partem

293 1101 454 1142 produci,
479 1110 515 1134 ut
538 1098 616 1143 quid
641 1101 774 1134 interius
797 1100 993 1136 discriminis
1029 1102 1102 1137 esset
1123 1126 1132 1141 ‚
1165 1116 1290 1146 cogno-

293 1143 433 1176 scerem.
459 1145 560 1184 Qod
586 1142 872 1177 manifestiffimurn
896 1143 980 1179 fuit.
1007 1147 1095 1180 Nam
1118 1148 1172 1181 etsi
1198 1147 1287 1185 haec,

292 1189 324 1220 ὃ(
349 1187 430 1221 illud
453 1188 543 1221 firma
571 1186 622 1220 sua
646 1185 728 1220 ossea
751 1187 870 1221 lamina
892 1190 1034 1230 undique
1056 1191 1197 1225 obduffla
1220 1204 1288 1225 cer-

291 1231 475 1268 nebantur3
500 1231 636 1265 medulla
652 1239 759 1263 tamen
772 1240 867 1273 quam
881 1243 948 1272 pars
971 1231 1037 1266 haec
1060 1232 1192 1268 femoris
1213 1247 1289 1277 pro-

291 1275 406 1314 xima,
429 1277 568 1316 &quam
591 1275 782 1314 caputintra
805 1274 961 1307 cancellos
984 1278 1173 1311 continebat
1199 1280 1288 1319 suos,

293 1329 369 1351 cum
392 1320 426 1350 in
448 1317 511 1351 hoc
536 1328 574 1351 ex
599 1318 671 1350 albo
696 1316 835 1350 subflava
859 1340 868 1354 ,
903 1319 940 1352 ad
965 1320 1114 1362 aquosam
1148 1323 1247 1364 magis
1272 1345 1282 1360 ‚

288 1371 388 1403 quam
412 1362 450 1395 ad
474 1361 634 1397 oleosam,
661 1360 716 1394 ubi
741 1372 898 1403 premeres
921 1363 1005 1396 inter
1027 1364 1168 1405 digitos,
1189 1374 1285 1399 natu-

289 1414 358 1438 ram
382 1405 553 1439 inclinaret
575 1416 586 1442 3
622 1405 654 1435 in
680 1413 767 1445 parte
800 1405 854 1437 illa
878 1403 1008 1440 femoris
1033 1408 1071 1441 ad
1095 1408 1283 1443 rubedinem

288 1448 392 1490 magis
420 1470 430 1486 ,
462 1451 493 1481 δι
517 1448 556 1482 ad
579 1447 719 1481 oleosam
743 1449 894 1489 vergebat
921 1459 1068 1483 naturam
1091 1476 1099 1484 .
1134 1453 1283 1495 Denique

289 1503 365 1525 curn
389 1491 493 1526 femur
514 1502 690 1534 utrumque
714 1492 800 1524 inter
824 1491 852 1525 se
875 1504 1114 1535 compararem3
1138 1496 1283 1529 animad-

277 1534 433 1570 ‚vetfione
456 1535 554 1576 digna
579 1534 643 1568 visa
667 1534 709 1567 est
734 1534 800 1575 ejus
824 1536 922 1578 partis
946 1548 1037 1578 quae,
1059 1537 1227 1580 interjecto
1250 1551 1284 1571 a-

287 1577 438 1620 liquanto
461 1579 656 1617 intervallo,
680 1578 941 1612 trochanteribus
964 1580 1089 1615 suberat
1112 1604 1121 1618 ,
1154 1592 1223 1615 turn
1246 1583 1283 1617 si,

287 1632 368 1664 gnra
392 1633 462 1664 quae
487 1634 502 1654 a
526 1631 624 1655 terete
649 1621 788 1654 multum
811 1621 1011 1666 discrepans,
1036 1625 1074 1658 ad
1096 1625 1282 1667 angulosam

289 1666 425 1707 propius
449 1666 616 1701 accedebat
641 1687 652 1703 ‚
687 1673 758 1697 tum
789 1667 973 1699 incurvatio
996 1668 1033 1701 ad
1056 1669 1188 1702 modum
1215 1671 1280 1711 seg-

287 1710 392 1741 menti
416 1719 506 1744 arcus
529 1707 582 1741 sua
605 1718 746 1754 convexa
770 1719 861 1751 parte
886 1711 1045 1744 anteriora
1079 1711 1248 1753 spe&antis
1270 1725 1279 1745 :

285 1762 357 1793 quae
382 1753 568 1786 incurvatio
593 1762 695 1793 major
717 1761 823 1785 tamen
847 1753 880 1785 in
903 1753 1027 1786 sinistro
1049 1764 1115 1788 erat
1139 1754 1280 1793 femore,

285 1806 384 1837 quarn
405 1796 439 1829 in
463 1794 617 1831 dexter-03
643 1794 675 1828 id
691 1795 787 1836 quod
810 1795 1164 1840 facilinsintelligeres‚
1189 1798 1284 1832 fido-

285 1839 370 1872 ]ores
392 1863 406 1880 ,
438 1842 468 1873 δέ
491 1838 690 1872 claudicatio
722 1850 759 1871 eo
784 1848 930 1882 ternpore
961 1839 1028 1883 jam
1061 1841 1191 1876 fuissent
1215 1854 1281 1884 quo

284 1880 350 1914 ossa
374 1881 477 1917 adhuc
500 1882 620 1918 flexilia
645 1884 745 1924 magis
766 1883 914 1916 cederent
937 1885 1082 1926 corporis
1106 1885 1238 1928 ponderi
1248 1887 1282 1919 in

284 1924 345 1959 illo
369 1936 441 1960 artu
467 1937 533 1968 quo
558 1926 698 1967 puellula
717 1949 730 1966 ,
762 1935 798 1960 ut
823 1928 924 1968 magis
948 1927 1045 1962 firmo
1066 1953 1076 1969 ,
1102 1932 1133 1962 &
1156 1928 1282 1963 dolores

286 1969 395 2004 minus
421 1978 570 2003 movente
587 1994 595 2008 ‚
622 1970 724 2012 magis
748 1970 811 2003 niti
835 1970 1062 2005 consuevisset.

334 2023 383 2046 11.
408 2014 500 2053 Quid
525 2024 603 2055 ergo
627 2012 668 2047 est
691 2017 701 2045 ?
736 2013 828 2047 Num
851 2014 918 2047 filia
954 2026 1021 2048 non
1045 2026 1152 2049 verum
1177 2024 1279 2051 narra,

287 2055 375 2091 bat?
397 2069 435 2090 an
460 2066 560 2090 mater
590 2066 655 2089 non
691 2057 754 2091 sine
788 2056 951 2092 stru&urae
976 2060 1065 2092 vitiis
1088 2059 1280 2101 quibusdam

286 2113 326 2134 ex
349 2101 389 2134 iis
412 2111 484 2144 quae
516 2099 737 2142 descripsimus
758 2122 768 2138 ,
802 2110 897 2140 nata,
922 2102 1045 2136 modice
1068 2101 1131 2144 jam
1156 2104 1195 2136 ab
1217 2104 1278 2136 ini-

285 2147 358 2183 tio,
383 2147 413 2177 δι
436 2143 606 2186 juventute
632 2143 770 2181 florens,
795 2144 998 2179 claudicabat
1018 2145 1034 2178 ,ἓ
1069 2147 1138 2179 Ubi
1172 2156 1281 2180 autem

288 2200 326 2222 ex
349 2187 548 2222 difficillimo
572 2197 667 2230 partu
687 2209 696 2224 ,
729 2187 812 2221 unde
849 2188 919 2222 aliis
943 2189 1037 2223 aliter
1070 2189 1281 2223 claudicatio-

288 2244 363 2266 nem
387 2231 550 2270 accidisse,
573 2243 589 2264 a
613 2242 662 2264 me
686 2231 763 2265 alibi
788 2235 798 2270 (
824 2230 870 2274 l)
894 2242 1108 2266 memoratum
1133 2234 1196 2271 est,
1223 2245 1282 2266 no-

283 2288 323 2308 va
345 2274 435 2309 causa
461 2276 499 2309 ad
524 2275 688 2310 strusturae
712 2275 830 2308 vitium
854 2275 997 2313 acceffit,
1021 2286 1091 2310 tum
1107 2288 1182 2310 vero
1204 2288 1288 2310 acer-

283 2320 318 2353 bi
342 2318 495 2360 dolores,
518 2321 548 2352 δι
572 2317 765 2352 claudicatio
788 2317 1039 2353 manifestiffima
1063 2319 1287 2354 advenere?&

286 2373 408 2402 mater,
433 2373 467 2395 ut
495 2361 667 2396 mulierum
690 2372 760 2395 mos
785 2362 854 2402 est,
877 2364 951 2396 inde
973 2365 1081 2405 potius
1103 2363 1189 2407 quasi
1222 2375 1277 2405 per

284 2406 528 2443 infortunium,
553 2416 653 2447 quarn
678 2406 716 2438 ab
739 2405 921 2447 ortuipso,
945 2406 1033 2440 credi
1057 2408 1172 2441 maluit
1185 2408 1276 2440 suum

288 2451 438 2485 morbum
463 2448 627 2482 extitisse?
653 2449 751 2482 Certe
775 2461 825 2483 eas
848 2461 958 2482 omnes
976 2473 989 2490 ,
1024 2452 1054 2482 &
1087 2450 1243 2491 ejusmodi
1268 2475 1277 2490 ‚

285 2494 394 2537 quales
416 2492 616 2536 deprehensae
640 2504 656 2525 a
680 2492 774 2526 nobis
797 2494 892 2532 sunt,
915 2493 1284 2540 mutationesinoffibus

286 2537 457 2580 contigisse
481 2536 596 2570 adultae
622 2537 788 2576 mulieris,
813 2540 844 2569 &
867 2537 1006 2569 duorum
1039 2538 1182 2570 filiorum
1218 2549 1283 2579 jam

287 2582 422 2620 matris,
447 2591 510 2613 non
535 2577 630 2612 facile
654 2578 813 2621 quispiam
848 2580 1042 2613 existimabit
1066 2605 1075 2620 ‚
1108 2580 1282 2622 praesertim

287 2637 361 2660 cum
388 2624 556 2658 humorem
581 2623 673 2657 illurn
697 2634 792 2664 quem
820 2622 969 2656 accessisse
991 2646 1001 2660 ,
1035 2625 1065 2655 ἃ
1090 2623 1282 2657 ischiadicos

290 2668 397 2702 fecisse
421 2666 546 2700 dolores
561 2688 574 2705 ,
599 2666 751 2699 arbitrari
776 2665 868 2707 possit
890 2687 899 2702 ,
925 2677 963 2698 ne
986 2677 1020 2699 ea
1043 2667 1173 2708 quidem
1199 2669 1281 2700 acri-

289 2714 397 2746 monia
421 2708 514 2743 fuisse
539 2709 732 2752 praedirum,
758 2707 1016 2748 animadvertet,
1039 2713 1179 2751 quamin
1192 2711 1279 2743 clau-

288 2757 326 2790 da
352 2755 472 2794 altera,
494 2756 524 2786 &
549 2753 587 2786 ab
610 2752 749 2786 ischiade
771 2753 852 2785 male
876 2751 987 2785 habita
1012 2754 1143 2787 muliere
1176 2758 1189 2792 <
1212 2765 1244 2786 m
1265 2756 1279 2791 )

289 2812 327 2833 ex
349 2796 490 2832 erosione
513 2796 734 2838 cartilaginis,
759 2795 890 2828 femoris
923 2805 1019 2839 caput
1052 2798 1242 2831 obducentis
1267 2817 1277 2833 ‚

287 2846 317 2876 3<
342 2853 379 2876 ex
403 2840 648 2882 sanguinolenta
672 2839 828 2873 acetabuli
852 2838 934 2872 facie
954 2842 1097 2882 cognovi
1122 2866 1129 2873 .
1165 2841 1275 2880 Qam

289 2896 396 2919 tamen
421 2884 604 2921 historiam,
631 2882 652 2915 si
677 2884 746 2920 vis,
772 2883 908 2925 relegito
928 2906 940 2922 ,
964 2886 993 2915 δι
1017 2895 1091 2918 cum
1115 2885 1169 2917 illa
1196 2886 1275 2916 hanc

288 2927 502 2970 conjungito,
528 2937 603 2963 aut,
628 2925 649 2958 si
674 2927 797 2965 mavis,
822 2937 895 2960 cum
918 2928 957 2959 iis
980 2927 1076 2959 eriam
1101 2929 1133 2960 in
1157 2929 1276 2970 quibus

293 2982 329 3006 ut
355 2974 386 3004 in
412 2971 489 3009 hac,
513 2970 604 3004 fimul
628 2969 901 3003 claudicationem
924 2993 934 3008 ,
958 2969 1049 3003 simul
1075 2972 1158 3004 uteri
1180 2971 1276 3004 incli-

287 3016 452 3050 nationem
477 3013 629 3055 proposui
651 3016 667 3051 ζ
688 3014 759 3054 n).

334 3069 383 3092 12.
412 3057 580 3090 Hactenus
603 3067 674 3098 quae
697 3055 764 3098 ipse
789 3055 875 3093 vidi3
899 3066 982 3090 nunc
1007 3058 1114 3098 accipe
1127 3059 1280 3091 nonnulla

288 3102 323 3134 in
348 3112 419 3143 quae
443 3102 562 3133 interea
593 3099 728 3140 legendo
751 3099 852 3132 incidi
874 3120 883 3134 ,
918 3100 958 3131 ab
992 3101 1062 3133 aliis
1087 3110 1157 3133 tum
1182 3101 1245 3134 visa
1271 3127 1282 3141 ‚

286 3154 360 3178 tum
384 3142 600 3176 animadversa
624 3142 662 3176 de
687 3143 896 3176 articulorum
922 3145 1046 3177 morbis
1069 3144 1106 3176 ad
1130 3144 1282 3185 Ankyle-

288 3187 368 3227 sim,
394 3186 429 3220 ad
444 3184 688 3223 Arthritidem,
715 3185 752 3219 ad
765 3187 822 3219 alia
838 3187 916 3219 vitia
940 3187 1197 3227 pertinentibus,
1211 3199 1281 3229 quae

290 3233 326 3263 in
351 3230 644 3264 Observationibus
670 3238 724 3262 aut
749 3229 848 3262 modo
868 3251 879 3268 ,
915 3239 967 3262 aut
992 3231 1066 3263 alias
1092 3242 1106 3262 a
1132 3242 1180 3264 me
1204 3231 1281 3264 alla-

286 3275 328 3306 tis
354 3299 362 3313 ,
394 3271 694 3306 commemoratisve
719 3274 925 3315 attinguntur
950 3298 958 3305 .
985 3274 1036 3306 Ne
1059 3273 1096 3307 ad
1121 3275 1225 3315 plures
1248 3284 1281 3308 te

286 3316 454 3358 rejiciam3
480 3327 573 3349 unam
599 3315 685 3348 illarn
709 3327 804 3358 quam
819 3315 962 3356 Epistola
987 3328 1115 3359 quoque
1139 3317 1282 3359 superio-

284 3371 318 3393 re
342 3364 352 3399 <
381 3372 396 3393 ο
420 3365 430 3398 )
456 3358 602 3395 laudavi,
628 3359 1049 3393 ReimariDissertationem
1071 3363 1125 3402 (p
1146 3364 1158 3398 )
1182 3361 1280 3403 inspi-

289 3405 378 3436 cito.
406 3403 505 3439 Quod
531 3402 567 3434 ad
594 3401 793 3444 Ankylofirn
818 3401 936 3443 spe&at
957 3425 966 3439 ,
1003 3406 1144 3444 primum
1169 3413 1278 3437 narrat

288 3450 300 3484 (
323 3447 376 3489 q)
399 3445 481 3487 quid
505 3444 652 3478 Londini
677 3445 726 3479 CI.
754 3446 923 3478 Hnnterus
946 3447 979 3478 in
1004 3447 1134 3480 femoris
1158 3446 1219 3479 osse
1230 3449 1279 3479 vi·

286 3489 368 3522 derit
393 3500 457 3522 non
480 3491 525 3521 ita
539 3489 660 3530 pridem
686 3487 799 3526 staffilo,
814 3498 848 3521 ut
864 3489 970 3521 mollis
981 3489 1083 3524 adl-auc
1095 3489 1168 3523 esset
1179 3491 1278 3523 callus

288 3535 418 3574 utrique
431 3541 576 3565 extremo
591 3531 775 3572 interjeffcus
789 3554 797 3568 ‚
813 3533 1065 3574 propullulantes
1075 3533 1224 3566 videlicet
1239 3535 1278 3566 ab

297 3584 437 3618 utroque
463 3574 580 3609 horum
614 3575 713 3608 osseas
749 3574 865 3612 fibras,
891 3575 1071 3617 sanguifera
1096 3586 1203 3610 autem
1228 3588 1282 3609 va-

339 3773 408 3833 (ζὲ)
424 3775 497 3802 Epis't.
514 3777 553 3804 48.
571 3784 593 3799 n.
613 3785 649 3806 3²¹

404 3802 454 3834 Ν.
470 3809 509 3832 ω.
571 3808 584 3834 ί
601 3815 611 3830 r
627 3808 640 3835 >
658 3807 680 3836 ᾗ·
696 3817 736 3837 43·
799 3808 862 3838 (s)
883 3806 905 3835 ἕ-
927 3817 964 3837 54·
984 3810 1005 3831 ἃ
1023 3807 1083 3837 seqq.
1205 3810 1216 3835 J
1233 3815 1257 3831 n.
1280 3816 1313 3837 14·

711 3778 762 3805 (m
779 3778 792 3806 )
809 3776 882 3804 Epist.
901 3785 938 3805 57.
956 3784 978 3800 n.
997 3785 1018 3800 a.
1081 3778 1093 3806 (
1110 3786 1125 3800 n
1143 3776 1239 3835 {Epist
1256 3779 1294 3805 48.
1313 3785 1337 3801 n.
1356 3785 1391 3807 μ.
1409 3779 1431 3801 ἃ
1449 3778 1509 3807 seqq.

1172 3815 1183 3831 ε

733 201 889 256 Liber
923 203 988 255 V.
1024 202 1103 254 De
1135 201 1383 261 addendis
1415 203 1483 255 ad
1518 202 1701 257 Libros
1734 204 2015 270 superiores

1357 280 1441 316 scula
1466 282 1506 315 ab
1526 282 1596 317 offis
1621 282 1805 318 meditullio
1826 283 1988 319 evidenter
2010 285 2153 327 profesta
2171 287 2180 323 ἐ
2203 284 2343 328 indeque

1355 327 1440 359 intra
1462 326 1577 359 callum
1603 326 1778 369 produeta.
1804 327 1892 361 Hinc
1916 328 2143 363 animadvertit
2154 330 2342 372 Reimarus,

1355 369 1377 402 si
1402 367 1485 401 forte
1508 369 1639 409 offium,
1664 369 1701 404 ad
1725 369 1907 412 juncturam
1932 372 2224 407 efficiendaminter
2249 372 2278 405 se
2290 385 2342 406 ac-

1350 411 1535 452 cedentium
1551 434 1561 450 ‚
1592 413 1692 454 crusta
1716 413 1854 447 laedatur
1874 437 1889 455 ,
1921 418 2159 457 progerminare
2183 415 2339 456 utrinque

1350 455 1435 498 posse
1459 454 1575 492 fibras,
1600 459 1631 489 &
1652 455 1778 490 vascula
1793 480 1801 494 ,
1825 459 1858 490 δι
1879 469 1954 491 cum
1978 459 2137 500 oppositis
2159 458 2340 500 conjungi,

1350 498 1455 541 sicque
1476 498 1679 540 ankylosirn,
1701 511 1799 542 quam
1823 511 1930 534 veram
1956 511 2051 535 vocat
2073 525 2085 542 ,
2116 504 2148 534 δε
2180 502 2340 535 insanabi-

1349 543 1438 583 lem,
1459 542 1599 576 efficere.
1624 543 1681 577 Sed
1704 543 1844 586 quamin
1868 544 1998 578 disse&o
2010 546 2099 587 pueri
2111 556 2193 587 genu
2205 544 2341 587 conspe-

1344 587 1396 619 xit
1419 591 1433 626 (
1455 596 1471 618 r
1492 589 1506 625 >
1528 584 1647 619 saetam
1672 598 1688 618 a
1712 587 1920 620 co‘nnec‘tente
1932 597 2091 621 extremas
2115 589 2340 630 oppositarum

1344 631 1486 670 partium
1509 629 1714 671 cartilagines
1737 629 1874 671 quadam
1907 632 1969 664 tela
2001 631 2104 672 qualis
2120 630 2191 674 fere
2214 631 2252 665 ab
2287 633 2337 665 in-

1335 670 1550 715 flammatione
1572 671 1604 704 in
1628 671 1775 711 thorace,
1796 672 1933 715 alibique
1943 674 2025 716 nasci
2040 673 2143 717 solet,
2167 686 2235 707 eam
2260 686 2337 709 vero

1339 727 1404 749 non
1428 715 1525 750 modo
1550 714 1672 753 sanari,
1697 715 1746 748 sed
1771 716 1914 750 accidere
1938 720 2034 751 etiam
2058 715 2170 760 posse,
2194 728 2258 751 non
2279 717 2340 754 du-

1339 759 1442 798 bitat,
1464 768 1501 792 ut
1525 759 1598 792 casu
1621 770 1638 792 a
1664 762 1694 791 vi
1719 758 1826 792 subito
1850 758 1963 798 illata,
1989 770 2027 794 ut
2051 770 2131 803 puta
2157 763 2190 794 in
2215 760 2300 803 lapsu
2323 784 2337 802 ,

1337 803 1488 841 extenso,
1512 811 1568 836 aut
1591 801 1675 836 flexo
1699 802 1805 843 rigido
1828 803 1984 843 articulo,
2010 813 2179 846 rumpatur
2192 803 2337 847 ejusmo.

1336 848 1370 880 di
1393 843 1530 879 cohaesio
1552 871 1561 886 ‚
1595 843 1700 888 ficque
1724 845 1907 879 Meekrenii
1932 846 2208 881 Observationem
2232 858 2339 890 quan-

1337 890 1411 923 dam
1435 889 1572 922 feliciter
1594 889 1756 930 explicat,
1780 899 1844 922 non
1857 889 1950 924 facile
1960 891 2055 924 aliter
2070 891 2342 934 intelligendam.

1339 934 1385 966 Et
1418 942 1455 965 tu
1486 930 1616 966 fortasse
1638 932 1748 966 eodem
1783 931 1959 967 referendas
1993 933 2190 968 existimabis
2215 932 2337 968 subitas

1339 975 1492 1019 quasdam
1513 975 1703 1009 adventitiae
1726 974 1947 1016 iuueturarum
1959 976 2180 1011 inflexilitatis
2196 976 2339 1012 sanatio-

1339 1030 1392 1053 nes
1417 1031 1470 1059 per
1494 1018 1651 1058 validam,
1677 1031 1694 1052 a
1716 1018 1890 1061 Chirurgis
1914 1019 2057 1061 fafflrm,
2081 1019 2214 1062 subjecti
2239 1032 2340 1055 mem-

1340 1062 1391 1097 bri
1414 1062 1614 1100 flexionem,
1637 1071 1690 1096 aut
1712 1072 1826 1096 contra
1848 1062 1872 1095 si
1896 1066 2027 1098 extendi
2049 1064 2113 1098 hoc
2137 1075 2192 1107 per
2219 1065 2250 1097 se
2272 1075 2338 1098 non

1340 1106 1432 1148 poffit
1447 1130 1456 1146 ,
1478 1105 1715 1145 extensionem,
1739 1106 1914 1147 eodemque
1937 1109 2033 1141 etiam
2044 1109 2205 1150 crepitum
2236 1110 2339 1150 perti-

1340 1161 1413 1183 nere
1437 1151 1493 1192 qui
1516 1158 1594 1182 tunc
1617 1148 1784 1189 audiatur,
1807 1159 1918 1192 nempe
1941 1152 1979 1184 acl
2001 1152 2073 1185 telae
2096 1150 2256 1191 ejusmodi
2270 1151 2339 1194 jam

1340 1192 1415 1225 satis
1438 1193 1559 1229 firmae,
1582 1203 1646 1224 non
1671 1192 1710 1225 ad
1735 1193 1814 1226 alius
1835 1194 1936 1235 partis
1958 1193 2198 1236 disruptionem
2223 1220 2231 1228 .
2255 1196 2335 1234 Quo

1339 1237 1440 1278 magis
1463 1234 1641 1278 optandum
1664 1235 1757 1273 esset,
1780 1245 1887 1269 extare
1899 1235 1984 1279 signa
1997 1237 2160 1280 ankyxlosis
2183 1238 2277 1272 fastae
2295 1239 2337 1272 ab

1338 1278 1397 1312 hac
1422 1280 1506 1312 tela:
1530 1290 1601 1322 quae
1624 1277 1646 1310 fi
1668 1290 1743 1312 vera
1768 1278 1863 1314 habet
1891 1281 1963 1313 vasa
1987 1292 2052 1315 non
2083 1280 2168 1316 secus
2192 1294 2226 1317 ac
2249 1293 2340 1324 quae-

1337 1322 1411 1356 dam
1434 1334 1543 1356 earum
1566 1323 1701 1356 telarum
1725 1334 1780 1365 per
1801 1334 1879 1365 quas
1903 1324 2071 1365 pulmones
2103 1336 2178 1359 cum
2223 1324 2337 1368 pleura

1338 1367 1595 1402 conneftuntum
1618 1365 1771 1400 credibile
1793 1366 1836 1400 est
1853 1392 1862 1407 ‚
1886 1376 1923 1400 ut
1947 1367 1995 1401 ibi
2013 1393 2022 1408 ,
2045 1367 2086 1401 fic
2107 1371 2333 1412 quoqueintra

1335 1410 1507 1443 articulum
1521 1432 1531 1446 ,
1553 1409 1658 1443 veluti
1679 1411 1719 1443 de
1743 1408 1855 1443 offium
1880 1409 2059 1446 frastorum
2082 1414 2235 1447 extremis
2247 1411 2333 1445 dixi-

1335 1465 1429 1490 mus,
1452 1456 1483 1487 &
1507 1453 1602 1490 vasa,
1623 1456 1655 1487 δε
1679 1452 1790 1491 fibrae,
1815 1452 1865 1488 sed
1887 1453 1937 1487 hae
1961 1455 2194 1496 membraneae,
2218 1464 2336 1500 potue-

1334 1498 1403 1530 rint
1426 1497 1644 1538 expullulat&
1843 1509 1845 1511 ¹

1381 1548 1430 1583 13.
1454 1540 1556 1578 Quod
1581 1551 1658 1573 vero
1682 1540 1721 1573 ad
1745 1540 1824 1574 alios
1849 1542 1966 1574 attinet
2000 1543 2212 1577 articulorum
2245 1551 2335 1576 mor-

1335 1585 1416 1623 bos,
1439 1595 1534 1626 quam
1559 1586 1653 1618 variae
1678 1583 1933 1620 Observationes
1956 1587 1989 1618 in
2015 1586 2245 1620 Dissertatione
2280 1597 2336 1619 ea-

1334 1629 1409 1662 dem
1432 1637 1602 1661 occurrant
1620 1649 1634 1666 ,
1666 1638 1741 1661 cum
1763 1629 1795 1660 in
1820 1628 1875 1661 illa
1897 1629 1931 1660 in
1954 1640 2017 1671 qua
2056 1629 2218 1663 laudatam
2242 1641 2257 1662 a
2283 1640 2334 1663 me

1330 1671 1420 1707 dixi,
1443 1669 1599 1712 Epistola?
1613 1669 1712 1711 presse
1736 1670 1867 1712 quidem
1891 1693 1900 1708 2
1942 1681 1976 1705 at
1998 1671 2040 1706 sic
2073 1674 2147 1706 satis
2170 1672 2337 1706 indicave-

1332 1716 1421 1751 rim;
1446 1712 1499 1746 hic
1525 1724 1558 1746 ea
1584 1714 1814 1747 tantummodo
1838 1716 1997 1756 attingam
2020 1727 2091 1758 quae
2115 1715 2154 1749 ad
2179 1717 2334 1751 morbum

1333 1758 1497 1801 speftant,
1522 1767 1557 1790 ut
1581 1757 1748 1790 Reimarus
1770 1756 1839 1799 ipse
1862 1757 2006 1798 agnoscit
2031 1759 2112 1801 (s),
2129 1759 2335 1802 singularem,

1333 1802 1486 1836 nimirum
1511 1799 1549 1833 ad
1572 1800 1722 1842 globulos
1745 1801 1833 1833 intus
1856 1799 1977 1838 osseos,
2001 1804 2143 1836 exterius
2165 1803 2334 1845 cartilagi-

1333 1856 1409 1879 neos
1430 1854 1510 1886 quos
1531 1842 1626 1877 ficuti
1648 1845 1689 1877 A.
1718 1846 1810 1886 1746.
1834 1845 1917 1877 intra
1942 1846 2071 1880 Vetula:
2094 1857 2178 1888 genu
2214 1845 2332 1887 depre-

1333 1888 1506 1923 henderam
1528 1909 1538 1924 ,
1573 1887 1636 1919 tibi
1659 1887 1832 1930 diligenter
1866 1887 2012 1930 descripsi
2038 1889 2183 1932 Epistola
2209 1889 2324 1924 LVII.

1332 1933 1351 1975 (⁶
1369 1932 1417 1973 t)
1443 1932 1481 1963 In
1504 1930 1648 1972 Anglia‚
1672 1931 1728 1964 ubi
1752 1942 1838 1964 rarus
1862 1930 1939 1963 adeo
1962 1932 2046 1973 apud
2068 1944 2125 1966 nos
2159 1932 2290 1966 morbus
2313 1955 2326 1972 ‚

1332 1986 1400 2010 non
1423 1976 1611 2016 infrequens
1634 1973 1695 2014 est,
1718 1984 1754 2008 ut
1776 1973 1870 2015 vulgo
1895 1975 1991 2009 etiam
2015 1984 2131 2011 vocent
2162 1987 2265 2009 mures
2289 1976 2322 2009 in

1329 2029 1432 2062 genu,
1455 2017 1545 2060 plura
1569 2018 1624 2050 ille
1648 2018 1731 2052 vidit
1754 2040 1763 2056 ,
1790 2017 1954 2051 audivitee
1977 2041 1986 2055 ,
2020 2023 2051 2053 &
2075 2020 2156 2062 legit
2181 2019 2321 2060 ejusdem

1333 2062 1477 2102 exempla
1502 2085 1509 2093 .
1544 2061 1657 2094 Libere
1692 2072 1747 2104 per
1770 2072 1898 2096 caveam
1923 2063 2052 2097 articuli
2075 2062 2140 2105 ejus
2163 2073 2323 2105 vagantur

1332 2106 1395 2139 huc
1418 2104 1496 2138 illuc
1520 2103 1577 2137 ista
1601 2105 1812 2149 corpuscula,
1836 2114 1872 2137 ut
1898 2106 1953 2137 vix
1975 2108 2010 2139 in
2033 2118 2098 2140 uno
2121 2129 2135 2146 ‚
2168 2115 2326 2148 quantum

1333 2148 1397 2182 sine
1419 2147 1607 2182 dissectione
1631 2150 1795 2190 percipere
1818 2148 1933 2184 licuit,
1957 2149 2170 2193 corpusculum
2180 2149 2330 2184 adhaerere

1332 2191 1416 2235 quasi
1438 2190 1605 2234 ligamento
1627 2192 1750 2226 cuidam
1771 2190 1875 2237 msam
1892 2190 1936 2232 fit
1951 2214 1960 2228 ,
1985 2200 2021 2224 ut
2041 2203 2095 2235 per
2118 2200 2216 2227 totam
2251 2204 2333 2226 com-

1337 2233 1495 2278 missuram
1516 2235 1628 2277 vagari
1650 2246 1709 2268 non
1729 2232 1846 2278 poffet.
1869 2234 1928 2269 Per
1952 2235 2004 2273 se,
2027 2246 2083 2270 aut
2106 2246 2201 2270 manu
2225 2236 2259 2269 in
2283 2247 2332 2270 eas

1338 2278 1468 2311 articuli
1492 2277 1841 2321 sedesrcompelluntur
1858 2302 1867 2318 ,
1891 2279 1946 2312 ubi
1960 2282 2064 2313 motui
2080 2290 2146 2313 non
2169 2279 2334 2319 officiant,

1338 2333 1395 2355 nec
1418 2322 1545 2354 dolores
1567 2332 1674 2355 creent
1696 2347 1704 2355 .
1741 2322 1871 2360 Quibus
1906 2324 1939 2354 in
1966 2322 2089 2357 sedibus
2113 2334 2166 2365 per
2189 2323 2328 2357 remedia

1330 2368 1471 2400 exterius
1493 2365 1659 2402 adbibita,
1683 2365 1948 2407 &circumjectas
1961 2365 2073 2400 fascias
2095 2376 2327 2410 nonnunquam

1328 2409 1371 2443 fic
1394 2410 1525 2442 retineri
1550 2417 1749 2450 potuerunt,
1772 2418 1807 2442 ut
1831 2409 1879 2442 vel
1904 2410 2032 2443 auxiliis
2044 2408 2198 2451 ejusmodi
2224 2408 2331 2452 postea

1336 2451 1475 2491 omiffis,
1497 2451 1602 2485 rursus
1627 2451 1701 2485 inde
1724 2458 1789 2486 no'n
1814 2451 2016 2486 exciderent.
2042 2453 2102 2487 Sed
2115 2454 2197 2487 alios
2220 2463 2327 2487 motus

1335 2495 1607 2537 impedimentum
1631 2517 1640 2532 ‚
1678 2504 1733 2529 aut
1756 2518 1769 2535 ,
1792 2493 1815 2527 fi
1841 2506 1970 2529 movere
1993 2506 2207 2535 conarentur,
2233 2497 2328 2531 dolor

1334 2540 1441 2580 coegit
1466 2539 1504 2573 ad
1525 2538 1709 2581 Chirurgos
1731 2537 1906 2581 confugere
1927 2562 1940 2579 ,
1960 2542 2018 2581 qui
2043 2541 2177 2581 parietes
2202 2541 2331 2574 articuli

1333 2581 1530 2621 incidendo,
1554 2583 1610 2614 illa
1634 2584 1830 2621 eximerent,
1854 2582 1989 2616 successu
2014 2584 2091 2617 alias
2115 2582 2228 2623 felici,
2252 2585 2328 2617 alias

1332 2626 1377 2658 ob
1399 2637 1433 2659 ea
1457 2637 1528 2668 quae
1551 2637 1664 2658 eorum
1689 2627 1847 2668 parietum
1882 2625 2094 2659 incisionibus
2125 2626 2329 2668 supervenire

1332 2670 1416 2711 posse
1439 2693 1450 2709 ,
1483 2679 1577 2710 atque
1601 2668 1678 2702 adeo
1701 2680 1766 2701 non
1792 2669 1887 2702 semel
1920 2669 2128 2711 supervenisse
2154 2695 2163 2709 ‚
2187 2670 2326 2713 diligens

1331 2713 1458 2746 Αυᾶοι·
1482 2715 1492 2751 (
1516 2722 1535 2744 u
1557 2715 1570 2750 )
1596 2712 1789 2751 adnotavit,
1812 2712 1883 2745 sane
1905 2710 2052 2745 funesto.
2076 2714 2128 2746 De
2152 2713 2329 2755 corpuscu-

1330 2755 1435 2789 lorum
1459 2764 1565 2788 autem
1590 2756 1719 2789 illorum
1742 2757 1890 2798 ori-gine,
1915 2755 1969 2789 etii
1992 2755 2058 2789 duo
2082 2757 2226 2798 exempla
2250 2769 2328 2800 pro-

1328 2797 1409 2839 fert,
1433 2797 1514 2832 unde
1538 2799 1641 2831 videri
1666 2798 1781 2839 poffit‚
1803 2798 1934 2833 frustula
1957 2799 2015 2832 esse
2027 2810 2098 2841 quae
2122 2801 2154 2832 vi
2179 2800 2269 2833 illata
2285 2802 2325 2834 ab

1328 2842 1439 2875 offium
1464 2844 1615 2875 exrremis
1638 2841 1796 2884 discerpta
1822 2841 1943 2875 fuerint
1967 2854 1976 2879 3
2000 2853 2105 2876 tamen
2130 2854 2205 2876 cum
2230 2845 2326 2877 undi-

1331 2896 1393 2926 que
1416 2884 1600 2927 cartilagine
1620 2884 1731 2927 ,equali
1752 2885 1861 2924 vestita
1874 2885 2050 2928 spectentur
2067 2908 2079 2925 ,
2102 2897 2159 2919 nec
2177 2887 2327 2921 morbum

1333 2928 1453 2970 semper
1476 2930 1523 2961 vis
1546 2928 1739 2962 extrinsecus
1761 2930 1851 2962 illata
1875 2929 2084 2970 praecesserim
2107 2929 2190 2963 nihil
2213 2930 2331 2964 defini-

1332 2973 1359 3004 ri
1383 2973 1422 3005 ab
1446 2972 1474 3005 se
1497 2972 1582 3013 posse
1598 2994 1606 3008 ‚
1630 2971 1805 3013 prudenter
1829 2971 1946 3005 fatetur
1969 2983 2045 3006 ante.
2067 2972 2201 3007 ulterius
2224 2986 2330 3007 exem-

1335 3016 1462 3057 plorum
1485 3017 1703 3057 complurium
1728 3026 1879 3049 examen.
1905 3017 2016 3057 Itaque
2042 3027 2090 3049 me
2113 3027 2177 3049 non
2191 3019 2328 3059 poenitet

1332 3059 1410 3100 quid
1435 3070 1499 3092 non
1525 3059 1622 3092 modo
1646 3061 1731 3101 ipse,
1757 3069 1867 3091 verum
1891 3060 1987 3092 etiam
2000 3059 2135 3092 Illustris
2158 3058 2225 3101 ejus
2239 3062 2328 3095 1³rae-

1332 3113 1443 3143 ceptor
1468 3102 1615 3135 Hallerus
1638 3104 1717 3135 olim
1742 3101 1938 3141 viderimus,
1964 3104 2002 3136 ad
2019 3112 2050 3136 te
2065 3101 2238 3145 scripsisse.
2266 3106 2326 3138 Fu-

1333 3147 1383 3186 git
1407 3146 1515 3184 enim,
1539 3154 1576 3178 ut
1599 3145 1658 3184 fit,
1681 3144 1944 3178 Eruditiffimum
1968 3146 2158 3179 Reimarum
2175 3170 2184 3186 ,
2208 3158 2327 3188 negan-

1333 3199 1417 3226 tem,
1442 3190 1476 3222 in
1501 3189 1565 3222 alio
1590 3200 1625 3222 ac
1649 3200 1732 3231 genu
1758 3189 1898 3222 articulo
1922 3188 1982 3222 fibi
2004 3199 2081 3222 nota
2124 3188 2181 3222 esse
2228 3190 2326 3231 hujus

1331 3232 1440 3265 morbi
1465 3232 1629 3273 exempla,
1655 3232 1764 3275 fugit,
1787 3233 1941 3274 inquam,
1966 3232 2092 3265 Halleri
2116 3232 2329 3277 observatio,

1333 3277 1390 3317 qui
1415 3276 1566 3308 morbum
1588 3274 1675 3309 hunc
1699 3278 1732 3308 in
1758 3276 1895 3308 articulo
1920 3276 2058 3309 maxillae
2084 3275 2222 3309 ostendit
2245 3301 2254 3315 ,
2275 3275 2330 3310 of-

1334 3318 1503 3360 fenditque
1526 3317 1617 3351 simul
1641 3319 1689 3351 ibi
1712 3319 1917 3361 cartilagiues
1940 3330 1978 3351 ex
2001 3328 2092 3361 parte
2116 3320 2323 3360 absumptas:

1331 3372 1470 3404 quarum
1493 3365 1523 3394 ἅς
1545 3373 1606 3403 ego
1628 3362 1794 3395 nonnullas
1819 3372 1895 3395 tunc
1910 3362 1976 3394 vidi
1990 3362 2123 3395 sulcatas
2139 3384 2147 3399 ‚
2171 3372 2327 3396 extenua-

1331 3405 1460 3447 tasque,
1486 3416 1541 3437 nec
1568 3416 1672 3438 tamen
1697 3416 1853 3446 quantum
1878 3406 1915 3439 ad
1930 3407 2033 3438 multo
2060 3407 2211 3446 pauciora
2226 3417 2324 3448 quam

1329 3458 1391 3489 ego
1414 3450 1615 3487 invenerim,
1637 3447 1801 3482 efficienda
1824 3448 2008 3491 corpuscula
2032 3448 2103 3481 satis
2117 3447 2174 3482 else
2199 3449 2329 3491 potuis-

1329 3492 1395 3527 set;
1419 3500 1508 3524 erant
1532 3492 1616 3523 enim
1640 3503 1702 3525 non
1728 3493 1873 3533 viginti,
1897 3491 1974 3525 sicut
1997 3494 2031 3525 in
2054 3493 2181 3525 Halleri
2199 3491 2323 3527 Obser-

1335 3535 1487 3572 vatione,
1513 3532 1564 3567 sed
1589 3536 1705 3575 plura,
1729 3537 1759 3567 δι
1782 3537 1815 3568 in
1839 3536 1953 3568 iisnon
1977 3535 2108 3568 deerant
2130 3538 2275 3577 quinque
2291 3548 2325 3568 ea

1335 3577 1556 3619 magnitudine
1582 3602 1591 3616 ,
1627 3587 1661 3610 ut
1687 3578 1861 3611 mediocres
1896 3577 1960 3611 sere
1993 3589 2156 3620 aequarent
2190 3589 2323 3611 uvarum

2152 3631 2281 3654 acinos:

1571 3778 1585 3806 (
1601 3786 1615 3800 a
1633 3778 1641 3804 )
1658 3786 1681 3801 n.
1698 3787 1720 3807 4.
1782 3779 1796 3808 (
1810 3787 1825 3809 ρ
1844 3781 1855 3808 )
1873 3782 1906 3804 De
1923 3781 2004 3810 Fungo
2021 3781 2159 3804 Articulor.

1375 3809 1389 3837 (
1405 3817 1421 3832 u
1439 3809 1447 3838 )
1467 3808 1487 3837 §u
1510 3810 1551 3832 26.
1568 3810 1590 3831 ὃς
1606 3807 1666 3837 seqq.
