2498 4075
443 175 597 241 Epist.
633 175 795 228 Anat.
831 137 1048 228 Medica

45 254 195 289 funiculo
231 253 410 290 umbilicali
439 254 611 289 vesiculam
642 254 749 296 ipsum
773 253 896 296 pluries
935 252 1045 298 vidiffe

47 303 59 338 (
82 306 97 331 t
117 302 132 338 )
151 309 162 335 3
196 296 246 332 sed
267 301 298 331 δε
321 310 359 332 ex
382 297 610 333 vetustioribus
632 296 721 339 (u)
744 297 945 332 manifestum
966 299 1010 333 est
1031 321 1044 338 ‚

46 341 183 376 eundem
216 340 394 376 funiculum
417 351 469 376 tot
502 340 649 375 vesiculis
672 341 846 383 praeditum
879 341 936 383 ipsi
960 353 1043 375 non-

45 396 213 428 nunquam
246 385 417 420 occurrisse
437 408 450 426 ,
482 392 519 418 ut
542 391 628 418 totus
648 385 809 419 videretur
831 385 1043 419 concatenatio

44 427 250 471 'veficularum
274 439 368 470 aqueo
391 429 517 462 humore
540 425 727 470 refertarum
751 441 761 461 .-
784 430 864 471 quin
883 429 981 462 etiam
1004 439 1045 462 ex

45 471 236 506 Vallisnerii
259 472 357 506 nostri
371 471 607 506 Observatione
630 473 644 509 (
665 481 687 504 x
708 475 722 512 )
744 480 870 506 certum
887 471 951 518 est,
976 471 1046 513 post

43 517 220 550 immanem
253 515 463 550 veficularum
486 524 657 548 numerum
680 537 690 552 ‚
720 527 758 549 ex
790 524 882 549 utero
913 516 1045 557 eje&am

43 557 104 592 esse
128 559 335 601 placentam,
358 567 394 592 ut
411 565 429 597 ς’
446 557 503 591 nisi
528 556 610 591 hanc
635 556 673 591 ad
685 558 821 592 alterum
847 557 966 592 soeturn
978 569 1046 601 per-

43 603 173 637 tinuisse
189 625 198 641 ‚
222 601 498 638 comminiscaris;
521 600 657 643 liqueret
672 628 680 642 ,
705 614 743 635 ex
766 603 919 643 placentae
943 605 1046 644 igitur

42 648 224 680 mutatione
247 646 318 679 illas
342 656 405 679 non
431 643 542 681 fuisse,
565 645 654 687 quod
676 657 717 678 ex
742 645 878 680 aliorum
891 657 1045 688 quoque,

43 699 79 723 ut
112 698 189 732 puta
213 688 267 723 Cl.
292 689 509 724 Gutermanni
532 691 586 730 (y
611 691 621 727 )
645 686 763 722 inferre
797 697 889 731 potes
920 688 1045 722 Obser-

42 733 248 768 vationibus.
273 733 447 772 Tertium,
470 742 544 764 cum
567 732 683 767 eodem
707 732 927 771 Vallisnerio,
948 743 1046 775 quem

43 788 77 810 ea
101 779 223 819 pariter
244 786 316 819 quae
339 774 439 809 modo
464 774 638 815 adnotavi,
663 776 726 809 fere
736 777 846 808 omnia
871 776 966 809 video
978 777 1048 809 ani-

43 819 269 858 madvertisse,
292 818 436 852 dubitari
460 817 589 852 fortasse
611 819 719 860 posse,
744 830 820 852 num
844 819 900 852 illa
923 819 1047 861 placen-

43 873 85 897 tae
119 864 152 896 in
177 861 326 897 vesiculas
357 861 562 904 degeneratio
586 871 664 896 tunc
698 861 753 896 fiat
777 874 853 896 cum
884 864 917 895 in
952 872 1048 896 utero

44 906 302 949 post=exclusum
328 904 445 939 foeturn
471 904 608 939 subfistit
628 928 638 943 ‚
674 916 712 939 an
736 905 919 948 priusquam
942 907 970 938 is
993 917 1048 939 ex-

44 949 195 985 cludatur
211 973 221 989 ,
246 950 284 983 sit
308 947 390 983 facta
415 974 422 981 .
457 949 530 990 Ego
552 958 636 982 certe
660 951 692 983 in
715 948 957 992 quadrimestris
982 947 1050 982 foe-

44 1003 97 1028 tus
118 995 281 1037 placenta,
306 991 378 1035 qua}
402 992 494 1026 simul
516 1003 591 1026 cum
612 1004 650 1026 eo
672 993 798 1026 exclusa
821 992 945 1030 fuerat,
970 991 1050 1026 vesi-

45 1038 151 1072 culam
183 1037 251 1071 vidi
276 1047 356 1078 aqua
389 1036 516 1079 plenam
536 1059 543 1067 .
578 1037 737 1070 Attamen
762 1035 803 1069 sic
828 1035 884 1070 ista
908 1035 1048 1070 mutatio

45 1082 158 1122 saepius
181 1083 215 1115 in
240 1080 395 1122 placentis
428 1091 502 1123 quae
525 1089 598 1112 cum
633 1077 719 1113 foetu
743 1078 904 1121 prodeunt
924 1103 936 1120 ‚
970 1090 1050 1112 con-

45 1125 220 1167 spiceretur
235 1149 243 1157 .
266 1124 431 1166 Qartum
453 1122 614 1164 denique,
638 1134 712 1156 cum
735 1122 828 1166 supra
851 1122 976 1156 dietum
988 1123 1050 1159 sit,

44 1177 197 1202 neutrum
221 1167 285 1201 hoc
299 1167 458 1201 molarum
482 1177 582 1208 genus
594 1166 662 1200 fieri
687 1177 751 1200 non
765 1167 1051 1208 praecedentecon-

44 1213 194 1254 ceptione
207 1237 215 1251 ‚
240 1213 272 1244 &
295 1219 447 1244 neutrum
458 1208 526 1243 sane
540 1210 579 1243 ab
591 1210 720 1243 intactis
735 1210 940 1252 virginibus,
962 1208 1051 1253 quod

45 1252 151 1298 legisse
176 1255 382 1288 meminerim
411 1278 420 1293 ,
453 1252 575 1287 editum
600 1253 637 1286 sit
657 1275 666 1290 ‚
700 1253 821 1288 summa
845 1252 990 1296 profesto
1022 1255 1052 1285 δι

46 1299 187 1341 peritia,
209 1301 241 1333 &
264 1297 434 1340 diligentia
459 1297 492 1330 in
507 1297 738 1337 examinando,
762 1308 818 1331 nec
843 1298 1053 1339 minoripru-

46 1341 158 1376 dentia
180 1344 215 1376 in
239 1340 484 1384 pronunciando
507 1352 590 1382 opus
611 1338 672 1373 effe
693 1366 703 1381 ,
737 1339 892 1384 siquando
915 1341 981 1374 ulla
1014 1351 1053 1386 ex

45 1387 85 1420 iis
106 1397 178 1429 quae
201 1397 217 1419 a
241 1386 313 1419 viro
337 1384 368 1418 se
392 1381 576 1418 abstinuisse
598 1383 773 1418 creduntur
797 1408 806 1423 ,
841 1383 968 1426 aliquid
991 1384 1053 1425 eji-

44 1439 132 1463 ceret
155 1429 244 1473 quod
268 1428 307 1462 ad
330 1428 523 1462 alterutrum
547 1438 646 1469 genus
670 1427 811 1471 spectare
833 1439 849 1461 a
873 1428 982 1470 primo
1004 1428 1054 1460 vi-

44 1473 175 1507 deretur
194 1498 203 1512 ‚
226 1484 265 1507 ne
286 1471 373 1506 forte
396 1483 461 1505 non
485 1472 631 1513 placenta
655 1496 664 1510 ‚
696 1470 748 1504 sed
770 1482 857 1506 mera
890 1469 1054 1512 sanguinis

45 1517 235 1557 concretio,
259 1525 315 1550 aut
336 1514 554 1550 excrescentia
587 1515 753 1559 quaepiam
777 1514 852 1549 esset
887 1525 961 1557 quae
983 1525 1054 1547 car-

46 1561 95 1594 nis
110 1586 120 1602 ‚
144 1569 198 1594 aut
222 1558 431 1594 veficularum
453 1558 492 1593 de
514 1558 634 1600 quibus
656 1559 800 1592 diximus
820 1582 829 1598 ‚
863 1556 1054 1591 similitudi-

46 1613 120 1642 nem
144 1613 271 1647 gereret
291 1628 298 1636 .
335 1601 576 1636 Excrescentias
601 1602 689 1635 enirn
723 1614 795 1645 quae
818 1612 949 1635 carnem
974 1599 1055 1634 refe-

46 1656 140 1686 rant,
166 1656 221 1680 aut
243 1657 319 1680 caro
343 1647 428 1683 sint,
455 1644 564 1687 paffim
587 1653 697 1678 extare
718 1667 726 1682 ‚
762 1646 807 1679 est
832 1643 1054 1678 notissimum:

46 1702 118 1733 quae
139 1699 246 1724 autem
269 1688 408 1731 ipsarum
434 1688 644 1722 vesicularum
669 1689 790 1725 similes
814 1688 875 1722 sint
902 1711 914 1728 ‚
947 1689 1056 1721 Litte-

46 1735 90 1767 ris
112 1732 330 1775 superioribus
362 1736 373 1772 (
397 1743 422 1774 z
444 1734 454 1770 )
488 1730 533 1766 est
557 1733 715 1766 traditum
737 1758 747 1766 .
781 1734 872 1770 Quin
896 1733 994 1765 etiam
1017 1741 1053 1765 ut

45 1779 81 1810 in
112 1778 235 1810 ventris
259 1788 341 1810 cavo
375 1775 521 1817 hydrops
544 1774 587 1809 est
618 1775 784 1810 interdum
816 1787 855 1809 ex
886 1774 1058 1817 hydatidi-

46 1821 125 1858 bus,
148 1829 185 1853 ut
210 1830 285 1861 puta
308 1819 416 1862 quales
441 1817 629 1862 Ruyschius
652 1823 663 1858 (
687 1830 705 1851 a
727 1822 742 1859 )
765 1820 873 1860 pinxit
905 1819 1059 1861 peculiari

47 1864 140 1898 sacco
162 1862 301 1897 inclusas
333 1887 342 1902 ,
373 1864 419 1895 ita
444 1872 509 1895 non
544 1871 704 1904 repugnat
725 1885 735 1900 ,
761 1861 946 1905 hydropem
969 1863 1054 1896 uteri

44 1917 279 1949 nonnunquam
302 1904 370 1939 fieri
395 1905 434 1939 ad
458 1905 595 1939 eundem
608 1905 765 1943 modum,
790 1904 966 1948 praesertim
979 1915 1054 1939 cum

44 1951 154 1988 hunc3
178 1949 236 1982 nisi
261 1947 347 1983 forte
369 1960 428 1992 pro
453 1949 538 1981 mola
563 1960 602 1982 ex
624 1948 771 1983 vesiculis
795 1972 803 1987 ,
840 1958 877 1982 ut
902 1948 958 1981 alii
983 1959 1051 1981 ma-

45 1995 117 2028 lunt
131 2016 141 2032 ,
166 1992 375 2033 habendum;
396 1992 502 2034 capite
524 1992 560 2025 de
583 1993 667 2027 uteri
687 1991 823 2035 hydrope
849 1993 964 2026 Aetius
988 1992 1049 2031 (b)

45 2036 270 2080 descripserit,
293 2035 447 2070 Humoris
469 2036 582 2076 copia,
604 2036 715 2078 inquit
734 2059 743 2074 ‚
777 2036 814 2068 inv
833 2044 957 2069 uterum
980 2046 1052 2069 con-

40 2078 117 2124 fluit
136 2103 145 2117 ‚
181 2080 222 2113 (φ
243 2078 409 2122 aliquando
431 2077 611 2120 corpuscula
634 2080 770 2121 quaedam
795 2103 804 2118 ,
838 2078 944 2121 veficae
959 2076 1053 2121 fellis

39 2122 227 2169 simillima,
248 2122 281 2155 in
303 2120 370 2164 ipso
388 2129 577 2164 generantur
596 2144 606 2160 ,
640 2122 673 2155 in
695 2122 808 2164 quibus
830 2122 940 2161 humor
963 2121 1053 2155 colli-

42 2167 153 2210 gitur:
175 2175 275 2209 eaque
294 2164 482 2208 corpuscula
503 2164 589 2198 infra
612 2173 707 2198 vocat
727 2163 897 2207 pelliceas,
921 2166 1054 2206 &aqua

45 2208 181 2252 refertas
202 2207 319 2251 vesicas
333 2233 341 2242 .
365 2207 440 2242 Nec
464 2206 576 2242 desunt
598 2208 746 2251 exempla
768 2207 918 2242 diuturni
931 2208 1054 2251 hydro-

46 2255 97 2296 pis
129 2252 228 2286 soluti
261 2262 319 2294 per
348 2252 526 2293 immanem
550 2263 590 2285 ex
614 2261 705 2285 utero
728 2262 894 2286 excretum
919 2251 1055 2295 hydati-

45 2295 124 2330 dum
147 2305 317 2330 numerum
341 2319 352 2336 ,
383 2294 478 2338 quale
502 2294 707 2337 propositum
737 2296 821 2337 leges
845 2308 861 2329 a
884 2296 936 2329 Cl.
963 2296 1053 2329 Kan-

46 2337 223 2382 negiessero
243 2341 257 2378 (
279 2338 330 2380 c)
353 2338 390 2371 in
413 2338 520 2372 vetula
556 2349 654 2371 annos
676 2347 748 2371 nata
771 2340 904 2374 circiter
928 2338 1055 2381 septua-

44 2385 158 2426 ginta:
182 2392 367 2424 quanquam
391 2381 450 2416 esse
473 2382 575 2424 aliqui
599 2381 728 2424 possunt
750 2383 807 2426 qui
833 2384 866 2416 in
891 2383 951 2417 hac
973 2395 1055 2426 quo-

44 2437 109 2468 que
132 2424 308 2468 hydatides
327 2425 400 2458 illas
420 2424 460 2458 ad
483 2436 592 2459 veram
617 2426 737 2458 molam
774 2426 940 2460 attinuisse
961 2448 971 2464 ‚
1003 2426 1055 2460 su-

44 2470 229 2513 spicentur,
251 2469 406 2501 nimirum
430 2479 471 2502 ex
494 2470 639 2510 placenta
650 2466 772 2507 foetus,
797 2467 877 2504 dum
901 2479 979 2504 aetas
1000 2470 1054 2504 ad-

42 2512 111 2548 huc
130 2511 251 2550 ferret,
274 2512 424 2555 concepti
447 2535 457 2551 ‚
492 2512 625 2555 postque
648 2511 746 2555 hujus
776 2513 906 2547 obitum
933 2514 1053 2548 multos

44 2567 101 2599 per
125 2566 225 2589 annos
247 2554 385 2598 gestata.
410 2555 513 2593 Quod
536 2556 610 2590 ideo
632 2555 732 2596 dico,
754 2557 829 2600 quia
853 2557 906 2590 Cl.
920 2557 1053 2591 Rideux

42 2602 59 2639 (
80 2599 101 2632 α’
121 2601 135 2638 )
158 2600 278 2632 molam
301 2599 456 2639 alterius,
479 2597 530 2633 sed
553 2600 697 2642 legitimi
718 2623 727 2636 ‚
751 2609 787 2633 ut
811 2611 876 2634 non
900 2599 1052 2638 dubitat,

44 2643 171 2685 generis
193 2654 210 2676 a
232 2642 343 2677 Vidua
373 2653 494 2676 annum
517 2652 630 2684 agente
653 2643 921 2686 septuagesimum
951 2644 1052 2687 septi-

45 2696 138 2720 mum
159 2684 318 2727 ejectam,
339 2687 487 2729 quamvis
510 2697 544 2720 ea
568 2686 796 2730 magnitudine
811 2710 818 2724 ,
842 2690 874 2721 &
889 2687 1028 2730 pondere
1039 2699 1057 2728 ;-

45 2737 83 2762 ut
107 2730 227 2762 mirum
250 2729 315 2770 sit,
338 2729 465 2763 nullum
488 2740 634 2772 unquam
658 2731 707 2765 sui
731 2729 893 2765 indicium
905 2731 1024 2765 dedisse
1039 2755 1051 2772 ,

44 2771 151 2806 censet
174 2780 281 2805 tamen
303 2771 351 2806 ob
371 2783 420 2806 eas
441 2784 518 2816 quas
543 2774 670 2815 profert
690 2797 707 2814 2
736 2775 878 2809 rationes
900 2786 940 2808 ert
971 2786 1052 2810 con-

44 2824 143 2858 ceptu
163 2824 270 2849 ortam
296 2815 442 2850 mulieris
475 2827 553 2850 cum
574 2828 693 2851 annum
716 2827 824 2860 ageret
847 2819 1051 2861 quinquage-

44 2858 165 2893 simurn
186 2869 343 2900 quartum
361 2882 374 2900 ,
406 2870 522 2902 nempe
545 2871 628 2894 anno
650 2872 718 2904 quo
742 2860 905 2896 menstruae
929 2873 1048 2905 purga-

43 2904 175 2939 tiones,
198 2901 282 2936 nihil
305 2901 343 2937 ad
364 2902 398 2937 id
421 2902 518 2946 usque
541 2912 669 2947 tempus
691 2906 895 2946 imminutae,
919 2915 1048 2947 repente

44 2945 234 2984 desierunt3
258 2956 380 2980 nonum
401 2956 508 2980 autem
531 2946 638 2982 filium
663 2958 747 2982 anno
770 2948 912 2983 ediderat
947 2951 1048 2991 quin-

43 2987 233 3032 quagesimo
253 2989 382 3031 primo.
404 2990 535 3032 Qibus
557 2990 668 3034 positis
690 2990 758 3026 duo
770 2992 925 3035 colligas,
947 2992 1047 3028 licet.

43 3033 219 3069 Alterum,
243 3042 279 3066 ut
302 3031 409 3065 videas
430 3057 439 3072 ‚
463 3045 502 3068 an
527 3034 603 3068 hinc
627 3033 720 3077 poffis
743 3047 783 3069 ex
805 3036 914 3079 aliqua
937 3034 1050 3071 saltem

44 3085 137 3118 parte
160 3075 342 3118 explicare,
361 3078 525 3118 quomodo
549 3077 686 3111 foemina
700 3101 710 3117 ,
733 3078 772 3112 de
783 3090 846 3121 qua
871 3080 955 3122 apud
971 3080 1052 3115 Val-

44 3119 219 3152 lisnerium
244 3119 293 3161 (e
316 3121 327 3157 )
351 3118 467 3161 legeris
487 3144 499 3161 ,
520 3121 590 3163 ipsa
615 3133 745 3165 quoque
768 3122 909 3157 totidem
932 3122 1051 3157 libero-

44 3173 118 3198 rum
150 3172 264 3203 parens
283 3184 296 3202 ,
318 3172 458 3204 quorum
481 3165 634 3198 ultimum
656 3166 847 3200 credebatur
871 3177 955 3200 anno
977 3178 1051 3210 pro-

46 3205 221 3250 pemodum
244 3206 511 3249 quinquagesimo
535 3207 687 3251 peperisse
710 3232 719 3247 ‚
744 3220 829 3243 anno
851 3209 979 3244 demum
1003 3212 1048 3245 se-

44 3248 247 3293 ptuagesimo
280 3248 417 3284 secundo
440 3250 618 3292 placentam
653 3252 782 3295 ejecerit
802 3277 814 3293 ,
845 3254 882 3287 ad
916 3265 1048 3298 eamque

45 3304 205 3327 annexum
226 3291 362 3326 frustum
382 3316 394 3333 ‚
426 3293 515 3328 librae
539 3294 648 3338 pondo
670 3319 683 3336 ,
705 3298 810 3330 carnis
831 3296 1002 3339 informis,
1024 3299 1046 3333 si

45 3335 209 3379 quandam
231 3337 266 3369 in
290 3334 416 3370 summo
427 3338 566 3382 excipias
589 3340 946 3375 ocellisimilitudinem
960 3365 973 3382 ,
995 3345 1048 3376 in-

45 3389 98 3414 tus
120 3391 197 3414 vero
219 3379 376 3423 implexus
397 3380 486 3424 quasi
507 3381 675 3424 cujusdam
698 3383 946 3418 intestino-rum:
970 3387 1051 3421 item

102 3602 118 3632 (
133 3608 144 3626 1
159 3603 173 3631 )
189 3603 253 3629 lbid.
269 3611 299 3628 n.
316 3611 359 3634 43.
372 3604 396 3628 8t
409 3604 474 3630 Tab.
492 3613 516 3629 2.
532 3606 585 3636 Fig.
601 3614 625 3637 3.
687 3608 699 3633 (
714 3615 730 3632 u
749 3608 757 3637 )
772 3608 829 3634 Obs-
848 3617 885 3639 1⁴·
901 3612 924 3635 δι
940 3610 992 3642 1³12.
1010 3619 1046 3641 ις.

102 3634 117 3661 (
130 3640 145 3659 9
161 3633 175 3663 )
191 3635 244 3659 Ast.
261 3636 296 3658 N.
312 3636 340 3658 C.
357 3636 432 3659 Tom.
448 3644 470 3665 3.
488 3636 547 3661 ΟΜ.
563 3639 604 3667 78.
666 3640 682 3667 (
696 3647 714 3667 z
729 3643 740 3665 )
757 3647 782 3663 n.
799 3648 835 3665 ιο.
853 3643 876 3665 ἃ
892 3641 954 3671 seqq.
1015 3643 1031 3671 (
1045 3650 1061 3667 a
1075 3642 1090 3671 )
1107 3643 1165 3668 Obs.
1183 3644 1224 3668 cit.
1241 3644 1294 3674 fig.
1312 3653 1349 3674 ²4·

100 3664 116 3692 (
132 3669 144 3686 e
159 3665 172 3692 )
189 3665 241 3690 Ae‘t.
261 3667 297 3689 N.
315 3667 345 3690 C.
362 3667 437 3690 Tom.
453 3670 478 3690 6.
494 3666 553 3691 obs.
570 3670 607 3696 89·
670 3670 684 3698 (
698 3670 714 3693 ά
729 3669 743 3698 )
758 3671 837 3695 Mem.
854 3672 883 3696 de
899 3672 995 3697 l'Acad.
1013 3675 1044 3696 R.
1059 3673 1102 3699 des
1117 3675 1155 3699 Se.
1172 3676 1202 3699 Α.
1220 3682 1290 3702 1735.

104 3692 171 3729 (f)
187 3696 250 3725 Eph.
267 3697 300 3720 N.
327 3697 355 3720 c.
382 3698 454 3721 Cent.
469 3699 493 3721 6.
516 3697 574 3722 obs.
597 3706 638 3728 74.
700 3700 775 3730 (g)
799 3709 824 3726 n.
847 3710 885 3728 u.
947 3704 961 3731 (
977 3703 1020 3731 h)
1043 3704 1094 3727 Ati.
1119 3707 1153 3728 N.
1176 3707 1207 3730 C.
1230 3706 1303 3729 Tum.

100 3723 109 3751 s
127 3732 136 3746 ι
153 3724 167 3751 )
189 3726 249 3754 Eph.
273 3728 305 3750 N.
331 3728 361 3751 C.
388 3729 445 3751 Dee.
473 3735 494 3757 3.
521 3730 550 3752 Α.
576 3737 597 3759 ς.
622 3732 644 3753 8:
666 3732 690 3754 6.
717 3731 777 3756 Obs.
803 3736 857 3757 206.

96 3753 109 3782 s
127 3753 165 3783 Ι)
181 3756 283 3781 Earund.
300 3758 358 3781 Dec.
375 3764 397 3787 3,
417 3760 448 3781 Α.
466 3765 489 3787 9.
506 3758 529 3781 ἃ
547 3767 582 3784 10.
599 3759 658 3784 ΟΜ.
675 3768 725 3790 159v
788 3761 797 3787 (
815 3771 839 3787 m
858 3763 867 3795 )
882 3763 953 3787 Thes.
972 3765 1043 3788 Anat.
1060 3767 1082 3787 6.
1099 3766 1165 3790 Τὼ.
1182 3774 1204 3792 2,

101 3784 117 3813 (
130 3792 143 3809 o
160 3785 172 3813 )
188 3788 238 3816 Op.
258 3787 337 3811 Posth.
399 3788 414 3817 (
429 3796 446 3820 p
460 3788 475 3818 )
492 3790 572 3818 opere
588 3790 634 3815 loc.
651 3790 693 3815 cit.
710 3792 734 3816 Sc
749 3792 811 3822 Eph.
829 3795 861 3818 Ν.
879 3795 907 3818 C.
925 3796 995 3819 cent.
1013 3801 1034 3823 ⁹·
1051 3795 1108 3819 ΟΜ.
1126 3804 1164 3827 73.

1084 174 1349 230 XLVIII.
1384 167 1508 231 Art.
1540 191 1616 242 14.

1095 255 1265 299 quomodo
1289 255 1350 289 alia
1374 258 1386 296 (
1401 255 1430 300 f
1444 260 1483 297 ),
1503 255 1563 291 hac
1587 255 1743 300 postrema
1766 266 1851 291 anno
1884 256 1987 299 major
2008 280 2018 295 ‚
2051 259 2104 292 cui

1095 300 1176 333 olim
1200 298 1361 333 foecundae
1376 325 1386 340 ,
1410 311 1495 334 nunc
1519 300 1638 334 iterum
1663 302 1823 335 menstrua
1846 310 1912 334 uno
1937 309 2034 343 atque
2058 301 2106 334 al-

1095 352 1167 376 tero
1179 342 1286 376 mense
1296 342 1452 377 redierant
1466 357 1475 381 3
1498 353 1574 377 cum
1587 343 1694 378 multo
1705 344 1872 386 grandiori
1883 345 1988 377 carnis
2002 343 2105 377 frusto

1093 396 1208 424 venam
1235 386 1258 420 si
1281 397 1361 420 verae
1383 396 1493 420 tamen
1518 398 1607 421 venae
1633 386 1793 427 fuerunt,
1817 388 1967 430 suamque
1991 386 2107 420 tandiu

1095 439 1271 471 potuerunt
1295 429 1415 464 servare
1440 430 1602 468 formam3
1625 430 1820 465 occluserit.
1855 432 2008 464 Alterum
2027 454 2037 471 ‚
2070 438 2108 463 ut

1095 473 1199 516 siquid
1215 472 1308 507 >forte
1332 473 1566 515 ejusdemmodi
1587 485 1627 508 ex
1651 474 1762 509 Vidua
1786 475 1892 517 aliqua
1903 475 1954 509 vel
1966 476 2023 507 diu
2039 472 2110 515 post

1098 517 1210 550 mariti
1233 517 1364 551 obitum
1388 517 1522 559 prodeat
1546 517 1635 561 quod
1660 517 1698 552 ad
1722 529 1806 557 verae
1841 520 1934 552 molae
1957 527 2109 563 naturam

1097 560 1228 594 accedat
1249 582 1259 598 ,
1292 561 1361 594 imo
1386 572 1458 595 vera
1482 561 1568 594 mola
1591 559 1630 595 fit
1651 572 1662 599 3
1695 571 1760 595 non
1785 571 1955 604 propterea
1978 562 2017 595 de
2038 570 2108 601 ejus

1097 603 1258 647 pudicitia
1282 605 1442 638 continuo
1465 605 1595 638 dubites
1611 629 1622 644 ,
1646 604 1799 648 quando,
1826 615 1860 638 ut
1875 604 2108 646 supradictum

1097 648 1166 686 est,
1189 649 1300 690 potuit
1324 649 1405 682 olim
1429 649 1462 680 in
1488 648 1627 688 abortu,
1650 649 1700 682 vel
1726 649 1831 682 minus
1856 646 2078 682 animadverso
2096 667 2106 683 ι

1097 691 1279 734 placentula
1314 692 1350 725 in
1382 701 1478 726 utero
1510 689 1677 725 substitisse
1698 715 1706 723 .
1839 694 1878 725 In
1912 690 2110 733 Virginibus

1099 744 1205 768 autem
1229 733 1286 768 etsi
1311 733 1379 769 haec
1402 734 1513 769 locum
1541 735 1676 768 minime
1700 734 1838 769 habeant
1859 749 1868 772 3
1903 737 1936 768 &
1966 735 2001 767 in
2034 732 2110 774 ipsis

1098 787 1228 817 tamen,
1252 780 1299 812 uti
1323 777 1496 818 dicebam,
1519 778 1693 821 diligenter
1715 779 1815 811 etiam
1840 787 1937 821 atque
1949 778 2047 812 etiam
2060 776 2113 808 vi-

1097 821 1238 855 dendum
1262 822 1331 861 est,
1370 833 1408 856 ne
1431 821 1535 856 facilis
1558 822 1731 863 contingat
1755 822 1904 864 deceptio
1927 846 1935 855 .
1969 821 2053 859 Quae
2076 826 2113 851 ut

1098 864 1207 907 quoad
1229 864 1295 906 ejus
1320 864 1392 899 fieri
1417 864 1542 907 potest,
1566 866 1716 902 vitetur;
1742 866 1776 898 in
1814 864 1957 909 carnosis
1978 862 2113 907 quidem

1093 907 1346 949 ‹excrescentiis‚
1370 911 1402 942 δε
1426 910 1458 942 in
1484 907 1648 951 polyposis
1672 905 2115 956 sanguinisconcretionibus

1099 963 1133 985 ea
1156 952 1286 994 juvabit
1310 952 1476 989 attendere
1500 963 1572 994 quae
1598 951 1689 994 supra
1715 956 1727 992 (
1748 962 1770 994 g
1791 955 1802 991 )
1829 953 1866 986 ad
1891 952 1925 987 id
1949 961 2114 985 memora-

1100 1004 1133 1028 ta
1169 994 1244 1029 sunt
1264 1018 1277 1035 ,
1309 991 1506 1029 &indicata
1541 995 1588 1028 ibi
1612 993 1775 1038 Ruyschii
1809 996 1879 1029 loca
1914 996 2078 1038 perlegere
2102 1014 2117 1033 ,

1100 1039 1180 1081 quin
1204 1040 1304 1071 etiam
1338 1038 1533 1072 addereCl.
1559 1036 1800 1073 Schlierbachii
1833 1039 1851 1081 (Ι
1867 1038 1887 1072 h
1911 1042 1925 1079 )
1949 1038 2115 1072 Observa-

1099 1084 1247 1121 tionem,
1268 1082 1325 1124 qui
1350 1066 1481 1115 tametsi
1508 1082 1628 1114 molam
1653 1082 1737 1116 vidit
1761 1083 1975 1124 quadantenus
2007 1078 2119 1123 vascu-

1100 1124 1196 1167 losam
1208 1148 1220 1164 ‚
1242 1123 1368 1166 copiofis
1375 1123 1471 1166 simul
1497 1123 1699 1166 hydatidibus
1712 1123 1861 1166 refertam
1873 1149 1886 1166 ,
1908 1123 2021 1166 quibus
2032 1121 2116 1157 mul-

1101 1175 1135 1201 ta
1166 1167 1318 1210 pinguedo
1340 1168 1507 1211 interjeiia
1539 1166 1745 1210 apparebam
1777 1177 1844 1202 non
1870 1178 2041 1211 propterea
2080 1176 2121 1199 ex

1103 1212 1243 1254 Virgine
1266 1208 1324 1243 effe
1349 1232 1358 1247 ,
1394 1213 1526 1253 negavit
1553 1236 1562 1250 ‚
1596 1211 1693 1245 credo
1717 1212 1794 1254 quia
1819 1212 1871 1245 vel
1895 1212 1931 1245 in
1953 1209 2119 1254 polyposis

1101 1254 1368 1289 concretionibus
1393 1254 1518 1297 aliquid
1550 1254 1633 1297 saepe
1656 1254 1747 1298 quod
1771 1254 2007 1298 pinguedinem
2032 1263 2126 1287 men-

1102 1299 1203 1332 tiatur
1226 1321 1239 1339 ‚
1275 1300 1308 1330 &
1331 1298 1455 1341 aliquid
1480 1298 1644 1332 interdurn
1676 1297 1766 1341 quod
1790 1299 1863 1332 vasa
1896 1297 2123 1340 quadantenus

1103 1341 1220 1376 referre
1244 1340 1337 1383 poffit
1358 1364 1370 1381 ,
1406 1341 1626 1385 conspicimus
1648 1355 1660 1380 ς
1693 1343 1732 1375 de
1754 1340 1973 1385 hydatidibus
2009 1350 2122 1375 autern

1103 1385 1201 1428 paulo
1234 1393 1309 1418 ante
1334 1383 1461 1419 disturn
1494 1385 1538 1419 est
1562 1411 1569 1419 .
1605 1386 1657 1420 Sic
1691 1387 1790 1419 etiam
1817 1386 1901 1420 Phil.
1920 1386 1994 1430 Jac.
2018 1385 2125 1419 Hart-

1104 1439 1238 1462 mannus
1271 1431 1282 1467 (
1307 1427 1320 1461 i
1341 1432 1356 1467 )
1379 1439 1435 1462 nec
1470 1440 1485 1461 a
1506 1429 1637 1472 pinguis
1669 1428 1812 1463 cuticulae
1847 1429 1953 1473 specie
1977 1452 1988 1468 ,
2024 1440 2083 1463 nec
2106 1438 2126 1461 a

1100 1470 1247 1514 pluribus
1270 1471 1409 1511 tunicis,
1429 1470 1523 1513 fibris
1546 1470 1629 1513 vasis
1650 1472 1851 1506 intermixtis
1873 1473 1916 1506 93·-
1938 1472 2045 1517 albis,
2069 1483 2129 1505 ne-

1105 1527 1166 1558 que
1189 1515 1350 1548 demuma
1371 1514 1506 1557 veficula
1529 1515 1616 1547 incus
1630 1514 1761 1549 haerente
1773 1539 1784 1556 ,
1808 1519 1838 1549 δι
1858 1515 2034 1558 gelatinam
2046 1524 2133 1549 con.v

1105 1564 1231 1593 tinente
1256 1557 1284 1592 se
1307 1558 1438 1601 decipi,
1463 1556 1568 1600 passus
1590 1557 1661 1598 est,
1684 1559 1764 1601 quin
1780 1559 1943 1600 coagulum
1962 1559 2132 1602 sanguinis

1106 1602 1165 1637 esse
1189 1601 1375 1645 agnosceret
1408 1603 1441 1636 in
1465 1612 1501 1634 ea
1533 1609 1644 1635 tamen
1666 1602 1701 1633 in
1735 1612 1800 1643 qua
1824 1602 1847 1634 si
1873 1603 1995 1636 molam
2018 1612 2131 1636 veram

1108 1644 1168 1680 esse
1194 1668 1204 1684 ,
1228 1644 1360 1678 dixisset
1386 1666 1396 1683 ‚
1420 1644 1544 1678 nullam
1569 1644 1643 1678 inde
1667 1644 1775 1679 labem
1799 1644 1868 1688 ejus
1891 1666 1902 1682 ‚
1925 1647 2048 1689 quippe
2070 1656 2133 1679 nu-

1108 1699 1172 1732 ptae
1187 1715 1196 1729 ,
1220 1688 1353 1722 honesto
1378 1689 1506 1736 nomini
1531 1687 1720 1731 aspersisset.
1745 1690 1864 1732 Itaque
1890 1699 1956 1723 non
1980 1688 2061 1733 quid.
2076 1700 2132 1732 ap-

1110 1742 1217 1775 pareat
1232 1754 1241 1767 ‚
1267 1731 1318 1765 sed
1341 1732 1423 1774 quid
1448 1733 1510 1768 sit,
1535 1740 1686 1766 accurate
1710 1732 1924 1775 quaerendum
1948 1733 1990 1768 es't
2012 1744 2025 1773 ,·
2050 1744 2134 1766 verae

1110 1779 1197 1810 enim
1222 1775 1311 1808 fibrae
1326 1796 1336 1812 ‚
1358 1786 1430 1808 vera
1456 1774 1527 1808 vasa
1543 1797 1551 1811 ‚
1576 1786 1659 1809 verae
1683 1776 1805 1809 tunicae
1823 1801 1831 1815 ,
1858 1788 1898 1810 ex
1921 1777 2026 1818 iisque
2052 1786 2135 1810 corr-

1111 1819 1196 1853 fefita
1222 1818 1322 1852 vesi-ca
1345 1819 1413 1852 sine
1438 1819 1499 1852 viri
1524 1818 1581 1852 usu
1606 1817 1666 1853 esse
1690 1829 1756 1852 non
1781 1817 1910 1861 possunt
1935 1846 1943 1854 .
1969 1821 2044 1854 Imo
2066 1819 2134 1855 hir.-

1105 1862 1248 1909 jusmodi
1273 1861 1373 1895 vesica
1395 1863 1480 1895 inter
1505 1862 1605 1895 molas
1629 1873 1742 1896 omnes
1755 1866 1897 1897 maxime
1923 1864 2071 1907 legitima
2085 1862 2137 1897 es-

1105 1910 1151 1944 set
1174 1930 1186 1948 ,
1209 1906 1331 1949 quippe
1355 1904 1581 1939 inchoamenti
1604 1905 1795 1948 embryonis
1823 1931 1831 1948 ,
1867 1911 1899 1941 δι
1923 1908 2072 1942 &amoris
2096 1908 2132 1943 io

1104 1962 1172 1997 quo
1196 1950 1222 1983 is
1247 1957 1335 1982 natat
1359 1971 1370 1989 ‚
1396 1949 1604 1983 involucrum
1626 1971 1639 1989 ‚
1671 1946 1694 1982 si
1720 1950 1814 1984 molae
1849 1953 1981 1986 nomine
2006 1974 2021 1991 y
2054 1960 2091 1985 ut
2115 1962 2134 1984 a

1105 1993 1263 2039 plerisque
1287 2003 1370 2027 nunc
1395 1993 1554 2035 accipitur
1571 1995 1590 2033 '‚
1622 2004 1672 2027 res
1696 1991 1884 2037 hujusmodi
1915 1994 2136 2038 comprehens-

1104 2041 1258 2073 deretur:
1281 2048 1470 2079 quanquam
1493 2036 1577 2071 hanc
1605 2036 1710 2079 ipsam
1749 2039 1910 2073 vocabant
1933 2039 2049 2074 molam
2071 2049 2131 2073 ve*-

1098 2081 1262 2126 ficularem
1285 2080 1371 2114 idern
1396 2080 1622 2114 Hartmannus
1646 2080 1758 2124 (lq),
1780 2081 1910 2117 &hunc
1933 2082 2058 2118 secutus
2071 2082 2133 2117 (31³,

1103 2124 1329 2159 Gottwaldtus
1355 2127 1368 2163 (
1390 2123 1462 2165 l)÷‚
1487 2125 1548 2167 qui
1571 2123 1638 2166 ejus
1663 2126 1766 2159 Icone
1790 2124 1867 2160 satis
1890 2138 2001 2162 earum
2026 2125 2130 2160 similssi

1103 2179 1183 2211 quas
1208 2167 1310 2201 edidit
1345 2167 1449 2209 postea
1476 2166 1663 2211 Ruyschius
1705 2167 1771 2211 (m
1793 2173 1807 2209 )
1829 2169 1915 2205 suam
1949 2170 2132 2205 illustravi-t

1104 2210 1379 2245 observationem
1403 2236 1411 2244 .
1449 2211 1531 2246 Haec
1557 2214 1660 2253 igitur
1682 2212 1716 2245 in
1741 2213 1940 2256 Virginibus
1973 2213 2033 2248 esse
2059 2224 2128 2248 nont

1107 2254 1212 2298 potest
1237 2278 1245 2292 ,
1270 2266 1326 2288 nec
1349 2263 1512 2297 quantum
1536 2254 1602 2289 scio
1619 2279 1628 2295 ,
1652 2255 1709 2289 illa
1734 2258 1853 2298 pariter
1875 2269 1949 2301 quae
1975 2258 2130 2300 aliquan-

1105 2308 1142 2332 to
1168 2298 1281 2331 melius
1304 2301 1394 2332 mola
1419 2298 1608 2332 vesicularis-
1627 2300 1845 2341 appellaretur
1867 2325 1879 2342 ‚
1903 2302 1936 2336 id
1961 2303 2005 2336 est
2029 2311 2131 2344 aggeo

1107 2343 1169 2375 ries
1193 2342 1407 2376 vesicularum
1427 2344 1460 2375 in
1488 2342 1624 2377 modum
1646 2344 1767 2377 racemi
1791 2343 1947 2388 disposita
1962 2369 1970 2378 .
1996 2345 2035 2380 In
2059 2355 2127 2386 quar

1106 2385 1305 2428 agnoscenda
1330 2397 1370 2419 ne
1394 2397 1457 2428 qua
1481 2386 1633 2428 deceptio
1656 2387 1827 2431 contingat
1842 2414 1850 2428 ‚
1874 2388 1961 2423 haud
1983 2388 2103 2423 inuti-le
2119 2413 2130 2429 ‚

1106 2430 1249 2471 opinor,
1273 2429 1373 2463 fuerit
1400 2432 1502 2470 magis
1527 2438 1691 2464 accuratas
1714 2430 1970 2473 descriptiones,
1995 2431 2128 2467 Icones-

1106 2484 1169 2515 que
1193 2484 1303 2506 earum
1327 2472 1504 2514 inspectare
1535 2484 1607 2516 quae
1632 2473 1703 2515 post
1736 2477 1988 2517 conceptionem
2013 2474 2124 2518 ejectae

1105 2517 1178 2549 sunt
1202 2541 1211 2556 ,
1236 2516 1406 2559 ramosque
1429 2541 1438 2555 ,
1462 2525 1518 2550 aut
1541 2518 1684 2550 ramulos
1709 2517 1743 2550 in
1765 2519 1830 2552 illis
1857 2519 2022 2554 attendere
2045 2545 2057 2562 ‚
2083 2521 2121 2556 ad

1104 2571 1186 2602 quos
1209 2559 1354 2602 appensae
1377 2571 1442 2593 non
1467 2571 1539 2594 raro
1562 2559 1710 2602 prodiere
1734 2585 1743 2595 .
1778 2562 1902 2606 Quales
1926 2562 2124 2608 descriptio..

1103 2613 1157 2636 nes
1181 2626 1189 2640 ,
1215 2602 1393 2647 Iconesque
1418 2603 1501 2645 apud
1524 2603 1755 2645 Ruyschium,
1781 2617 1969 2651 quanquam
1995 2609 2120 2645 vesicu-

1102 2646 1147 2679 las
1169 2647 1252 2689 ipsas
1276 2659 1344 2681 non⁴
1367 2646 1462 2680 semel
1488 2648 1619 2689 pinxit,
1645 2650 1677 2681 &
1701 2649 1871 2684 multoties
1894 2655 2117 2692 memoravit,

1101 2691 1133 2721 &
1156 2689 1206 2723 bis
1229 2702 1466 2733 nonnunquam
1490 2692 1576 2724 intra
1600 2690 1776 2726 duodecim
1799 2693 1867 2728 dies
1890 2694 1976 2729 vidit
2000 2699 2014 2736 (
2037 2707 2057 2730 n
2080 2701 2119 2738 )-,

1101 2732 1187 2767 haud
1211 2746 1301 2777 aeque
1325 2735 1468 2768 invenies
1490 2745 1522 2768 ac
1548 2735 1633 2777 apud
1659 2734 1886 2779 Malpighium
1918 2744 1933 2779 (
1954 2750 1972 2772 o
1995 2743 2005 2778 )
2031 2761 2041 2777 ‚
2086 2743 2119 2776 δε

1102 2777 1337 2811 Vallisnerium
1360 2782 1371 2817 (
1392 2787 1414 2819 p
1437 2780 1448 2816 )
1474 2802 1481 2809 .
1520 2778 1620 2811 Certe
1643 2788 1752 2812 autern
1777 2792 1883 2823 parvae
1908 2782 1972 2816 illae
1996 2795 2039 2816 ex
2059 2795 2119 2818 ve-

1100 2818 1205 2857 ficulis
1229 2820 1321 2855 factae
1346 2820 1568 2856 excrescentiae
1591 2832 1669 2863 quas
1695 2822 1777 2857 mihi
1801 2825 1886 2859 intra
1911 2834 2043 2861 uterum
2066 2829 2119 2862 vi-

1097 2863 1170 2897 dere
1216 2865 1360 2906 contigit
1396 2888 1409 2905 ,
1462 2865 1605 2899 ramulos
1650 2865 1857 2901 ostendebant
1915 2870 2021 2904 nullos
2077 2874 2117 2908 ad

1097 2918 1181 2949 quos
1213 2907 1356 2942 vesiculae
1393 2908 1672 2950 appenderentur,
1702 2913 1782 2953 quip
1807 2924 1822 2945 e
1857 2912 1944 2947 inter
1979 2913 2008 2947 se
2033 2927 2117 2949 con«-

1097 2950 1219 2998 stipatae
1241 2975 1253 2991 ‚
1297 2949 1557 2994 cohaerentesque
1589 2961 1645 2986 aut
1689 2965 1747 2995 per
1791 2967 1807 2987 e
1830 2976 1841 2992 ‚
1886 2967 1941 2991 aut
1986 2969 2041 3000 per
2064 2960 2114 2992 in..

1098 2996 1263 3045 terjecf’cam
1299 3002 1401 3037 neque
1434 3003 1565 3030 tenuem
1588 3017 1600 3033 ,
1633 3007 1737 3040 neque
1772 2998 1933 3035 ramosam
1968 3001 2115 3037 substan-

1104 3046 1189 3073 t1am
1204 3064 1212 3073 .

1147 3092 1197 3125 14.
1219 3083 1385 3115 Caeterum
1411 3081 1585 3116 vesicarum
1610 3093 1681 3126 quae
1704 3095 1743 3118 ex
1766 3094 1860 3121 utero
1883 3087 1992 3130 ejeffle
2015 3089 2076 3124 sint
2101 3113 2112 3130 ,

1103 3134 1153 3159 tot
1178 3125 1322 3168 prostant
1345 3126 1605 3160 Observationes
1627 3150 1637 3167 ,
1664 3135 1779 3170 totque
1801 3129 1917 3165 harum
1940 3132 2111 3168 collectio-

1102 3179 1156 3201 nes
1187 3169 1229 3201 ab
1252 3167 1400 3203 Eruditis
1424 3169 1515 3202 Viris
1540 3169 1614 3204 sunt
1632 3170 1788 3205 'indicatae
1812 3196 1823 3213 ‚
1856 3184 1892 3207 ut
1916 3175 1951 3206 in
1985 3176 2112 3214 svlvarn

1100 3212 1188 3260 ligna
1210 3210 1295 3245 ferre
1319 3212 1422 3247 videri
1446 3212 1586 3256 possem,
1609 3213 1636 3247 si*
1656 3215 1731 3248 alias
1755 3214 1818 3249 huc
1840 3240 1852 3256 ‚
1877 3216 1960 3250 mihi
1982 3212 2074 3253 notas
2102 3245 2113 3262 ,

1099 3254 1197 3289 fusius
1232 3255 1377 3304 adderem
1400 3281 1408 3290 .
1454 3257 1545 3290 Nam
1577 3259 1607 3290 δι
1630 3258 1884 3293 Foroliviensem
1918 3260 2110 3298 Matronarn

1101 3297 1168 3345 scio
1190 3298 1576 3341 quadragesimocirciter
1599 3301 1640 3334 ab
1663 3300 1740 3335 hinc
1760 3313 1843 3335 anno
1868 3303 2021 3339 vesiculas
2032 3307 2109 3341 alias

1101 3354 1238 3383 majores
1261 3366 1273 3382 ³
1297 3343 1372 3375 alias
1398 3345 1539 3377 minores
1561 3366 1574 3384 ‚
1597 3344 1672 3376 alias
1697 3345 1847 3379 minimas
1868 3346 2000 3382 edidisse
2025 3375 2035 3390 ,
2078 3353 2110 3384 δε

1100 3385 1153 3420 hic
1178 3388 1299 3429 pariter
1319 3398 1458 3431 ¹uxorei-n
1480 3387 1632 3421 Praetorii
1654 3387 1770 3422 famuli
1794 3390 1837 3423 A.
1865 3399 1959 3433 1727.
1985 3392 2111 3433 ejecisse

1993 3436 2067 3478 plu-

1107 3614 1122 3641 (
1139 3620 1153 3636 it
1168 3613 1182 3642 )
1198 3613 1279 3642 opere
1296 3615 1374 3638 Tom.
1391 3621 1412 3638 2.
1431 3615 1458 3639 Ρ.
1478 3621 1497 3638 ι.
1513 3615 1553 3640 ubi
1569 3615 1598 3640 de
1613 3617 1685 3640 Partu
1701 3616 1831 3641 Vesicular.

1411 3646 1422 3668 <
1437 3645 1451 3668 b
1467 3645 1480 3673 )
1497 3646 1589 3671 Medic.
1606 3646 1744 3672 Tetrabibl.
1759 3656 1784 3676 4-
1800 3649 1876 3671 serm»
1892 3653 1916 3677 4.
1932 3655 1953 3673 e.
1969 3655 2011 3678 ⁷9·

1352 3675 1366 3704 (
1381 3682 1393 3698 ε
1407 3674 1421 3702 )
1435 3677 1511 3700 Tom-
1529 3685 1550 3701 2.
1567 3677 1610 3702 cit.
1626 3679 1652 3702 Ρ.
1669 3685 1693 3702 ².
1708 3685 1732 3702 e.
1750 3677 1833 3703 ultim.

1326 3713 1351 3735 7.
1378 3705 1437 3729 Obs.
1464 3710 1502 3731 61.

919 3733 989 3762 (k)
1015 3734 1119 3759 Earund.
1145 3738 1204 3760 Dee.
1228 3743 1250 3759 2.
1277 3738 1306 3760 A.
1335 3744 1372 3760 πο.
1397 3736 1455 3761 Obs.
1484 3746 1536 3766 ¹57·

1267 3764 1277 3796 (
1294 3775 1311 3791 n
1327 3770 1337 3794 )
1355 3767 1449 3793 Advers.
1468 3769 1540 3793 Anat.
1559 3771 1617 3794 Dee.
1636 3774 1657 3792 ².
1675 3775 1696 3793 c.
1713 3769 1763 3794 ult.
