2498 4075
589 287 741 347 Epist.
778 290 938 343 Anat.
975 260 1190 345 Medica
1224 289 1468 344 vant.
1501 293 1623 347 Art.
1651 307 1724 359 14:

165 357 252 394 diem
275 359 416 400 servare,
441 361 498 397 nifl
522 367 606 399 cutis
621 389 630 403 ,
655 368 685 399 &
707 368 856 402 cuticulae
887 367 1046 410 segmenta
1068 381 1153 412 quae-

166 402 261 440 dam,
284 406 317 438 in
341 406 457 448 quibus
482 409 562 442 mihi
585 408 663 451 quid
688 410 842 444 acciderit
866 411 994 452 videre,
1020 415 1053 446 in
1086 413 1156 445 Ad-

166 447 314 481 versariis
337 449 394 492 (l)
419 451 461 484 est
485 451 680 485 indicatum.
705 453 763 487 Sed
786 454 823 488 de
847 454 917 494 his,
940 458 971 488 &
1000 456 1039 490 de
1071 456 1156 489 cuti-

164 491 244 524 culae
266 502 376 525 natura
400 505 501 536 neque
524 494 576 528 hic
599 495 642 529 est
665 495 821 530 scribendi
846 498 952 536 locus,
977 511 1076 540 neque
1100 510 1156 531 an-

162 543 213 568 tea
237 533 330 567 facile
355 535 509 574 scribam,
534 549 630 581 quam
654 549 707 572 aut
730 539 898 574 dissecandi
922 542 1072 585 aethiopis
1095 543 1156 576 it‘e-

161 587 234 611 rum
260 576 395 613 facultas
417 582 532 619 detur,
557 590 610 616 aut
644 583 790 625 quaedam
824 583 935 617 saltem
965 586 1003 618 de
1035 584 1154 619 aethio-

162 632 239 664 pum
262 620 441 656 infantibus
465 636 522 665 pro
544 634 635 658 certo
658 626 774 663 sciam,
799 634 834 660 ut
859 638 936 669 puta
972 637 1048 661 num
1083 626 1154 660 for-

161 674 194 697 te
218 664 415 700 umbilicalis
438 667 576 702 funiculi
601 671 733 702 initium
757 681 844 706 non,
870 681 905 703 ut
930 672 1053 711 nostri,
1086 672 1155 704 cin-

159 709 247 741 &um
270 718 342 742 cute
365 709 504 744 habeant
526 722 596 753 quae
621 711 724 753 postea
746 714 779 745 in
805 714 996 748 umbilicum
1018 714 1049 747 se
1079 726 1154 747 con-

160 749 293 789 trahat,
319 764 395 786 num
421 755 528 795 paucis
550 755 614 787 illis
637 767 653 788 a
677 765 769 797 partu
792 756 988 791 diebuscum
1012 758 1153 798 primum

159 794 312 829 infuscari
343 799 507 838 incipiunt
528 823 536 837 ‚
570 808 632 831 non
670 800 715 833 ita
748 799 827 833 albis
863 800 1022 842 prorsus,
1053 811 1087 834 ut
1118 802 1153 833 in

159 839 277 874 adultis
303 840 405 880 postea
430 841 597 878 videmus,
620 841 682 874 sint
705 841 845 884 plantis,
877 846 909 876 &
941 843 1022 876 volis
1047 869 1056 883 ‚
1092 844 1153 877 alia

158 881 337 926 ejusmodi.
365 884 466 917 Nunc
489 885 575 917 enim
599 897 615 917 a
639 884 804 927 proposito
829 896 893 919 non
916 884 960 920 est
992 886 1153 920 diverten-

157 927 257 960 dum.
399 929 528 960 Collata
561 929 663 970 igitur
696 938 832 970 utraque
865 938 914 962 tot
950 928 1152 963 sebaceorum

158 970 400 1005 tuberculorum
434 970 565 1005 historia
588 996 597 1010 ,
631 979 668 1005 ut
700 972 734 1004 in
767 983 804 1005 eo
836 983 966 1014 quoque
999 974 1153 1006 conveni-

159 1026 194 1047 re
218 1013 362 1054 videbis,
386 1015 473 1058 quod
496 1014 614 1048 viscera
638 1014 783 1057 quaedam
808 1014 865 1049 sub
889 1017 996 1049 tunica
1020 1015 1060 1049 sic
1085 1028 1152 1050 ma-

158 1057 190 1093 le
213 1055 241 1089 se
265 1056 424 1095 habente,
448 1067 539 1091 erant
565 1067 672 1091 tamen
695 1057 786 1095 san23
810 1059 855 1091 ita
878 1059 1055 1100 discrepare
1080 1068 1151 1093 tum

160 1100 457 1143 symptomatibus‚
481 1101 711 1135 animadvertes
727 1125 739 1141 ,
762 1111 831 1134 tum
853 1102 920 1135 sede
935 1104 1031 1136 etiam
1044 1103 1153 1137 tuber—

158 1144 318 1182 culorum,
329 1157 400 1187 quae
412 1147 446 1179 in
461 1142 655 1178 Berolinensi
668 1144 905 1178 Observatione
918 1155 1045 1179 tantum
1057 1146 1153 1186 abest,

147 1197 196 1220 rut
219 1187 310 1220 sicuti
334 1191 367 1221 in
396 1187 536 1232 quadarn
559 1189 735 1221 Roedereri
759 1200 888 1232 quoque
911 1188 1043 1222 historia
1065 1191 1154 1233 (⁴⁶),

156 1230 316 1266 {cirrhosa
340 1233 528 1274 corpuscula
565 1231 750 1265 cellulosam
785 1241 977 1275 occuparent
1011 1233 1155 1266 substan-

156 1275 238 1307 tiam
259 1284 273 1313 ;
315 1275 347 1309 id
393 1275 549 1317 singulare
593 1274 754 1309 habebant
782 1298 794 1315 ,
826 1284 864 1309 ut
887 1298 897 1313 ,
931 1275 990 1309 hac
1025 1277 1155 1318 prorsus

160 1317 269 1358 salva,
293 1320 327 1352 in
352 1321 481 1359 propria
505 1318 593 1361 ipsa,
617 1318 770 1361 firmaque
794 1319 1054 1360 peritonaei,aut
1065 1321 1155 1361 pleu-

158 1372 202 1395 rae
226 1362 384 1395 haererent
401 1364 591 1396 vmembrana
608 1386 617 1402 ‚
640 1373 710 1396 tum
733 1361 871 1405 denique
893 1372 929 1395 ut
953 1364 1089 1397 exterius
1101 1374 1155 1397 tu-

155 1405 286 1439 bercula
309 1404 403 1439 essent
429 1407 515 1439 nulla
540 1421 548 1443 3
584 1405 635 1438 sed
670 1406 807 1438 interius
840 1407 967 1438 omnia.
1100 1406 1155 1440 Ad

154 1457 303 1482 externos
328 1458 433 1483 autem
443 1472 455 1489 ‚
480 1448 635 1490 simulque
646 1449 791 1482 internos
803 1457 941 1482 tumores
953 1450 1068 1483 attinet
1081 1451 1155 1483 Ob-

151 1491 290 1525 servatio
315 1492 411 1526 altera
429 1515 436 1528 ,
459 1503 557 1534 quam
572 1501 643 1524 ante
653 1492 742 1525 illam
756 1491 1067 1526 Meckeliusindicat
1079 1517 1091 1533 ,
1115 1493 1155 1526 ab

150 1536 206 1575 se,
230 1536 458 1569 &Clariffimo
470 1533 648 1569 Profeffore
661 1534 827 1569 Zinnioin
848 1534 969 1568 infante
992 1535 1154 1576 habitam,

149 1578 244 1621 cujus
278 1588 393 1620 praeter
425 1590 530 1620 partes
562 1579 683 1611 cerebri
716 1578 879 1612 induratas
904 1603 914 1618 ‚
948 1580 1151 1622 conglobatae

147 1623 309 1665 glandulae
335 1631 409 1655 toto
433 1622 531 1655 ferme
555 1633 692 1663 corpore
719 1621 882 1655 scirrhosae
905 1632 996 1655 erant
1011 1648 1019 1656 .

197 1677 247 1709 14²
273 1667 318 1699 At
342 1665 405 1698 five
429 1666 467 1699 ad
492 1664 668 1707 utrosque,
690 1663 753 1700 five
776 1665 814 1698 ad
849 1673 997 1698 externos
1020 1690 1029 1703 ‚
1067 1677 1150 1708 quos

149 1709 347 1750 potissimum
380 1707 434 1741 hic
467 1707 664 1742 attendimus
688 1729 697 1742 ‚
729 1716 870 1741 tumores
906 1710 1047 1749 exempla
1080 1710 1150 1752 spe-

147 1752 237 1785 etant
259 1763 331 1794 quae
354 1754 514 1785 continuo
537 1752 807 1790 memorabimus,
840 1751 971 1784 illorum
1006 1753 1060 1784 alii
1094 1762 1148 1786 aut

149 1808 182 1829 ea
207 1795 418 1829 contine-bant
441 1807 512 1838 quae
537 1794 700 1828 evidenter
726 1793 795 1827 sunt
823 1803 936 1835 praeter
971 1804 1118 1828 naturam
1138 1818 1147 1833 ‚

149 1849 204 1872 aut
228 1851 260 1872 ea
276 1861 288 1878 ,
312 1848 444 1879 propter
467 1849 537 1880 quae
561 1837 600 1870 ab
624 1838 766 1869 sanatum
792 1837 1016 1878 glandularum
1048 1839 1147 1872 modo

147 1884 221 1921 vix,
247 1894 280 1914 ac
307 1893 343 1915 ne
367 1884 424 1914 vix
446 1880 577 1923 quidem
603 1880 790 1913 viderentur
813 1878 1082 1922 discreparemifi
1097 1884 1147 1916 ibi

146 1935 348 1959 occurrerent
371 1925 427 1959 ubi
452 1923 633 1967 manifestas
670 1923 835 1964 glandulas
865 1924 1050 1965 conspicere
1083 1936 1147 1958 non

147 1968 305 2002 solemus.
438 1967 491 2001 Ad
515 1969 655 2010 primum
678 1966 795 1999 horum
819 1978 972 2009 generum
987 1990 996 2005 ,
1029 1979 1148 2010 praeter

144 2024 195 2046 eas
217 2025 294 2055 quas
319 2011 417 2045 modo
442 2012 636 2052 protulimus
662 2034 670 2049 ,
706 2007 849 2043 historiae
884 2013 1046 2052 pertinent
1082 2023 1147 2045 non

145 2068 253 2098 paucae
277 2057 312 2088 in
337 2054 580 2097 Sepulchretum
605 2056 687 2095 (m)
712 2054 817 2086 relatae
832 2075 841 2089 ,
865 2064 900 2087 ut
921 2080 929 2093 ,
953 2066 1029 2088 cum
1061 2054 1143 2089 stru-

144 2100 240 2134 mosae
263 2098 442 2141 glandulae,
465 2099 573 2132 multae
598 2097 795 2140 praesertim,
822 2107 876 2131 aut
901 2109 1022 2139 magnae
1049 2123 1057 2136 ‚
1088 2111 1145 2132 ex-

144 2146 244 2176 terius
268 2143 532 2184 protuberarent;
555 2141 664 2174 multae
698 2150 832 2185 quoque
864 2142 1001 2186 interius
1032 2142 1143 2182 depre-

145 2186 358 2221 henderentur
381 2186 550 2219 insidentes
574 2196 636 2217 non
662 2186 849 2216 melenterio
874 2184 977 2217 solum
993 2208 1002 2222 ,
1037 2184 1088 2218 sed
1113 2188 1143 2219 Sc

143 2240 277 2263 omento
300 2257 307 2270 ‚
341 2228 507 2262 stomacho
532 2252 543 2268 ,
576 2227 735 2261 intestinis
757 2248 765 2263 ‚
805 2229 969 2267 pancreati
991 2252 999 2265 ,
1034 2226 1143 2261 veficae

142 2275 313 2309 urinariae.
338 2272 570 2315 pulmonibus,
594 2283 632 2304 ex
645 2270 782 2304 Fontani
807 2270 1030 2304 observatione
1053 2272 1143 2314 (γης

143 2327 182 2349 ex
206 2316 347 2350 Heurnii
373 2320 386 2359 (
407 2329 422 2349 o
445 2320 459 2356 )
483 2326 589 2348 autem
608 2338 616 2352 ,
639 2316 737 2346 etiam
760 2316 963 2355 peritonaeo,
999 2314 1107 2356 hepati
1133 2338 1143 2352 ,

142 2360 244 2399 lieni,
267 2360 416 2396 renibus,
440 2360 523 2392 uteri
548 2357 730 2402 ligamentis
753 2379 762 2393 ,
792 2356 1051 2399 diaphragma,
1079 2370 1144 2393 me-

143 2401 302 2441 diastino,
328 2403 449 2446 ipsique
471 2404 592 2436 cerebri
618 2403 715 2435 Durae
741 2402 904 2442 meningi.
941 2403 1047 2435 Mitto
1081 2415 1144 2437 cae—

142 2457 247 2486 teras,
273 2459 351 2490 quas
375 2446 553 2491 descriptas
576 2446 622 2481 ibi
656 2443 761 2477 videre
793 2446 913 2486 poteris
929 2469 940 2483 ,
975 2446 1142 2488 glandulas

2031 311 2128 361 445

1207 370 1311 403 minus
1333 368 1481 408 diffusas,
1505 369 1556 404 sed
1577 380 1687 405 omnes
1710 371 1899 412 strumosas‚
1921 373 2111 414 &quasdam
2133 386 2209 417 gy&

1206 413 1299 456 psea,
1321 414 1486 454 pultacea,
1510 415 1675 455 purulenta
1689 437 1698 452 ‚
1723 415 1822 449 setosa
1836 438 1845 452 ,
1870 418 1964 455 alba,
1995 416 2082 450 flava
2113 430 2193 452 con-

1206 458 1361 489 tinentes.
1388 457 1518 500 Quibus
1539 460 1570 490 δι
1591 458 1756 492 tubercula
1781 459 1890 493 addere
1915 468 2006 499 potes
2029 461 2086 494 illa
2119 461 2191 502 plu-

1205 501 1285 533 rima
1306 522 1318 539 ‚
1350 511 1420 540 quae
1446 501 1583 534 Laubius
1607 505 1616 540 (
1637 503 1695 544 p)
1719 504 1752 534 in
1780 503 1984 543 pulmonibus
2005 503 2089 536 vidit
2125 514 2194 537 ma-

1205 544 1292 577 teriae
1316 542 1449 576 sebaceae
1473 544 1586 585 plena,
1618 544 1684 585 ejus
1717 543 1827 578 similis
1856 557 1928 588 quae
1962 547 1995 579 in
2031 546 2190 589 glandulis

1203 587 1280 620 colli
1305 585 1462 619 induratis
1495 586 1633 628 ejusdem
1666 587 1809 621 hominis
1840 585 2063 630 spectabatur.

1204 629 1257 662 Ad
1281 628 1449 662 secundum
1475 641 1548 662 vero
1571 641 1667 672 genus
1691 641 1820 673 propter
1843 643 1910 665 eam
1935 644 2032 675 quam
2058 633 2107 666 M.
2121 635 2192 667 Au-

1203 673 1300 705 relius
1323 674 1485 705 Severinus
1508 673 1598 706 simul
1626 672 1770 713 profert,
1797 676 1905 713 Aetii,
1938 677 2007 708 imo
2042 676 2192 709 Leonida:

1204 715 1412 754 sententiam,
1436 715 1583 756 spestass‘e
1605 717 1795 750 crediderim
1818 717 1980 759 glandulas
2001 730 2078 761 quas
2102 721 2194 752 Seve-

1204 760 1292 792 rinus
1314 758 1377 800 ipse
1401 762 1464 799 (q)
1489 759 1570 792 vidit
1594 759 1835 794 tuberculorum
1859 760 1955 794 instar
1978 763 2010 794 in
2044 763 2196 800 artubus,

1205 804 1355 843 peitore,
1378 801 1494 838 dorso,
1519 802 1576 835 sub
1599 802 1679 842 alis,
1701 805 1731 835 &
1769 804 1806 838 ad
1843 805 1974 845 inguina
2007 804 2159 838 exstantes
2183 829 2195 844 ‚

1203 856 1339 887 quarum
1363 846 1433 887 plus
1457 845 1617 886 sexaginta
1653 857 1708 888 per
1741 847 1827 880 Senis
1862 847 2049 881 universum
2080 859 2195 890 corpus

1205 888 1355 929 dispersas
1378 889 1421 921 ob
1444 888 1475 921 id
1500 890 1636 922 maxime
1659 888 1897 929 admirabatur,
1921 889 2008 932 quod
2032 891 2197 925 tubercula

1201 942 1298 972 quam
1323 933 1460 973 plurima
1484 933 1565 964 circa
1587 931 1653 965 loca
1676 933 1975 975 conspiciebantur,
1998 933 2197 976 quaeglandu-

1202 974 1303 1007 larum
1319 974 1396 1016 sunt
1414 973 1539 1016 prorsus
1561 976 1716 1015 expertia:
1740 977 1846 1018 itaque
1868 977 1957 1010 venit
1976 978 2010 1011 in
2043 986 2198 1016 mentem,

1202 1018 1333 1058 inquit,
1356 1017 1436 1050 illud
1456 1018 1572 1055 Aetii,
1596 1018 1649 1059 qui
1670 1018 1796 1052 Tetrab.
1822 1031 1853 1061 4.
1878 1029 1945 1062 cap.
1962 1029 1990 1060 5.
2017 1043 2024 1052 .
2040 1044 2047 1051 .
2063 1045 2071 1054 .
2088 1044 2096 1053 .
2126 1030 2198 1061 pro-

1196 1058 1295 1104 feffus
1317 1060 1376 1100 est,
1399 1070 1436 1093 ex
1468 1061 1586 1103 integro
1618 1060 1701 1102 nasci
1727 1062 1906 1105 plerumque
1940 1064 2084 1096 candidas
2108 1085 2119 1101 ,
2156 1063 2199 1096 &⁴

1204 1103 1314 1136 rubras
1336 1103 1517 1136 carunculas
1539 1104 1571 1136 in
1594 1114 1735 1144 corpore.
1758 1106 1859 1139 Olaus
1883 1115 1988 1140 autem
2007 1105 2196 1140 Borrichius

1207 1149 1268 1184 (r)
1290 1158 1363 1179 curn
1395 1148 1428 1178 in
1459 1147 1582 1179 isterici
1615 1146 1756 1180 diffeffls
1789 1150 1999 1183 cruribus»in
2032 1149 2198 1191 glandulas

1206 1188 1361 1222 incidisset
1386 1188 1440 1222 sub
1462 1199 1534 1222 cute
1556 1190 1688 1223 latentes
1711 1189 1872 1233 infinitam
1905 1204 1967 1226 non
2003 1192 2042 1225 ab
2073 1194 2201 1234 integro

1205 1242 1290 1266 ortas
1308 1253 1317 1269 ‚
1340 1232 1553 1274 opinabatur;
1579 1233 1628 1267 sed
1651 1235 1683 1265 in
1700 1234 1777 1274 sano
1800 1245 1922 1277 corpore
1951 1234 2005 1279 effe
2037 1237 2108 1269 adeo
2141 1236 2201 1269 mi—

1205 1283 1318 1315 nutas,
1342 1284 1377 1308 ur
1399 1275 1500 1317 visum
1528 1286 1605 1317 pene
1638 1275 1788 1320 effugiant
1808 1300 1817 1316 ,
1851 1278 1883 1310 in
1915 1278 2049 1320 morboso
2080 1279 2201 1321 conspe-

1205 1318 1315 1352 atores
1330 1343 1337 1351 .
1361 1319 1430 1352 Has
1456 1330 1582 1361 quoque
1606 1318 1643 1352 ad
1669 1318 1840 1354 secundum
1865 1332 1960 1361 genus
1983 1320 2202 1364 referriposse,

1208 1363 1263 1394 vix
1285 1362 1401 1395 dubito
1416 1384 1424 1391 .
1450 1365 1495 1394 At
1518 1374 1595 1404 quas
1619 1362 1819 1397 Whartonus
1842 1364 2082 1399 Observatione
2115 1367 2204 1408 pari-

1207 1414 1257 1438 ter
1280 1406 1312 1437 in
1339 1405 1549 1447 Sepulchreto
1573 1417 1702 1449 quoque
1724 1406 1803 1449 (s)
1835 1407 1984 1449 legenda,
2023 1411 2057 1442 in
2090 1410 2205 1443 militis

1207 1448 1368 1487 brachiis,
1391 1451 1422 1481 δε
1447 1449 1620 1482 femoribus
1642 1448 1813 1491 conspexit
1834 1472 1847 1489 ‚
1880 1452 1991 1485 eodem
2025 1451 2201 1486 referendas

1205 1490 1263 1525 esse
1287 1503 1346 1533 pro
1367 1502 1457 1525 certo
1482 1492 1565 1525 scio.
1590 1494 1677 1526 Cum
1700 1495 1784 1526 enim
1806 1506 1916 1528 omnes
1938 1496 1996 1529 sub
2028 1497 2101 1530 cute
2134 1509 2205 1529 mo-

1205 1535 1305 1572 biles,
1330 1537 1385 1574 &,
1410 1534 1678 1576 vel.preffiuscule
1707 1537 1913 1572 contreetatae
1935 1562 1944 1577 ,
1978 1539 2074 1574 essent
2110 1541 2206 1573 indo-

1204 1580 1323 1617 lentes,
1347 1589 1402 1611 nec
1426 1577 1622 1612 validiffimis
1645 1580 1791 1614 remediis
1806 1582 1971 1619 'cedentes3
1998 1583 2206 1626 majusculam

1202 1633 1299 1655 unam
1324 1634 1339 1653 a
1363 1620 1530 1663 Chirurgo
1553 1623 1726 1656 extraffim
1742 1648 1750 1662 ‚
1771 1623 1979 1665 deprehendit
2004 1627 2084 1660 citra
2107 1626 2206 1660 ullum

1200 1666 1363 1707 putridum
1385 1672 1440 1697 auc
1461 1673 1638 1707 corruptum
1660 1666 1818 1700 humorem
1843 1675 1941 1702 totam
1953 1681 1990 1703 ex
2007 1669 2107 1711 solida
2117 1669 2208 1711 glan-

1202 1707 1306 1749 dulosa
1329 1716 1422 1749 arque
1444 1706 1512 1740 alba
1535 1718 1623 1741 carne
1645 1708 1851 1748 constantem3
1890 1721 1923 1744 ut
1962 1712 2003 1746 fic
2038 1713 2212 1753 glandulas·

1202 1751 1271 1783 dari
1294 1751 1486 1784 adventitias
1504 1750 1596 1791 plane
1614 1750 1708 1793 sanas
1721 1775 1732 1791 ,
1756 1752 1812 1793 ncfi
1835 1756 1913 1794 quod
1935 1756 1969 1788 in
1993 1766 2117 1790 numero
2128 1765 2206 1796 par-

1200 1795 1283 1826 tium
1325 1793 1625 1834 pz·.eternatural2'um
1659 1794 1848 1837 recensentur
1867 1822 1876 1837 ‚
1921 1799 2207 1840 experientiffimus

1199 1837 1424 1879 glandularum
1448 1835 1606 1870 scrutator
1629 1837 1862 1873 demostratum
1887 1839 1944 1874 esse
1965 1865 1974 1879 ‚
2008 1844 2208 1882 pronuncia-

1201 1882 1284 1913 verit
1301 1904 1308 1911 .
1333 1881 1415 1921 Qae
1438 1880 1689 1914 Observationes
1712 1882 1749 1915 ad
1774 1884 1947 1918 exteriores
1969 1886 2100 1929 quidem
2114 1886 2208 1928 glan-

1200 1924 1290 1957 dulas
1315 1924 1502 1965 pertinent,
1525 1924 1798 1966 quemadmodum
1824 1929 1963 1961 Antonii
1987 1931 2085 1962 etiam
2110 1930 2209 1963 Coc«

1200 1967 1267 2001 chii
1291 1969 1345 2010 (t,
1364 1970 1397 2005 )›
1425 1967 1480 2000 ubi
1504 1967 1540 2000 de
1566 1967 1788 2003 Mesenteticis
1812 1970 1941 2005 Morbis
1976 1973 2109 2015 loquens
2131 1995 2141 2009 ‚
2172 1973 2209 2007 id

1200 2011 1287 2052 quod
1310 2009 1457 2044 Leonida
1481 2021 1553 2043 raro
1573 2010 1695 2045 viderat
1710 2034 1719 2050 ‚
1744 2024 1808 2046 non
1834 2013 1926 2047 semel
1952 2015 2010 2049 fibi
2034 2015 2208 2050 occurriffe

1201 2055 1244 2087 ait
1272 2058 1282 2092 (
1308 2053 1460 2087 Severino
1485 2062 1593 2087 autem
1622 2054 1701 2096 saepe
1739 2067 1919 2091 occurrerat
1945 2062 1956 2097 )
1991 2060 2206 2102 conglobatas

1199 2097 1354 2130 videlicet
1377 2106 1521 2131 externas
1545 2099 1709 2139 glandulas
1732 2110 1796 2133 non
1823 2102 1920 2136 modo
1945 2104 2074 2142 aumas,
2099 2103 2150 2137 sed
2175 2107 2208 2137 &

1199 2141 1257 2174 ubi
1280 2140 1427 2187 effe-non
1453 2139 1623 2179 videntur,
1657 2143 1743 2184 quasi
1778 2153 1898 2178 creatas
1921 2170 1928 2177 .
1965 2146 2059 2185 Quin
2093 2159 2204 2181 exem-

1198 2186 1288 2226 plum
1313 2185 1438 2224 insuper
1463 2183 1571 2220 addit,
1595 2186 1626 2217 in
1652 2197 1717 2227 quo
1742 2188 1866 2228 praeter'
1880 2190 2050 2223 nonnullas
2074 2201 2139 2224 non
2156 2190 2204 2224 so-

1197 2229 1270 2262 litas
1292 2226 1456 2268 conspici,
1481 2236 1516 2259 ut
1539 2228 1572 2260 in
1598 2229 1772 2267 lateribus,
1797 2243 1923 2265 carneas
1946 2256 1958 2272 ,
1993 2245 2093 2276 neque
2128 2245 2206 2275 pure

1200 2272 1372 2306 scatentes,
1397 2270 1435 2303 ad
1459 2270 1544 2303 hunc
1567 2272 1701 2305 eundem
1726 2274 1857 2308 modum
1893 2275 1970 2308 alias
2005 2279 2090 2310 intra
2128 2289 2206 2311 ven-

1200 2326 1282 2349 trem
1304 2313 1462 2346 offendit.
1487 2314 1595 2350 Quam
1622 2326 1677 2354 tu,
1701 2319 1731 2348 &
1756 2318 1898 2350 Severini
1925 2318 2201 2356 Observationern

1199 2370 1235 2393 ut
1260 2370 1332 2401 quae
1357 2357 1490 2390 necdum
1514 2358 1594 2392 mihi
1623 2360 1655 2392 in
1682 2359 1895 2402 Sepulchreto
1920 2366 2089 2403 occurrit,
2123 2364 2204 2400 huic

1198 2401 1348 2444 adjicies,
1372 2403 1402 2433 &
1427 2399 1582 2435 Valcbis.

206 2663 699 2725 EPISTOLA
763 2662 1831 2774 ANaTOMICO-MEDICA
1885 2669 2118 2733 LXIX.

242 2812 337 2863 Ad
374 2811 540 2872 letus,
575 2813 628 2863 &
663 2809 892 2862 Vulnera
928 2778 1162 2873 Capitis,

579 2875 751 2935 Vitia,
784 2878 838 2928 &
872 2875 939 2925 ad
973 2877 1140 2925 Luem

274 3007 336 3040 Uae
359 3006 397 3040 ad
421 3008 556 3041 Morbos
581 3008 762 3043 attineant,
787 3002 926 3044 Epistola
944 3004 1135 3037 [1.ἃὶηή-

283 3051 453 3090 quentibus
478 3052 626 3092 deinceps
648 3050 770 3082 caeteris
793 3059 808 3079 a
842 3057 890 3078 me
922 3046 1133 3086 comprehen-

285 3093 353 3131 sos,
376 3104 440 3127 non
465 3103 516 3127 tot
540 3096 572 3126 in
602 3092 765 3135 praesentia
791 3090 913 3128 habeo,
940 3100 974 3122 ut
998 3089 1047 3123 his
1077 3091 1132 3123 de-

283 3137 380 3178 nique
406 3138 542 3170 Litteris
566 3135 739 3175 complesti
764 3145 827 3166 non
853 3132 963 3171 poffim
979 3158 987 3166 .
1012 3133 1061 3166 Ad
1087 3135 1131 3166 il-

133 3176 202 3216 lam
226 3179 328 3220 igitur
354 3179 531 3219 Epistolam
554 3192 616 3223 qua
639 3179 677 3213 de
701 3176 900 3211 Vulneribus
922 3177 1053 3218 Capitis
1069 3201 1078 3216 ‚
1100 3180 1131 3210 &

139 3223 261 3256 Ictibus
285 3223 412 3263 scripsi,
437 3223 504 3257 haec
526 3224 618 3256 addes
632 3248 639 3256 .

180 3277 207 3298 2.
236 3266 318 3299 VIR
346 3268 479 3300 necdum
511 3267 748 3308 quinquaginta
782 3273 880 3295 annos
912 3271 1022 3299 natus,
1057 3274 1131 3297 cum

135 3307 349 3343 bibaciffimus
372 3310 466 3350 esset,
489 3309 625 3350 indeque
648 3310 771 3342 ebrius,
797 3317 850 3346 per
881 3306 973 3339 scalas
1003 3306 1131 3340 descen-

134 3354 237 3391 dens,
260 3361 353 3385 tanto
376 3352 503 3387 facilius
527 3352 646 3393 lapsum
671 3351 712 3385 est
738 3371 747 3385 ‚
784 3348 873 3389 quod
906 3361 996 3382 crure
1027 3350 1130 3397 altero

135 3407 235 3429 annos
260 3394 322 3435 jam
344 3396 468 3438 aliquot
492 3408 530 3429 ex
554 3395 743 3429 doloribus,
769 3392 946 3425 Veneream
964 3417 973 3431 ‚
999 3402 1034 3426 ut
1066 3402 1131 3434 aje-

134 3441 236 3476 bant‚
261 3437 346 3472 luem
369 3440 569 3478 consecutis,
593 3436 796 3471 claudicabat
821 3462 827 3468 .
863 3435 989 3468 cadens
1017 3447 1131 3485 ⁴autem

135 3482 294 3516 sinistrum
319 3492 443 3522 tempus
466 3482 542 3516 adeo
567 3482 737 3514 contudit,
762 3488 797 3511 ut
821 3481 925 3527 omni.
946 3478 1098 3512 sentiendi
1123 3504 1131 3518 ‚

135 3524 349 3566 movendique
373 3525 525 3559 facultate
548 3524 653 3558 statim
680 3521 807 3558 amissa,
844 3524 883 3554 lic
916 3533 1003 3554 intra
1039 3522 1131 3555 horas

136 3569 220 3605 haud
246 3569 380 3609 amplius
405 3578 544 3610 quatuor
568 3567 752 3600 interierit.
777 3565 920 3603 Cadaver
943 3576 1130 3608 opportuno

222 3612 386 3653 Morgagni
397 3614 431 3645 de
442 3613 508 3645 Sed.
519 3611 562 3644 ἴθ’
572 3614 593 3642 C
594 3609 659 3651 aus.
672 3609 773 3641 Morb.
787 3602 889 3641 Tem.
901 3608 946 3640 II.

1195 2813 1249 2864 δι
1286 2810 1575 2863 Thoracis,
1607 2813 1675 2882 ad
1710 2813 2078 2880 Iunilurarum

1180 2880 1471 2929 veneream
1508 2889 1759 2941 pertinet.

1187 3006 1224 3038 ad
1250 3006 1416 3039 Publicana
1440 3006 1623 3040 Anatomen
1647 3007 1863 3044 inchoandam
1886 3020 2030 3056 tempore
2055 3038 2063 3052 ,
2095 3016 2127 3050 id
2143 3018 2185 3053 est

1186 3050 1281 3091 paulo
1306 3048 1374 3090 post
1398 3048 1739 3092 mediumJanuarium
1764 3053 1899 3087 mensem
1912 3057 1952 3088 A.
1968 3061 2058 3101 1755.
2074 3060 2184 3095 Thea-

1186 3101 1239 3124 tro
1262 3091 1443 3125 concessum
1469 3091 1532 3128 est,
1556 3093 1590 3125 in
1613 3106 1703 3136 quo,
1735 3108 1808 3129 cum
1842 3097 2014 3141 diligenter
2048 3104 2185 3143 perseca-

1185 3144 1273 3168 retur
1296 3160 1306 3174 ‚
1345 3135 1411 3167 haec
1455 3135 1679 3170 adnotavimus
1716 3163 1725 3171 .
1873 3142 1904 3173 V
1928 3143 1955 3175 E
1982 3145 2016 3177 N
2041 3145 2074 3177 T
2098 3147 2125 3178 E
2150 3149 2184 3182 R,

1186 3190 1284 3219 pane,
1308 3180 1339 3211 &
1364 3179 1442 3210 vino
1467 3180 1603 3212 maxime
1626 3181 1799 3216 distentum
1832 3184 1934 3220 adhuc
1966 3189 2180 3225 ventriculum

1186 3222 1334 3254 exhibuit
1360 3245 1367 3258 ,
1403 3229 1438 3252 ut
1464 3221 1505 3253 ab
1526 3223 1590 3255 iem
1615 3235 1725 3265 parum
1741 3249 1750 3265 ‚
1779 3227 1824 3259 vel
1849 3230 1957 3269 potius
1980 3229 2061 3263 nihil
2094 3234 2181 3267 vide-

1184 3274 1271 3297 retur
1294 3262 1489 3297 evomuisse.
1514 3266 1683 3307 Postquam
1716 3280 1749 3301 ea
1782 3274 1889 3303 omnia
1921 3270 2072 3307 exhausta
2110 3276 2179 3310 fue-

1183 3318 1273 3342 rant,
1299 3318 1335 3341 ne
1360 3308 1528 3340 minimam
1551 3309 1682 3350 quidem
1716 3313 1802 3345 intus
1834 3325 1945 3355 rugam
1979 3319 2178 3354 ventriculus

1180 3350 1315 3384 ostendit
1339 3374 1346 3382 .
1374 3350 1472 3425 ⁴Jecur
1496 3372 1506 3387 ‚
1541 3354 1571 3384 δι
1596 3352 1660 3384 lien
1685 3365 1794 3395 magna
1820 3381 1828 3394 ,
1864 3369 1919 3390 nec
1953 3367 2058 3392 tamen
2093 3374 2178 3396 rnor-

1182 3394 1254 3426 bida
1280 3417 1288 3430 ‚
1339 3394 1394 3426 nii
1441 3393 1529 3436 quod
1575 3395 1696 3428 diffeffl
1741 3398 1832 3432 lienis
1889 3400 1954 3435 visa
2000 3403 2079 3436 mihi
2134 3406 2176 3440 est

1184 3436 1354 3469 substantia
1382 3436 1484 3469 laxior
1511 3462 1517 3472 ,
1555 3439 1644 3470 color
1689 3450 1794 3474 autem
1840 3443 1960 3479 dilutus
1985 3469 1991 3475 .
2037 3449 2082 3479 At
2128 3461 2178 3483 re.-

1183 3492 1258 3512 num
1307 3490 1439 3520 uterque
1484 3479 1627 3519 pluribus
1685 3481 1897 3523 hydatidibus
1950 3499 2118 3524 excavatus
2162 3515 2173 3531 ,

1181 3535 1249 3565 quae
1284 3522 1339 3555 sub
1374 3522 1437 3564 ipsa
1473 3534 1580 3556 eorum
1625 3527 1732 3559 tunica
1776 3530 1994 3571 incipientes,
2027 3545 2064 3565 eo
2109 3547 2179 3576 per-

1180 3566 1385 3605 veniebant,
1431 3576 1466 3600 ut
1512 3566 1640 3600 tubulos
1683 3572 1739 3610 qui
1785 3573 1917 3616 papillas
1963 3576 2130 3617 excipiunt
2159 3602 2173 3620 ‚

1602 3612 1634 3644 K
1659 3611 1680 3645 k
1705 3612 1726 3645 k
1770 3626 1789 3658 3
2055 3631 2132 3654 con-

162 3735 2113 3755 'mmm

194 3814 233 3839 (l
249 3813 261 3841 )
280 3816 314 3839 11.
331 3812 441 3838 Animad·
458 3820 478 3839 4.
538 3816 551 3843 ζ
563 3813 606 3841 ⁸²)
622 3813 678 3838 Diffv
698 3813 725 3837 de
742 3814 811 3838 Uteri
829 3813 923 3838 Scirrho
939 3821 962 3837 n.
981 3815 1016 3837 153.

197 3842 324 3903 ((ρῙὲΑᾶ
352 3845 375 3866 N
404 3845 431 3866 C.
448 3845 523 3869 Τοπι.
540 3853 562 3867 2.
579 3844 638 3868 ΟΜ.
657 3847 708 3868 106.

286 3876 351 3902 Ibid.
368 3873 430 3898 Obs.
445 3881 479 3904 ις.
498 3876 523 3900 in
540 3874 648 3904 append.
665 3875 693 3898 ad
711 3873 733 3904 ζ).
751 3882 774 3899 1.

834 3847 843 3875 )
861 3846 895 3868 De
912 3845 996 3868 recond
1022 3813 1126 3869 Absciaesis
1138 3816 1167 3869 ria

836 3876 843 3904 (
862 3882 872 3898 ε
888 3875 901 3903 )
918 3875 961 3899 Dei
978 3877 1051 3905 Bagni
1069 3877 1091 3900 di
1111 3878 1176 3901 Pisa.

1502 3816 1545 3841 ts
1574 3818 1587 3848 ς
1618 3827 1635 3843 ι.
1696 3820 1925 3850 (ομὴῑφςς.

1486 3818 1610 3877 seweni.
1628 3851 1652 3874 s.
1667 3858 1688 3874 2.
1707 3850 1749 3873 cit.
1766 3850 1822 3874 oss

1171 3818 1192 3871 i..
1822 3868 1829 3875 .
1848 3858 1883 3880 ¹7·
1905 3853 1926 3882 §.
1944 3861 1968 3877 ι.
