2498 4075
321 209 474 274 Epist.
512 209 672 267 Anat·
709 210 927 264 Medica
961 205 1155 263 XLIII.
1178 206 1313 263 ,Art-
1348 223 1396 272 9.
1426 213 1501 258 1²0².
1550 208 1607 260 &
1636 222 1702 258 11.

22 287 174 325 xionem.
200 285 297 321 Unde
320 290 416 321 etiam
440 287 618 329 intelligis,
644 287 822 329 processum
846 288 940 322 illum
963 299 1029 322 non

24 329 113 373 quasi
136 331 277 364 canalem
300 332 459 373 quendam
480 341 670 373 perpetuum
695 330 861 373 spectasse,
882 333 940 374 qui
964 335 1030 373 pri-

21 374 116 407 ¹mum
141 373 209 407 vasa
236 374 290 408 illa
313 374 500 416 complexus
516 397 525 411 ,
549 372 664 408 deinde
688 374 719 407 se
752 373 856 417 ipsum
889 377 923 407 in
957 376 1028 408 Va-

24 418 166 459 ginalem
191 419 334 451 tunicam
357 417 552 458 explicaret.
580 417 652 451 Nec
675 415 745 450 sane
770 420 917 460 ignorare
939 427 1031 461 pote-

25 469 75 494 rat
93 483 102 497 ,
128 462 243 493 tunicae
268 460 362 503 hujus
386 472 500 494 cavum
523 471 587 494 non
613 461 752 495 multum
776 463 803 495 se
826 461 918 503 supra
942 462 1031 495 testi-

25 503 136 538 culum
160 503 330 541 attollere,
354 515 417 537 non
443 505 540 537 modo
564 514 712 538 anatome
736 503 771 538 id
804 505 996 538 monstrante
1020 527 1030 542 ‚

28 545 81 580 sed
103 549 133 579 &
168 548 452 586 Swammerdamio
485 548 519 582 in
549 547 706 581 Miraculo
738 549 878 588 ‘Natum
912 548 1028 583 diserte

27 591 219 625 admonente
235 616 243 631 ‚
266 602 336 624 eam
358 591 501 625 tunicam
536 601 593 623 non
610 590 644 632 se
660 590 694 633 se
717 591 817 624 multo
838 590 922 625 ultra
946 592 1029 632 testi-

26 632 112 667 culos
138 634 315 669 extendere.
339 633 440 673 Quod
472 633 595 668 secutus
630 633 749 668 Blafius
775 638 785 673 (
809 634 862 675 q)
887 635 959 668 inde
992 648 1027 669 ea

26 676 164 711 deduxit
187 688 280 719 quae,
304 677 359 715 ubi
384 677 422 710 de
446 676 632 719 Hydrocele
666 688 816 719 agemus,
838 676 920 712 infra
943 681 958 718 (
980 690 995 712 r
1017 683 1031 720 )

25 720 297 755 memorabimus.-
321 722 439 753 interea
465 722 498 754 in
511 720 720 763 Sepulchreto
745 726 754 760 (
776 719 825 765 s)
851 722 957 755 videre
968 733 1029 761 po-

28 764 125 797 teris.
149 764 230 805 Qo
254 762 333 796 sicut
357 763 413 795 illa
437 765 534 798 relata
568 764 641 803 suut
663 787 671 802 ,
705 765 750 797 ita
782 764 882 797 etiam
915 764 1028 800 referri

28 805 161 841 decebat
182 817 255 847 quae
280 808 580 841 Swammerdamius
601 806 747 841 indicato
773 807 868 845 loco,
892 809 922 842 ἃ
956 820 1028 852 quae

26 860 102 888 cum
125 861 164 883 eo
182 849 292 892 Justus
315 848 507 885 Schraderus
528 854 542 891 (
562 858 578 884 t
598 853 611 891 )
633 851 672 885 de
697 851 763 884 alio
784 851 920 884 omnino
945 877 954 891 ‚
988 851 1029 885 si-

54 892 162 927 uando
185 892 248 932 est,
269 894 439 935 peritonaei
463 894 631 936 processu,
657 894 722 927 alio
759 903 866 929 autem
900 893 1032 928 hernio-

43 947 135 970 orum
159 935 286 970 sacculo
309 937 542 971 observarunt.
567 937 657 977 Qid
682 948 759 979 ergo
782 936 825 970 est
850 963 859 976 ,
891 937 998 981 inquis
1020 959 1033 976 ,

28 979 118 1021 quod
142 990 248 1013 narrat
262 979 379 1014 Boscus
403 982 436 1015 in
450 979 659 1023 Sepulchreto
682 981 737 1023 (u
753 981 793 1023 ),
816 980 855 1014 ab
880 980 910 1015 se
931 980 1035 1014 osten-

31 1023 98 1057 sam
121 1024 156 1056 in
182 1034 305 1065 puer0,
328 1026 506 1058 enterocele
529 1024 717 1061 laborante,
739 1025 886 1066 vaginam
898 1023 1035 1065 testiculo

25 1078 45 1100 a
62 1067 231 1109 peritonaee
245 1063 370 1109 faciam
385 1093 394 1107 ,
417 1069 464 1102 ita
486 1067 655 1102 dilatatam
678 1067 710 1101 in
724 1065 782 1110 suo
812 1074 920 1100 exortu
942 1066 1035 1111 usque

28 1111 69 1143 ml
99 1107 195 1153 finem
231 1111 272 1143 cb*
301 1108 441 1153 fundum
471 1135 480 1150 ,
513 1118 550 1145 ut
582 1110 640 1143 dno
671 1110 766 1152 digiti
792 1107 893 1153 facile
935 1111 1035 1152 ingre-

24 1154 169 1190 derentur
191 1150 208 1186 ἕ
240 1153 414 1188 Crederem
459 1152 593 1188 forfitan
641 1163 769 1194 perraro
809 1153 920 1195 aliquo
962 1152 1037 1187 casu

27 1196 174 1238 diruptas
198 1195 274 1230 hinc
299 1198 400 1237 imam
432 1197 513 1232 sacci
535 1196 656 1232 herniae
678 1205 828 1237 partem,
854 1195 928 1230 inde
949 1195 1037 1230 sum-

29 1250 117 1274 mam
142 1239 313 1281 Vaginalis
336 1241 456 1276 tunicae
481 1242 514 1279 in
530 1251 629 1274 unum
641 1240 755 1274 tubum
767 1238 936 1277 coaluisse,
960 1249 1034 1280 aut,

28 1283 116 1325 quod
138 1283 173 1316 in
197 1282 351 1327 singulari
375 1285 514 1327 quadam
537 1285 589 1317 sua
613 1281 848 1327 ejusdemmodi
873 1283 1037 1318 Observa-

29 1328 121 1360 tione
145 1324 367 1370 suspicabatur
405 1327 538 1373 Meryus
561 1329 574 1367 (
595 1337 617 1361 x
638 1330 652 1367 )
674 1350 686 1366 ,
721 1336 757 1361 ut
790 1326 1037 1372 quadrupedum

30 1368 211 1413 plerisque,
234 1372 282 1403 ita
306 1371 334 1405 ei
359 1381 458 1412 puero
481 1375 633 1414 vaginam
656 1371 747 1405 istam
772 1381 787 1403 a
814 1372 934 1404 ventris
956 1381 1037 1405 cavo

26 1412 65 1448 ad
88 1412 272 1447 testiculum
297 1415 441 1457 perviam
464 1414 638 1457 obtigisse,
674 1414 857 1452 crederem,
881 1415 1037 1456 inquam,

28 1455 88 1489 nisi
114 1455 232 1490 Boscus
254 1457 290 1491 id
307 1456 387 1501 saepe
410 1457 441 1491 se
466 1458 597 1496 vidisse‚
620 1461 652 1493 &
689 1456 872 1496 ostendisse,
899 1457 1038 1493 affirma-

27 1509 77 1542 ret
91 1523 101 1539 ‚
127 1507 324 1543 putaretque
347 1500 490 1537 omnibus
505 1499 606 1546 facile
630 1498 685 1546 effe
706 1501 778 1544 'visu
799 1526 807 1535 .
832 1502 928 1545 ¹Cui-n
961 1513 1039 1535 vero

23 1545 173 1583 caeteris,
196 1543 317 1578 nedum
342 1542 426 1578 mihi
442 1556 542 1585 ‚uon
568 1545 668 1580 modo
701 1544 734 1578 id
758 1555 822 1578 non
857 1555 1004 1586 appareat
1026 1567 1038 1586 ,

26 1586 78 1621 sed
103 1587 199 1629 longe
212 1587 300 1622 aliud
324 1588 557 1623 evidentissime
569 1586 850 1630 deprehendatur3
874 1589 1038 1631 reliquum

24 1630 91 1670 est,
115 1638 151 1664 ut
182 1631 422 1666 hallucinatum
447 1630 508 1665 esse
530 1630 719 1668 hominem,
745 1633 776 1663 &
800 1642 854 1665 eos
877 1632 935 1673 qui
968 1631 1040 1665 ade-

27 1683 102 1712 rant
119 1698 128 1713 ‚
154 1674 375 1718 suspicemur,
400 1677 632 1711 extenuatione
655 1674 803 1715 fortasse,
828 1676 859 1707 &
884 1674 1042 1708 adhaefio-

22 1728 62 1750 ne
87 1717 252 1760 utriusque
274 1718 394 1753 tunicae
418 1728 493 1752 cum
518 1720 604 1752 inter
628 1716 676 1759 se,
700 1728 768 1752 tum
794 1718 830 1751 ad
855 1717 1040 1751 testiculum

21 1768 113 1794 tanta
130 1785 139 1800 ,
164 1770 201 1794 ut
226 1761 280 1795 hic
307 1760 498 1796 extuberans
522 1763 609 1796 intra
634 1761 760 1797 saccum
784 1761 906 1797 hernia:
941 1763 975 1794 in
1001 1773 1039 1795 eo

27 1803 166 1840 omnino
190 1803 249 1840 effe
273 1803 459 1839 videretur.

67 1859 100 1889 9.
126 1846 185 1881 sed
209 1847 359 1882 cavendae
382 1849 485 1889 magis
511 1848 544 1883 in
557 1849 640 1882 vivis
663 1847 932 1884 hallucinationes
944 1847 1039 1889 aliae,

19 1900 59 1924 ne
84 1890 295 1930 intestinum,
321 1899 375 1926 aut
388 1900 556 1926 omentum
569 1901 661 1926 extra
675 1893 948 1928 ventris-caveam
963 1902 1040 1934 pro-

18 1934 144 1977 lapsum
169 1932 252 1969 falso
278 1934 514 1969 existimemus.
540 1935 650 1970 Multa
675 1934 748 1970 sunt
770 1947 842 1978 quae
877 1934 1040 1977 ejusmodi

21 1987 167 2014 errorem
190 1978 332 2013 incautis
359 1977 547 2021 objiciant,
575 1987 611 2013 ut
635 1978 800 2013 testiculus
824 1979 880 2020 qui
905 1977 1004 2012 serius
1027 2000 1038 2016 ,

18 2016 114 2054 sicuti
151 2032 388 2063 nonnunquam
412 2022 533 2056 accidit
549 2046 558 2062 ,
581 2023 613 2055 in
639 2021 783 2056 scrotum
815 2021 1042 2059 descensurus,

20 2064 142 2106 inguee
164 2065 302 2100 attollat
317 2086 330 2104 ‚
352 2075 418 2098 non
444 2062 536 2099 facile
560 2074 666 2099 tamen
691 2077 750 2108 pro
774 2065 975 2099 bubonocele
991 2077 1042 2098 ac-

22 2107 218 2149 cipiendus,
245 2107 302 2141 nisi
328 2106 415 2142 forte
439 2109 480 2145 ab
504 2109 543 2142 iis
566 2110 623 2150 qui
661 2107 917 2143 ssrechtfeldium
952 2112 1006 2151 (y
1028 2111 1043 2148 >

23 2150 110 2190 haud
137 2152 290 2189 imitati,
317 2149 458 2184 scrotum
485 2160 599 2190 antea,
634 2151 811 2194 praesertim
847 2154 882 2184 in
915 2154 1041 2193 pueris,

21 2204 89 2231 non
116 2195 286 2236 explorent
301 2219 312 2234 ,
334 2205 391 2228 nec
414 2193 618 2229 deficientem
642 2197 675 2227 in
699 2207 737 2228 eo
761 2195 871 2229 testem
896 2194 1043 2228 animad-

23 2246 180 2272 vertant.-
205 2247 243 2272 ut
277 2237 426 2280 glandula
453 2237 561 2281 aliqua
596 2238 772 2281 inguinalis
803 2240 838 2274 in
869 2249 937 2271 eam
970 2236 1041 2270 for-

26 2291 114 2315 mam
137 2281 230 2315 aucta
252 2291 353 2323 quam
378 2280 524 2324 Epistola
539 2282 664 2316 XXXI.
692 2282 751 2324 (z
771 2284 786 2321 )
807 2283 840 2315 in
864 2282 970 2314 Lanio
985 2280 1039 2313 de-

23 2323 232 2367 scripsimus,
256 2333 310 2358 aut
333 2324 444 2358 multae
458 2335 531 2359 cum
556 2323 624 2359 sero
647 2324 841 2366 coagulato,
865 2324 1040 2367 qualesde-

22 2366 193 2411 prehendit
218 2367 378 2402 Reiselius
401 2371 415 2408 (
437 2379 454 2400 a
476 2371 514 2409 ).·
540 2378 574 2402 ut
609 2367 669 2401 alia
702 2367 831 2401 tandem
852 2391 861 2407 ‚
895 2379 966 2411 quae
999 2378 1039 2401 ne

21 2414 220 2455 imponant,
245 2421 359 2445 caetera
383 2411 456 2445 sunt
479 2412 652 2453 diligenter
687 2409 856 2452 spectanda
879 2432 888 2448 ,
925 2413 956 2445 &
987 2411 1039 2443 in-

22 2453 200 2498 quirenda.
225 2455 325 2488 Eram
349 2454 518 2492 Venetiis,
540 2465 621 2491 cum
639 2455 755 2487 mulier
778 2453 981 2497 chirurgos,
1005 2456 1038 2487 &

23 2498 198 2537 Medicus,
221 2498 254 2532 in
269 2496 318 2531 his
342 2499 551 2532 Santorinum
578 2497 751 2531 advocavit
768 2522 777 2538 ,
802 2508 837 2532 ut
860 2498 939 2540 quid
964 2496 1040 2532 esset

24 2541 115 2585 quod
140 2540 200 2575 libi
223 2543 257 2574 in
270 2540 372 2576 altero
395 2542 529 2583 inguine
545 2541 747 2583 prominebat
765 2565 773 2582 ‚
795 2540 1039 2585 dignoscerent,

23 2585 265 2621 bubonocelem
290 2586 392 2618 verita
416 2594 584 2628 propterea
607 2585 682 2629 quia
708 2593 836 2626 repente
848 2594 1038 2628 apparuerat

21 2631 108 2664 inter
130 2637 265 2662 conatus
301 2627 444 2663 adstricti
480 2630 603 2663 ventris
637 2628 865 2663 exonerandi.
903 2629 1038 2662 Herniae

24 2673 155 2707 aberant
167 2671 256 2714 signa
277 2673 411 2709 omnias
435 2672 496 2705 nisi
519 2672 606 2715 quod
632 2672 739 2706 statim
761 2680 861 2714 'atque
886 2683 960 2706 eum
983 2672 1035 2705 lo-

22 2726 99 2751 curn
123 2726 221 2749 manu
244 2723 408 2749 tentarent
424 2737 433 2751 ,
457 2715 572 2750 mulier
596 2715 704 2749 ructus
726 2715 921 2750 emittebat.
948 2715 1035 2753 Quae

10 2759 196 2804 ‘postquam
228 2758 273 2792 ob
304 2759 337 2793 id
360 2769 462 2797 unum
497 2758 645 2793 Medicos
668 2758 900 2793 animadvertit
933 2760 1036 2791 animi

29 2802 170 2846 pendere
185 2825 194 2841 ‚
218 2799 309 2841 risit,
330 2804 362 2835 δι
384 2813 611 2844 quamcunque
635 2804 697 2836 mei
721 2804 870 2844 corporis
904 2803 1036 2835 tentetis

27 2854 153 2890 partem
171 2870 179 2885 ‚
201 2843 304 2884 mihi,
329 2847 460 2887 inquit,
484 2845 696 2880 ructusillico
719 2846 860 2887 prodire,
875 2845 1035 2879 audietis.

28 2888 213 2924 Periculum
237 2888 395 2922 continuo
418 2887 566 2928 faciunt,
588 2891 621 2924 »ἂι
644 2890 805 2923 continuo
829 2890 937 2922 ruc'tus
960 2899 1033 2930 pro·

28 2936 150 2967 deunt.
175 2931 258 2966 Haec
282 2929 388 2971 mihi,
414 2931 548 2975 aliisque
572 2932 698 2966 Amicis
731 2943 807 2966 cum
844 2933 1035 2966 Santorinus

8 2976 190 3018 preferret,
213 2974 339 3009 caeteris
375 2983 411 3008 ut
441 2976 627 3010 inauditum
664 2976 859 3010 mirantibus
880 2998 893 3016 ,
925 2986 1036 3008 rarum

29 3019 93 3058 est,
118 3021 278 3061 inquam,
302 3027 368 3050 non
399 3018 601 3053 inauditum.
629 3020 750 3062 Legere
781 3020 867 3052 enim
900 3020 1036 3053 memini

31 3063 116 3106 apud
140 3060 373 3096 Ettmiillerum
395 3063 409 3101 (
432 3059 450 3094 b
471 3064 504 3102 ),
526 3073 632 3096 rarum
655 3062 710 3108 effe
734 3063 813 3106 quod
834 3062 1037 3096 Bartholinus

31 3108 64 3142 in
87 3104 188 3140 ,Aelis
210 3104 295 3138 Med.
327 3102 502 3146 Hafm'ens.
522 3115 556 3147 p.
593 3115 662 3147 199.
700 3106 742 3139 &
774 3104 913 3145 Rhodius
944 3108 977 3137 C.
1004 3116 1036 3138 2.

30 3148 102 3194 Obs-
127 3158 179 3191 52.
203 3146 426 3190 observarunt,
452 3148 490 3181 ab
512 3156 636 3183 externa
650 3146 801 3193 fribiione
813 3149 948 3190 corporis
960 3159 1038 3190 quo-

30 3203 150 3235 cunque
171 3192 203 3226 in
227 3192 292 3226 low
304 3190 411 3223 rufius
433 3191 613 3225 continuos.
638 3194 697 3226 Sed
713 3204 751 3225 ne
761 3193 847 3226 idem
874 3192 934 3224 tibi
948 3191 1038 3233 quod

33 3237 160 3271 Amicis
182 3234 247 3269 illis
259 3235 336 3267 meis
347 3232 492 3271 accidat,
514 3233 805 3270 fiforteindicatos
828 3235 869 3268 ab
892 3236 1039 3269 Ettmul-

37 3280 106 3314 lero
131 3279 291 3314 Aufiores
313 3277 347 3313 in
371 3287 404 3310 re
427 3287 550 3319 perrara
575 3279 666 3312 malis
689 3279 870 3322 inspicere;
894 3279 927 3311 in
941 3277 1039 3311 Rho-

34 3324 91 3363 dio
103 3322 235 3365 quidem
257 3319 440 3355 feliciorem
464 3320 640 3357 indicantis
653 3324 842 3356 memoriam
853 3320 947 3356 facile
956 3321 1040 3356 defi-

35 3367 182 3405 derabis3
207 3364 258 3397 sed
282 3365 316 3395 in
340 3363 537 3398 Bartholino
560 3374 731 3406 operarum
765 3376 872 3400 errore
896 3366 1007 3407 agnito
1030 3387 1040 3403 ‚

36 3418 109 3454 pag«,
135 3420 203 3450 199.
229 3418 288 3449 pro
313 3416 381 3449 194.
407 3407 599 3450 ponentium
616 3433 625 3447 ‚
651 3408 754 3450 reapse
786 3410 930 3442 invenies
964 3408 1041 3442 Ob-

38 3453 254 3489 servationem
278 3451 362 3486 viri,
387 3451 441 3491 qui
462 3461 480 3482 a
503 3449 565 3484 leni
579 3447 730 3492 fric'bione
743 3451 957 3494 cujuscumque
969 3462 1039 3484 cor.

34 3496 121 3542 poris
140 3496 245 3538 partis
261 3492 373 3534 statim
394 3493 427 3527 in
449 3501 525 3538 tam*
549 3502 701 3528 enormem
733 3493 888 3528 incidebat
917 3495 1036 3529 erucia-

50 3595 2088 3619 Q

951 3654 1018 3684 (s)
1036 3655 1099 3681 Sest.
1116 3655 1160 3680 hac
1174 3662 1214 3686 ²9·
1231 3654 1289 3680 Obs'.
1307 3663 1331 3680 2.
2007 3642 2008 3645 ¹

97 3652 109 3681 ί
124 3660 140 3681 q
185 3651 243 3676 Obs.
261 3654 333 3677 Anat.
349 3651 375 3676 in
391 3653 467 3677 Hom.
482 3651 524 3677 ubi
540 3651 569 3676 de
583 3652 666 3677 Teste.
728 3651 739 3684 (
755 3661 767 3678 r
782 3654 795 3682 )
811 3662 834 3679 ιι.
851 3661 890 3684 3²-

97 3683 113 3712 (
128 3690 145 3706 ιι
188 3683 250 3707 δεξὶ.
282 3684 324 3707 cit.
356 3682 413 3707 obs.
434 3692 469 3717 j.
545 3684 552 3711 (
569 3691 584 3706 x
600 3683 613 3711 2
644 3684 724 3708 Mem.
751 3685 780 3708 tle
811 3685 830 3708 l'
846 3685 920 3709 Acad.
952 3688 983 3710 R.

97 3715 142 3742 ι]
156 3713 169 3741 3
186 3713 240 3737 vid.
257 3713 319 3742 apud
335 3712 466 3739 Bartholm.
485 3713 539 3737 Ast.
556 3713 626 3738 Med.
642 3713 714 3738 Hasn.
732 3715 789 3743 Vol.
806 3722 826 3740 1.
842 3715 901 3740 Obs.
919 3720 971 3741 106.

100 3744 117 3771 (
131 3741 146 3765 h
161 3747 172 3770 2
188 3744 256 3767 Prax.
274 3746 293 3768 1.
312 3751 334 3768 1.
352 3745 375 3768 S,
390 3753 414 3773 4.
429 3751 450 3768 e.
468 3750 490 3767 2.
509 3744 533 3767 in
552 3743 663 3773 Prognes.

101 3773 117 3801 t
131 3781 142 3795 e
159 3778 169 3802 )
186 3773 237 3798 Aet.
257 3776 287 3798 N.
303 3776 333 3799 C.
351 3775 424 3799 Tom.
443 3781 465 3798 ι.
483 3773 544 3798 Obs.
560 3781 611 3804 225.

104 3804 119 3834 ζ
134 3802 149 3830 lo
164 3803 178 3831 )
192 3804 282 3829 Prosus.
299 3804 328 3829 de
344 3804 581 3836 Enterasspiplocei.

649 3805 755 3837 (ἱ)ιι.
774 3809 809 3832 ι6.
829 3815 866 3838 ¹7-

1017 3685 1058 3711 des
1088 3688 1126 3710 Sc.

725 3745 739 3774 (
756 3752 767 3768 e
783 3745 797 3773 )
814 3747 868 3771 lnst.
887 3746 953 3772 ehir.
973 3749 999 3771 P.
1013 3716 1077 3771 2.(5ζ.
1094 3717 1152 3776 }.nc.
1165 3724 1225 3771 ,ιζ-ο.
1241 3755 1265 3771 n.
1284 3755 1303 3772 ι.

673 3775 687 3804 (
699 3775 716 3805 f
728 3776 742 3803 )
758 3776 854 3807 synog.
870 3780 942 3802 Anat.
959 3776 1018 3801 ΟΜ.
1038 3776 1060 3811 ς.
1078 3778 1116 3805 89·

929 3808 945 3841 (Ι
959 3807 976 3832 k
992 3808 1005 3836 2
1024 3807 1085 3832 llud.
1102 3814 1126 3832 n.
1146 3814 1181 3838 ¹5-

1079 287 1217 325 tionem,
1239 291 1276 317 ut
1298 295 1355 318 non
1377 286 1467 328 prius
1487 284 1632 327 defineret
1654 283 1791 319 erueiare
1804 306 1814 324 ‚
1839 294 1932 326 quam
1951 280 2076 326 ceffarer

1071 326 1186 372 [νίἑῖίο
1200 354 1207 361 .
1229 327 1287 360 Est
1309 338 1414 363 autem
1435 341 1469 362 ea
1492 328 1692 362 observatio
1714 328 1794 362 CII.
1827 328 1929 361 Partis
1953 328 1979 360 I.
2004 328 2078 360 Vo-

1081 373 1159 405 lum.
1187 373 1214 405 1.
1235 371 1439 405 laudatorum
1454 372 1616 407 Aflorum
1630 397 1640 414 ,
1664 369 1885 407 Erechtfeldio
1907 369 2078 412 Reg-Ma-

1082 417 1141 450 tris
1164 413 1298 449 Medico
1320 415 1470 449 auctore.
1885 427 1887 430 ·

1128 468 1177 492 io.
1204 460 1285 491 Sunt
1317 460 1348 492 &
1383 459 1443 491 alia
1476 468 1540 491 non
1571 469 1661 500 aeque
1685 468 1815 500 perraro
1834 482 1845 499 ‚
1883 455 1935 491 sed
1970 465 2078 490 tamen

1080 513 1145 536 non
1167 502 1360 535 creberrime
1380 502 1604 539 occurrentia,
1628 512 1684 535 nec
1721 500 1820 535 modo
1849 500 1889 535 ad
1911 500 2045 544 inguina
2068 522 2078 538 ‚

1081 555 1192 579 verum
1214 546 1314 578 etiam
1337 544 1375 579 ad
1387 545 1577 579 umbilicum
1592 567 1601 582 ,
1624 548 1656 578 δε
1671 543 1840 583 scrotum,
1864 552 1935 587 quae
1958 546 1992 577 in
2004 541 2081 578 her-

1081 590 1144 625 niis
1165 588 1391 630 dignoscendis
1403 589 1521 623 morari
1546 587 1695 622 Medicos
1716 587 1854 631 possint,
1876 591 1908 621 δι
1930 598 2082 622 nonnun-

1081 643 1182 674 quam
1207 631 1374 673 decipere.
1398 633 1450 666 Sic
1477 633 1632 666 memoria
1656 641 1751 665 teneo
1771 655 1781 670 ,
1813 633 1846 664 in
1884 630 2082 664 Sereniffimo

1080 675 1225 717 quodam
1249 676 1419 717 Principe,
1444 674 1574 709 flatibus
1597 683 1729 716 quoque
1752 675 1837 707 inter
1871 683 1984 707 caetera
2010 698 2018 712 ‚
2050 675 2086 705 δι’

1081 717 1378 761 hypochondriacis
1400 720 1520 752 ventris
1542 716 1790 752 distentionibus
1810 717 1957 751 obnoxio
1971 738 1980 753 ,
2004 716 2085 749 rela-

1080 771 1152 795 tum
1175 761 1256 796 mih-i
1280 761 1320 795 ab
1342 760 1411 804 ejus
1434 760 1596 801 Medicis,
1619 759 1840 803 praestantibus
1865 760 2009 802 alioquin
2021 759 2087 791 Vi-

1081 806 1145 841 ris,
1167 804 1298 846 paululo
1322 804 1414 847 supra
1438 804 1630 839 umbilicum
1655 816 1671 836 a
1695 804 1890 839 sinisteriore
1925 807 2014 849 parte
2037 800 2086 834 es-

1083 852 1112 881 se
1136 848 1366 891 epiplocelem:
1388 858 1485 891 quem
1508 858 1570 890 ego
1592 848 1699 881 locum
1731 846 1924 891 explorans,
1955 846 2014 879 etsi
2040 844 2087 894 la-

1081 903 1156 926 xam
1179 890 1340 934 quandam
1363 894 1511 934 percepi,
1534 892 1699 934 levemque
1737 891 1990 932 prominentiam
2021 899 2087 922 cir-

1081 936 1148 969 culi
1171 935 1316 971 ambitu,
1338 935 1427 977 cujus
1438 936 1591 969 diameter
1614 945 1677 968 tres
1694 933 1814 968 'saltem
1834 935 1961 976 digitos
1983 931 2089 966 trans-

1088 979 1195 1012 versos
1217 987 1388 1020 aequaret;
1411 988 1518 1012 tamen
1551 989 1627 1012 cum
1659 976 1779 1012 subesse
1809 976 1894 1011 nihil
1932 976 2089 1019 inaequale

1087 1022 1263 1059 sentirem,
1290 1022 1440 1066 Princeps
1473 1031 1580 1055 autem
1613 1022 1679 1063 ipse
1711 1029 1777 1053 non
1807 1032 1843 1053 ea
1874 1020 2091 1061 interroganti

1089 1064 1293 1107 responderet
1315 1075 1387 1106 quae
1412 1065 1615 1099 Medicorum
1639 1064 1871 1098 confirmarent
1902 1063 2057 1104 judicium
2080 1076 2091 1100 ς

1090 1109 1192 1145 malui
1214 1105 1421 1142 assensionem
1445 1105 1596 1141 sustinere
1612 1133 1621 1147 ,
1646 1118 1704 1141 nec
1728 1118 1778 1141 me
1811 1107 1993 1150 poenituit‚
2016 1117 2093 1140 cum

1089 1152 1219 1194 aliquot
1244 1152 1314 1194 post
1339 1150 1495 1184 mensibus
1518 1161 1557 1185 ex
1580 1151 1702 1184 mortui
1722 1149 1769 1183 ob
1792 1149 1889 1192 longe
1911 1149 2006 1182 aliam
2019 1161 2098 1184 cau-

1090 1196 1182 1233 sam,
1207 1194 1245 1228 ad
1270 1206 1320 1227 me
1343 1193 1431 1227 missa
1453 1193 1642 1228 diffefflone
1659 1218 1669 1235 ,
1700 1193 1820 1226 certior
1852 1191 1958 1226 fastus
1993 1191 2061 1226 sum
2086 1218 2096 1234 ,

1089 1239 1317 1281 deceptionem
1339 1237 1509 1277 accidisse,
1532 1249 1548 1270 a
1570 1237 1645 1272 Cel.
1671 1235 1821 1271 Heistero
1851 1239 1865 1275 (
1886 1247 1903 1268 c
1925 1239 1937 1274 )
1973 1236 2097 1270 indica-

1090 1292 1181 1320 tam,
1206 1282 1326 1315 scilicet
1351 1280 1433 1314 nihil
1458 1281 1504 1314 ibi
1531 1280 1589 1313 sub
1611 1290 1685 1314 cute
1716 1286 1832 1321 praeter
1865 1280 2097 1321 pinguedinem

1089 1325 1183 1361 fuisse
1205 1323 1575 1361 cellulasdisiendentem
1591 1323 1783 1358 membranae
1794 1321 1968 1365 Adiposae,
1992 1333 2058 1356 non
2081 1335 2099 1357 a

1093 1370 1271 1412 peritonaeo
1285 1395 1296 1410 ‚
1316 1368 1405 1411 quod
1427 1369 1521 1402 nullo
1546 1367 1646 1402 modo
1665 1367 1780 1400 <laxum
1795 1375 1863 1399 erat
1878 1388 1888 1403 ‚
1913 1367 2099 1401 extrorsum

1090 1412 1288 1453 compulsae,
1313 1409 1367 1444 sed
1392 1422 1526 1455 propter,
1548 1410 1709 1454 majorem
1731 1421 1768 1442 eo
1792 1410 1827 1442 in
1851 1411 1925 1443 loco
1947 1406 2011 1444 suae
2025 1412 2102 1452 pin-

1095 1455 1245 1499 guedinis
1267 1456 1396 1497 copiam
1420 1467 1460 1488 eo
1483 1457 1517 1489 in
1541 1456 1615 1489 loco
1639 1453 1873 1495 prominentis:
1896 1463 1965 1494 quo
1986 1452 2025 1486 de
2047 1464 2102 1495 ge-

1092 1510 1167 1532 nere
1191 1509 1359 1533 tumorum
1382 1500 1420 1533 ad
1445 1508 1476 1532 te
1500 1498 1577 1532 alias
1600 1503 1610 1538 (
1634 1498 1688 1539 d)
1712 1494 1870 1530 scribam.
1895 1496 1957 1530 Sed
1981 1504 2017 1529 ut
2040 1496 2103 1530 bu.

1093 1543 1286 1576 bonocelem
1309 1543 1485 1585 aliquando
1518 1543 1718 1576 mentiantur
1747 1564 1756 1580 ,
1785 1537 1928 1572 ostendit
1959 1538 2106 1574 Schulzii

1093 1590 1106 1625 i(
1132 1587 1181 1628 e)
1205 1586 1409 1620 Observatio
1431 1587 1466 1619 in
1492 1587 1565 1619 viro
1587 1587 1623 1619 in
1646 1592 1714 1626 quo
1739 1590 1834 1615 tanto
1857 1579 1989 1615 facilior
2023 1581 2106 1618 fuis-

1095 1628 1145 1663 set
1169 1640 1278 1669 error,
1299 1631 1388 1671 quod
1410 1639 1486 1662 cum
1510 1628 1584 1662 esset
1617 1626 1827 1663 macilentus,
1850 1634 1944 1671 nemo
1978 1634 2105 1662 tantam

1095 1672 1307 1716 pinguedinis
1322 1673 1459 1717 copiam
1483 1670 1560 1707 vasis
1585 1669 1792 1714 Spermaticis
1827 1667 2014 1711 adjunctam
2046 1682 2107 1713 pu-

1097 1715 1210 1750 taffet.
1237 1717 1281 1749 Et
1305 1717 1453 1757 quamvis
1476 1717 1672 1759 praepinguis
1695 1712 1770 1748 esset
1790 1712 1871 1745 alter
1891 1723 1989 1754 quem
2011 1712 2108 1748 disse-

1093 1762 1167 1795 cuit
1193 1760 1356 1793 Petschius
1377 1757 1433 1803 (f
1449 1764 1481 1800 >3
1506 1769 1613 1793 tamen
1636 1760 1670 1791 in
1694 1755 1835 1799 proclivi
1865 1755 2014 1799 deceptio
2038 1767 2107 1793 etat

1092 1812 1267 1845 ‘propterea
1291 1804 1367 1844 quia
1392 1803 1555 1845 pinguedo
1578 1804 1613 1835 in
1637 1800 1811 1835 substantia
1835 1800 2006 1842 peritonaei
2041 1803 2107 1836 cel.

1093 1847 1198 1881 Llulosa
1221 1846 1379 1884 collecta,
1397 1855 1454 1888 per
1474 1844 1604 1880 annulos
1626 1843 1844 1889 miscrorum,
1868 1851 1933 1876 non
1956 1845 1990 1877 in
2015 1854 2107 1880 utro-

1093 1901 1183 1932 que,
1204 1888 1253 1924 sed
1279 1890 1312 1922 in
1337 1888 1471 1923 dextero
1493 1889 1663 1924 dumtaxat
1697 1889 1796 1923 latere
1831 1898 1867 1920 ea
1901 1890 1996 1930 copia
2030 1893 2108 1931 pro-

1093 1933 1324 1975 grediebatur,
1350 1941 1386 1966 ut
1410 1932 1458 1967 ibi
1480 1931 1666 1967 oscheocele
1690 1929 1749 1967 esse
1772 1929 1937 1965 videretur
1959 1956 1966 1964 .
2001 1931 2108 1967 Porro

1099 1979 1135 2009 in
1160 1977 1291 2014 scroto,
1316 1976 1372 2011 ubi
1396 1977 1593 2019 caeteroquin
1626 1974 1712 2010 haud
1735 1985 1807 2009 raro
1827 1975 1903 2008 cum
1937 1976 2109 2020 multiplex

1100 2021 1196 2053 fimus
1221 2019 1264 2053 est
1287 2020 1407 2055 herniae,
1429 2031 1549 2063 genus,
1574 2020 1710 2054 alterum
1734 2018 1775 2053 ab
1785 2018 1889 2052 altero
1911 2018 2080 2055 oscuratur
2098 2043 2108 2058 ,

1098 2072 1138 2097 nt
1171 2075 1243 2097 curn
1280 2064 1381 2097 multa
1403 2062 1612 2107 circumjecta
1647 2072 1728 2107 aqua
1761 2062 1914 2106 prohibet
1948 2064 2108 2099 inclusum

1098 2116 1293 2146 omentum,
1314 2108 1589 2148 autintestinum,
1611 2117 1666 2142 aut
1691 2106 1789 2142 ambo
1811 2106 1925 2149 digitis
1949 2109 2108 2143 tentando

1098 2150 1342 2191 internoscere,·
1366 2150 1509 2186 accidere
1532 2161 1688 2195 praeterea
1713 2161 1946 2193 nonnunquam
1968 2151 2073 2194 potest
2095 2176 2106 2191 ‚

1100 2203 1141 2226 ut
1163 2193 1212 2226 vel
1237 2194 1371 2235 simplex
1395 2206 1493 2238 genus
1518 2195 1653 2239 aliquod
1666 2195 1843 2237 multiplex
1866 2192 1947 2236 effe,
1970 2205 2107 2231 autnon

1097 2236 1194 2278 quale
1226 2237 1272 2270 est
1292 2259 1303 2275 ,
1336 2237 1396 2273 esse
1428 2239 1669 2273 existimemus.
1702 2239 1788 2277 Quis
1820 2239 1907 2272 enim
1949 2240 1982 2273 in
2018 2240 2073 2274 illa
2098 2265 2110 2282 ‚

1098 2280 1238 2322 exempli
1261 2280 1377 2322 causa,
1400 2282 1525 2317 Vesalii
1549 2282 1789 2317 Observatione
1808 2305 1818 2320 ‚
1853 2293 1952 2326 qua-m
1985 2283 2019 2317 in
2053 2285 2108 2318 Se-

1098 2323 1272 2365 pulchreto
1295 2336 1425 2369 quoque
1446 2330 1460 2366 ζ
1483 2338 1502 2369 g
1524 2331 1538 2367 )
1559 2326 1655 2361 habes
1676 2324 1898 2368 descriptam,
1921 2338 1996 2361 cum
2020 2326 2109 2362 scro-

1096 2376 1170 2400 tum
1194 2367 1338 2409 amplum
1363 2370 1462 2407 adeo,
1488 2373 1519 2403 δε
1550 2381 1649 2412 grave
1681 2368 1974 2410 animadvertisset,
1999 2373 2074 2415 quis
2096 2396 2107 2413 ,

1095 2411 1255 2452 inquam,
1280 2422 1320 2444 ex
1343 2411 1408 2446 sola
1431 2412 1533 2455 illapsi
1557 2414 1684 2448 omenti
1707 2423 1797 2456 parte
1819 2411 1878 2447 esse
1897 2437 1909 2454 ,
1943 2414 2106 2457 putasset,
2145 2414 2149 2422 ‘

1093 2465 1135 2486 -eo
1158 2453 1257 2496 usque
1281 2455 1392 2493 suffita,
1419 2465 1453 2489 ut
1475 2464 1607 2498 quatuor
1629 2464 1686 2490 aut
1706 2457 1840 2499 quinque
1862 2456 2013 2494 librarum
2027 2470 2107 2503 pon.

1091 2497 1153 2529 dus
1172 2496 1343 2537 penderet?
1365 2500 1435 2532 Aut
1458 2509 1577 2541 quotus
1611 2499 1771 2543 quisque;
1793 2509 1830 2533 ut
1864 2502 1902 2534 ad
1939 2505 2100 2540 recentius

1094 2540 1278 2582 exemplum
1303 2542 1489 2581 veniamus,-
1513 2542 1609 2576 facile
1631 2543 1854 2585 deceptionem
1877 2546 2006 2581 vitasset
2030 2551 2044 2588 <
2068 2552 2102 2584 in

1094 2593 1196 2625 quam
1219 2583 1372 2618 Gunzius
1394 2586 1462 2628 ipse
1487 2590 1497 2625 (
1520 2586 1574 2629 h)
1600 2586 1756 2620 laudabili
1771 2589 1972 2629 ingenuitate
1997 2591 2025 2626 se
2049 2593 2102 2627 in„-

1094 2624 1222 2666 cidisse,
1247 2625 1404 2671 fatetur)
1430 2638 1465 2663 ut
1489 2640 1563 2663 cum
1588 2629 1806 2672 angustiorem
1840 2632 1875 2666 ad
1900 2634 2042 2677 inguen,
2065 2639 2100 2673 in

1093 2670 1203 2703 scroto
1226 2681 1332 2704 autem
1357 2683 1509 2715 magnum
1526 2696 1534 2710 ‚
1560 2675 1767 2717 amplumque
1790 2685 1864 2709 cum
1898 2679 2099 2715 rotunditate

1092 2723 1257 2747 tumorem
1281 2714 1404 2750 videret
1428 2728 1439 2755 3
1474 2728 1538 2750 non
1563 2717 1611 2751 ibi
1646 2718 1791 2751 inteslini
1825 2719 2023 2764 quidquam,
2047 2724 2098 2759 sed

1092 2768 1260 2790 omentum
1285 2757 1410 2798 solum,
1435 2760 1523 2802 quod
1548 2762 1717 2794 inventum
1729 2760 1769 2795 est
1791 2762 1918 2797 crassius
1940 2764 2061 2802 factum
2086 2793 2098 2810 ,

1091 2802 1123 2832 &
1139 2800 1275 2834 inferius
1288 2803 1481 2844 replicatum
1494 2825 1505 2842 2
1517 2804 1691 2843 concludi,
1714 2805 1920 2841 existimare?
1944 2811 2015 2844 Aut
2025 2813 2096 2854 quis

1088 2842 1229 2887 denique
1251 2847 1303 2878 cui
1328 2845 1391 2878 sint
1414 2847 1594 2888 incognitae
1626 2847 1900 2887 Observationes,
1925 2862 1992 2886 non
2016 2854 2095 2898 saepe

1088 2887 1198 2920 obviae
1218 2908 1227 2923 ,
1261 2887 1478 2929 praestantium
1522 2891 1682 2924 Virorum
1725 2903 1806 2933 quos
1849 2893 1913 2926 tibi
1946 2897 2094 2939 Epistola

1089 2931 1251 2981 xxxiv.
1277 2933 1290 2970 <
1313 2931 1359 2973 ι’)
1383 2932 1584 2966 laudavimus
1600 2954 1610 2970 ‚
1632 2945 1705 2968 cum
1727 2935 1856 2975 videat,
1881 2934 1919 2972 ad
1944 2939 2095 2984 pleraque

1090 2974 1153 3007 alia
1175 2976 1349 3017 intercepti
1373 2975 1514 3009 intestini
1538 2977 1778 3020 symptomata,
1812 2979 1894 3014 illud
1919 2992 1983 3016 non
2007 2996 2095 3019 acce-

1088 3018 1160 3053 dere
1184 3026 1220 3051 ut
1244 3019 1297 3050 via
1319 3018 1547 3053 intestinorum
1569 3021 1825 3062 intercludatur,
1849 3024 2004 3060 affirmare
2035 3040 2093 3064 au-

1089 3061 1183 3101 deat,
1206 3061 1347 3102 aliquam
1370 3061 1490 3096 horum
1513 3064 1725 3107 interceptam
1749 3065 1809 3100 effe
1832 3076 1952 3110 partem
1967 3069 2031 3105 sive
2053 3074 2092 3107 ad

1090 3105 1306 3144 umbilicum,
1328 3103 1394 3137 five
1417 3104 1456 3138 ad
1478 3107 1619 3147 inguen,
1644 3109 1710 3141 five
1732 3109 1766 3142 in
1791 3109 1918 3151 serore,
1943 3122 1979 3146 ut
2014 3114 2091 3153 alii,

1090 3149 1156 3184 five
1167 3148 1205 3183 ad
1217 3147 1348 3181 femoris
1369 3149 1501 3183 initium
1516 3174 1524 3189 ‚
1547 3159 1584 3183 ut
1608 3162 1666 3185 nos
1688 3150 1953 3195 deprehendimus
1976 3160 1987 3195 (
2012 3158 2030 3197 l<
2052 3161 2091 3197 ).·

1090 3192 1126 3224 δε
1147 3200 1279 3227 contra,
1303 3190 1426 3226 tametsi
1448 3204 1642 3228 recrementa
1666 3196 1754 3229 nulla
1788 3194 1973 3237 transeant,
2006 3200 2089 3235 nihil

1090 3243 1196 3269 tamen
1210 3256 1219 3271 ‚
1244 3233 1300 3267 nisi
1325 3245 1447 3276 partem
1472 3236 1613 3275 aliquam
1626 3239 1910 3281 parietisintestini
1924 3264 1936 3281 ‚
1959 3238 2017 3276 effe
2036 3245 2089 3277 in—

1090 3286 1293 3321 terceptum,
1324 3285 1360 3310 ut
1383 3289 1441 3311 nos
1463 3279 1543 3312 olim
1578 3281 1617 3316 ad
1649 3282 1769 3326 inguen
1804 3282 1946 3317 vidimus
1976 3283 2022 3328 (l
2045 3290 2057 3326 )
2078 3309 2090 3326 ,

1091 3323 1274 3368 nuperrime
1297 3330 1400 3357 autem
1425 3322 1473 3355 vel
1496 3322 1632 3359 inferius
1653 3326 1836 3367 Chirurgus
1869 3327 2090 3368 Experientist

1092 3366 1187 3398 simus
1211 3366 1378 3397 Antonius
1402 3365 1582 3401 Benevolus
1603 3368 1670 3410 (m
1693 3373 1724 3409 ).
1748 3370 1805 3402 Sed
1830 3372 1862 3402 Sc
1884 3370 1988 3411 postea
2024 3372 2089 3407 for.

1093 3406 1168 3440 tasse
1193 3410 1251 3442 erit
1274 3409 1348 3441 alias
1371 3409 1404 3440 in
1427 3409 1657 3451 dignoscendis
1676 3412 1796 3446 herniis
1819 3411 1927 3447 faciles
1951 3414 2089 3451 halluci-

1094 3453 1243 3485 nationes
1264 3451 1429 3485 indicandi
1450 3452 1560 3488 locus.

1136 3504 1185 3529 11.
1210 3495 1311 3528 Nunc
1354 3496 1440 3529 euim
1474 3495 1598 3540 aliquid
1644 3498 1867 3542 attingendum
1900 3498 1943 3534 est
1975 3501 2015 3536 de
2047 3504 2089 3540 iis

1974 3557 2046 3588 quae

1394 3657 1409 3686 c
1425 3664 1435 3681 ι
1451 3658 1465 3687 >
1480 3661 1541 3684 uec.
1557 3667 1580 3683 2.
1597 3661 1656 3686 obs.
1672 3644 1745 3686 anat.
1762 3663 1832 3688 Mea.
1851 3672 1872 3693 ς.

1158 3688 1190 3711 Α.
1222 3694 1290 3716 ¹70¹·
1325 3685 1383 3711 obs.
1408 3695 1428 3716 3.

1263 3719 1277 3746 (
1292 3725 1307 3740 a
1325 3717 1339 3746 )
1355 3717 1418 3746 Eph.
1435 3720 1470 3743 N.
1488 3721 1515 3744 C.
1532 3723 1592 3745 Dee.
1608 3729 1632 3746 ι.
1649 3723 1680 3746 Α.
1696 3729 1720 3751 7.
1735 3721 1796 3748 obs.
1815 3731 1849 3749 ια.

1366 3749 1381 3777 (
1396 3748 1412 3772 d
1432 3749 1438 3777 )
1454 3750 1529 3778 Epist.
1548 3759 1586 3781 50.
1605 3760 1630 3777 n.
1646 3760 1684 3782 24.
1777 3770 1782 3774 ν

1183 3777 1225 3808 (g
1240 3778 1254 3806 )
1270 3777 1331 3804 Sess.
1349 3778 1393 3812 hac
1409 3787 1447 3808 29.
1463 3781 1522 3806 ΟΜ.
1540 3790 1575 3811 ¹5·
1593 3782 1615 3812 §.
1631 3790 1650 3812 3.

1245 3812 1255 3834 <
1271 3809 1280 3831 ι
1295 3813 1306 3839 )
1327 3808 1429 3836 ibid...
1447 3812 1491 3836 iga.
1544 3813 1559 3842 ζ,
1574 3814 1627 3843 m)
1645 3815 1695 3838 Due
1711 3816 1795 3840 Relaz.
1822 3813 1936 3848 Csairurge
1961 3819 2084 3846 Rela'z,·2.
