2498 4075
397 224 546 292 Epist.
583 225 746 281 Anat.
779 223 991 280 Medica
1026 222 1352 280 xxxvii-1.
1385 223 1670 291 Art.‘63.&
1689 225 1771 288 54.-
1811 184 1813 186 ’

77 305 244 345 ernssone,
267 313 403 350 utraque
425 316 532 342 tamen
555 306 701 345 recenti,
723 305 899 340 Chornelio
922 306 970 349 (l
991 308 1002 344 )
1026 316 1073 338 res

77 346 276 388 successerit,
299 361 355 387 nec
378 350 457 393 quid
481 351 620 383 Littrius
643 348 709 390 (m
729 350 744 387 )
766 347 911 382 adversus
933 348 1001 382 haec
1024 348 1074 382 ul-

76 403 147 424 cera
173 394 312 434 primum
337 392 532 435 injiciendo,
555 391 667 427 deinde
692 391 769 425 scite
792 392 1036 436 comprimendo
1061 413 1072 429 ‚

78 435 337 478 vinciendoque,
361 438 428 472 imo
453 437 552 471 etiarn
576 434 723 469 adversus
748 444 908 473 tumores,
944 435 1074 477 desuper

75 477 272 518 incidendo,
292 482 322 512 δε
347 479 490 513 curando
513 487 693 521 proponat.
719 479 791 512 Scio
823 489 951 521 quoque
976 500 984 514 ›
1028 478 1073 510 le·

77 521 198 561 vandi,
221 533 286 557 non
313 521 441 558 sanandi
464 522 572 560 causa,
600 521 655 554 ubi
681 530 842 557 tumores,
876 524 906 554 &
940 532 997 563 pus
1028 521 1073 553 es-

75 561 168 603 sent,
192 576 209 598 a
233 566 361 599 Laubio
384 568 398 605 (
419 576 438 597 n
462 568 472 604 )
497 575 611 606 aquam
634 563 724 598 fuisle
748 564 912 598 edu6mm.
949 565 1075 599 Verum

74 605 131 640 hic
154 607 237 641 mihi
263 619 368 642 tecum
392 608 494 641 sermo
515 608 558 643 est
584 618 647 639 non
670 607 709 640 de
735 608 895 641 inchoatis
920 607 958 640 ab
982 616 1075 640 natu-

73 660 107 682 ra
126 675 134 690 ,
158 661 214 684 aut·
243 652 282 685 ab
305 661 370 685 arte
416 650 643 685 curationibus
676 650 922 692 persequendis,
949 649 1002 684 sed
1037 651 1076 683 de

73 692 197 733 libere,
220 704 276 728 nec
300 693 362 727 fine
384 692 461 735 justa
487 693 670 736 persanandi
696 693 746 736 spe
770 694 1077 736 suscipiendis.lgi-

73 745 129 769 tur
151 736 206 770 has
229 739 327 771 etiam
350 749 427 780 quas
452 738 549 770 modo
573 736 726 771 addebam
743 764 750 777 ‚
776 748 895 781 aegraS,
918 748 991 770 cum
1017 748 1076 777 po-

75 780 176 817 teris,
202 781 339 815 vitabis.
365 782 411 812 At
436 780 507 813 sunt
532 790 683 822 praeterea
716 781 749 813 in
782 780 900 822 quibus
934 789 1076 813 tumores

74 835 90 855 a
114 824 253 859 distento
276 822 445 857 abdomine
469 823 552 857 haud
579 823 707 865 prorsus
741 823 932 857 occulantur
954 846 967 863 ,
1011 822 1074 856 sive

74 865 163 908 quod
187 868 292 900 minor
316 865 418 900 adhuc
442 878 530 909 aquae
554 867 646 907 copia
670 867 708 899 sit
725 889 733 902 ,
758 876 793 900 ut
828 868 861 899 in
899 866 997 899 altera
1032 877 1072 900 ex

72 909 113 941 iis
157 920 234 952 quas
278 910 344 952 ipse
368 909 505 951 produxi
531 913 540 948 (
564 921 580 942 ο
604 913 637 948 ),
663 909 981 947 observationibus,
1007 908 1071 941 sive

72 952 169 986 etiam
194 952 282 993 quod
305 953 444 990 humor,
471 963 524 986 aut
551 954 680 985 materia
705 953 826 995 quaevis
859 953 919 985 alia
944 974 953 989 ,
983 950 1070 985 cras-

71 994 133 1028 fior
156 1005 220 1028 non
245 1006 398 1038 perpetuo
422 996 562 1038 quodam
586 995 699 1036 sacco,
723 995 773 1029 sed
796 996 829 1029 in
865 996 970 1036 plures
1016 1006 1070 1027 ca-

72 1047 143 1070 veas
168 1037 359 1080 dispertito,
384 1042 589 1073 contineatur
612 1038 652 1072 sic
677 1049 711 1072 ut
758 1040 826 1072 aliae
872 1039 927 1070 illa
972 1040 1072 1080 magis

77 1088 249 1122 turgeant,
282 1084 350 1115 aliae
376 1086 481 1115 minus
498 1108 505 1122 ‚
530 1082 637 1124 quales
660 1083 692 1114 in
719 1091 852 1114 mortuae
875 1080 1072 1115 obstetricis

72 1121 259 1158 diffeffione
283 1125 418 1159 offendit
441 1126 644 1159 Camerarius
655 1125 758 1158 Filius
781 1125 834 1167 (p
856 1127 890 1163 >,
915 1126 971 1167 qui
995 1135 1072 1166 pru-

71 1166 182 1199 denter
205 1170 455 1210 paracentesim‚
479 1169 518 1203 ab
564 1169 628 1201 alio
673 1167 931 1201 commendatam
947 1193 955 1206 ,
979 1167 1071 1200 insti-

72 1219 165 1243 tuere
189 1213 334 1245 noluerat
357 1221 524 1255 propterea
556 1212 630 1253 quia
677 1210 855 1253 inaequalem
899 1209 1072 1245 abdominis

72 1252 203 1292 molem,
227 1256 269 1289 Θ
292 1254 444 1294 diversum
468 1256 657 1298 diversarum
680 1257 837 1296 regionum
858 1253 990 1296 renzsum
1005 1255 1074 1287 ani-

73 1295 308 1333 madverterat.
333 1298 423 1339 Qd
447 1300 532 1331 enim
556 1301 588 1331 in
612 1296 673 1330 hoc
695 1296 794 1337 casu,
818 1306 873 1330 aut
897 1299 930 1330 in
956 1297 1074 1330 illoet-

72 1340 139 1374 iam
163 1352 258 1382 quem
281 1340 491 1383 Galarliepius
517 1345 527 1381 (
551 1352 569 1383 q
592 1344 603 1379 )
625 1339 854 1383 descripserat,
891 1349 1072 1382 paracente-

75 1384 117 1416 fis
141 1382 245 1418 facere
268 1383 451 1427 potuisset?
474 1385 611 1419 Materia
634 1385 718 1416 enim
742 1384 804 1417 sive
828 1384 986 1426 glurinis,
1009 1383 1072 1417 five

70 1425 236 1468 spermatis
260 1439 409 1462 ranarum
435 1427 548 1462 similis
571 1437 625 1469 per
649 1427 784 1469 amplius
807 1426 968 1461 inflictum
1003 1427 1072 1461 vul-

72 1480 130 1503 nus
146 1492 155 1507 ,
181 1482 245 1504 non
271 1470 369 1505 modo
394 1482 448 1513 per
492 1470 679 1504 consuetum
702 1469 868 1504 'foramen
883 1493 892 1508 ‚
910 1470 1002 1504 vhaud
1027 1469 1076 1503 ef-

72 1511 171 1547 fluit:
196 1516 226 1547 δι
248 1513 270 1547 si
294 1515 419 1552 tenuis,
443 1515 513 1548 imo
557 1512 734 1547 tenuissima
777 1515 875 1546 etiarn
921 1515 982 1551 sit3
1019 1514 1076 1547 ubi

72 1557 207 1593 multis,
234 1566 271 1591 ut
295 1559 330 1591 in
354 1567 491 1600 utraque
513 1557 568 1590 illa
591 1557 830 1590 Observatione
850 1579 862 1596 ‚
894 1556 1079 1598 interseptis

69 1597 263 1636 discluditur
280 1627 288 1641 ‚
311 1600 437 1634 tametsi
463 1612 503 1633 ex
526 1610 586 1633 una
611 1611 707 1641 quam
720 1598 955 1642 perse-faveris,
979 1611 1077 1633 cavea

69 1653 182 1681 exeat,
205 1654 271 1676 non
296 1654 463 1686 propterea
486 1654 524 1676 ex
547 1643 679 1685 reliquis
704 1641 835 1685 prodit,
862 1643 997 1685 ideoque
1022 1643 1077 1677 hic

69 1686 197 1721 accidat
220 1685 337 1721 necesse
361 1686 421 1725 est,
446 1685 532 1728 quod
557 1687 590 1718 in
627 1686 723 1719 ascite
766 1687 954 1728 contingere
985 1685 1074 1719 dixi-

69 1741 140 1764 mus
165 1729 214 1771 (r
236 1733 246 1767 )
273 1729 403 1771 quando
426 1731 451 1762 is
475 1741 514 1762 ex
537 1728 747 1772 hydatidibus
771 1728 828 1768 fit,
852 1733 950 1763 etiam
991 1741 1073 1763 con-

68 1773 158 1807 nexis
182 1773 265 1807 inter
288 1772 316 1806 se
331 1799 338 1807 .
362 1772 472 1810 Quem
494 1773 601 1806 casum
624 1785 699 1806 cum
723 1774 807 1806 inter
840 1774 927 1807 varia
964 1773 1070 1806 ascitis

67 1827 181 1860 genera
205 1817 328 1851 videam
355 1814 487 1856 referri3
512 1816 603 1849 nolui
622 1816 783 1858 saccatum
806 1815 911 1855 hunc,
937 1826 972 1850 ut
995 1816 1072 1850 Ob·-

68 1860 244 1894 servatores
268 1860 487 1901 appellarunt,
512 1857 678 1901 hydropem
710 1858 771 1892 hoc
817 1859 891 1892 loco
936 1868 1071 1900 praeter-

73 1905 226 1937 mittere.
253 1903 339 1937 Nam
363 1901 417 1935 etfi
445 1903 599 1939 materia,
635 1905 666 1935 &
698 1901 880 1944 interseptis
911 1902 1071 1945 discrepat

71 1947 112 1980 ab
135 1945 282 1989 hydrope
303 1944 519 1988 frequentiori
544 1945 740 1987 peritonaei3
765 1944 839 1978 huic
879 1955 986 1979 tamen
1019 1949 1071 1979 in-

71 1989 237 2024 nascitur:
262 2000 317 2023 nec
340 1988 427 2033 quod
453 1989 556 2022 rarior
579 1987 635 2026 sit,
661 1987 783 2021 idcirco
807 2000 822 2021 a
844 1989 939 2023 nobis
970 1990 1072 2023 omit-

69 2035 119 2072 ti,
144 2034 214 2067 imo
238 2034 288 2067 vel
312 2041 481 2076 propterea
503 2033 754 2065 commemarari
777 2031 892 2066 debuit
911 2056 925 2073 ,
958 2044 996 2066 ne
1031 2031 1072 2066 fi-

68 2076 200 2120 quando
224 2075 312 2109 forte
335 2084 507 2113 occurrat,
535 2084 652 2108 temere
675 2076 795 2115 iterum
824 2087 899 2109 cum
940 2076 1037 2110 ascite
1059 2098 1070 2114 ‚

72 2129 129 2154 aut
152 2131 227 2154 cum
253 2120 354 2154 altero
376 2120 480 2162 magis
503 2127 586 2152 noto
610 2119 779 2163 peritonaei
803 2118 951 2163 hydrope
995 2131 1074 2152 con-

68 2163 246 2199 fundatur,

116 2210 171 2250 63.
195 2206 289 2250 Quin
307 2205 406 2249 juvat
432 2207 512 2240 alios
535 2217 685 2250 quoque,
710 2206 849 2241 saccatos
872 2209 994 2250 pariter
1023 2207 1074 2242 di-

68 2252 139 2285 ἑὶος
164 2275 173 2291 ,
216 2250 401 2293 hydropes‚
425 2260 596 2292 antequam
622 2251 716 2283 finem
741 2251 900 2285 scribendi
924 2252 1039 2285 faciam
1063 2276 1073 2292 ‚

68 2304 322 2329 commemorare
347 2318 354 2326 .
388 2293 535 2330 Quidam
561 2293 633 2326 sunt
659 2294 698 2326 ab
721 2295 760 2328 iis
782 2296 838 2337 qui
865 2305 1051 2337 proponunt
1062 2319 1076 2334 ‚,

67 2337 110 2371 -sic
135 2338 267 2376 vocati,
288 2337 346 2379 qui
370 2345 478 2370 tamen
503 2336 542 2370 ad
565 2335 821 2378 frequentiorem
846 2340 985 2371 attinent
1010 2338 1073 2381 hy-

71 2380 206 2422 dropem
228 2381 421 2422 peritonaei,
447 2378 537 2413 velut
561 2380 587 2413 is
611 2379 649 2412 de
694 2391 760 2422 quo
803 2381 1070 2415 Dissertationem

68 2425 171 2458 edidit
194 2424 248 2456 Cl.
272 2421 462 2456 Schefflerus
484 2422 567 2465 (s)
585 2447 593 2462 ,
615 2420 700 2456 idem
724 2423 812 2465 quod
836 2435 897 2465 ego
911 2447 921 2462 ‚
943 2424 1069 2458 censens

66 2471 81 2507 (
102 2475 117 2500 t
139 2470 150 2506 )
176 2491 185 2506 ,
220 2466 342 2508 quippe
365 2466 493 2508 ingenti
518 2465 573 2499 illa
598 2465 657 2499 seri
682 2467 778 2509 copia
802 2469 886 2502 intra
930 2467 1069 2508 duplica-

66 2519 172 2544 turam
191 2508 353 2552 peritonaei
375 2509 534 2546 collefta,
558 2508 746 2552 saccumque
768 2509 809 2543 fic
846 2509 1035 2544 efformante
1057 2533 1066 2549 ,

63 2554 116 2588 cui
141 2563 293 2594 magnum
317 2551 471 2585 adnatum
495 2560 562 2586 erat
587 2552 758 2586 steatoma.
781 2553 851 2586 Alii
877 2565 952 2587 vero
975 2552 1069 2587 diffe-

60 2606 161 2634 runt,
185 2605 222 2630 ut
245 2606 343 2638 quem
365 2595 519 2629 describit
540 2595 595 2630 Cl.
621 2596 814 2630 Anhornius
837 2599 851 2636 (
873 2597 928 2639 u)
962 2598 1072 2630 incre-

66 2640 163 2674 dibili
188 2637 421 2683 propemodum
447 2637 593 2673 humoris
618 2641 649 2672 vi
674 2641 757 2672 inter
781 2641 1015 2681 peritonaeum,
1037 2643 1070 2674 &

63 2683 189 2718 crassius
211 2683 394 2725 durumque
416 2680 541 2716 fastum
588 2691 757 2716 omentum
803 2684 950 2718 conclusa
975 2686 1008 2716 in
1035 2696 1070 2717 ea

68 2728 122 2762 cui
140 2723 242 2769 facies
263 2736 319 2767 pro
340 2735 465 2768 corpore
487 2725 715 2768 emaciatzffimo
739 2725 904 2760 coloratior
926 2730 957 2760 &
976 2727 1071 2768 pedes

67 2769 200 2805 tumoris
223 2776 381 2810 expertes.-
407 2767 590 2810 cujusmodi
616 2771 729 2811 signa,
751 2778 788 2802 ut
813 2769 873 2803 alia
906 2781 1036 2812 quoque
1059 2792 1069 2806 ,

69 2812 202 2846 subinde
225 2822 289 2844 non
313 2813 491 2852 omittam,
512 2821 550 2845 ut
574 2811 663 2854 poffis
682 2823 761 2846 cum
785 2814 863 2847 meis
895 2813 1070 2855 superiori-

66 2857 127 2890 bus
148 2854 408 2888 dubitationibus
428 2857 442 2894 (
464 2865 486 2889 x
506 2858 521 2895 )
544 2853 707 2888 conferre.
730 2857 780 2889 Sic
804 2867 933 2899 quoque
955 2855 1069 2898 'junior

66 2900 238 2940 Verneyus
262 2898 313 2940 (y
339 2900 349 2935 )
373 2896 542 2932 foeminam
569 2909 666 2931 annos
689 2899 726 2933 ad
750 2900 886 2941 triginta
922 2909 1031 2932 natam
1055 2923 1068 2939 ,

67 2944 122 2977 cui
145 2951 256 2976 venter
279 2949 352 2974 ante
375 2939 498 2984 septem
519 2942 585 2984 jam
611 2953 710 2975 annos
733 2948 864 2975 tumere
888 2953 1030 2983 coeperat
1052 2966 1066 2983 ,

66 2987 156 3020 bono
178 2985 312 3022 colore,
335 2985 502 3026 appetitu,
526 2984 639 3018 somno
663 3007 672 3022 ,
707 2988 738 3019 &
784 2985 858 3019 satis
902 2986 1004 3020 adhuc
1028 2987 1068 3020 ad

68 3028 227 3072 agendum
250 3027 430 3069 expeditam
453 3027 568 3065 fuisse,
593 3027 712 3067 refert,
735 3028 826 3071 cujus
848 3052 856 3066 ‚
892 3029 961 3071 post
1007 3028 1067 3063 seri

67 3075 145 3107 alias
169 3072 249 3105 alius
273 3079 394 3104 naturae
416 3070 618 3105 eduffionem
641 3082 778 3106 mortuae
803 3082 914 3115 aperto
928 3081 1066 3113 ventre,

68 3126 222 3158 magnum
245 3113 370 3147 saccum
394 3114 500 3152 vidit,
522 3115 625 3156 piures
649 3115 776 3149 cellulas
811 3117 1030 3149 continentem
1052 3140 1066 3157 ,

66 3163 151 3193 inter
174 3158 202 3192 se
213 3158 346 3192 minime
368 3160 662 3198 communicantes,
685 3170 822 3201 quarum
846 3157 977 3202 fingulae
1000 3172 1067 3192 ma-

67 3205 183 3238 teriam
206 3202 423 3242 peculiarem,
447 3200 487 3233 ab
519 3201 651 3245 aliisque
694 3202 852 3236 diversam
895 3204 1066 3237 conclude-

66 3248 162 3281 bant.
185 3243 340 3287 Idemque
365 3241 526 3277 asciticam
550 3244 673 3284 secuit,
695 3246 787 3288 cujus
810 3248 843 3279 in
868 3255 979 3279 ventre
1012 3250 1062 3280 in-

66 3299 195 3332 gentem
218 3297 370 3330 praeterea
394 3287 508 3329 cystim
531 3287 739 3331 deprehendit
759 3315 768 3330 ‚
797 3288 864 3322 sero
897 3288 1059 3323 subrubro

66 3337 214 3376 plenam.
239 3330 321 3365 Sunt
347 3332 379 3363 δε
402 3329 562 3373 hydropes
587 3331 701 3365 saccati
726 3334 783 3375 qui
810 3335 847 3366 ad
871 3330 930 3366 hos
975 3335 1058 3367 alte-

66 3389 143 3416 ros,
165 3387 203 3409 an
227 3373 264 3408 ad
288 3374 410 3416 primos
433 3374 508 3406 illos
532 3375 711 3412 attineant,
735 3388 773 3409 ex
796 3379 976 3410 anatomica
1009 3379 1065 3410 de-

65 3420 244 3462 scriptione
266 3416 350 3451 haud
375 3415 451 3450 satis
474 3417 598 3458 liquet,
622 3426 658 3451 ut
683 3419 831 3460 perleffis
854 3431 925 3462 quae
948 3420 987 3453 de
1001 3420 1066 3456 sac-

65 3476 105 3498 co
128 3462 339 3500 scribuntur,
359 3460 394 3493 in
418 3460 560 3503 Virgine
584 3460 723 3505 quadam
759 3466 770 3502 (
794 3462 851 3505 z)
886 3463 1030 3506 inspecto
1052 3488 1063 3505 ‚

1797 164 1823 191 *q

1973 236 2059 285 117

1125 304 1273 339 citissima
1300 306 1367 345 post
1389 304 1530 341 emissam
1555 314 1671 351 aquam
1696 311 1800 338 morte
1824 300 1953 343 abrepta
1980 326 1990 341 ,
2024 299 2118 335 facile

1123 347 1335 382 existimabis.

1166 394 1219 435 64.
1247 392 1290 423 Et
1313 391 1460 435 quamvis
1495 388 1641 432 Epistola
1686 390 1833 431 proxima
1878 387 2041 430 quaepiam
2064 386 2126 436 ‘de

1126 436 1325 467 Ovariorum
1351 433 1508 475 Hydrope
1533 432 1707 473 scripturus
1731 431 1788 465 sim
1809 446 1817 468 ·,
1841 441 1948 465 tamen
1971 440 2128 473 quoniam

1125 479 1157 512 &
1179 478 1243 519 ipse
1265 479 1349 510 inter
1372 476 1510 510 saccatos
1533 476 1692 518 hydropes
1716 474 1872 513 refertur3
1898 474 1953 509 hic
1986 473 2128 521 potius-³

1136 532 1173 553 ne
1205 521 1250 555 ibi
1276 519 1361 553 forte
1385 520 1442 552 sim
1468 529 1521 553 aut
1546 521 1651 553 rursus
1673 530 1767 560 aequo
1792 518 1943 559 longior,
1976 526 2030 550 aut
2065 527 2127 548 mi-

1126 574 1185 596 nus
1208 563 1411 606 perspicuu85
1436 565 1591 605 attingam
1615 562 1669 597 illa
1693 572 1764 604 quae
1788 558 1880 595 facile
1902 571 1974 594 curn
2000 560 2128 605 iiscon-

1125 605 1238 649 jungas
1264 618 1336 649 quae
1361 615 1451 640 antea
1475 610 1517 647 (a
1539 610 1553 646 >
1574 607 1612 639 de
1636 606 1749 640 eodem
1782 604 1899 636 morbo
1943 604 2127 643 interjicere

1127 661 1210 692 opus
1232 648 1318 683 fuit.
1449 651 1530 684 Sunt
1552 652 1581 681 S<
1615 648 1710 690 hujus
1756 646 1826 679 aliae
1870 647 2127 695 Observationes

1127 703 1244 730 cerne,
1271 693 1338 728 aliae
1362 691 1497 729 dubiae.
1544 691 1746 726 Proferamus
1790 690 1956 732 utriusque
2001 699 2127 730 generis

1127 735 1289 779 exempla,
1313 748 1384 779 quae
1408 736 1519 770 addere
1544 734 1635 776 possis
1660 736 1696 767 ad
1723 731 1969 776 Sepulchretum
1994 756 2000 761 .
2037 733 2127 777 Inter

1125 789 1225 812 certas
1248 781 1350 822 igitur
1372 780 1581 822 incipientiS,
1610 787 1664 811 aut
1688 788 1799 819 parum
1824 774 1971 823 progrcffi
1998 772 2128 815 huJusce

1126 822 1284 864 hydropis
1307 822 1561 856 Observationes
1583 830 1695 856 extant
1719 820 1837 855 habitae
1872 831 1885 851 a
1934 819 2127 851 camerario

1124 865 1195 899 filio
1219 865 1273 908 (b
1296 870 1333 905 ),
1358 878 1373 898 a
1399 866 1546 899 Goetzio
1569 867 1584 904 (
1607 876 1623 897 c
1647 868 1679 904 ),
1702 866 1732 897 δι
1757 876 1772 896 a
1797 863 1961 904 Maggio,
1986 872 2020 894 ac
2056 861 2128 910 Do-

1121 909 1178 943 dio
1200 911 1213 947 (
1235 909 1255 941 d
1276 913 1309 948 ).
1334 908 1461 944 Primus
1484 907 1656 943 humorem
1689 905 1785 940 inesse
1818 907 1932 939 ovatio
1965 913 2126 947 comperit

1122 953 1160 985 ad
1183 953 1293 985 uncias
1316 962 1476 995 quatuor,
1502 952 1582 985 alter
1606 952 1643 984 ad
1668 950 1767 985 libras
1790 959 1875 989 tres,
1898 948 2007 981 ultimi
2035 949 2129 981 adli-

1123 996 1197 1029 bras
1219 1005 1281 1028 tres
1304 998 1335 1028 &
1358 996 1472 1033 semis,
1494 994 1675 1038 iidemque3
1699 1005 1773 1028 nam
1808 993 1875 1028 duo
1911 992 2009 1031 primi
2042 990 2126 1024 nihil

1125 1037 1289 1080 signorum
1314 1037 1376 1071 huc
1401 1039 1633 1080 pertinentium
1656 1037 1743 1079 quod
1756 1036 1949 1070 adnotarent
1965 1062 1973 1075 ‚
1998 1046 2126 1077 accepe-

1123 1091 1217 1118 rant3
1240 1080 1433 1115 sciscitando
1456 1090 1683 1124 compererunt
1706 1103 1716 1117 ,
1754 1080 1832 1122 saepe
1875 1076 2044 1112 foeminam
2089 1077 2128 1111 de

1123 1127 1268 1168 pondere
1288 1124 1434 1166 questam
1461 1123 1520 1158 esse
1543 1123 1631 1169 quod
1654 1126 1687 1156 in
1713 1125 1780 1156 imo
1804 1130 1916 1155 ventre
1950 1121 1991 1156 fic
2024 1123 2129 1164 perci-

1122 1168 1253 1211 piebat,
1277 1177 1312 1200 ut
1335 1168 1421 1210 quod
1446 1169 1478 1201 in
1504 1168 1587 1201 latus
1609 1167 1766 1206 cubaret,
1790 1167 1817 1199 ei
1863 1166 1957 1197 lateri
2003 1164 2128 1207 pondus

1123 1212 1325 1245 incumberet
1357 1225 1366 1249 ς
1413 1211 1434 1245 si
1481 1212 1514 1243 in
1540 1211 1677 1244 alterum
1702 1209 1730 1242 se
1754 1217 1958 1242 converteret
1975 1234 1983 1249 ,
2006 1210 2040 1242 in
2064 1207 2127 1240 hoc

1124 1255 1250 1298 pondus
1273 1252 1521 1288 transferretur.
1547 1254 1606 1288 Sed
1630 1256 1661 1287 &
1684 1253 1747 1285 illae
1773 1252 1811 1285 de
1834 1251 1953 1293 quibus
1998 1251 2130 1284 Riedli-

1124 1310 1183 1333 nus
1209 1302 1219 1336 (
1243 1297 1317 1341 e),
1341 1297 1521 1331 Vacherius
1545 1294 1649 1343 (f),
1675 1294 1870 1337 Schacherus
1914 1298 1969 1336 (g
1989 1294 2005 1336 )
2051 1294 2128 1341 serie

1122 1341 1280 1385 pserunt,
1303 1341 1471 1383 postquam
1495 1339 1627 1384 singulis
1649 1341 1800 1375 ovarium
1816 1365 1826 1380 ,
1851 1340 1881 1373 ὃς
1916 1347 2027 1372 venter
2060 1348 2130 1380 Jam

1127 1387 1246 1419 mirum
1271 1386 1305 1416 in
1329 1385 1460 1418 modurn
1483 1393 1713 1424 excreverant,
1737 1381 1907 1418 narrabant
1931 1390 2038 1415 tamen
2063 1384 2132 1423 pri-

1129 1440 1179 1463 ma
1202 1427 1333 1470 quidem
1358 1428 1515 1461 abdomen
1541 1426 1665 1462 finistro
1689 1427 1785 1460 latere
1808 1435 1932 1460 tumere
1963 1424 2095 1468 coepisse
2118 1447 2133 1466 ,

1129 1483 1197 1514 quo
1219 1481 1365 1513 tempore
1387 1471 1600 1505 nihilominus
1621 1474 1652 1504 &
1674 1478 1865 1512 conceperat
1879 1493 1888 1508 ,
1911 1472 1941 1502 &
1988 1468 2132 1503 feliciter

1130 1524 1320 1557 pepererat,
1346 1515 1458 1549 alacris
1483 1514 1532 1548 vel
1558 1525 1703 1550 extremo
1727 1516 1760 1546 in
1786 1512 1920 1549 morbo,
1954 1515 1985 1545 &
2030 1514 2132 1546 robu-

1130 1557 1196 1597 sta,
1218 1560 1338 1600 quippe
1360 1570 1432 1601 quae
1456 1567 1572 1599 praeter
1597 1558 1718 1590 ventris
1741 1565 1926 1592 tumorem,
1949 1555 2037 1597 quod
2072 1556 2133 1589 fibi

1130 1600 1297 1635 molestum
1320 1600 1414 1639 esset,
1439 1600 1571 1637 haberet
1594 1602 1730 1633 omnino
1753 1598 1858 1633 nihil:
1881 1598 2015 1633 secunda
2031 1624 2039 1638 ,
2073 1600 2133 1632 fibi

1133 1646 1277 1683 primum
1299 1645 1449 1677 omnium
1473 1653 1546 1677 ante
1571 1643 1624 1676 sex
1647 1642 1806 1686 septemve
1840 1654 1939 1676 annos
1985 1640 2135 1684 hypoga-

1127 1689 1241 1723 strium
1264 1699 1280 1720 a
1303 1686 1433 1721 sinistris
1454 1686 1611 1722 doluisse:
1634 1688 1729 1721 tertia
1753 1695 1825 1721 ante
1861 1696 1960 1719 annos
2005 1687 2134 1730 aliquot

1126 1731 1262 1765 initium
1307 1730 1366 1764 sibi
1414 1731 1574 1765 malorum
1598 1730 1746 1764 dolorem
1771 1731 1892 1763 ventris
1915 1727 2008 1763 fuisse
2032 1743 2128 1773 quem

1127 1774 1234 1808 verbis
1256 1773 1414 1815 explicare
1437 1773 1593 1811 nesciret,
1615 1772 1732 1807 deinde
1755 1774 1912 1817 paulatim
1938 1774 2135 1808 increscente

1123 1827 1277 1857 tumore,
1299 1816 1395 1860 hujus
1418 1818 1543 1863 pondus
1566 1818 1600 1850 in
1623 1817 1655 1850 id
1681 1818 1764 1849 latus
1796 1819 1829 1850 in
1865 1818 1953 1859 quod
1987 1820 2134 1860 corporis

1124 1861 1204 1895 fitus
1226 1861 1427 1903 requirebat,
1456 1861 1520 1894 labi
1543 1859 1757 1896 consuevisse.
1783 1860 1847 1894 Hae
1870 1862 1964 1899 duae,
1990 1861 2068 1895 sicut
2103 1866 2134 1895 &

1125 1906 1251 1946 prima,
1273 1904 1355 1937 nihil
1379 1904 1543 1939 levaminis
1566 1903 1720 1939 senserant
1748 1916 1764 1937 a
1788 1903 2033 1947 cujusquemodi
2067 1917 2133 1940 me.

1124 1948 1320 1981 dicamentis
1345 1961 1353 1980 :
1387 1948 1438 1981 sed
1463 1959 1546 1987 non,
1570 1958 1606 1982 ut
1629 1950 1754 1990 prima,
1780 1959 1892 1990 parurn
1907 1948 2047 1984 tulerant
2062 1962 2133 1984 mo-

1126 1991 1309 2029 lestiarum,
1335 1990 1494 2034 postremo
1517 1991 1690 2035 praesertim
1716 2001 1881 2032 tempore,
1904 2004 1979 2026 cum
1991 1996 2135 2037 requiem

1124 2046 1238 2080 ‘capere
1259 2036 1292 2069 in
1317 2034 1403 2068 lecto
1425 2038 1617 2079 nequirent,
1642 2034 1698 2068 nisi
1725 2035 1860 2078 genibus
1882 2035 2134 2077 flexisinnixae,

1128 2082 1159 2114 δι
1182 2092 1317 2123 corpore
1341 2079 1521 2114 antrorsum
1545 2079 1726 2119 inclinato,
1749 2088 1845 2122 caput
1871 2080 2031 2115 substratae
2063 2085 2133 2117 cul.

1127 2123 1219 2158 citrae
1244 2126 1470 2168 imponerent:
1492 2122 1673 2169 cujusmodi
1713 2123 1942 2167 quadantenus
1987 2125 2129 2167 positum

1127 2168 1163 2202 in
1188 2167 1242 2202 sua
1265 2180 1394 2212 quoque
1416 2170 1552 2204 foemina
1576 2170 1614 2205 ad
1637 2169 1782 2215 requiem
1804 2169 1991 2213 capiendam
2025 2171 2134 2205 neces-

1129 2210 1247 2245 sarium
1271 2213 1440 2247 adnotavit
1463 2211 1653 2249 Schefflerus
1676 2213 1731 2257 (h
1747 2213 1788 2256 ).·
1811 2214 1852 2248 ea'
1870 2227 1977 2249 autem
2012 2217 2135 2258 perito-

1128 2256 1214 2294 naei,
1238 2263 1301 2289 tres
1324 2267 1400 2289 vero
1422 2258 1461 2290 cle
1483 2258 1602 2301 quibus
1625 2259 1813 2301 loquimur,
1863 2259 1980 2292 finisti-i
2027 2264 2134 2297 ovarii

1127 2297 1279 2341 hydrope
1302 2299 1517 2339 laborabant,
1540 2301 1630 2345 quod
1653 2302 1686 2334 in
1723 2303 1818 2335 tertia
1851 2301 1904 2336 hic
1940 2303 2007 2336 illic
2040 2306 2133 2339 dehi-

1126 2341 1236 2380 scens,
1260 2342 1389 2377 ascitem
1411 2343 1539 2388 insuper
1561 2343 1620 2377 fibi
1645 2343 1831 2386 adjunxerat
1855 2357 1919 2379 non
1944 2346 2031 2381 secus
2055 2351 2134 2383 acin

1127 2385 1237 2418 Vidua
1260 2386 1316 2419 illa
1340 2388 1478 2426 accidit,
1502 2399 1574 2431 quae
1598 2400 1614 2421 a
1637 2388 1691 2421 Cl.
1716 2388 1819 2422 Baffio
1843 2391 1857 2428 (
1879 2390 1890 2422 i
1914 2393 1947 2428 )‚
1972 2393 2002 2424 ὃ(
2027 2395 2059 2427 in
2085 2393 2133 2430 fe-

1123 2428 1214 2461 mina
1239 2428 1298 2462 alia
1310 2440 1381 2471 quae
1407 2443 1423 2465 a
1443 2432 1496 2464 Cl.
1521 2431 1749 2465 Gutermanno
1771 2432 1822 2474 (k
1847 2437 1860 2473 )
1884 2433 2042 2477 descripta
2065 2434 2130 2472 est'.

1122 2471 1297 2505 feliciores
1321 2476 1353 2506 in
1377 2472 1440 2507 hoc
1463 2476 1566 2508 ovarii
1591 2483 1740 2512 tumore,
1765 2479 1915 2517 quamvis
1959 2480 1997 2513 ad
2045 2479 2133 2515 sum-

1123 2524 1214 2546 mum
1239 2516 1355 2555 auito,
1379 2516 1511 2551 fuerunt
1536 2517 1605 2551 aliae
1620 2539 1628 2554 ,
1650 2522 1689 2551 'ut
1712 2518 1821 2561 Virgo
1843 2531 1939 2562 quam
1963 2521 2132 2558 Cl.Gull-

1121 2568 1257 2606 mannus
1279 2561 1292 2597 (
1314 2558 1327 2592 l
1347 2562 1361 2600 )
1385 2559 1484 2594 refert
1507 2562 1692 2603 quindecim
1716 2560 1931 2599 nihilominus
1955 2577 2054 2600 annos
2073 2580 2135 2611 ga-

1122 2600 1223 2643 'msam
1246 2599 1300 2644 effi>
1317 2602 1458 2645 sanitate
1481 2604 1602 2647 integra
1628 2617 1639 2643 5
1673 2616 1745 2638 nam
1777 2606 1928 2646 menstrua
1963 2618 2052 2644 erant
2083 2623 2133 2646 re-

1121 2643 1269 2693 gularim
1293 2647 1471 2688 appetitus,
1490 2646 1619 2689 somnus
1643 2649 1712 2682 &a
1736 2649 1884 2692 vigebant
1898 2664 1909 2691 5
1943 2653 1999 2686 nisi
2037 2657 2128 2697 quod

1124 2686 1253 2720 ultimis
1275 2687 1401 2722 duobus
1426 2693 1515 2724 annis
1540 2691 1654 2734 saepius
1688 2693 1896 2735 lipothymiis
1930 2698 2130 2740 corripieba-

1124 2738 1197 2779 tur:
1222 2732 1363 2775 itemque
1386 2743 1424 2766 ut
1449 2733 1576 2777 feminae
1601 2737 1671 2769 duae
1693 2746 1770 2777 quas
1793 2735 1942 2772 dissecuit
1972 2740 2028 2783 Jo.
2061 2744 2128 2776 Da.

1125 2772 1180 2806 vrcl
1205 2774 1420 2810 Manchartus
1443 2780 1545 2817 (m).
1572 2778 1814 2819 Haequomodo
1839 2779 1868 2813 se
1880 2778 2052 2817 habuerint
2079 2787 2129 2819 ul-

1123 2825 1171 2849 tra
1196 2817 1398 2859 septennium
1423 2832 1510 2862 quo,
1537 2819 1557 2852 fi
1583 2819 1753 2862 postremas
1777 2821 1840 2855 fere
1863 2827 2002 2868 excipias
2048 2828 2129 2862 heb-

1122 2858 1294 2899 domadas,
1321 2873 1483 2904 nunquam
1507 2863 1696 2898 decumbere
1722 2865 1838 2899 coaetae
1863 2867 1957 2909 sunt,
1982 2871 2020 2904 eat
2054 2884 2129 2906 ver-

1119 2902 1189 2941 bis.
1215 2916 1285 2947 quae
1311 2907 1482 2947 praemittit
1507 2905 1737 2941 Observationi
1760 2908 1836 2942 licet
1848 2911 2027 2954 conjicere.-
2078 2928 2126 2951 uae

1117 2945 1308 2991 hydropicae
1332 2970 1355 2987 ‚,
1376 2960 1436 2980 nec
1461 2949 1602 2992 pallent,
1628 2950 1679 2985 sed
1703 2950 1827 2986 roseum
1874 2958 1983 2996 potius
2027 2970 2126 3001 gena-

1118 3011 1144 3029 „
1167 3002 1238 3024 rum
1263 2992 1386 3024 servant
1410 2993 1575 3029 decorem,
1600 3005 1656 3028 nec
1681 2995 1771 3036 pedes
1794 2995 1916 3032 habent
1942 3004 2086 3037 tumidos

1117 3055 1141 3072 2,
1166 3044 1201 3067 ut
1226 3036 1335 3077 potius
1358 3060 1365 3073 ,
1388 3036 1482 3068 ευᾶο
1505 3036 1580 3069 licet
1605 3038 1639 3071 in
1662 3039 1731 3071 dies
1754 3039 1951 3082 abdomine,
1986 3032 2124 3085 graciless

1116 3098 1140 3118 „
1164 3076 1250 3111 scant
1274 3089 1349 3111 cum
1372 3077 1502 3120 reliquis
1527 3080 1658 3114 artubus
1673 3104 1681 3117 ‚
1703 3085 1734 3115 δε
1757 3094 1919 3127 corpore‚·
1940 3081 2009 3128 hae‘,
2035 3089 2125 3127 fidiu

1119 3142 1141 3159 „
1166 3120 1283 3163 absque
1307 3121 1444 3154 notabili
1468 3123 1630 3157 afflonum
1655 3124 1780 3164 laesione
1806 3151 1815 3165 ,
1849 3128 2003 3165 sarcinam
2038 3133 2121 3171 hanc

1117 3186 1143 3204 „
1169 3163 1421 3213 circumferant,
1445 3168 1624 3208 appetitum
1648 3169 1786 3203 habeant
1808 3171 1952 3211 bonum,
1976 3185 2039 3208 non
2065 3176 2122 3214 ad-

1115 3228 1141 3248 „
1166 3207 1297 3241 modum
1342 3209 1474 3246 sitiant,
1498 3221 1555 3243 nec
1601 3212 1756 3253 tuffiant,
1781 3214 1868 3247 a‘lvus
1891 3224 1996 3250 autem
2020 3216 2119 3257 faciat

1116 3272 1138 3290 „
1159 3250 1302 3284 officium
1318 3272 1326 3287 ‚
1350 3254 1441 3285 urina
1465 3254 1617 3288 naturalis
1640 3254 1700 3294 sit,
1724 3258 1755 3289 δι’
1787 3258 1888 3290 moles
1934 3260 2117 3301 abdominis

1112 3315 1134 3334 ‚,
1157 3305 1214 3326 nec
1228 3294 1455 3338 purgantibus,
1483 3307 1539 3330 nec
1551 3297 1716 3332 diureticis
1728 3299 1857 3336 obediat
1872 3327 1880 3341 ‚
1903 3304 1934 3334 δε
1958 3309 2116 3350 praecipue

1116 3360 1143 3379 ,‚
1168 3338 1288 3371 malum
1314 3350 1329 3370 a
1354 3347 1448 3380 partu
1471 3339 1619 3377 difficili,
1645 3343 1815 3384 puerperio
1841 3342 2002 3386 infelici,v
2021 3354 2116 3387 1110}ae

1116 3405 1142 3421 ,‚
1166 3380 1365 3422 gestatione,
1390 3391 1444 3415 aut
1470 3382 1586 3417 abortu
1610 3384 1704 3417 ducat
1726 3384 1906 3427 originem,
1932 3401 1987 3424 nec
2025 3395 2115 3436 signa·

1114 3445 1140 3463 ,‚
1164 3423 1320 3457 cachexiae
1343 3435 1555 3464 concurrant,
1581 3427 1726 3470 hydrope
1748 3430 1851 3461 ovarii
1896 3431 1946 3466 seu
1990 3434 2115 3475 saccato

1115 3487 1140 3508 ‚‚
1164 3467 1213 3501 vel
1237 3467 1357 3510 cystico
1378 3467 1489 3506 disto,
1513 3469 1632 3513 semper
1656 3480 1822 3505 tenentur.
1839 3493 1859 3512 ,--,
1883 3475 1942 3509 Sed
1967 3477 2016 3511 his
2041 3492 2114 3516 ver-

2022 3523 2069 3557 bis

57 3566 2115 3602 &mm—Q„-

174 3626 537 3657 >(m)(n)adn.5o.
600 3627 759 3659 so>n.52.

175 3664 185 3686 )
201 3658 260 3682 Hist.
277 3660 354 3688 Hydr.
372 3658 477 3682 Saceati.
539 3658 549 3689 (
564 3664 575 3681 t
591 3661 601 3685 )
618 3658 632 3688 §
659 3667 682 3687 4.

181 3692 188 3718 )
206 3690 283 3713 Mem.
300 3690 329 3713 tle
347 3689 443 3712 l'Acad.
460 3690 489 3712 R.
506 3688 545 3713 des
561 3690 597 3713 Sc.
615 3691 645 3713 A.
665 3697 730 3718 1703.

182 3724 188 3746 )
207 3719 231 3742 in
248 3719 304 3743 Obs.
324 3723 375 3743 160.
393 3719 434 3743 cit.
451 3718 517 3747 supra
535 3719 563 3742 ad
581 3726 604 3742 n.
620 3723 657 3743 62.

181 3751 189 3778 )
204 3749 263 3778 Eph.
281 3752 314 3774 N.
332 3751 358 3773 C.
376 3751 446 3772 Cenr.
462 3757 477 3777 7
503 3749 563 3773 obs.
582 3752 619 3778 56.

189 3782 195 3807 )
212 3779 303 3803 Dissert.
320 3780 348 3803 de
366 3779 464 3807 virgine
480 3779 580 3805 Ascitica
596 3779 620 3807 §.

149 3629 159 3652 1

145 3659 165 3688 s

144 3696 164 3742 s,

153 3757 164 3772 Ε

145 3786 184 3837 lg)
200 3810 303 3835 Eorund.
321 3812 354 3835 T.
372 3817 393 3834 ².
409 3809 468 3834 Obs.
484 3811 523 3835 80.

585 3811 600 3839 (
615 3782 837 3840 ΜιῗιὲέἰῑιᾶΝῗπὲ.
855 3814 926 3839 Cent-
945 3815 967 3838 8.
983 3812 1040 3838 Obs.
1058 3821 1094 3843 14-

119 3630 138 3839 »flammam

819 3629 860 3660 (p
878 3627 886 3657 )
905 3631 957 3656 Ast.
973 3634 1006 3656 N.
1025 3633 1054 3656 C.
1073 3633 1145 3657 Tom.
1165 3641 1187 3657 1.
1202 3632 1264 3658 Obs.
1282 3636 1333 3658 160.

744 3657 815 3688 (u)
832 3659 892 3689 Eph.
909 3663 941 3685 N.
960 3664 987 3687 C.
1005 3663 1074 3686 Cent.
1094 3671 1116 3692 9.
1134 3663 1190 3689 Obs.
1212 3672 1263 3688 100.
1280 3672 1302 3688 n.
1318 3672 1341 3692 7.

794 3690 800 3718 s
817 3698 834 3718 z
852 3693 934 3720 )Eph.
955 3695 987 3716 N.
1007 3694 1034 3716 C.
1050 3694 1121 3716 Cent.
1139 3702 1166 3722 7.
1184 3695 1240 3719 Obs-
1259 3702 1294 3722 17.

721 3722 732 3745 (
749 3728 760 3743 ι·
778 3720 852 3754 )'Ae’t.
871 3723 902 3745 N.
922 3724 950 3747 C.
969 3725 1043 3746 Tom.
1061 3730 1082 3746 z.
1099 3723 1213 3754 Obs.207.

685 3748 746 3779 (f)
763 3751 823 3775 Hrst.
839 3752 866 3775 de
882 3752 972 3811 l'cAcl73d)‹
992 3755 1017 3786 R·
1036 3752 1130 3807 deS6Sc.
1145 3756 1174 3780 A.
1186 3763 1254 3785 1739.
1271 3755 1328 3778 Obs.
1345 3758 1417 3779 Anat.
1437 3764 1457 3785 3.

984 3789 1024 3806 ctt.
1042 3790 1066 3806 n.
1100 3791 1122 3813 3.

1395 3633 1522 3664 (q)cit.
1542 3635 1610 3660 adn.
1628 3644 1666 3666 50.
1727 3634 1899 3672 (r)n-45.

1402 3666 1417 3694 (
1431 3673 1446 3689 x
1464 3668 1472 3695 )
1489 3674 1515 3689 n.
1534 3675 1573 3696 57.

1356 3694 1611 3729 (a)n.58.n.59.
1759 3711 1761 3715 .

1274 3725 1280 3752 s
1304 3724 1319 3748 d
1334 3724 1342 3754 )
1360 3725 1422 3753 apud
1433 3727 1560 3751 Vallrsner.
1575 3727 1713 3751 mandem
1725 3729 1844 3756 Generaz.
1856 3734 1909 3761 1²-3⁴
1919 3740 1968 3763 ας.
1979 3736 2108 3762 &Tabam

1183 3787 1193 3817 (
1209 3787 1219 3811 i
1237 3786 1251 3815 )
1267 3787 1324 3812 Dec.
1340 3794 1364 3815 4.
1382 3786 1439 3811 Obs.
1456 3788 1529 3812 Anat.
1546 3788 1569 3813 8.
1631 3787 1696 3817 (k)
1711 3789 1764 3815 Ast.
1777 3792 1810 3816 N.
1820 3794 1930 3817 C.Tom.
1942 3803 1965 3825 3.
1986 3796 2044 3820 obs,
2057 3804 2108 3828 103.
