2498 4075
1040 166 1049 177 Ι

404 183 467 225 22
721 186 765 225 ὃ
990 166 1147 220 Liber
1181 173 1216 220 1.
1254 166 1339 221 De

341 248 391 282 fic*
407 257 443 283 ut
465 248 547 282 haud
569 245 667 281 multo
683 243 748 286 past
770 244 982 288 expo-‚werin
1005 254 1070 276 non
1091 253 1195 279 tamen
1219 245 1308 278 horis
1323 268 1332 282 ,

335 291 390 325 sed
414 291 525 325 diebu-s
549 288 745 332 interjectis3
770 300 845 322 nam
867 291 882 327 (
901 298 924 331 p
946 291 959 327 )
981 296 1056 329 aeger
1078 285 1194 322 Thebis
1216 293 1335 330 Perga-

333 343 420 368 mum
444 333 591 367 advectus
609 355 618 370 ,
652 340 794 366 mortuus
815 331 854 371 est
876 354 885 369 ,
918 331 1015 364 altero
1038 329 1081 364 ἔφ’
1108 330 1333 374 septuagefimo

333 388 437 411 anno:
458 388 527 420 quae
548 385 644 413 aetas,
668 386 742 408 cum
765 374 901 407 infirmis
923 373 1247 417 viribusconjunua,
1272 376 1333 407 mi-

333 431 393 453 nus
417 418 599 453 vehementi
623 418 800 452 obnoxium
825 415 964 450 reddidit
988 417 1184 459 apoplexiae5
1208 417 1332 450 fiLivii

328 464 373 496 est
392 462 614 504 fragmentum
638 461 720 495 illud
744 459 829 503 quod
852 460 952 493 initio
974 459 1048 492 libri
1074 460 1229 493 XXXIII.
1248 461 1333 502 lege..

330 507 424 539 batur
446 509 480 540 in
502 506 626 540 vetusto
647 504 758 538 codice
769 501 983 543 Bambergenfi
999 527 1006 534 .
1032 504 1083 535 Sic
1106 505 1189 536 enim
1213 502 1330 538 habet.-

329 550 471 583 „Attalus
490 551 615 592 primus
627 545 830 589 verbafeciC.
855 546 1006 588 Orsus....
1021 569 1032 585 ,
1049 546 1329 589 segniorfflegese.

327 593 419 634 nior)
437 594 506 637 jam
528 593 571 626 ὅ)
594 590 766 634 infirmior,
788 600 880 630 quam
903 598 939 622 ut
963 590 1187 623 contentionem
1210 590 1330 623 dicendi

320 636 487 680 sustineret
501 661 509 675 ‚
524 635 690 670 obmutuit,
706 633 891 666 &concidit
960 640 1050 673 parte
1059 630 1266 666 membrorum
1280 644 1330 665 ca-

326 688 426 722 pmffi:
505 690 557 712 noc
580 679 653 712 vitae
673 675 802 718 praesens
813 674 985 717 pericnlum
994 673 1157 708 vismorhz'
1167 673 1328 718 attulisse,

320 721 377 765 sed
399 721 607 756 membrorum
629 719 824 753 debilitatem
845 717 913 759 visa
924 718 963 757 est
977 742 984 750 .
1071 717 1249 752 Monachus
1274 730 1328 752 au-

327 776 393 799 tem
418 766 471 798 ille
494 776 591 806 neque
613 761 714 804 major
747 762 975 804 quinquaginta
1000 762 1090 793 annis
1109 781 1118 796 ‚
1153 763 1185 793 ὃ(
1207 761 1327 795 viribus

323 820 363 841 eo
388 809 562 851 praesertim
587 807 639 839 die
661 806 798 838 maxime
810 803 1027 843 confirmatis,
1051 814 1123 836 cum
1143 803 1179 837 ad
1204 803 1329 847 sangui-

325 853 375 885 nis
398 850 651 894 plenitudinem,
674 859 768 891 quarn
779 847 902 887 facies,
926 846 1089 890 totiusque
1112 849 1256 889 corporis
1271 847 1328 881 ha-

324 895 413 927 bitus
436 892 636 927 ostendebant
652 918 660 931 ,
684 891 810 925 dicendi
835 891 1003 923 contentio
1026 889 1209 931 accessisset,
1232 890 1329 925 vehe..

322 938 423 971 menti
448 936 614 980 apoplexia
637 937 670 968 in
696 934 800 969 media
822 936 976 967 concione
1000 932 1168 974 prehensus
1189 933 1256 975 est,
1280 936 1328 968 ci-

322 990 419 1025 toque
441 979 625 1018 confectus,
649 977 819 1012 secund-um
842 989 875 1010 ea
898 990 966 1020 quae
990 977 1202 1019 superioribus
1223 980 1328 1011 Litte-

323 1028 368 1058 ris
390 1028 403 1064 (
426 1036 444 1067 q
467 1029 502 1065 )‚
525 1026 556 1057 &
580 1023 678 1067 paulo
701 1032 771 1056 ante
802 1021 853 1055 his
876 1020 950 1064 ipsis
972 1032 1099 1065 quoque
1120 1024 1134 1060 <
1157 1033 1172 1054 r
1193 1025 1207 1062 >
1229 1033 1328 1065 expo-

321 1067 379 1101 sita
404 1068 474 1102 sunt
489 1093 496 1099 .

369 1111 416 1144 18.
444 1112 605 1154 Intelligis
626 1120 740 1143 eorum
764 1119 886 1143 memor
909 1120 978 1151 quae
1004 1108 1079 1141 alias
1102 1108 1183 1151 (s)
1206 1107 1326 1151 scripsi,

319 1155 355 1188 in
379 1156 554 1198 apoplexiae
579 1156 703 1187 interna
734 1153 824 1187 causa
848 1155 880 1185 &
914 1152 1003 1185 exitu
1027 1163 1176 1185 menon
1200 1161 1327 1185 aetatem

319 1197 438 1237 modo,
465 1198 514 1231 sed
538 1201 568 1231 δε
594 1198 655 1230 alia
689 1196 868 1229 attendere.
961 1196 1222 1239 Septuagenarius
1253 1199 1327 1238 qui-

317 1241 392 1275 dem
415 1251 480 1274 erat
502 1263 511 1278 ‚
543 1240 595 1275 sed
618 1240 762 1283 eusarcus
784 1238 872 1272 faber
904 1238 1035 1282 quidam
1070 1238 1218 1272 ferrarius
1241 1241 1254 1277 <
1276 1248 1290 1272 t
1311 1244 1325 1280 )

317 1296 413 1328 quem
435 1285 651 1327 apoplefficus
675 1282 810 1317 insultus
830 1306 841 1322 ,
872 1281 1002 1328 dextero
1026 1290 1100 1315 toto
1122 1282 1216 1314 latere
1239 1281 1324 1315 reso..

321 1329 394 1362 luto
413 1354 421 1367 ‚
456 1328 576 1362 occidit
601 1328 685 1361 sexta
707 1326 758 1360 die
782 1351 788 1358 .
818 1327 921 1359 Causa
940 1326 1051 1358 vtarnen
1074 1335 1198 1367 reperta
1223 1324 1266 1358 est
1289 1327 1323 1360 in

319 1381 391 1406 atro
414 1372 585 1414 sanguine,
607 1371 664 1413 qui
688 1381 727 1402 ex
750 1379 897 1413 turgente
921 1370 1059 1402 Laterali
1082 1367 1249 1402 Carotidis
1273 1381 1322 1402 ar-

318 1417 407 1449 teriae
431 1415 554 1449 sinistro
577 1425 688 1452 ramo,
712 1424 810 1455 eoque
833 1412 1000 1454 disrupto,
1023 1413 1085 1445 late
1107 1410 1242 1452 effusus,
1266 1412 1320 1445 he-

318 1457 542 1502 misphaerium
566 1457 684 1491 cerebri
709 1455 868 1490 sinistrum
891 1465 999 1489 totum
1020 1456 1161 1499 undique
1184 1456 1222 1489 ad
1246 1467 1323 1489 ven-

316 1504 509 1537 triculorum
532 1502 628 1544 usque
652 1500 825 1543 penetralia
850 1500 1017 1532 vitiaverat
1037 1524 1044 1531 .
1079 1501 1155 1533 Huc
1178 1499 1239 1532 alia
1271 1511 1323 1533 ac-

315 1545 465 1580 cesserant
489 1558 560 1587 quae
583 1545 715 1587 longum
739 1541 812 1576 esset
835 1542 1026 1576 describere.
1053 1542 1111 1575 Sed
1135 1554 1199 1575 non
1224 1544 1323 1576 omit-

316 1589 430 1624 tendus
465 1588 507 1622 est
539 1588 690 1622 immanis
714 1596 822 1621 tumor
846 1611 858 1626 ,
890 1587 958 1618 reni
992 1584 1116 1619 sinistro
1138 1584 1324 1627 adhaerens,

316 1630 430 1676 magna
457 1632 617 1675 sanguinis
637 1632 733 1673 copia
756 1630 865 1672 plenus
879 1654 889 1668 ,
912 1640 967 1664 nec
982 1628 1044 1662 fine
1068 1629 1327 1672 substantiaqua-,

315 1678 388 1711 dam
412 1676 597 1710 lanzellacim
613 1672 677 1718 sibi
699 1673 916 1710 incumbente,
939 1682 977 1707 ut
1011 1671 1222 1715 suspicionem
1255 1685 1327 1706 mo-

316 1733 387 1754 vere
413 1719 503 1762 posiit
528 1717 756 1760 aneurysmatis
780 1718 813 1750 in
840 1728 927 1749 ramo
960 1715 1099 1762 quodam
1122 1717 1327 1758 Emulgentis

317 1764 464 1804 arteriae,
488 1763 539 1796 cui
563 1763 668 1795 minus
680 1762 814 1795 alterum
839 1761 1055 1802 (velutlupra
1077 1762 1091 1798 (
1113 1770 1133 1792 u
1155 1763 1192 1799 >,
1214 1760 1252 1792 de
1262 1761 1328 1794 Ra-

317 1809 468 1843 mazzino
491 1806 588 1839 verba
613 1805 787 1845 facientes,
809 1803 1024 1845 conjecimus)
1051 1804 1084 1835 in
1108 1804 1246 1848 Laterali
1264 1805 1329 1836 Ca-

317 1851 436 1887 rotidis
461 1861 549 1885 ramo
574 1849 633 1882 illo
656 1848 871 1890 responderet.
898 1849 1021 1880 Verum
1043 1847 1281 1893 qualiscumque
1305 1848 1333 1880 is

321 1895 397 1930 esset
421 1904 551 1933 tumor,
577 1892 658 1926 illud
682 1901 766 1925 certe
788 1891 893 1934 negari
918 1901 981 1923 non
1004 1889 1118 1928 debet,
1143 1890 1272 1932 pressam
1295 1890 1333 1923 ab

319 1940 390 1983 ipso
414 1938 615 1972 incumbente
641 1937 788 1969 arteriam
811 1936 949 1967 Aortam
975 1935 1079 1966 minus
1096 1933 1255 1975 sanguinis
1278 1933 1333 1967 ad-

319 1985 449 2018 mittere
474 1980 635 2025 potuisse‚
661 1979 790 2022 plusque
803 1977 877 2011 ideo
902 1978 937 2011 ad
953 1976 1153 2021 dilatandum
1178 1975 1332 2020 aliquod,

316 2032 349 2061 δι
377 2027 512 2068 denique
536 2022 803 2068 perrumpendum
827 2021 945 2055 cerebri
970 2032 1041 2059 vas,
1066 2019 1186 2053 surium
1201 2029 1332 2053 conten-

318 2069 394 2106 diss‘e
410 2097 417 2104 .
442 2071 524 2104 Haec
549 2068 652 2110 igitur
676 2067 698 2099 fi
722 2065 814 2099 nobis
838 2066 870 2098 in
885 2065 1085 2107 apopleffico
1109 2064 1261 2105 quopiam
1274 2074 1331 2096 no-

318 2124 352 2149 ta
375 2114 413 2148 sit
437 2111 603 2146 inferioris
629 2111 751 2144 arteriae
774 2107 985 2150 compreffi0;
1007 2119 1071 2140 non
1097 2105 1193 2139 faciet
1216 2117 1331 2149 magna

317 2157 525 2203 quantumvis
548 2163 625 2189 :etas
643 2177 656 2194 ,
679 2165 716 2187 ne
741 2152 945 2195 apoplexiam
969 2150 1026 2184 ess'e
1059 2148 1144 2192 posse
1168 2161 1183 2181 a
1208 2150 1333 2192 sangui-

321 2214 381 2243 ne,
405 2200 605 2234 inficiemur.
697 2198 758 2230 Sua
781 2206 907 2238 quoque
940 2195 973 2227 in
998 2196 1122 2236 Legato
1145 2193 1205 2226 illo
1228 2195 1333 2228 Dani-

321 2257 363 2279 co
385 2245 423 2279 de
470 2256 512 2278 uo
537 2242 628 2284 supra
649 2244 664 2280 (
686 2251 708 2274 x
729 2244 743 2280 >
766 2240 887 2271 mentio
911 2236 1027 2284 injecta
1052 2237 1093 2269 est
1109 2258 1119 2274 ,
1145 2236 1204 2269 alia
1227 2237 1334 2278 aliqua

322 2289 422 2324 fuerit
447 2257 619 2328 dispofitio
634 2307 642 2321 ,
665 2281 887 2324 conjungenda
912 2292 986 2314 cum
1009 2282 1147 2322 jecinore
1182 2280 1221 2312 ad
1243 2280 1334 2325 indit-

320 2333 477 2367 ration(m
499 2328 669 2362 inclinatae
684 2351 691 2357 .
716 2326 827 2358 Natus
850 2324 935 2357 enim
961 2335 1059 2357 annos
1084 2332 1222 2365 quatuor
1246 2326 1277 2355 &
1292 2324 1333 2354 le-

323 2376 454 2414 xcsgima
478 2370 652 2414 improvisa
678 2368 872 2401 resolutione
895 2366 1007 2400 sinistri
1032 2366 1138 2399 lateris
1158 2389 1170 2405 ,
1203 2368 1235 2398 ὃς
1258 2376 1335 2397 mox

323 2415 496 2461 apoplexia
520 2423 684 2456 correptus
701 2434 710 2447 ,
734 2410 812 2444 hora
835 2411 946 2444 octava
968 2410 1073 2442 vivere
1096 2407 1212 2448 desiit,
1236 2409 1334 2441 citius

321 2462 476 2495 videlicet
510 2468 606 2501 quam
629 2458 662 2489 in
695 2454 799 2488 Fabi-o
821 2477 832 2494 ,
870 2454 965 2487 multi
997 2452 1157 2494 sanguinis
1189 2449 1335 2484 effusione

327 2505 434 2541 faeta.
460 2503 587 2537 Habuit
613 2509 719 2533 autem
744 2506 859 2540 praeter
883 2495 1052 2538 hydatides
1071 2497 1104 2528 in
1129 2496 1223 2537 plexu
1242 2493 1335 2527 Cho-

323 2548 413 2583 roide
447 2547 599 2589 plurimas
618 2568 628 2584 ,
665 2544 697 2575 in
721 2540 899 2580 ventriculo
932 2539 1052 2573 cerebri
1083 2537 1215 2571 dextero
1250 2537 1334 2570 ultra

323 2600 460 2635 quatuor
497 2589 606 2623 uncias
623 2585 788 2630 sanguinis
818 2583 956 2627 grumofi
976 2607 985 2620 ‚
1019 2583 1096 2616 unde
1120 2582 1243 2615 cavitas
1276 2580 1332 2613 illa

323 2636 402 2671 mire
426 2632 572 2677 dzffoluta
588 2628 661 2672 fuit
685 2653 692 2660 .
733 2626 818 2660 illud
841 2638 967 2670 quoque
1002 2627 1120 2659 interea
1147 2625 1242 2657 velim
1265 2624 1332 2655 ani-

324 2677 524 2715 madvertas,
546 2673 803 2708 observationem
827 2669 907 2703 hanc
931 2679 1098 2712 utramque
1120 2691 1129 2707 ,
1162 2667 1183 2700 si
1216 2666 1335 2700 resolu-

325 2733 397 2757 tum
421 2719 496 2753 hinc
520 2719 603 2751 latus
628 2716 745 2758 speeies
770 2738 781 2754 ,
818 2713 890 2746 inde
913 2724 988 2745 vero
1011 2712 1119 2747 laesum
1151 2709 1336 2752 oppositum

326 2769 360 2799 in
385 2764 514 2797 cerebro
538 2758 800 2801 hemisphaerium
821 2781 834 2798 ,
868 2768 939 2790 curn
963 2755 1119 2790 Valsalvae
1143 2754 1337 2788 observatio-

326 2810 423 2842 nibus
457 2806 591 2839 omnino
624 2812 799 2844 congruere
830 2825 836 2831 .
874 2799 1076 2841 Qibnscum
1110 2799 1185 2831 alias
1220 2798 1337 2843 pariter

326 2858 535 2893 congruentes
549 2848 702 2888 reperies,
728 2847 872 2887 interque
897 2845 969 2877 illas
983 2845 1044 2876 viri
1068 2846 1120 2885 (y
1145 2845 1177 2882 )‚
1201 2843 1255 2883 qui
1280 2841 1336 2873 etit

326 2894 393 2939 jam
418 2893 538 2926 senium
562 2892 713 2931 attigerat
739 2900 749 2926 ς
785 2896 1033 2929 temperamento
1055 2895 1119 2919 erat
1144 2895 1248 2918 tamen
1269 2907 1280 2924 ,
1303 2886 1335 2916 &

329 2948 395 2972 arte
417 2937 500 2969 olim
515 2958 522 2969 »
547 2937 578 2967 &
602 2931 779 2966 recentibus
793 2932 826 2964 in
849 2931 1061 2963 victuerratis
1085 2928 1335 2972 adlhnguineam

331 2980 534 3023 apoplexiam
557 2975 728 3018 dispositus
741 2999 748 3006 .
836 2974 957 3007 Verum
971 2975 1029 3006 alia
1042 2974 1118 3006 scire
1129 2970 1254 3005 fortasse
1266 2981 1336 3003 ave-

332 3025 404 3060 bis,
429 3024 571 3066 primum
595 3019 768 3057 videlicet,
793 3016 873 3051 unde
898 3017 935 3050 sit
955 3041 967 3058 ,
1001 3027 1034 3050 ut
1059 3018 1092 3049 in
1115 3017 1155 3049 iis
1180 3014 1279 3047 ferme
1301 3025 1336 3045 o-

332 3067 462 3102 mnibus
496 3064 648 3105 exemplis
680 3073 750 3105 quae
774 3060 825 3094 his
849 3084 860 3099 ‚
893 3063 925 3093 ἅτ
958 3060 1170 3103 superioribus
1203 3056 1337 3104 Litteris

331 3111 393 3146 five
417 3123 454 3144 ex
476 3108 634 3141 Vallalvae
658 3104 899 3142 observatione,
926 3103 986 3137 sive
1009 3116 1046 3137 ex
1069 3102 1168 3136 nostra
1183 3125 1196 3141 ,
1220 3103 1279 3133 hve
1301 3111 1339 3132 ex

333 3155 432 3188 aliena
455 3149 695 3193 descripsimus,
718 3157 773 3181 aut
798 3148 1010 3181 indicavimus
1032 3171 1043 3186 ,
1075 3158 1111 3179 ne
1136 3147 1177 3178 iis
1210 3144 1338 3188 quidem

334 3195 454 3231 omiffis
478 3194 623 3233 dnobus,
646 3203 784 3235 quorum
808 3191 940 3223 alterum
954 3203 990 3223 ex
1016 3188 1128 3229 illius,
1153 3190 1286 3221 alterum
1299 3199 1337 3219 ex

332 3240 455 3275 nostra,
479 3241 513 3270 in
538 3236 682 3278 Epistola
705 3236 899 3268 Anatomica
925 3235 1020 3266 Xffl.
1046 3238 1056 3273 (
1080 3236 1137 3277 z)
1164 3231 1336 3278 *proposui-

332 3295 422 3321 mus5
447 3291 482 3316 ut
507 3282 539 3312 in
566 3281 605 3312 iis
630 3280 730 3320 igitur
755 3277 852 3311 ferme
876 3279 1026 3310 omnibus
1049 3303 1057 3315 ,
1085 3277 1259 3319 praesertim
1283 3286 1335 3306 ve-

334 3339 370 3361 ro
394 3329 427 3359 in
452 3323 569 3367 quibus
593 3322 648 3355 illa
672 3321 801 3364 quidem
840 3330 953 3363 praeter
987 3331 1130 3353 naturam
1163 3330 1236 3351 cava
1256 3329 1334 3365 ¹me-

334 3379 526 3406 morantur,
548 3376 604 3399 aut
627 3376 689 3397 non
714 3365 846 3399 obscuro
871 3364 994 3396 indicio
1023 3362 1220 3407 conjicienda
1243 3362 1337 3404 ligni-

338 3414 491 3448 ficantnr,
518 3421 588 3451 quae
612 3410 699 3441 intra
720 3419 793 3440 cava
819 3408 943 3448 sangnis
967 3408 1141 3445 collec‘tus2
1166 3416 1245 3438 auae
1266 3406 1338 3446 qui-

336 3456 393 3495 bus
418 3453 531 3487 effusos
555 3452 676 3486 fuerit,
699 3463 734 3483 ea
758 3449 820 3483 fere
843 3452 942 3483 autin
965 3462 1098 3493 corpore
1113 3451 1260 3495 Striatog
1284 3457 1338 3480 aut

339 3500 373 3533 in
399 3498 560 3532 Thalamo
582 3497 670 3529 nervi
696 3495 813 3537 Optici
828 3519 836 3534 ‚
862 3503 914 3528 aut
936 3495 969 3526 in
993 3503 1150 3538 utroque,
1173 3502 1227 3525 aut
1248 3499 1336 3534 Juxta

1386 244 1572 277 alterutrum
1591 267 1604 284 ,
1643 250 1696 277 aut
1716 246 1815 277 etiam
1849 250 2018 284 utrumque
2042 245 2052 280 ,“
2085 240 2118 273 &
2148 247 2228 275 tunc
2257 239 2391 283 quoque

1384 296 1447 320 non
1472 297 1544 320 raro
1565 297 1640 320 curn
1663 286 1849 330 utriusque,
1873 296 1925 321 aut
1941 282 2123 318 alterutrius
2147 279 2391 326 perforatione,

1384 332 1417 364 δε
1439 329 1663 363 dilaceratione
1693 339 1858 373 comperta
1891 329 2011 363 fuerint
2037 339 2046 358 .·
2078 325 2191 360 deinde
2213 337 2270 360 cur
2294 320 2389 358 semel

1383 372 1513 415 quidem
1527 399 1535 413 ,
1559 381 1594 406 ut
1606 371 1688 415 apud
1704 370 1994 416 Wepferum(a),
2017 369 2190 413 perlobum
2202 370 2391 402 anteriorem

1383 416 1501 449 cerebri
1527 415 1565 449 ad
1588 416 1728 449 frontem
1750 414 1847 459 u-sque
1869 415 2022 458 producta
2038 437 2046 451 ‚
2072 423 2231 456 nunquam
2255 423 2309 454 per
2332 422 2390 454 po-

1384 460 1542 492 steriorem
1556 458 1594 492 ael
1618 460 1722 500 ipsum
1743 461 1896 501 occiput:
1920 459 1952 492 δι
1976 457 2110 500 denique
2123 467 2197 490 cum
2220 455 2274 488 illa
2285 465 2393 488 exem-

1384 503 1436 545 pla
1448 502 1507 535 lint
1532 502 1569 535 ad
1582 502 1788 546 quindecim
1812 514 1868 537 cur
1892 503 1925 534 in
1950 500 2058 534 decem
2084 500 2139 533 illa
2151 510 2225 532 cava
2238 497 2392 533 fuerinta

1379 547 1522 584 dextris;
1545 546 1578 578 in
1601 545 1724 579 duobus
1749 556 1765 579 a
1786 545 1929 610 deponis,
1954 548 1986 577 δε
2009 555 2027 576 a
2050 542 2202 582 sinistri„
2225 543 2260 574 in
2283 541 2390 575 tribus

1379 589 1566 628 dumtaxat,
1589 601 1605 621 a
1629 588 1757 623 sinistris
1773 614 1780 622 .
1806 587 1954 626 Itofecto
1976 596 2031 621 aut
2055 585 2105 621 his
2128 588 2163 619 in
2186 586 2276 618 rebus
2299 610 2309 623 ,
2331 584 2394 619 etfi.

1382 644 1395 664 a
1422 633 1529 674 primo
1540 631 1624 667 secus
1636 631 1781 671 videatur
1795 657 1803 672 ‚
1826 633 1976 675 magnam
1998 630 2055 663 sibi
2071 639 2196 672 partem
2221 627 2307 662 casus
2318 627 2392 659 vin-

1381 675 1465 709 dicat
1486 699 1495 714 ,
1529 684 1582 710 aut
1604 699 1617 716 ,
1652 675 1674 709 si
1700 676 1804 710 multo
1837 675 1966 717 longior
1991 680 2135 707 accurate
2158 672 2388 714 descriptarum

1378 718 1637 757 observationum
1661 719 1754 752 series
1776 718 1844 753 haec
1871 719 1916 751 ita
1939 726 1975 750 ut
1999 718 2177 759 plurimum
2200 716 2229 749 se
2253 714 2389 762 habere,

1378 761 1573 801 ostenderit3
1595 761 1695 795 causae
1719 764 1752 794 in
1774 761 1895 794 cerebri
1919 760 2095 800 structura,
2119 769 2171 794 aut
2195 761 2228 792 in
2250 770 2317 802 ejus
2340 759 2392 790 in-

1379 807 1534 839 timorum
1556 805 1702 839 vasorum
1727 804 1951 839 distributione
1975 812 2066 837 erunt
2090 801 2307 846 perquirendae
2318 825 2329 841 ,
2352 808 2427 839 ut:w

1379 858 1455 891 puta
1479 849 1501 882 fi
1525 850 1611 882 circa
1641 860 1691 882 eas
1713 859 1783 891 quae
1816 847 1911 882 dictae
1936 847 2006 881 sunt
2028 870 2040 887 ,
2075 846 2161 881 sedes
2186 854 2240 880 aut
2277 846 2391 887 plura,

1379 901 1433 926 aut
1458 893 1623 934 amplioris
1646 890 1793 925 diametri
1816 891 1940 925 vascula
1965 890 2143 924 ferrentur.
2170 891 2221 922 Sic
2244 889 2391 930 aliquan-

1379 934 1423 969 do
1445 947 1518 970 curn
1543 937 1660 969 Striata
1691 934 1825 977 corpora
1849 934 2005 968 assulatim
2038 933 2207 968 secundum
2234 931 2392 966 horizon-

1378 979 1671 1022 temxpersecarem,
1699 977 1948 1012 animadvertisse
1972 978 2102 1011 memini
2134 979 2166 1010 in
2191 974 2393 1019 singulorum

1378 1031 1509 1056 externo
1531 1024 1688 1056 anteriore
1712 1023 1807 1055 latere
1829 1020 1985 1064 quandam
2009 1019 2094 1064 quasi
2119 1020 2279 1054 foveolam
2302 1032 2311 1056 ‚·
2333 1019 2395 1059 ‚per
2433 1057 2435 1059 ,

1377 1076 1472 1106 quam
1503 1065 1716 1108 sanguifernm
1739 1077 1791 1099 vas
1822 1065 1945 1098 meabat
1968 1062 2248 1097 manifestiffirnurn
2271 1074 2278 1095 ;
2314 1061 2391 1094 alias

1379 1118 1508 1149 autern,
1529 1109 1661 1151 oblique
1684 1113 1717 1142 δε
1739 1109 1822 1143 lente
1848 1107 2000 1148 secando,
2023 1106 2188 1140 ostendisse
2213 1109 2246 1139 in
2274 1104 2388 1139 eodem

1378 1152 1475 1185 latere
1499 1153 1587 1193 plura
1611 1151 1756 1195 parallela
1780 1154 1863 1185 inter
1875 1152 1904 1185 se
1919 1175 1932 1191 ‚
1955 1154 1986 1184 &
2009 1149 2151 1184 craffiora
2163 1161 2257 1192 quam
2282 1148 2390 1188 alibi,

1378 1193 1430 1228 fila
1454 1194 1647 1235 rubicunda,
1671 1194 1703 1228 id
1716 1193 1758 1227 est
1780 1195 1849 1228 vasa
1861 1194 2055 1236 {unguifer-a.
2081 1193 2239 1227 Accedere
2261 1191 2387 1225 hucvi-

1376 1238 1468 1272 detur
1491 1240 1597 1271 minor
1618 1238 1661 1271 ob
1685 1235 1784 1280 ip’sam
1809 1239 1991 1280 proximam
2013 1237 2268 1270 ventriculorum
2297 1237 2385 1267 cavi-

1376 1291 1474 1315 tatem
1494 1305 1507 1323 ‚
1537 1283 1571 1315 in
1594 1281 1713 1316 horum
1746 1283 1905 1323 parietum
1936 1280 2149 1321 perforatione
2185 1277 2354 1312 resistentia
2377 1301 2390 1310 ..

1376 1328 1462 1358 Cum
1484 1337 1560 1359 vero
1584 1325 1626 1358 ob
1648 1326 1716 1359 haec
1737 1348 1749 1364 ,
1783 1325 1882 1357 aliave
1904 1322 2085 1358 istiusmodi
2125 1333 2238 1356 eorum
2260 1321 2387 1355 causam

1373 1369 1547 1411 conjeceris
1570 1380 1639 1409 quae
1664 1370 1793 1411 primo,
1815 1370 1847 1401 ἅτ
1872 1366 2008 1401 secundo
2031 1367 2105 1400 loco
2127 1366 2288 1409 quaerebas
2313 1376 2324 1404 3
2347 1364 2387 1398 de

1373 1414 1472 1446 tertio
1494 1415 1507 1452 (
1530 1411 1549 1446 b
1571 1416 1584 1452 )
1609 1414 1710 1445 minus
1734 1412 1793 1444 eris
1816 1409 1942 1444 fortaffe
1966 1410 2137 1450 solicitus,
2158 1421 2234 1443 cum
2246 1407 2392 1442 attende-

1376 1457 1418 1489 ris
1440 1480 1452 1495 ‚
1483 1456 1627 1489 dexteras
1651 1455 1809 1498 plerasque
1833 1464 1935 1496 partes
1967 1455 2111 1495 corporis
2136 1452 2193 1486 esse
2218 1462 2253 1486 ut
2286 1452 2391 1494 pluri-

1374 1510 1463 1533 mum
1486 1499 1519 1532 in
1544 1497 1755 1541 frequentiori
1780 1507 1873 1531 motu
1883 1496 2096 1537 consuevisse,
2117 1508 2216 1538 quam
2226 1495 2361 1531 finistras
2376 1518 2393 1536 ,

1376 1545 1408 1575 δε
1429 1541 1517 1586 quod
1540 1541 1769 1585 consequitur,
1791 1540 1861 1574 vasa
1872 1553 1999 1584 quoque
2024 1553 2088 1574 non
2105 1541 2235 1573 illarum
2259 1538 2388 1580 modo,

1375 1584 1426 1619 sed
1450 1588 1483 1619 &
1505 1595 1688 1619 caeterarum
1711 1597 1781 1628 quae
1805 1596 1822 1617 a
1846 1584 1967 1618 dextris
1990 1584 2081 1625 sunt,
2105 1585 2149 1616 ob
2171 1584 2392 1617 communica-

1376 1630 1504 1706 tispnes,
1526 1628 1727 1662 consensusve
1751 1627 1896 1662 laborare
1919 1629 2020 1670 magis
2041 1651 2050 1666 ,
2088 1631 2119 1661 δε
2143 1627 2271 1661 dilatari
2297 1626 2392 1661 solita.

1377 1683 1392 1705 e
1420 1684 1435 1706 e
1448 1698 1455 1705 .

1425 1726 1473 1757 19.
1499 1718 1597 1759 Super
1620 1715 1775 1752 Valsaivae
1809 1724 1915 1749 autem
1939 1715 2004 1758 jam
2026 1715 2123 1749 toties
2160 1724 2392 1759 commemora-

1379 1760 1423 1792 tis
1444 1783 1456 1800 ,
1489 1762 1520 1792 ὃς
1544 1758 1744 1792 confirmatis
1767 1759 2044 1793 observationibus
2066 1781 2075 1795 ,
2106 1758 2127 1791 fi
2152 1758 2297 1792 resolutae
2329 1759 2392 1789 lint

1380 1804 1527 1845 corporis
1551 1802 1681 1837 sinistrae
1705 1812 1829 1845 parte53
1851 1803 1890 1837 ad
1911 1802 2055 1836 dexteras
2066 1802 2186 1835 cerebri
2209 1804 2330 1836 vitium
2342 1798 2392 1832 es-

1384 1846 1436 1879 se:
1461 1845 1482 1878 fi
1507 1845 1667 1885 dexterae3
1692 1846 1730 1879 ad
1751 1844 1907 1886 finisti-as,
1933 1857 1994 1878 non
2009 1855 2104 1888 puto,
2130 1843 2186 1878 effe
2212 1846 2301 1887 plura
2318 1856 2390 1887 quse

1383 1901 1421 1922 ex
1444 1901 1493 1922 me
1517 1901 1657 1932 quaeras.
1681 1889 1778 1923 Nosti
1803 1892 1889 1923 enirn
1911 1901 1981 1933 quae
2004 1890 2042 1922 de
2065 1887 2159 1931 hujus
2176 1891 2219 1921 rei
2243 1890 2394 1922 tumEx-

1384 1932 1597 1975 plicatoribus
1622 1934 1763 1976 antiquis
1783 1956 1794 1972 ,
1827 1936 1858 1966 ἃς
1885 1935 1974 1967 novis
1996 1957 2008 1973 ,
2041 1941 2112 1967 tum
2146 1932 2390 1974 exceptionibus

1382 1976 1595 2052 quibusdam,
1622 1986 1693 2010 turn
1717 1975 1960 2015 additionibus,
1986 1987 2057 2010 turn
2082 1974 2154 2008 aliis
2167 1975 2394 2019 cujusquemo-

1407 2020 1416 2051 i
1441 2019 1478 2052 ad
1502 2030 1572 2051 eam
1595 2019 1830 2062 speecantibus,
1851 2020 2004 2054 habebam
2027 2019 2129 2053 dicere
2158 2041 2166 2055 ‚
2197 2031 2233 2051 ea
2255 2031 2304 2053 me
2328 2019 2394 2053 fer-

1384 2073 1433 2095 me
1455 2065 1564 2095 omnia
1587 2063 1620 2095 in
1643 2074 1712 2095 eam
1734 2075 1832 2105 quam
1854 2063 1952 2106 paulo
1975 2071 2045 2095 ante
2067 2064 2244 2096 memoravi
2264 2086 2278 2103 ‚
2311 2063 2394 2104 Epi-

1383 2105 1494 2139 stolam
1518 2107 1748 2138 Anatomicam
1767 2108 1780 2145 (
1803 2119 1818 2138 c
1840 2110 1854 2146 )
1876 2105 2041 2149 conjeciss‘e
2060 2130 2072 2147 ,
2103 2116 2140 2140 ut
2164 2117 2229 2139 non
2254 2107 2392 2139 attineat:

1384 2147 1438 2182 hic
1461 2150 1593 2182 iterare.
1621 2150 1734 2182 Unum
1758 2148 2004 2194 tantummodo,
2029 2158 2083 2182 aut
2106 2149 2243 2183 alterum
2265 2149 2303 2182 ad
2328 2151 2395 2192 pri-

1385 2204 1435 2226 ma
1459 2192 1515 2225 illa
1537 2191 1604 2225 duo
1625 2193 1731 2234 capita
1754 2192 1877 2234 possum
1901 2191 2032 2235 adjicere
2052 2217 2059 2224 .
2085 2193 2173 2226 Nam
2195 2192 2217 2225 si
2242 2192 2326 2226 forte
2349 2194 2395 2227 le-

1384 2234 1570 2282 gas-[quod
1592 2234 1631 2267 ad
1645 2236 1951 2277 Explicatoresillos
1974 2237 2123 2279 antiquos
2136 2236 2276 2279 spe&at,
2298 2236 2397 2279 Casp-

1385 2280 1623 2312 Hoflmannum
1645 2279 1658 2316 (
1679 2279 1699 2309 d
1720 2281 1734 2317 )
1756 2276 1824 2311 haec
1836 2279 2048 2312 scribentem:
2073 2281 2149 2313 Fuit
2166 2279 2227 2313 haec
2250 2288 2321 2313 ante
2331 2283 2396 2313 Ga-

1384 2321 1486 2355 lenum
1508 2320 1634 2353 Aretaei
1650 2318 1807 2361 sententia
1820 2344 1828 2358 ‚
1914 2333 2006 2363 qnam
2019 2321 2133 2364 Caffius
2149 2322 2371 2366 [fatrosophzsta
2384 2347 2395 2364 ‚
2433 2335 2443 2343 *

1380 2364 1528 2406 problem.
1543 2373 1595 2405 41.
1603 2362 1749 2405 sequitur
1760 2389 1767 2396 .
1795 2364 1852 2397 Tl).
1865 2376 1883 2397 a
1895 2366 1924 2396 V
1920 2365 1986 2406 eiga
2064 2367 2204 2398 nominat
2215 2367 2311 2399 etiam
2323 2370 2395 2399 Ha-

1385 2407 1416 2448 ζγ
1439 2405 1624 2445 Abbatem2
1648 2408 1690 2441 θ
1713 2405 1865 2445 Felicem,
1890 2418 1965 2450 quos
1979 2418 2036 2440 non
2047 2408 2137 2439 virli:
2162 2412 2251 2447 ἷκτο,
2276 2408 2396 2451 quisfit

1386 2448 1439 2494 ille
1461 2448 1568 2489 Felix,
1593 2447 1714 2489 nefiio:
1736 2448 1760 2482 fi
1783 2449 1874 2490 haec,
1899 2453 2030 2492 inquam
2067 2450 2152 2492 legas
2177 2463 2185 2485 ς
2220 2451 2320 2485 nolim
2344 2452 2398 2485 su·-

1386 2493 1534 2533 1piceris‚
1556 2491 1705 2525 omissum
1730 2504 1746 2525 a
1769 2504 1816 2526 me
1839 2492 1896 2527 else
1917 2495 1949 2526 in
1973 2506 2011 2526 eo
2035 2494 2136 2527 Felice
2149 2494 2394 2537 Explicatorem

1384 2534 1540 2577 quendam
1563 2537 1810 2578 perantiquum,
1833 2540 1865 2569 δε
1890 2548 1963 2571 cum
1986 2538 2135 2574 Aretaeo‚
2162 2549 2195 2569 ac
2207 2538 2311 2571 Casfio
2335 2549 2397 2571 no·-

1383 2579 1569 2612 minandum
1593 2605 1599 2611 .
1636 2579 1694 2612 Iste
1717 2582 1802 2613 enim
1837 2581 1928 2613 Felix
1946 2604 1959 2621 ,
1992 2579 2192 2613 Hoffmanno
2227 2583 2357 2624 ignotus
2380 2607 2395 2623 ,

1384 2623 1537 2657 nimirum
1560 2622 1601 2656 est
1623 2621 1678 2655 hic
1711 2622 1797 2657 idem
1819 2623 1938 2657 Caffius
1959 2647 1970 2664 ,
2001 2625 2118 2666 quippe
2150 2624 2269 2658 Cassius
2302 2626 2395 2660 Felix

1384 2664 1573 2707 quibusdam
1595 2664 1700 2700 dicius
1721 2690 1733 2707 ‚
1767 2676 1803 2701 ut
1825 2667 2013 2710 cognoscere
2038 2668 2157 2710 poteris
2181 2668 2229 2700 vel
2253 2680 2291 2701 ex
2314 2670 2395 2702 Lin-

1387 2710 1484 2755 denio
1508 2710 1677 2744 Renovato
1699 2713 1712 2749 (
1733 2721 1748 2745 e
1770 2713 1801 2750 ).
1891 2710 1947 2744 Ad
1971 2712 2173 2753 exceptiones
2183 2721 2289 2745 autem
2313 2711 2396 2746 illud

1387 2753 1506 2798 ipeEtat
1526 2776 1538 2792 ,
1570 2762 1623 2786 aut
1645 2763 1729 2785 certe
1753 2753 1789 2787 ad
1815 2753 2060 2788 illustrationem
2084 2754 2239 2789 doOcrinae
2262 2756 2349 2788 illius
2375 2767 2395 2788 a

1388 2795 1537 2829 Valsalva
1559 2795 1777 2838 confirmatae,
1801 2797 1892 2839 quod
1914 2796 1967 2836 etfi
1991 2797 2047 2831 ubi
2071 2798 2297 2833 alterumlatus
2318 2810 2395 2832 cor-

1386 2841 1474 2885 poris
1498 2839 1539 2872 est
1565 2838 1762 2880 resolutum,
1785 2842 1925 2880 vitium,
1947 2839 1969 2872 fi
1992 2842 2177 2883 organicum
2199 2841 2258 2879 iit,
2282 2846 2314 2877 3<
2338 2842 2396 2877 sub

1387 2883 1507 2915 sensum
1529 2882 1644 2923 cadat,
1666 2882 1700 2915 in
1723 2883 1869 2926 oppofita
1893 2884 2012 2916 cerebri
2036 2894 2122 2927 parte
2145 2883 2187 2918 est
2211 2897 2221 2923 5
2256 2897 2319 2919 non
2344 2893 2395 2921 ta-

1386 2936 1456 2958 men
1480 2926 1612 2959 viciffim
1635 2926 1860 2970 consequitur,
1882 2926 2142 2971 quotiescumque
2166 2927 2322 2971 ejusmodi
2346 2931 2395 2962 vi-

1387 2972 1471 3002 tium
1494 2970 1528 3001 in
1551 2970 1674 3002 cerebri
1699 2971 1848 3003 alterutra
1872 2981 1962 3012 parte
1985 2971 2048 3010 est,
2072 2971 2253 3014 oppofiturn
2276 2984 2395 3016 corpo-

1387 3013 1430 3046 ris
1453 3012 1535 3046 latus
1559 3012 1615 3046 esse
1639 3012 1836 3046 resolutum:
1860 3013 1967 3047 eadem
1991 3016 2075 3048 enim
2099 3017 2222 3048 ratione
2246 3015 2311 3048 fieri
2338 3028 2395 3057 po-

1388 3055 1447 3089 test
1458 3079 1477 3105 ,η
1493 3066 1529 3089 ut
1553 3056 1616 3089 hoc
1640 3058 1772 3089 minime
1795 3065 1870 3090 tunc
1882 3056 2049 3100 sequatur,
2072 3059 2305 3101 quainterdum
2327 3059 2365 3093 fit
2379 3086 2393 3103 ,

1388 3108 1424 3134 ut
1447 3101 1564 3147 Vitiato
1586 3101 1736 3142 utrinque
1747 3100 1898 3141 cerebro,
1921 3112 2067 3135 neutrum
2091 3111 2195 3136 tamen
2218 3104 2300 3137 latus
2321 3115 2395 3137 cor-

1392 3144 1478 3187 poris
1502 3145 1540 3176 iit
1563 3144 1799 3186 paralyticum5
1823 3142 1885 3176 five
1906 3144 1994 3187 quod
2018 3156 2051 3178 ea
2075 3147 2155 3178 vitia
2177 3143 2240 3179 fine
2254 3150 2394 3188 repenti-

1391 3199 1428 3220 na
1453 3187 1572 3220 cerebri
1606 3186 1794 3231 laceratione
1815 3210 1827 3227 ,
1860 3196 1913 3221 aut
1935 3189 2158 3230 compressione
2191 3188 2250 3223 sint
2284 3190 2393 3235 faeta,

1390 3231 1450 3264 five
1475 3231 1535 3264 alia
1557 3229 1594 3269 de
1617 3231 1731 3270 caula,
1751 3232 1890 3272 quamin
1915 3230 2067 3273 ejusmodi
2082 3230 2316 3268 observationes
2342 3237 2396 3270 in-

1386 3273 1548 3314 cidentes,
1569 3284 1729 3315 quaerere,
1752 3282 1845 3316 atque
1871 3286 2022 3317 exponere
2042 3275 2229 3310 conabimur
2248 3303 2257 3310 .
2286 3278 2388 3313 Nunc

1387 3317 1438 3364 bis
1463 3318 1595 3351 suumin
1620 3317 1725 3350 Iocum
1736 3315 1869 3358 dilatis,
1892 3327 2018 3351 caeteras
2035 3329 2106 3362 quae
2130 3318 2168 3351 ad
2184 3322 2390 3364 apoplexiam

1388 3364 1588 3403 sanguineam
1612 3361 1773 3401 attinent,
1797 3372 2012 3404 proponamus
2030 3385 2037 3393 .

1433 3415 1483 3436 20.
1509 3404 1594 3436 VIR
1618 3402 1767 3436 senectuti
1791 3403 1853 3447 jam
1879 3416 2033 3447 propior,
2056 3417 2094 3437 ex
2118 3407 2303 3448 apoplexia,
2325 3419 2392 3441 non

1389 3448 1547 3481 continuo
1571 3445 1624 3478 ille
1647 3445 1797 3488 quidem,
1823 3446 1871 3480 sed
1896 3448 2000 3491 plures
2024 3447 2093 3490 post
2115 3448 2181 3481 dies
2198 3451 2393 3484 interierat:

1391 3492 1448 3535 qui
1473 3489 1711 3531 hemiplecticus
1737 3488 1831 3530 esset,
1853 3502 1894 3525 an
1917 3502 2002 3533 non,
2025 3502 2083 3533 pro
2104 3501 2193 3526 certo
2227 3491 2303 3526 scire
2327 3505 2393 3528 non

2231 3538 2322 3578 potui
2337 3549 2347 3575 ,-

399 3690 560 3721 (p)l›33=
625 3689 736 3718 (4311-
755 3697 790 3720 23>
854 3691 1017 3720 (an.12.
1082 3689 1235 3722 (s)Epist.
1256 3697 1276 3713 2.
1294 3697 1316 3711 n.
1338 3696 1372 3717 ¹4-
1436 3686 1678 3716 (1)A&.He1vet.
1698 3687 1753 3710 Vol.
1775 3693 1793 3709 1.
1853 3685 1968 3715 (u3n.
1985 3686 2009 3709 8.
2072 3682 2237 3713 (x)n.1=.

397 3723 440 3752 (y
455 3721 469 3750 )
486 3722 549 3753 Epn.
570 3721 604 3743 N.
622 3722 648 3743 C.
668 3721 735 3751 Cent.
754 3728 775 3749 9.
793 3720 852 3743 Obs.
869 3729 888 3749 3.
951 3722 964 3750 (
980 3729 999 3748 z
1017 3722 1025 3748 )
1041 3729 1062 3744 n.
1082 3729 1118 3748 19.
1135 3726 1155 3746 ὅ(
1173 3730 1210 3752 ²5-
1273 3722 1279 3748 1,
1298 3727 1314 3742 a
1329 3719 1342 3747 )
1360 3718 1506 3747 Sepulchret.
1524 3716 1584 3742 Stet.
1601 3718 1642 3741 hae
1661 3724 1682 3739 z.
1700 3715 1757 3740 ΘΜ.
1777 3718 1811 3740 18.

395 3756 410 3781 <
426 3752 440 3775 b
459 3758 464 3777 1
484 3752 535 3775 Vid.
553 3756 633 3784 tamen
652 3750 723 3777 Epist.
744 3758 778 3773 11.
797 3758 819 3772 n,
843 3758 877 3774 ιι.
896 3750 946 3775 imo
964 3750 1036 3780 Epist.
1054 3756 1090 3775 62.
1110 3760 1132 3776 n.
1151 3760 1176 3782 7.
1195 3760 1215 3782 9.
1238 3758 1271 3775 11.
1333 3751 1346 3778 (
1362 3757 1373 3773 c
1390 3754 1398 3778 )
1417 3756 1450 3778 ¹3·
1468 3750 1498 3771 ab
1514 3755 1536 3771 n.
1556 3756 1590 3776 14.
1608 3748 1636 3771 ad
1652 3755 1693 3775 :27r

397 3784 411 3811 ζ
428 3783 444 3805 d
459 3782 473 3810 )
492 3783 590 3805 Comm.
607 3788 631 3804 in
649 3781 735 3804 Galen.
753 3780 781 3804 de
798 3780 829 3803 us.
848 3788 909 3809 part,
927 3784 992 3805 1.ιο.
1012 3789 1032 3805 c.
1051 3791 1084 3809 13-
1103 3782 1147 3807 διο.

1211 3782 1224 3809 <
1239 3790 1250 3804 e
1266 3781 1279 3810 >
1295 3782 1329 3804 De
1347 3779 1447 3809 Scriptis
1463 3778 1554 3804 Medic.
1571 3780 1590 3802 1.
1610 3786 1628 3802 1.
1650 3777 1703 3802 Vid.
1722 3776 1812 3808 Caffius
1828 3776 1895 3801 Fatix
