2498 4075
407 133 501 178 150

333 193 431 240 'caput
454 210 473 232 a
496 198 633 240 margine
655 194 723 237 ejus
744 218 758 238 ,
789 204 827 230 ut
848 195 1028 240 experiendi
1061 195 1151 229 causa
1176 196 1333 234 Willisius

333 237 465 281 jub-ebat
477 265 488 282 ,
510 239 602 282 usque
625 240 665 272 ad
683 241 898 280 pavimentum
921 239 1066 273 reclinari
1081 238 1195 281 fineret
1213 261 1226 281 ,
1247 240 1333 275 illico

332 285 482 328 perscnfit
503 294 588 325 aqua:
608 282 718 324 versus
739 282 911 317 claviculas
933 281 1111 324 decursum,
1128 281 1279 326 fimulque
1292 283 1333 317 il-

331 326 385 360 luc
406 328 519 360 doloris
541 325 742 368 metaftafim.
767 327 882 369 Neque
906 335 1011 358 tamen
1024 326 1087 358 scio
1105 349 1112 363 ,
1136 337 1171 358 an
1196 326 1331 359 satisin-

329 370 476 411 ‘telligam
498 392 510 409 ,
532 380 588 402 cur
609 370 633 402 ii
657 370 776 409 pariter
794 391 802 406 ,
837 380 899 401 non
924 378 989 401 tam
1013 367 1088 401 dico
1110 370 1164 411 qui
1189 368 1330 404 thoracis

327 412 474 455 hydrope
498 413 692 447 vexabantur
717 438 725 452 ‚
760 423 854 454 quam
877 413 934 454 qui
959 410 1125 453 pericardii
1152 413 1199 444 vel
1226 414 1328 446 multo

323 467 365 491 eo
389 455 500 498 majori
535 457 591 499 qui
616 455 654 488 ab
679 455 825 489 Lancifio
857 453 1034 497 designatus
1056 455 1098 489 est
1119 479 1127 493 ‚
1159 465 1221 488 non
1243 456 1329 489 idem

326 500 466 534 levamen
491 497 707 532 decumbendo
739 498 798 531 sint
821 497 979 532 consecuti
1000 525 1008 532 .
1042 499 1133 535 Quin
1156 509 1268 532 contra
1301 500 1327 531 is

326 544 382 586 qui
408 544 512 576 multo
536 544 679 576 maximo
697 563 706 577 ‚
729 550 763 574 ut
787 542 883 583 paulo
905 552 979 575 ante
1015 550 1188 575 memorata
1211 541 1328 575 Vicus-

324 587 400 620 senii
426 585 620 619 Observatio
642 583 800 624 ostendit,
824 585 997 626 urgebatur
1016 609 1026 623 ‚
1053 584 1215 627 postremis
1241 585 1326 620 auffi

321 630 386 673 jam
411 628 516 662 morbi
542 628 696 663 mensibus
719 628 751 659 in
778 627 860 661 ῙΕᾶο
881 627 1182 670 jugitercogebatut
1204 628 1327 667 sedere3

322 684 394 706 nam
418 672 438 705 si
464 671 673 710 decumbere,
694 670 782 714 quod
807 671 1023 712 superioribus
1046 680 1193 712 potuerat
1217 671 1327 706 mensi-

321 716 380 750 bus
395 739 406 755 ,
427 723 619 753 conaretur,
641 714 734 747 illico
755 712 881 746 evidens
914 713 1047 747 instabat
1071 712 1290 750 suffocationis
1317 738 1326 754 ,

320 759 501 801 mortisque
524 757 719 799 periculum.
745 757 837 790 Num
861 755 946 790 forte
966 769 980 797 ,·
1013 769 1050 789 ne
1073 757 1111 790 de
1144 759 1233 792 aneta
1257 759 1325 793 san·

319 802 519 846 guiferorum
549 800 696 833 vasorum
730 799 877 841 pressione
907 811 980 834 cum
1015 800 1201 835 Vieuslenio
1231 804 1324 846 quid-

318 857 415 890 quam
437 843 601 880 dicamus;
625 854 658 875 ea
682 841 770 875 causa
793 851 884 882 erat,
906 843 993 886 quod
1019 845 1229 885 pericardium
1252 856 1323 880 tan-

316 899 348 923 ta
373 893 523 931 aquarum
546 887 637 929 copia
650 884 841 926 distentum,
865 885 984 927 jacente
1007 886 1323 933 hominediaphrag-

318 944 367 966 ma
391 931 520 974 quidem
545 941 607 963 non
632 928 805 971 gravabat3
830 928 879 962 sed
904 931 1120 972 praegravabat
1131 932 1319 974 pulmones,

316 976 437 1021 quibus
460 974 501 1007 fic
524 973 726 1008 incumbebat
746 997 758 1014 ‚
793 982 865 1007 tum
887 974 970 1006 mole
1003 975 1100 1009 etiam
1125 975 1176 1009 sua
1200 975 1321 1011 horum

315 1017 498 1062 expansioni
523 1026 616 1050 tanto
637 1017 739 1059 magis
761 1016 944 1056 officiebat,
966 1026 1086 1060 quanto
1109 1018 1231 1053 sursum
1252 1031 1320 1053 ma-

314 1065 364 1104 gis
389 1072 464 1097 tunc
489 1060 670 1094 ascendente
693 1059 934 1103 diaphragmate
949 1083 957 1098 ‚
981 1062 1086 1103 ipsum
1107 1073 1238 1106 quoque
1252 1063 1318 1097 sur-

313 1101 382 1141 sum
405 1104 655 1139 contrudebatur
676 1128 683 1135 .
718 1103 818 1145 Qod
850 1103 872 1136 si
896 1105 940 1137 ita
974 1103 1002 1136 se
1026 1116 1072 1138 res
1105 1104 1201 1138 habet
1223 1119 1233 1145 3
1256 1105 1320 1140 hoc

313 1161 444 1193 quoque
468 1148 590 1191 signum
614 1146 794 1188 intelligis,
816 1146 875 1179 five
898 1157 934 1181 ut
960 1148 998 1180 ab
1022 1149 1116 1187 aliis,
1138 1147 1199 1181 five
1223 1159 1258 1183 ut
1282 1150 1320 1184 ab

313 1192 460 1228 Lancisio
484 1189 685 1233 propositum
709 1189 773 1229 est,
797 1201 813 1222 a
836 1191 921 1223 varia
934 1191 1072 1232 congesti
1096 1190 1241 1226 humoris
1264 1204 1320 1227 co-

313 1237 367 1279 pia
391 1236 506 1268 variari
534 1245 542 1265 e
575 1246 645 1275 quae
669 1243 774 1265 tamen
808 1233 841 1265 in
866 1234 1011 1274 pluribus
1044 1238 1058 1274 (
1081 1245 1095 1267 e
1116 1237 1131 1274 )
1155 1235 1283 1270 videtur
1303 1261 1319 1278 ,

309 1290 383 1314 cum
407 1278 513 1312 eadem
538 1277 612 1311 esset
636 1287 732 1319 quam
756 1276 917 1310 Lancisius
941 1276 1084 1319 designat
1107 1300 1116 1316 ‚
1141 1289 1194 1313 aut
1219 1280 1319 1314 etiam

312 1323 481 1365 aliquanto
503 1319 752 1363 majorsneque
775 1318 813 1350 ab
835 1319 942 1366 initio*
955 1332 1056 1362 aegros
1079 1322 1212 1364 coegisse
1239 1349 1248 1363 ‚
1281 1334 1318 1359 uc

311 1364 483 1408 respirandi
515 1364 605 1398 causa
629 1373 716 1397 extra
752 1362 870 1395 lectum
895 1363 989 1396 eslent
1011 1388 1023 1404 ,
1054 1375 1152 1408 neque
1173 1373 1316 1401 exn-emo

310 1420 457 1452 tempore
479 1417 515 1442 ut
539 1406 670 1451 jacendo
693 1407 842 1449 spiritum
864 1404 1016 1439 ducerent
1042 1419 1050 1440 .·
1074 1411 1152 1452 quin
1178 1420 1253 1443 utro
1276 1412 1316 1444 li-

308 1454 396 1488 beret
434 1451 532 1486 modo
564 1452 696 1484 minime
727 1458 890 1492 propterea
932 1450 1105 1492 augebatur
1143 1453 1316 1488 difficultas

310 1496 477 1540 spirand15
501 1492 620 1527 etiamsi
644 1505 718 1527 cum
741 1492 909 1535 pericardii
935 1492 1079 1536 hydrope
1103 1495 1316 1540 thoracishy-

305 1541 406 1582 drops
431 1548 496 1573 erat
518 1537 730 1580 conjunctus.
759 1536 841 1574 Quae
867 1547 912 1568 res
934 1547 1062 1579 quoque
1085 1538 1165 1572 facit
1182 1566 1190 1580 ‚
1216 1552 1252 1573 ne
1277 1540 1315 1574 si-

307 1595 409 1627 gnum
442 1583 507 1617 hoc
532 1581 637 1614 facilis
673 1579 840 1613 decubitus
863 1589 922 1620 pro
955 1580 1042 1615 illius
1074 1584 1224 1624 peculiari
1260 1584 1316 1617 ha-

306 1629 459 1665 beamus,
481 1636 583 1666 eoque
607 1624 640 1657 id
665 1625 767 1664 magis
790 1633 863 1655 cum
895 1622 928 1655 in
952 1623 992 1655 iis
1028 1627 1145 1667 pariter
1167 1628 1223 1670 qui
1249 1639 1315 1661 uno

307 1671 452 1706 thoracis
474 1668 621 1711 hydrope
645 1666 855 1706 laborabant,
879 1664 963 1700 idem
987 1665 1023 1702 fit
1048 1669 1222 1714 aliquando
1246 1673 1314 1705 ani-

306 1714 505 1752 madversum
527 1710 583 1756 (f
598 1715 631 1753 >0

349 1763 402 1803 46.
428 1760 506 1793 Non
521 1768 569 1790 me
594 1761 730 1799 poenitet
742 1754 1180 1801 LancisiiObservationem,
1202 1771 1315 1804 quam-

306 1806 357 1838 vis
382 1803 459 1837 adeo
481 1815 495 1835 a
521 1799 947 1835 Vieul'seniiObservatione
960 1800 1212 1845 discrepantem,
1237 1816 1313 1846 pau-

308 1849 342 1882 lo
365 1857 435 1881 ante
458 1844 624 1889 protulisse
638 1871 646 1878 .
673 1846 754 1878 Ecce
778 1844 863 1877 enim
877 1844 944 1891 hae-c
965 1845 1140 1887 relegentia
1158 1849 1312 1888 Petropo-

306 1892 406 1926 litana
432 1894 548 1933 Imper.
573 1889 748 1922 Academia
772 1888 866 1920 Novi
898 1899 964 1929 ejus
986 1890 1222 1935 Commentarii
1245 1893 1312 1933 (g)

306 1938 503 1972 mittuntur,
529 1936 562 1966 in
585 1932 722 1975 quibus,
744 1940 781 1965 ut
806 1942 874 1964 rara
898 1931 958 1964 alia
977 1958 984 1970 ‚
1009 1932 1049 1964 sic
1075 1933 1130 1965 Cl.
1147 1933 1312 1966 Schreibe-

301 1982 330 2014 xi
356 1979 626 2013 Observationem
649 1978 663 2015 (
685 1975 705 2008 Ι)
726 1979 739 2016 )
762 1975 893 2007 invenio
914 1998 925 2014 ,
962 1975 1133 2016 pericardii
1159 1975 1247 2019 quod
1270 1977 1312 2010 li-

300 2024 360 2059 brae
383 2023 511 2056 circiter
532 2028 755 2064 quatuoraquae
778 2025 908 2051 cruenta
922 2017 999 2050 adeo
1021 2019 1250 2057 extendebant,
1276 2029 1312 2053 ut

301 2065 510 2112 pulmonibus
542 2063 645 2097 versus
669 2060 843 2104 posteriora
864 2084 876 2100 ,
909 2063 941 2094 &
974 2061 1070 2094 latera
1104 2062 1275 2105 compulsis
1298 2085 1312 2102 ,

303 2111 410 2154 ipsum
434 2117 541 2152 partes
560 2106 697 2149 pectoris
719 2103 873 2144 mediam,
897 2103 934 2137 ἐϋ·
957 2105 1128 2138 anteriores
1165 2105 1312 2139 laterales

305 2154 455 2197 repleret.
480 2156 579 2189 AEgro
605 2159 710 2181 tamen
732 2157 804 2180 cum
828 2147 952 2180 tandem
975 2147 1136 2191 adceffiffec
1152 2148 1312 2190 summum

307 2195 446 2236 molestia
470 2191 638 2239 νεβὶνανιᾱὶ
650 2193 894 2225 incrementum,
990 2191 1022 2223 in
1033 2190 1188 2225 alterutro
1206 2192 1312 2234 pesto-

312 2242 359 2275 ris
382 2240 478 2273 latere
502 2233 613 2272 c‘ubare
636 2232 815 2276 impoffibile
838 2255 850 2272 ,
867 2232 924 2275 scd
944 2234 977 2265 in
1000 2233 1087 2276 dorso
1104 2234 1209 2275 jacere
1231 2235 1312 2268 tole-

309 2282 408 2318 rabile
422 2281 534 2324 suerat
600 2281 701 2312 Erant
725 2279 757 2309 ἃ
789 2274 865 2309 huic
890 2276 1056 2317 pulmones
1086 2277 1200 2318 pleurae
1223 2278 1315 2311 valde

311 2327 430 2361 admeti
444 2348 452 2362 ‚
475 2326 555 2367 quin
577 2325 673 2356 etiam
690 2320 821 2367 screatu.
838 2318 973 2361 denique
998 2320 1110 2361 rejeela
1134 2320 1207 2353 alba
1227 2345 1240 2361 ,
1262 2322 1315 2354 νὶ-

305 2369 393 2415 scosa
415 2369 566 2403 mater-a,
592 2364 693 2399 multo
706 2362 857 2405 sanguine
880 2362 1040 2394 admixto:
1068 2373 1216 2403 praeterea
1239 2375 1313 2396 co:-

311 2414 363 2448 dis
387 2410 564 2454 superficies
586 2409 691 2441 omnis
716 2404 803 2437 villis
830 2403 939 2444 hirta,
963 2415 979 2436 a
1003 2403 1070 2437 sero
1091 2404 1221 2446 quidem
1244 2406 1313 2438 for-

312 2458 410 2492 matis
428 2484 430 2486 ,
457 2453 505 2487 sed
518 2465 570 2496 per
592 2462 671 2496 quos
684 2447 801 2481 sinister
823 2448 1015 2480 ventriculus
1027 2448 1312 2492 pericardioquasn

314 2498 484 2537 firmiffime
509 2495 687 2530 adhaerebat
711 2517 717 2523 .
743 2491 816 2524 Nec
842 2492 1069 2533 palpitationes
1093 2499 1197 2525 tamen
1219 2516 1232 2533 ,
1264 2503 1321 2525 nec

313 2544 454 2586 deliquia
479 2541 531 2575 hic
557 2546 773 2573 memorantur
797 2546 807 2572 ς
840 2532 1018 2581 sed-preffio
1051 2534 1083 2566 in
1100 2535 1224 2581 perflare
1246 2560 1255 2575 ,
1286 2537 1321 2568 <Sc

313 2587 400 2631 tuffls
416 2585 496 2628 ficca
518 2592 693 2626 perpetua:
726 2590 795 2620 quae
822 2587 857 2611 tu
889 2577 1008 2619 singula
1032 2577 1071 2610 ad
1103 2590 1136 2610 ea
1168 2578 1320 2621 adjunges

301 2634 309 2640 ’
338 2643 384 2664 uae
405 2630 442 2662 de
465 2627 560 2670 {ignis
586 2627 678 2666 supra
701 2622 844 2655 diximus
865 2645 873 2660 ‚
908 2630 961 2653 aut
985 2619 1067 2653 infra
1091 2621 1231 2655 dicemus
1255 2621 1317 2664 hy-

312 2643 425 2716 {impis
460 2669 632 2714 pericardii
660 2690 669 2703 ,
702 2664 771 2698 tuffi
796 2676 856 2697 una
891 2674 1021 2706 excepta
1055 2674 1218 2707 propterea
1242 2668 1316 2707 quia

313 2719 382 2754 haec
407 2717 507 2749 initio
530 2713 595 2756 jam
619 2710 722 2745 fuerat
748 2732 760 2748 ,
783 2719 856 2741 cum
880 2708 1001 2740 interna
1026 2707 1168 2741 thoracis
1190 2708 1320 2742 inflam-

317 2761 441 2797 matio,
467 2767 502 2792 ut
527 2757 653 2790 videtur
674 2778 684 2794 ,
710 2751 861 2785 morbum
885 2751 1032 2794 praeceffit
1052 2775 1065 2792 ,
1095 2754 1127 2784 ὃ(
1153 2752 1320 2794 quomodo

314 2805 483 2850 pulmones
507 2799 619 2834 deinde
643 2797 672 2830 se
695 2795 865 2834 haberent,
889 2806 926 2827 ex
949 2793 1044 2828 dietis
1069 2795 1227 2837 intelligis
1248 2818 1258 2834 ‚
1291 2799 1323 2829 δε

310 2850 407 2894 supra
431 2843 633 2886 diaphragma
655 2840 761 2881 aliqua
782 2839 885 2879 portio
900 2836 968 2879 seri
988 2836 1321 2880 Havefientisflufftaea-

315 2892 391 2927 bat.
419 2887 478 2922 Sed
503 2886 557 2919 hic
581 2884 739 2927 praecipue
764 2881 903 2915 attendas
923 2905 934 2921 ,
967 2883 1063 2913 velim
1083 2904 1091 2918 ‚
1116 2893 1188 2915 cum
1212 2890 1320 2915 tantus

317 2931 488 2979 pericardii
514 2928 661 2967 hydrops
682 2925 775 2961 esset,
799 2924 1027 2966 orthopnoeam
1041 2934 1143 2958 tamen
1168 2923 1321 2965 defuisse,

317 2988 374 3022 qui
400 2978 432 3008 in
455 2968 796 3016 respirandocorporis
820 2966 894 3001 fitus
908 2968 1081 3001 Vicussenii
1104 2980 1209 3011 aegro,
1233 2980 1322 3011 quse-

317 3030 444 3064 cunque
467 3016 595 3050 tandem
616 3012 705 3047 causa
730 3008 803 3044 esset
824 3035 835 3051 ,
868 3011 945 3044 adeo
968 3010 1069 3045 suerat
1102 3013 1285 3045 necessarius
1309 3037 1318 3045 .

453 3063 495 3095 Et
519 3060 556 3093 de
581 3059 678 3092 animi
704 3055 856 3096 deliquiis
882 3055 983 3096 igitur
1009 3081 1016 3093 ‚
1040 3057 1071 3088 δε
1095 3056 1133 3089 de
1157 3055 1224 3089 tulii
1246 3078 1255 3093 ,
1288 3058 1320 3088 Sc

318 3108 358 3142 de
389 3104 609 3149 respirationis
652 3098 838 3134 difficultate
871 3098 957 3145 satis⁴
984 3098 1086 3132 visum
1116 3098 1158 3133 est
1180 3123 1187 3130 .

322 3153 423 3186 Nunc
448 3148 486 3181 ad
509 3148 629 3189 reliqua
654 3152 841 3186 pergamus.
868 3143 913 3174 Et
936 3142 1003 3174 sitis
1028 3141 1158 3185 quidem
1181 3151 1246 3175 tarn
1270 3154 1319 3175 ra-

318 3207 356 3229 ro
379 3193 497 3227 accidit
522 3189 689 3234 pericardii
709 3185 872 3228 hydropi,
896 3194 930 3217 ut
953 3185 1096 3230 nollem,
1120 3185 1318 3229 interhujus

319 3238 405 3280 signa
429 3234 522 3270 fuisse
546 3239 829 3267 commemoratam
850 3252 862 3268 ,
895 3230 1068 3273 ptaelertim
1091 3241 1162 3263 cum
1187 3230 1322 3262 Saxonia

320 3280 421 3314 noster
443 3283 456 3318 (
479 3279 491 3312 i
514 3280 528 3316 )
550 3279 632 3310 inter
656 3275 711 3308 illa
735 3272 849 3307 diserte
874 3273 1013 3314 poluerit
1041 3305 1043 3307 ,
1067 3273 1184 3306 nnllam
1208 3272 1263 3305 esl'e
1280 3272 1324 3315 fi·

321 3325 380 3358 tim
403 3348 409 3354 .
445 3325 598 3356 Attamen
623 3317 677 3352 etsi
701 3330 715 3350 c
750 3317 915 3348 contrario
939 3315 971 3346 in
1003 3316 1144 3349 thoracis
1180 3315 1323 3358 hydrope

321 3376 375 3400 aut
399 3364 577 3399 siccitatem
601 3362 742 3396 faucium
762 3383 774 3400 ,
810 3367 862 3392 aut
884 3358 968 3391 sitim
993 3359 1025 3392 in
1050 3360 1116 3392 illis
1140 3359 1288 3392 omnibus
1312 3381 1322 3397 ,

321 3422 399 3455 quas
423 3420 461 3442 ex
483 3408 631 3443 Valsalva
653 3402 871 3445 descripsimus
892 3425 902 3441 ‚
927 3401 1214 3436 Observatiom'bus
1236 3404 1322 3436 inve-

1342 1531 1352 1545 ·
1368 1511 1378 1531 1
1405 1499 1464 1533 sius
1488 1498 1546 1531 alia
1572 1499 1801 1533 Observatione
1825 1500 1876 1542 (r
1900 1503 1910 1539 )
1934 1509 2026 1533 certo
2050 1502 2138 1533 scio.

921 115 1076 171 Liber
1110 115 1172 167 II.
1205 115 1289 169 De
1325 116 1531 170 Morbis
1562 115 1816 172 Thoracis

1384 198 1472 235 nies3
1494 195 1532 230 fit
1553 196 1725 240 aliquando
1740 223 1748 236 .
1772 208 1808 233 ut
1832 200 1866 232 in
1889 200 1963 243 ipso
1985 212 2050 243 quo
2075 212 2113 236 ue
2136 200 2223 235 nulla
2247 200 2284 234 sit
2299 225 2310 241 ,
2334 200 2388 236 id-

1383 252 1443 283 que
1466 249 1581 282 praeter
1603 241 1680 273 alias
1694 264 1707 280 ,
1727 244 1760 274 &
1782 245 1976 276 nominatim
1998 245 2052 278 Ru
2077 246 2086 277 i
2112 248 2126 284 <
2148 244 2164 286 l<
2190 250 2201 284 )
2227 244 2387 278 Observa-

1383 285 1528 318 tionem,
1552 294 1615 316 non
1639 293 1700 317 una
1724 294 1763 317 ex
1784 285 1897 320 nostris
1917 286 2089 321 confirmat
2112 287 2254 320 historiis
2280 291 2294 327 (
2316 286 2328 319 l
2349 292 2384 328 ).

1382 327 1604 367 Qamobrem
1634 326 1702 360 fitis
1726 327 1861 363 absentia
1884 352 1894 368 ‚
1929 339 1983 363 aut
2006 330 2173 372 praesentia
2208 342 2267 373 pro
2297 341 2387 364 certo

1382 369 1442 404 hos
1465 369 1546 403 duos
1577 381 1641 403 non
1664 370 1837 414 distinguet
1868 371 2052 416 hydropes.
2185 372 2245 408 Sed
2281 373 2384 407 multo

1381 414 1484 447 minus
1508 412 1623 455 pedum
1647 423 1776 454 tumor,
1800 424 1837 449 ut
1884 424 1954 450 uem
1977 418 2060 450 inter
2083 415 2169 459 figna
2193 416 2323 459 quidem
2337 429 2387 450 re—

1380 457 1534 491 censitum
1559 457 1642 498 leges
1676 456 1833 500 hydropis
1856 469 1868 492 t
1896 461 1998 494 oracis
2018 483 2031 501 ,
2062 460 2257 503 eundemque
2279 469 2385 494 tamen
2430 462 2434 466 ’

1378 501 1543 543 aliquanto
1565 499 1675 541 saepius
1698 511 1794 543 quam
1817 501 1904 537 sitim
1930 526 1942 543 ,
1976 504 2009 537 in
2033 502 2203 547 pericardii
2236 503 2385 546 hydrope

1377 543 1520 577 videmus
1543 542 1658 583 fuisse,
1679 541 1811 578 defuisse
1834 555 1938 579 autem
1956 572 1965 587 ,
1987 557 2042 580 nec
2067 547 2238 585 mimine,
2265 549 2299 580 in
2323 547 2385 580 illo

1380 588 1482 620 altero
1495 589 1551 626 (m
1565 591 1591 627 )‚
1603 589 1634 619 δε
1645 597 1872 630 nonnunquam
1884 590 1916 622 in
1931 589 2111 633 conjunftis
2127 590 2280 625 ambobus
2303 594 2382 630 (n),

1379 631 1427 663 vel
1461 629 1571 664 nostrae
1605 629 1740 672 probant
1772 631 2040 668 Observationes.
2174 635 2249 667 Una
2284 631 2383 667 ferme

1380 674 1423 707 est
1446 673 1618 707 flutftuatio
1641 695 1650 710 ‚
1680 685 1750 716 quae
1773 674 1936 709 interdum
1968 676 2098 719 quidem
2120 679 2155 710 in
2186 677 2246 710 illo
2281 677 2382 710 altero

1376 717 1541 760 hydrope,
1568 725 1603 749 ut
1625 716 1718 758 supra
1739 720 1754 756 (
1776 729 1793 750 o
1814 722 1829 759 )
1850 718 1990 753 diximus
2004 742 2012 756 ‚
2037 730 2182 762 percepta
2206 720 2248 754 est
2272 743 2284 759 ,
2306 732 2381 755 cum

1375 761 1409 793 in
1436 760 1604 803 pericardii
1638 760 1783 803 hydrope
1807 772 1871 795 non
1893 763 2093 797 recordemur
2125 763 2237 807 legisse
2271 775 2381 805 perce*

1375 812 1463 846 ptam
1488 803 1525 837 ad
1548 804 1691 845 corporis
1736 803 1843 839 uidem
1854 806 2113 840 concussionem:
2137 817 2318 851 quanquam
2337 808 2383 840 il-

1373 848 1401 880 la
1425 847 1605 890 hydropem
1627 847 1684 881 esse
1709 857 1722 880 t
1749 849 1850 882 oracis
1861 872 1873 889 ,
1896 847 2070 890 figmsicare
2092 850 2193 892 potest
2213 873 2220 887 ‚
2246 852 2382 892 pericar-

1372 890 1418 924 dii
1443 902 1518 924 vero
1541 901 1617 926 tunc
1642 888 1754 929 abesse,
1780 902 1845 925 non
1868 892 1993 935 potest.
2034 893 2135 932 Qod
2157 905 2233 927 vero
2257 893 2293 927 ad
2319 894 2381 928 flu-

1372 935 1570 969 Ctuationem
1593 946 1680 977 aquae
1703 936 1819 968 attinet
1843 936 1877 968 in
1902 935 2076 978 pericardio
2099 936 2169 978 ipso
2195 937 2232 970 ab
2257 948 2344 979 aegro
2366 960 2380 978 ‚

1372 988 1425 1011 aut
1450 990 1464 1010 a
1488 977 1619 1012 Medico
1641 977 1698 1011 hac
1718 1002 1730 1018 ,
1764 980 1812 1012 vel
1846 979 1907 1012 alia
1940 980 2083 1023 qualibet
2118 982 2243 1013 ratione
2275 980 2380 1022 perci-

1371 1021 1541 1062 piendam,
1563 1032 1635 1056 cum
1658 1022 1822 1056 Graetzius
1845 1026 1859 1061 (
1878 1032 1899 1063 p
1922 1027 1936 1063 )
1968 1033 2030 1056 non
2056 1025 2100 1057 ita
2123 1022 2261 1062 destinffie
2285 1022 2380 1057 sensi-

1369 1063 1491 1104 bilem,
1515 1074 1550 1098 ut
1573 1066 1605 1097 in
1631 1064 1777 1107 hydrope
1800 1065 1964 1105 thoracis,
1991 1066 2058 1100 fore
2083 1092 2092 1106 ‚
2113 1066 2234 1100 censuit
2261 1090 2273 1106 ,
2305 1076 2377 1100 tum

1371 1118 1452 1150 ego,
1473 1106 1603 1152 quando
1625 1108 1673 1140 vel
1697 1109 1819 1147 minus,
1843 1109 1889 1142 vel
1914 1109 2004 1144 nullo
2023 1110 2119 1144 modo
2142 1108 2295 1144 senfibilis
2321 1108 2382 1143 csse

1371 1152 1487 1193 poffit,
1510 1151 1557 1184 vel
1585 1149 1709 1183 fallacia
1734 1152 1837 1195 aliqua
1871 1152 2008 1186 fortuita
2034 1152 2172 1187 simulari
2194 1177 2207 1194 ,
2241 1153 2288 1185 ibi
2315 1162 2381 1186 non

1370 1198 1504 1234 reticui,
1528 1194 1603 1233 ubi,
1626 1192 1647 1226 fi
1673 1192 1739 1227 haec
1762 1198 1870 1228 omnia
1895 1196 2015 1229 auferre
2039 1197 2146 1230 liceret
2167 1219 2180 1236 ,
2213 1197 2380 1240 optimum

1369 1249 1436 1280 prae
1470 1239 1594 1271 caeteris
1627 1238 1750 1280 iignum
1784 1237 1929 1273 futurum
1966 1242 2081 1282 agnovi
2114 1243 2169 1280 (q
2192 1243 2205 1279 >
2230 1264 2238 1272 .

1369 1283 1470 1315 Lenta
1493 1292 1568 1314 vcro
1592 1281 1712 1321 febris,
1735 1285 1767 1315 &
1789 1281 2033 1325 contabescentia
2048 1305 2061 1323 ,
2084 1282 2215 1317 tristitia
2241 1304 2251 1320 ‚
2283 1281 2380 1316 faciei

1367 1325 1474 1367 pallor
1498 1347 1507 1362 ‚
1545 1325 1631 1359 oculi
1655 1327 1758 1359 minus
1790 1325 1893 1359 vividi
1919 1325 1996 1360 faeti
2023 1349 2035 1366 ‚
2068 1336 2206 1360 extrema
2230 1327 2379 1368 corporis

1370 1367 1549 1411 subfrigida
1565 1394 1572 1407 ,
1594 1371 1624 1402 δε
1650 1368 1682 1401 id
1705 1380 1801 1412 genus
1826 1370 1886 1402 alia
1910 1380 1974 1402 non
1996 1368 2112 1404 dubito
2134 1371 2214 1413 quin
2240 1368 2381 1411 saepenu-

1370 1424 1459 1446 mero
1492 1412 1604 1454 possint
1636 1413 1766 1455 utrique
1789 1412 1931 1456 hydropi
1968 1411 2025 1447 effe
2056 1413 2244 1446 communia
2266 1424 2280 1445 εἸ
2311 1414 2382 1458 imo

1370 1456 1515 1506 pleraque
1549 1454 1665 1489 horum
1701 1458 1883 1490 communia
1919 1455 1976 1490 effe
2008 1481 2021 1497 ,
2053 1458 2101 1490 vel
2132 1468 2171 1490 ex
2204 1456 2380 1490 Vieusl'enii

2271 1499 2381 1534 Necfi

1346 1554 1375 1588 ι,
1409 1543 1416 1576 1
1442 1542 1530 1585 plum
1554 1553 1593 1576 ex
1615 1544 1656 1576 iis
1679 1553 1748 1585 quae
1773 1552 1861 1576 antea
1884 1545 2063 1576 examinata
2088 1543 2159 1577 sunt
2183 1567 2192 1581 ‚
2228 1543 2321 1585 signis
2346 1545 2380 1577 in

1367 1587 1477 1629 aliquo
1499 1584 1589 1619 simul
1615 1584 1777 1627 extitisse,
1800 1587 1947 1625 videam,
1972 1589 2004 1619 in
2027 1598 2093 1630 quo
2117 1587 2291 1629 pcricardii
2318 1588 2380 1629 hy-
2417 1602 2420 1603 ⁷

1367 1630 1463 1672 drops
1485 1628 1756 1671 deprehendatur,
1780 1638 1944 1672 propterea
1967 1628 2074 1663 statim
2098 1629 2135 1663 de
2160 1630 2313 1664 sententia
2324 1630 2381 1663 de-

1367 1674 1498 1710 cedam;
1523 1672 1683 1714 sedprius
1706 1682 1818 1706 caetera
1842 1673 2045 1706 considerabo
2067 1698 2074 1705 .
2111 1674 2262 1708 Brunneri
2288 1673 2375 1715 (s)

1369 1715 1566 1750 Observatio
1588 1715 1650 1754 est,
1675 1728 1790 1760 quam,
1813 1727 1886 1751 cum
1912 1717 2017 1758 plures
2040 1716 2116 1749 alias
2140 1716 2257 1759 poli'em
2275 1740 2289 1757 ,
2323 1716 2379 1751 hic

1368 1759 1565 1804 potiffimum
1589 1761 1728 1801 exempli
1763 1761 1835 1794 loco
1858 1758 1985 1792 afferam
2016 1782 2023 1797 ‚
2058 1762 2133 1803 quia
2156 1771 2230 1793 cum
2264 1761 2379 1801 Sepul-

1366 1803 1481 1837 chreto
1505 1803 1576 1837 addi
1601 1801 1700 1846 posset
1729 1815 1740 1843 3
1775 1802 1861 1836 edita
1887 1805 1972 1836 enim
1995 1801 2099 1837 fuerat
2120 1804 2162 1836 A.
2189 1804 2282 1846 1687.
2311 1803 2380 1836 sru-

1365 1847 1424 1881 stra
1448 1858 1463 1879 a
1488 1859 1537 1880 me
1560 1848 1593 1879 in
1617 1847 1728 1880 eodem
1751 1846 1882 1889 quaesita
1904 1847 1964 1880 cst.
1992 1845 2210 1881 Pericardium
2234 1847 2288 1880 ille
2301 1858 2379 1890 aqua

1365 1900 1494 1934 turgens
1519 1891 1634 1932 reperit
1658 1892 1692 1923 in
1716 1889 1841 1932 juniore
1863 1890 1995 1929 Milite,
2020 1889 2125 1933 quide
2146 1890 2322 1932 dyspnoea,
2347 1894 2378 1923 &

1364 1933 1618 1976 praecordiorum
1643 1934 1782 1976 angustia
1804 1933 2136 1976 que1·ebatur,³no‹5tu
2159 1936 2216 1966 vix
2237 1958 2259 1978 ,ἡ
2282 1932 2339 1966 nisi
2368 1959 2377 1973 ,

1364 1978 1470 2010 eretfto
1492 1987 1649 2018 corpore,
1673 1977 1813 2010 dormire
1837 1985 1989 2019 poterat,
2012 1975 2162 2016 sitiebat,
2188 1978 2280 2018 pedes
2292 1975 2380 2009 oede-

1365 2029 1449 2052 mate
1473 2029 1631 2053 tumentes
1655 2020 1813 2059 habebat,
1837 2023 1869 2053 ἃ
1892 2020 2078 2063 plerumque
2093 2018 2172 2061 ficce
2196 2019 2340 2053 tulliebat
2369 2045 2377 2052 .

1363 2064 1412 2096 At
1437 2073 1514 2095 vero
1535 2062 1622 2096 idem
1646 2073 1873 2109 nonnunquam
1897 2063 2027 2106 sputum
2050 2062 2221 2097 turbidum
2234 2064 2379 2096 excutie-

1363 2105 1442 2146 bat,
1467 2105 1624 2139 abdomen
1648 2111 1861 2140 extumescens
1883 2105 2018 2140 habebat
2044 2129 2056 2147 ,
2091 2104 2231 2141 scrotum
2256 2115 2379 2149 praetu-

1365 2148 1490 2182 midum
1506 2175 1515 2190 ‚
1539 2149 1761 2184 subtumidum
1782 2157 1890 2183 autem
1913 2151 2178 2193 totumcorporis
2201 2149 2349 2184 habitum
2365 2173 2378 2190 ,

1364 2193 1461 2226 latere
1484 2193 1662 2235 praesertim
1685 2192 1838 2234 dextero,
1862 2205 1929 2236 quo
1952 2194 2136 2236 plerumque
2160 2195 2193 2226 in
2218 2193 2302 2226 lecto
2327 2193 2380 2225 in-

1365 2235 1507 2269 clinabat
1522 2259 1530 2267 .
1559 2239 1674 2270 Praeter
1697 2236 1791 2276 haec,
1815 2247 1908 2279 atque
1932 2239 1994 2269 alia
2024 2248 2096 2279 quae
2120 2236 2167 2269 vel
2194 2245 2265 2269 ante
2289 2247 2381 2269 mor-

1366 2290 1433 2313 tem
1454 2279 1665 2312 auimadverti
1692 2289 1884 2322 potuerant,
1906 2281 1990 2312 inter
2012 2292 2081 2324 quae
2105 2291 2159 2313 nec
2176 2279 2285 2313 cordis
2309 2281 2382 2322 pal-

1365 2323 1562 2366 pitationes,
1585 2334 1642 2356 nec
1665 2321 1829 2366 deliquia,
1852 2334 1907 2355 nec
1931 2324 2009 2355 vitia
2035 2322 2167 2366 pulsus,
2190 2325 2259 2356 imo
2283 2322 2380 2366 hujus

1365 2366 1586 2409 aequalitatem
1608 2365 1713 2399 videas
1737 2368 2003 2404 commemorari3
2026 2376 2080 2408 per
2104 2365 2325 2400 diffeffionem
2345 2368 2380 2400 in

1364 2419 1473 2441 ventre
1496 2408 1595 2449 hepar
1617 2410 1737 2443 vastum
1759 2410 1923 2443 inventum
1948 2409 2011 2446 est,
2036 2419 2124 2450 aquae
2150 2417 2254 2442 autem
2279 2410 2325 2442 lib
2335 2422 2377 2442 rae

1364 2452 1466 2492 οᾶο,
1489 2451 1683 2495 eademque3
1709 2462 1744 2486 ut
1766 2461 1879 2486 caetera
1904 2454 2079 2489 omittam;
2103 2452 2187 2485 latus
2208 2452 2378 2487 dexterum

1374 2493 1518 2528 thoracis
1542 2497 1731 2538 oppletum3
1756 2504 1791 2529 ut
1814 2494 1836 2528 fi
1861 2495 2033 2529 velcuneta
2056 2506 2125 2537 quae
2138 2494 2378 2538 praecesserant,

1373 2538 1588 2580 symptomata
1624 2550 1663 2572 ex
1686 2540 1726 2572 iis
1750 2536 1877 2573 fuissent
1900 2550 1970 2580 quae
1995 2539 2033 2572 ab
2057 2540 2219 2572 nonnullis
2241 2550 2296 2573 aut
2322 2551 2379 2583 pe-

1372 2581 1525 2621 ricardii,
1549 2591 1603 2616 aut
1627 2581 1768 2615 thoracis
1791 2581 1949 2624 hydropis
1972 2583 2099 2624 proptia
2122 2582 2179 2615 effe
2201 2583 2377 2617 dicuntur:

1371 2623 1535 2658 laesionum
1568 2635 1675 2659 tamen
1698 2625 1926 2668 multiplicitas
1961 2634 2071 2658 utrum
2107 2625 2302 2668 potissimum
2338 2625 2378 2659 si-

1369 2667 1565 2709 gnificassent
1582 2695 1590 2708 ‚
1615 2669 1691 2702 scire
1715 2668 1919 2712 prohiberet.

1411 2723 1464 2754 47.
1489 2714 1576 2745 Cum
1600 2714 1702 2754 igitur
1734 2711 1894 2755 hydr-opes
1919 2710 1955 2745 hi
1987 2711 2051 2745 duo
2079 2723 2132 2755 per
2168 2724 2200 2745 ea
2225 2725 2293 2755 quae
2319 2712 2377 2747 ha-

1371 2755 1481 2788 &enus
1503 2754 1697 2789 considerata
1731 2755 1801 2789 sunt
1825 2756 1931 2788 omnia
1953 2779 1962 2793 ‚
1994 2754 2069 2788 satis
2102 2757 2274 2790 internosci
2313 2768 2377 2790 non

1374 2808 1520 2840 queant3
1554 2800 1746 2842 relinquitur
1773 2808 1814 2832 ‘ut
1837 2797 1996 2832 videamus
2028 2797 2105 2831 fitne
2140 2799 2265 2842 lignum
2290 2799 2378 2834 aliud

1375 2840 1507 2883 aliquod
1531 2844 1574 2875 ita
1600 2844 1769 2885 proprium
1799 2841 1955 2884 hydropis
1981 2841 2147 2884 pericardii
2173 2869 2180 2881 ,
2218 2854 2251 2877 ut
2279 2855 2379 2887 neque

1374 2882 1428 2917 hic
1452 2884 1514 2918 sine
1535 2897 1573 2919 eo
1597 2887 1685 2929 ligno
1708 2884 1766 2920 esse
1790 2885 1900 2928 poffit‚
1926 2896 2025 2928 neque
2049 2885 2111 2919 hoc
2136 2885 2195 2920 sine
2222 2888 2299 2919 illo.
2327 2889 2378 2920 Te

1373 2937 1479 2961 autem
1500 2929 1648 2970 credere,
1671 2940 1734 2962 non
1747 2939 1827 2972 puto
1849 2928 1935 2971 quod
1959 2940 1973 2960 a
1988 2927 2172 2963 Vieuffenio
2194 2934 2208 2970 <
2231 2939 2245 2964 τ
2267 2934 2280 2969 )
2305 2941 2378 2970 pro-

1374 2970 1511 3013 positum
1536 2973 1599 3012 est,
1623 2974 1841 3015 palpebrarum
1863 2995 1875 3011 ‚
1907 2971 2131 3015 labrorumque
2150 2975 2296 3015 colorem
2319 2975 2377 3017 qui

1374 3014 1412 3047 ad
1453 3016 1637 3058 plumbeum
1668 3025 1772 3057 vergat
1796 3038 1807 3054 ,
1840 3014 1919 3048 illud
1946 3015 2002 3047 elle
2037 3016 2124 3059 quod
2159 3019 2375 3060 requirimus,

1373 3069 1447 3091 cum
1472 3061 1504 3092 in
1530 3060 1602 3093 aliis
1625 3065 1750 3103 quoque
1773 3057 1831 3091 effe
1857 3058 1976 3091 morbis
1999 3069 2094 3101 queat
2114 3083 2128 3100 ,
2161 3072 2216 3093 nec
2240 3062 2272 3093 in
2299 3062 2379 3094 Mo„

1374 3100 1471 3134 nacha
1495 3107 1507 3142 (
1528 3114 1548 3136 u
1570 3107 1584 3143 )
1606 3112 1688 3136 certe
1712 3101 1809 3135 fuerit
1834 3126 1841 3133 .
1865 3102 1928 3134 ·An
1953 3103 2054 3144 igitur
2078 3104 2187 3146 potius
2210 3104 2309 3137 sensus
2334 3105 2379 3137 il-

1373 3144 1420 3185 li,
1443 3157 1524 3188 quos
1546 3146 1729 3180 Albertinus
1752 3150 1763 3185 (
1786 3156 1807 3179 x
1827 3149 1842 3185 )
1865 3144 2069 3179 confirmavit
2088 3170 2101 3187 ,
2133 3147 2165 3181 id
2191 3146 2232 3181 est
2257 3147 2378 3190 ponde-

1373 3190 1416 3221 ris
1438 3190 1529 3224 cordi
1553 3188 1727 3236 impositi,
1760 3191 1789 3221 ὃ(
1815 3188 2017 3230 oppreffionis
2049 3191 2083 3223 in
2105 3192 2280 3233 quamlibet
2313 3191 2376 3224 levi

1373 3242 1489 3273 motu,
1513 3236 1545 3266 &
1568 3234 1654 3276 quali
1674 3232 1913 3265 constric‘tiouis
1939 3232 2035 3276 ipsius
2050 3235 2178 3267 cordis.-
2203 3234 2378 3268 confirma-

1374 3277 1441 3315 vit,
1466 3278 1616 3319 inquam3
1641 3286 1713 3307 nam
1739 3278 1769 3308 δε
1793 3276 1958 3309 Graetzius
1988 3280 2042 3319 (y
2065 3280 2079 3316 )
2108 3278 2226 3319 pondus
2252 3290 2302 3311 cor
2324 3289 2378 3320 ag-

1371 3330 1532 3362 gravans,
1557 3324 1596 3354 (φ
1620 3318 1821 3363 constringens
1834 3342 1846 3359 ,
1870 3320 2023 3352 crescente
2045 3321 2108 3353 hoc
2131 3322 2245 3354 morbo
2266 3345 2279 3362 ,
2305 3321 2378 3363 sen-

1375 3363 1433 3395 tiri
1455 3363 1540 3396 dixit
1564 3387 1575 3401 ,
1609 3372 1703 3405 quem
1729 3366 1796 3394 lane
1834 3362 1938 3404 postea
1973 3365 2068 3398 etiam
2100 3365 2260 3398 Lancisius
2284 3369 2297 3404 (
2320 3378 2343 3408 z
2363 3369 2378 3405 )

1376 3416 1446 3439 cum
1468 3407 1567 3440 cordis
1583 3405 1715 3447 pondere
1736 3431 1746 3447 ‚
1839 3407 1999 3448 gravitate
2019 3430 2032 3447 ,
2138 3409 2378 3450 pmsordioram

2229 3462 2335 3486 anxze·

469 3601 526 3625 Vid.
543 3609 565 3624 n⁴
586 3609 625 3630 ²7·
642 3603 663 3625 St
680 3603 717 3629 36.
737 3599 819 3629 supra,
839 3598 861 3622 ἃ
876 3597 1001 3628 sepulchr.
1018 3599 1034 3622 1.
1052 3606 1075 3623 1.
1092 3601 1115 3624 S.
1133 3608 1156 3624 2.
1173 3598 1233 3622 Obs.
1251 3606 1273 3628 3.

466 3631 519 3655 vid.
536 3631 603 3659 (Πρω
616 3647 624 3660 ‚
639 3640 664 3655 n.
683 3638 720 3659 23.
783 3631 797 3659 (
814 3629 830 3654 k
847 3630 860 3658 )
877 3628 999 3659 Sepulchr.
1016 3631 1034 3654 1.
1051 3637 1072 3653 ².
1088 3631 1111 3654 S.
1129 3639 1154 3658 7.
1171 3628 1229 3653 Obsi
1249 3637 1287 3658 9¹-

473 3663 604 3690 ‘MN-38*
667 3661 828 3688 (o)n.37,
887 3662 1054 3689 (p)n.²2-
1115 3660 1284 3689 (q)n.24.

471 3693 577 3715 Exercit.
595 3692 623 3715 de
640 3689 724 3714 Gland.
742 3690 766 3714 in
783 3689 898 3714 Duodeno
915 3690 936 3720 §.
954 3698 973 3720 5.

473 3722 500 3746 in
515 3722 596 3748 Schol-
616 3721 660 3746 cit.
679 3720 744 3750 supra
756 3736 764 3750 ,
779 3721 808 3744 ad
825 3729 850 3745 n.
867 3727 905 3750 45.

1041 3691 1055 3720 (
1070 3697 1080 3715 t
1096 3691 1110 3720 )
1127 3691 1212 3715 Tiaite
1230 3691 1271 3715 cit.
1288 3689 1326 3715 ch.

1335 3600 1350 3628 (
1364 3599 1381 3630 f
1397 3598 1404 3629 )
1422 3599 1477 3625 Vid-
1494 3607 1519 3624 n.
1536 3602 1573 3624 ²6.
1590 3601 1628 3623 28.
1686 3600 1732 3631 (g
1748 3598 1757 3630 )
1773 3601 1846 3625 Tom-
1864 3609 1885 3630 3.
1948 3603 1961 3630 ζ
1979 3601 2022 3631 h)
2042 3609 2062 3630 ς.
2081 3600 2143 3624 inter
2159 3600 2254 3630 Physic.

1350 3631 1417 3659 (l)
1433 3639 1458 3655 n.
1475 3638 1515 3660 3⁰-
1533 3631 1569 3659 38.
1589 3631 1611 3653 8<
1628 3628 1702 3658 Epist.
1722 3639 1759 3656 ιο.
1777 3639 1800 3654 n.
1820 3639 1856 3656 ιι.
1919 3632 1933 3661 ζ
1949 3640 1972 3656 m
1989 3634 1998 3661 J
2017 3631 2102 3661 supra,
2120 3638 2144 3655 n.
2161 3636 2201 3654 25.
2218 3633 2257 3654 28.
2277 3638 2315 3659 30.

1347 3661 1361 3690 (
1375 3669 1387 3686 r
1403 3662 1417 3690 )
1428 3661 1515 3686 'fraite
1532 3662 1563 3685 du
1580 3661 1660 3685 Coeut
1675 3662 1714 3686 ch.
1735 3666 1769 3687 16.
1789 3662 1845 3686 Obs.
1866 3669 1887 3685 ῐ.

1345 3698 1364 3715 1.
1427 3692 1435 3721 (
1454 3700 1471 3716 u
1485 3692 1499 3721 )
1515 3691 1600 3721 supra,
1617 3699 1642 3715 n.
1657 3700 1697 3722 43.
1760 3694 1767 3721 (
1785 3701 1799 3716 x
1815 3697 1823 3723 )
1842 3691 1906 3716 lbid.
1969 3694 2009 3721 (y
2024 3691 2039 3720 )
2055 3690 2110 3716 Vid.
2128 3691 2213 3721 supra,
2232 3699 2254 3715 n.
2273 3698 2313 3716 21.
