2498 4075
224 214 377 280 Epist.
414 201 588 268 'Anat'
607 213 824 268 Medica,
857 214 917 267 L.
938 215 1061 267 Art.
1077 229 1161 283 40.
1177 226 1255 279 41.
1275 209 1357 278 42:
1375 215 1552 284 43.44.'
1571 226 1651 277 45.
1671 215 1725 267 &
1747 217 1834 281 46ι

70 289 174 326 videri
204 294 358 335 potuisset
381 292 421 326 ab
458 292 568 335 aliquo
590 302 702 339 eorum
736 295 793 337 qui
817 294 923 337 primo
954 294 1029 329 loco
1052 306 1068 329 a

71 337 223 370 Mercato
245 336 468 372 describuntur
491 359 499 369 .
535 333 593 370 Sed
617 345 716 379 neque
748 345 813 371 erat
835 339 970 373 omnino
1001 335 1069 379 ejus

70 378 184 413 similis
206 390 302 422 quem
325 378 549 423 glandulosum
575 389 670 413 vocat
692 401 705 419 ,
736 390 771 413 ut
795 381 851 425 qui
882 391 947 415 non
972 381 1071 417 modo

70 426 107 458 in
137 423 282 466 parvulas
313 434 377 458 non
410 422 573 457 secabatur
604 422 842 458 extuberantias
868 438 877 460 ;
910 423 958 456 sed
995 435 1071 459 mox

97 467 305 502 rodeuntibus
319 463 509 505 menstruis,
532 463 621 499 nullo
635 464 782 506 praesidio
805 464 975 504 adhibito,
1000 468 1069 502 nul-

85 521 170 553 oque
193 508 239 544 sui
263 510 374 545 relieto
394 507 555 550 vestigio,
578 507 695 545 nedum
716 510 861 546 celeriter
871 510 1069 548 detumesce·

71 553 153 594 bat,
180 564 289 588 verum
314 555 442 596 penitus
464 551 590 588 abeat.

114 609 168 640 40.
192 597 274 632 Sunt
297 608 375 630 vero
398 598 428 630 δι
450 598 591 629 tumores
613 596 671 637 qui
696 597 781 630 intra
804 607 956 631 mammas
979 599 1071 632 inna-

70 640 223 678 scuntur,
247 652 340 683 quae,
363 639 497 673 instante
521 637 677 674 menstrua
698 641 908 681 purgatione,
932 641 1072 676 molestis

68 684 268 718 tensionibus
291 683 443 718 obnoxiae
475 680 534 717 esse
555 681 786 717 consueverunt
811 706 819 714 .
853 684 881 717 Ii
903 683 975 719 duri
999 707 1008 722 ‚
1042 687 1074 719 δε

70 730 106 762 in
129 726 283 770 quosdam
306 723 393 770 quasi
416 726 518 759 nodos
541 724 683 760 distincti
710 747 719 762 ,
756 735 810 761 aut
834 727 995 762 interdurn
1020 737 1073 761 to-

68 782 136 805 tam
161 780 308 805 mammae
332 768 516 812 glandulam
541 779 733 811 occupantes
755 791 765 806 ‚
789 780 853 802 non
878 771 977 805 modo
1002 781 1072 812 per-

68 816 150 850 stant
173 836 184 853 ‚
211 812 262 848 sed
286 813 511 847 accedentibus
535 809 640 853 postea
663 811 832 847 doloribus
855 837 862 851 ,
895 814 934 847 ab
959 813 1071 847 scirrhi

68 860 104 893 in
126 859 232 892 cancri
256 866 402 891 naturam
426 855 615 898 degenerare
638 854 701 896 jam
726 855 874 890 videntur
899 880 907 891 .
945 856 1071 899 Legesis

70 901 249 944 descriptos
283 911 301 934 a
325 897 586 935 Praestantiffimo
609 898 745 937 Trewio
766 901 780 938 (
802 910 833 932 m
854 902 868 940 )
890 921 900 938 ,
934 903 964 934 δι
988 911 1071 942 quo.

70 944 171 979 modo
201 944 285 978 intra
310 942 407 977 finem
439 943 513 975 anni
538 943 694 976 vertentis
726 942 882 977 radicitus
907 968 915 980 ‚
948 951 979 976 at
1004 942 1069 976 sine

69 989 179 1026 ferro,
204 986 447 1027 exstirpaverit,
471 994 506 1019 ut
530 996 568 1019 ne
591 986 764 1019 minimum
789 987 918 1028 quidem
934 986 1071 1029 superes-

68 1032 116 1067 set
141 1031 313 1072 vestigium
337 1051 346 1067 ,
376 1028 573 1070 cognosces,
703 1029 772 1062 Alii
797 1040 873 1061 vero
897 1030 1070 1071 aliquando

66 1085 210 1109 tumores
223 1074 294 1108 sunt
316 1073 455 1115 quitum
478 1072 621 1109 diutius,
646 1072 714 1105 imo
725 1071 900 1106 diutissime
923 1074 956 1106 in
968 1084 1068 1106 mam-

66 1119 128 1152 mis
151 1115 303 1152 haerendo
318 1141 326 1155 ,
349 1125 419 1150 tum
444 1116 530 1150 notis
553 1114 717 1150 nonnullis
741 1116 811 1150 aliis
836 1125 981 1151 naturam
993 1128 1067 1149 can-

65 1172 198 1196 crorum
221 1160 434 1196 aemulentur,
461 1169 517 1192 nec
540 1167 647 1193 tamen
674 1157 736 1191 sint
759 1183 767 1191 .
792 1157 845 1192 Ad
870 1158 1065 1200 ejuscemodi

65 1214 213 1240 tumores
237 1201 378 1243 subjeeta
403 1203 436 1234 in
460 1202 571 1245 primis
596 1201 713 1244 spenstat
736 1200 890 1236 historia.

107 1258 162 1292 41.
188 1245 441 1281 MONACHA
467 1247 587 1279 Patavii
612 1243 677 1280 fuit
701 1255 773 1286 quae
797 1256 869 1279 ante
893 1255 993 1280 annos
1008 1246 1068 1279 tri-

65 1291 157 1335 ginta
189 1289 335 1325 laborare
359 1289 501 1331 primum
534 1297 676 1330 coeperat
700 1286 838 1331 disjectis
872 1289 956 1322 intra
989 1289 1069 1323 alte-

65 1346 136 1370 ram
159 1344 332 1369 mammam
355 1332 530 1366 tuberculis
549 1357 556 1364 .
582 1332 661 1365 Haec
683 1330 812 1366 demum
836 1335 868 1364 in
893 1343 990 1366 unum
1016 1343 1069 1366 tu-

65 1389 190 1414 morem
213 1375 369 1419 conjungi
401 1374 468 1409 visa
492 1377 562 1410 sunt
585 1376 618 1408 in
644 1386 789 1409 mammae
814 1374 967 1409 inferiore
1000 1386 1070 1417 par-

62 1430 95 1456 te
117 1421 206 1464 ,fqui
230 1430 296 1454 erat
320 1417 497 1461 superficiei
521 1418 740 1461 inaequalitate
763 1442 776 1459 ‚
807 1417 863 1451 eos
883 1430 920 1452 ue
941 1420 1070 1453 dolores

62 1466 196 1504 ciebat,
218 1474 255 1499 ut
279 1476 337 1505 pro
359 1473 477 1497 cancro
500 1462 629 1497 habitus
652 1460 691 1495 sit
718 1486 725 1493 .
766 1461 854 1495 Novi
881 1473 945 1495 ime
969 1463 1070 1496 auffls

63 1506 258 1548 doloribus,
280 1505 346 1549 ipse
370 1517 424 1550 per
448 1506 479 1540 se
502 1515 611 1540 tumor
634 1503 665 1539 se
688 1506 813 1546 aperuit
838 1529 845 1536 .
871 1506 969 1540 Tunc
995 1516 1071 1538 vero

63 1563 106 1587 ex
127 1552 225 1585 modo
247 1561 314 1593 quo
338 1549 366 1584 se
390 1558 552 1591 aperuerat
567 1575 575 1587 ‚
599 1551 629 1583 &
652 1560 692 1582 ex
716 1548 756 1581 iis
778 1559 850 1592 quae
874 1549 1069 1589 prodibant,

65 1597 97 1630 &
121 1593 312 1637 apparebant
335 1615 347 1632 ,
380 1603 479 1627 navus
503 1617 512 1631 ,
542 1595 574 1625 &
599 1590 692 1625 solers
715 1591 898 1634 Chirurgus
923 1603 986 1625 non
1011 1590 1070 1627 esse

63 1650 237 1674 cancrum,
260 1636 402 1673 censuit,
426 1638 459 1669 δε
474 1634 590 1669 mederi
602 1635 760 1669 instituit.
893 1635 1069 1670 VERUM

64 1683 192 1717 curatio
216 1689 382 1721 nunquam
406 1689 445 1712 ex
468 1678 626 1713 sententia
650 1677 793 1720 processit
825 1677 927 1712 donec
951 1678 1008 1711 sub
1031 1678 1069 1712 fi-

65 1736 139 1760 nem
164 1727 240 1758 anni
266 1733 361 1765 1739·
386 1734 401 1755 e
426 1731 554 1756 tumore
565 1733 684 1763 corpus
707 1722 1066 1760 extraxittuberosum,

60 1767 234 1804 mediocris
257 1767 348 1799 nucis
368 1764 531 1808 juglandis
554 1766 798 1807 magnitudine,
824 1765 911 1807 quod
945 1765 982 1798 ad
1020 1777 1068 1799 me

65 1812 179 1846 attulit
202 1836 210 1844 .
244 1808 425 1843 Constabat
448 1820 487 1842 ex
519 1806 623 1843 frustis
646 1807 739 1842 oss'eis
763 1809 910 1850 pluribus
935 1808 1069 1847 majori-

60 1856 142 1892 bus,
166 1853 435 1894 minoribusque,
459 1852 551 1885 nullo
573 1859 663 1885 certo
684 1851 799 1885 ordine
819 1851 1008 1892 dispositis,
1032 1863 1068 1884 ut

56 1898 92 1931 in
115 1895 270 1933 diffraeto
284 1895 437 1937 conspexi
454 1920 461 1927 .
486 1896 576 1928 Inter
598 1893 693 1928 frusta
718 1904 785 1927 erat
809 1894 979 1936 interjecta
994 1895 1068 1928 sub-

57 1941 174 1975 stantia
200 1954 204 1959 ¹
247 1937 289 1972 asi
313 1939 494 1981 ligamento
517 1936 628 1971 similis
652 1962 660 1970 .
685 1938 765 1971 Haec
790 1936 942 1971 exsiccata
966 1940 1069 1980 nigri-

57 1985 151 2018 cabat
163 1996 171 2017 :
183 1995 204 2015 o
232 1993 266 2015 ea
280 1991 391 2016 autem
405 1980 506 2015 frusta
529 1981 714 2025 albedinem
734 1980 942 2015 ostendebant
958 1981 1044 2015 suam
1057 2007 1066 2016 .

61 2032 179 2071 ltaque
202 2036 339 2058 mamma
364 2024 470 2058 sanata
493 2025 556 2059 est:
579 2028 610 2058 &
633 2026 782 2066 quamvis
804 2026 1004 2059 exulceratio
1018 2036 1068 2058 re-

57 2072 179 2108 dierit3
206 2080 269 2102 non
294 2080 334 2102 ex
357 2080 393 2102 ea
417 2069 526 2111 Virgo
542 2092 553 2108 ,
576 2067 627 2101 secl
652 2068 716 2101 alio
739 2079 777 2101 ex
803 2069 938 2107 morbo,
964 2068 1067 2102 tribus

58 2115 100 2149 ab
122 2115 210 2148 illius
233 2109 311 2145 offei
332 2113 478 2156 corporis
501 2112 701 2146 extraffione
726 2112 816 2145 annis
838 2113 957 2145 exactis
979 2138 990 2154 ,
1012 2112 1067 2146 de-

7 2179 9 2181 ·
59 2157 147 2193 ceffit
158 2183 167 2193 .

101 2212 156 2244 42.
180 2201 219 2234 Id
243 2210 360 2242 corpus
384 2197 491 2232 censui
516 2209 555 2232 ex
577 2198 698 2232 tunicis
724 2196 924 2232 vasculorum
950 2222 959 2237 ,
993 2212 1066 2244 quae

59 2254 210 2280 mammae
243 2253 296 2276 aut
330 2243 422 2276 laffis
449 2266 457 2281 ,
491 2250 547 2276 aut
584 2241 745 2284 sanguinis
768 2243 874 2283 gratia
909 2245 1068 2278 attributa

60 2288 137 2324 sunt
160 2310 172 2327 ,
203 2298 242 2320 ex
265 2285 376 2320 aliisve
398 2285 593 2319 membranis
616 2309 625 2323 ,
655 2283 746 2319 osseis
767 2284 859 2319 faetus
879 2307 887 2322 ,
909 2289 1071 2329 originem

62 2329 207 2366 habuisse
231 2355 237 2361 .
285 2330 382 2363 Unde
426 2326 557 2362 fortasse
601 2328 737 2362 alterurn
782 2340 912 2371 quoque
955 2329 1071 2365 habuit

59 2375 148 2419 quod
172 2372 426 2408 adolescentulus
461 2372 496 2404 in
520 2370 629 2405 eadem
651 2382 727 2405 cane
750 2375 852 2414 reperi
878 2398 888 2413 ,
921 2375 954 2407 in
978 2374 1069 2417 cujus

59 2428 201 2461 utroque
226 2427 300 2450 rene
323 2439 335 2457 ‚
360 2425 397 2450 ut
421 2413 528 2457 scripsi
552 2415 590 2448 ad
612 2425 643 2448 te
666 2415 742 2448 alias
767 2418 777 2460 (
801 2425 820 2447 n
843 2419 854 2454 )
879 2437 888 2453 ‚
923 2418 1067 2452 calculos

60 2462 207 2497 offendi.
234 2461 389 2494 Alienum
414 2468 520 2492 autem
543 2468 608 2491 non
632 2460 693 2492 erit
716 2459 880 2492 observata
903 2461 938 2494 in
962 2461 1069 2496 bestiis

57 2515 190 2548 quoque
213 2504 276 2538 huc
300 2501 411 2537 afferre
433 2524 445 2541 ‚
479 2501 609 2543 quando
632 2503 666 2535 in
700 2501 793 2535 istam
816 2503 917 2545 ipsam
956 2506 1068 2547 Sepul-

57 2549 160 2582 chreti
185 2547 366 2581 §eetionem
393 2546 439 2580 11.
463 2547 477 2583 (
499 2555 516 2578 ο
535 2544 550 2585 )
573 2555 715 2580 tumores
728 2555 766 2578 ex
789 2546 918 2589 vitulo,
943 2550 1066 2582 &cane

56 2592 151 2626 relati
174 2590 269 2624 sunt.

36 2666 39 2669 Α
100 2646 154 2678 43.
176 2634 298 2674 CANI
323 2644 385 2667 una
408 2633 493 2668 inter
513 2640 643 2665 caeteras
669 2642 808 2666 mamma
844 2633 940 2674 paulo
965 2636 1067 2678 magis

57 2689 156 2721 quam
180 2688 310 2721 aequum
324 2677 398 2711 esset
411 2702 420 2717 ‚
444 2675 587 2712 tumebat
601 2699 608 2706 .
740 2676 959 2711 OCCISAM
976 2689 1068 2712 exer-

58 2721 226 2756 citationis
248 2720 341 2754 causa
364 2731 438 2754 cum
460 2719 668 2756 dissecarem3
693 2718 750 2752 sub
772 2719 837 2765 ipsa
862 2720 980 2762 papilla
994 2734 1067 2756 mo-

58 2765 169 2798 dicum
190 2763 389 2805 deprehendi
410 2774 528 2806 corpus
550 2761 785 2796 subrotundum
799 2785 808 2801 ‚
831 2765 861 2795 &
884 2766 1063 2807 inaequale,

58 2819 99 2842 ex
121 2807 316 2849 corpusculis
339 2807 483 2849 pluribus
506 2815 766 2847 coagmentatum
780 2828 789 2843 ,
811 2807 931 2840 duritie
953 2818 1062 2842 autem

59 2851 228 2895 plusquam
250 2850 480 2893 cartilaginea·
612 2850 670 2882 Sed
694 2850 805 2892 digitis
817 2848 909 2883 facile
931 2852 1063 2885 cedebat

60 2894 195 2930 materia
217 2892 364 2936 quaedam
388 2905 425 2927 ex
449 2893 534 2927 flavo
556 2891 706 2925 livescens
730 2917 739 2932 ,
773 2904 834 2935 qua
858 2894 948 2935 plena
972 2905 1062 2928 erant

59 2936 228 2974 tubercula
250 2937 340 2976 du0,
362 2938 457 2970 lentis
480 2934 661 2978 majusculae
684 2934 787 2969 forma
812 2959 820 2972 ‚
842 2938 873 2969 δι
895 2941 1062 2981 magnitu-

44 2983 137 3016 ²dine
160 2980 245 3013 intra
269 2979 501 3014 ventriculum
523 2980 741 3022 prominentia
764 3002 777 3019 ,
798 2990 937 3023 quorum
960 2981 1062 3024 cystes

60 3028 147 3059 inter
169 3033 315 3057 carneam
335 3044 345 3060 ,
370 3024 621 3066 interioremque
644 3023 789 3057 tunicam
811 3033 901 3057 erant
925 3050 932 3057 .

61 3068 132 3105 Sub
163 3066 228 3108 ipsa
251 3074 360 3099 autem
395 3070 515 3100 extima
543 3066 737 3100 Pulmonum
769 3067 955 3102 membrana
979 3079 1061 3111 quo-

59 3113 135 3146 dam
167 3109 478 3144 locoanimadverti
510 3109 598 3153 quasi
622 3111 753 3152 granula
779 3109 841 3144 huc
865 3111 942 3145 illuc
966 3111 1062 3153 disje-

60 3156 111 3189 ἂι
143 3162 289 3187 tartareae
311 3151 475 3194 cujusdam
508 3156 667 3187 materiae.
801 3154 885 3196 Qae
919 3167 975 3189 cur
1007 3156 1061 3189 hic

61 3209 127 3233 non
150 3197 331 3230 omittenda
356 3196 572 3238 crediderim,
594 3198 751 3231 continuo
773 3197 898 3232 dicam.

103 3253 156 3285 44.
179 3242 268 3274 Cum
291 3241 379 3273 enim
409 3239 443 3273 in
466 3241 573 3274 eadem
595 3252 672 3274 cane
696 3246 809 3283 praete‘r
835 3254 987 3285 magnum
1013 3255 1060 3276 re-

63 3284 114 3318 nis
138 3283 266 3318 alterius
290 3284 430 3319 vitium,
452 3283 590 3318 calculos
612 3285 647 3317 in
671 3295 807 3328 utroque
830 3309 839 3324 ,
866 3286 958 3320 sicuti
983 3299 1060 3328 pau-

60 3327 96 3360 lo
119 3337 193 3360 anre
216 3327 533 3365 commemorabam,
556 3329 758 3367 invenerim5
784 3332 948 3363 materiam
969 3331 1058 3364 istam

60 3372 95 3403 in
119 3369 329 3412 pulmonibus
352 3381 418 3411 quo
443 3382 480 3404 ue
504 3369 570 3412 jam
592 3380 762 3405 tartaream
788 3396 796 3410 ‚
830 3376 861 3406 &
883 3375 915 3406 in
939 3376 1057 3407 ventri-

61 3415 136 3447 culo
171 3414 290 3455 pariter
323 3410 407 3447 forta
437 3425 453 3446 e
487 3413 627 3447 futuram
652 3438 664 3455 ,
700 3415 782 3449 mihi
805 3416 1060 3452 dissimulandam

63 3468 128 3491 non
152 3458 265 3498 putavi
292 3481 301 3495 ,
338 3465 373 3490 ut
398 3455 420 3489 fi
444 3456 595 3500 suspicari
618 3456 706 3492 forte
731 3461 809 3493 velis
831 3483 840 3498 ,
875 3460 955 3494 illud
978 3473 1059 3502 quo-

62 3511 126 3543 que
150 3499 206 3536 sub
229 3499 347 3543 papilla
369 3510 533 3544 corpusex
554 3499 664 3535 eadem
676 3504 784 3544 potius
794 3527 807 3544 ,
830 3508 950 3547 quippe
961 3505 1061 3538 abun-

60 3631 1068 3650 ’Μ

1070 3734 1106 3755 (r
1121 3733 1134 3761 )
1151 3734 1223 3761 Epist.
1241 3743 1279 3763 ²7·
1297 3742 1320 3757 n.
1338 3741 1374 3756 20v
1393 3732 1415 3756 &
1432 3732 1494 3763 seqq.

123 3693 139 3721 (
153 3702 177 3718 m
191 3694 206 3722 )
223 3695 362 3721 commem.
380 3694 467 3720 Litter.
483 3695 514 3720 A.
534 3703 598 3726 ¹7⁴²·
615 3699 692 3723 Hebd.
710 3706 747 3728 5²·
764 3706 788 3723 n.
807 3707 828 3722 ι.
888 3697 898 3727 (
915 3708 930 3723 n
949 3700 955 3729 )
973 3700 1045 3729 Epist.
1063 3708 1098 3728 4²·
1117 3708 1141 3724 n.
1161 3711 1197 3731 ¹7-

125 3724 139 3751 (
152 3732 170 3755 p
184 3724 199 3752 )
215 3724 296 3755 supra,
312 3732 337 3749 n.
354 3734 392 3755 «μ.
452 3726 466 3754 (
482 3734 497 3754 q
513 3726 527 3755 )
542 3727 559 3752 Ι.
577 3737 599 3758 3⁴
617 3730 639 3753 S.
657 3737 694 3755 ιι.
711 3730 735 3755 in
752 3730 878 3755 Additam.
895 3731 950 3755 obs
968 3735 1007 3755 61.

126 3756 133 3781 s
152 3761 164 3777 r
178 3755 192 3783 2
209 3754 266 3790 obt.
285 3762 311 3783 ις
339 3754 361 3790 §-
377 3764 400 3784 4·
417 3757 438 3781 a
454 3755 514 3780 Obs.
534 3766 571 3787 17.
589 3759 610 3790 §.
629 3767 649 3784 ι.
710 3761 753 3790 (u
769 3762 779 3790 )
795 3763 853 3785 nec.
871 3770 892 3784 ι.
912 3761 969 3785 Obs.
987 3765 1008 3785 ⁶.

125 3785 132 3809 s
148 3792 166 3814 1
182 3788 190 3814 j
208 3786 284 3810 Instit.
301 3788 369 3811 Chir.
388 3789 413 3811 Ρ.
433 3794 453 3811 i.
468 3787 486 3812 l.
502 3795 525 3817 ς.
541 3796 562 3813 c.
589 3798 622 3818 ¹7-
640 3798 663 3814 n.
681 3798 701 3820 3.

125 3815 169 3845 (b
185 3821 193 3846 )
209 3817 271 3850 Epir.
291 3820 323 3842 N.
342 3820 370 3842 C.
390 3820 464 3843 Cent-
482 3825 503 3847 3.
521 3819 578 3843 obs.
601 3829 634 3851 ¹7-

764 3793 771 3817 s
790 3800 807 3819 z
821 3797 831 3819 >
847 3794 983 3816 Comnierc.
1003 3792 1087 3816 Litter.
1107 3796 1134 3817 Α.
1155 3802 1219 3823 ¹⁷42-
1238 3797 1314 3820 Hebi.
1332 3805 1370 3823 44-
1387 3802 1412 3818 n.
1430 3803 1452 3818 z.

692 3821 702 3849 s
720 3829 732 3846 c
751 3826 757 3851 J
773 3824 912 3847 comment.
928 3823 956 3846 de
974 3825 1065 3847 Borion.
1083 3825 1122 3847 Sc.
1142 3829 1213 3850 Acii.
1232 3830 1304 3851 Tam.
1327 3835 1343 3849 ι.
1361 3825 1386 3848 in
1405 3826 1490 3855 Opust.
1510 3829 1547 3850 ubi
1566 3829 1594 3852 de
1612 3830 1708 3854 Cortice
1726 3833 1808 3854 Pesuffi

1960 232 2056 280 277

1121 293 1216 327 dante
1238 291 1315 327 adeo
1338 292 1370 324 in
1393 304 1426 325 ea
1449 304 1545 330 cane,
1567 303 1666 335 quam
1689 304 1726 326 ex
1750 292 1831 327 ossea
1853 290 1947 327 fuisse
1970 296 2122 330 mareria3

1122 347 1177 378 per
1202 346 1252 371 nie
1277 334 1370 377 poffis
1394 349 1402 367 :
1427 346 1611 379 quanquam
1633 347 1733 379 neque
1755 337 1788 370 in
1813 347 1890 370 cane
1912 359 1924 377 ,
1956 347 2061 379 neque
2083 338 2118 370 in

1123 377 1285 414 Monatha
1308 378 1362 412 illa
1387 384 1440 424 (p
1461 383 1476 421 )
1501 380 1578 416 mihi
1614 387 1748 413 tartarea
1775 380 1837 412 visa
1860 379 1903 413 est
1926 403 1937 419 ,
1968 388 2119 421 extatque

1121 424 1156 458 in
1191 421 1397 465 Sepulchreto
1420 425 1433 464 (
1456 434 1474 464 q
1494 425 1509 464 )
1531 424 1662 457 alterius
1699 423 1868 458 Monachae
1899 422 2082 465 exemplum
2109 448 2119 462 ,

1121 468 1156 502 in
1179 476 1241 508 qua
1267 476 1431 503 mammae,
1454 476 1614 509 quantum
1638 477 1697 501 una
1722 478 1830 501 earum
1854 466 1990 500 ostendit
2012 487 2027 506 ,
2047 473 2121 500 cute

1121 517 1276 550 excepta,
1299 517 1369 545 totae
1392 508 1471 554 offeae
1493 520 1625 553 repertae
1649 509 1739 542 sunt.
1764 512 1927 547 Quoniam
1952 519 2058 543 tamen
2071 509 2119 542 vel

1120 554 1155 587 in
1178 551 1253 594 ipsis
1276 553 1403 586 arteriis
1425 552 1670 587 controversum
1696 553 1760 594 est,
1784 562 1817 586 ut
1842 554 1911 586 aliis
1935 554 1971 587 ad
1995 563 2026 587 te
2049 553 2122 586 Lit-

1124 596 1200 629 teris
1224 599 1234 635 (
1258 606 1274 630 r
1297 599 1307 634 )
1332 596 1578 630 memoravimus
1600 619 1608 632 ,
1632 597 1720 640 quod
1743 595 1863 630 osseum
1889 599 2014 631 videtur
2038 617 2049 635 ‚
2073 607 2122 630 re-

1124 649 1239 672 verane
1261 638 1381 672 osseum
1405 639 1441 672 sit
1487 650 1525 672 an
1549 645 1744 679 tartareum,
1770 651 1870 683 neque
1893 642 1925 672 in
1951 638 2122 682 propositis

1123 681 1245 717 casibus
1267 683 1412 717 examina
1435 681 1489 715 illa
1512 680 1656 716 instituta
1682 683 1754 717 sunt
1779 705 1791 722 ,
1812 694 1884 725 quae
1908 683 1949 716 sic
1975 686 2047 715 satis
2071 683 2123 715 in-

1123 725 1286 762 dicarent,
1310 734 1383 758 utro
1409 726 1507 760 modo
1530 728 1563 759 in
1588 724 1652 760 istis
1678 726 1824 759 mammis
1849 737 1894 759 res
1918 726 1947 758 se
1970 725 2121 764 haberet3

1123 769 1223 811 ipsam
1248 770 1281 803 in
1305 768 1413 804 medio
1437 769 1651 811 relinquemus
1674 778 1766 802 tanto
1790 768 1933 803 facilius.
1955 768 2043 810 quod
2058 778 2124 801 tar-

1124 820 1246 852 tareas,
1270 811 1444 852 lapideasve
1467 812 1688 847 concretiones
1708 835 1720 851 ,
1742 811 1825 850 five,
1849 821 1883 845 ut
1906 809 2019 847 Celsus
2041 810 2125 852 (s)

1123 855 1271 898 loquitur
1295 877 1304 892 2
1338 854 1458 897 lapillis
1480 855 1615 898 quaedam
1636 854 1752 899 similia
1774 866 1847 889 cum
1880 857 1932 888 alii
1959 854 2123 888 interdum

1122 908 1263 932 tumores
1287 897 1424 938 habent,
1449 908 1484 932 ut
1509 896 1572 938 ipse
1595 899 1688 933 docet
1712 922 1721 936 ‚
1747 899 1992 941 Sepulchretum
2016 906 2124 932 autem

1120 942 1266 976 Sectione
1291 942 1348 977 hac
1368 944 1383 983 (
1405 948 1420 975 t
1439 944 1454 983 )
1475 941 1636 980 oslendit;
1662 951 1732 976 tum
1754 945 1949 978 nominatim
1971 952 2125 975 mamma-

1123 995 1194 1018 rum
1218 994 1383 1023 tumores;
1408 995 1441 1019 ut
1464 985 1497 1018 in
1524 984 1630 1020 Vidua
1656 985 1694 1019 de
1717 997 1779 1029 qua
1804 996 1911 1020 narrat
1933 985 1987 1021 CI,
2003 984 2124 1018 Ballius

1121 1032 1132 1067 (
1159 1039 1179 1061 u
1201 1032 1214 1068 )
1237 1050 1245 1065 ‚
1271 1028 1389 1062 inclusa
1414 1029 1453 1060 iis
1475 1038 1611 1069 corpora
1637 1031 1756 1064 attritu
1778 1029 1820 1062 Θ·
1842 1028 1991 1073 collisione
2014 1034 2124 1062 mutua

1114 1071 1256 1116 sonitum
1278 1070 1373 1110 instar
1394 1069 1571 1112 lapillorum
1593 1071 1715 1105 ederent
1738 1092 1747 1107 ,
1771 1072 1889 1114 nosque
1912 1070 1970 1114 ipsi
1995 1072 2028 1104 in
2052 1072 2124 1103 viro

1122 1116 1286 1148 materiam
1309 1115 1431 1149 duratae
1454 1113 1551 1145 instar
1586 1113 1679 1147 calcis
1704 1113 1877 1150 viderimus
1900 1140 1908 1148 .
1943 1114 2034 1149 Nam
2057 1125 2127 1147 ma-

1122 1158 1285 1192 sculorum
1307 1168 1440 1200 quoque
1465 1156 1614 1190 mamillae
1630 1167 1860 1200 nonnunquam
1884 1156 1968 1191 haud
1994 1158 2127 1192 secusac

1119 1201 1328 1237 foeminarum
1355 1222 1364 1237 ,
1387 1203 1421 1233 in
1447 1209 1588 1234 tumores
1612 1199 1793 1236 excrescunt
1821 1228 1828 1239 ‚
1862 1211 2004 1246 quorum
2029 1210 2128 1234 unum

1119 1245 1318 1286 descriptum
1342 1243 1405 1285 legi
1431 1254 1446 1278 a
1472 1242 1590 1281 Bidloo
1610 1245 1624 1282 (
1645 1253 1666 1279 x
1688 1246 1719 1281 ).
1744 1245 1799 1279 ne'c
1824 1243 1880 1277 sibi
1907 1243 1965 1285 ipsi
1988 1243 2127 1285 ejusmo-

1121 1290 1153 1321 di
1190 1287 1465 1322 observationem
1497 1285 1596 1321 deesse
1619 1309 1631 1326 ,
1662 1286 1792 1321 testatur
1828 1289 1854 1323 is
1884 1290 1940 1327 qui
1977 1287 2129 1320 Bidloum

1122 1330 1230 1365 laudat
1254 1353 1265 1369 ,
1299 1330 1465 1365 Heisterus
1486 1328 1575 1372 (y)
1601 1350 1610 1366 ,
1642 1330 1801 1374 aliamque
1835 1330 1961 1367 addidit
1997 1330 2050 1364 Cl.
2072 1329 2129 1373 λῘο.

1125 1375 1225 1409 Mart.
1250 1372 1401 1412 Wolffius
1425 1377 1439 1415 (
1461 1372 1543 1419 (ζμ
1566 1383 1625 1415 ego
1650 1384 1727 1407 vero
1752 1376 1834 1408 hunc
1859 1375 2008 1409 morbum
2033 1373 2130 1408 semel

1123 1420 1158 1452 in
1185 1418 1330 1451 Aurisice
1355 1416 1541 1464 inchoatum
1565 1416 1631 1449 vidi
1653 1438 1667 1456 ‚
1699 1419 1751 1453 cui
1776 1417 1860 1451 nihil
1883 1429 1972 1460 aeque
2007 1416 2131 1460 profuit

1125 1474 1161 1496 ac
1183 1460 1336 1495 diuturna
1359 1460 1483 1494 brachii
1508 1471 1574 1503 ejus
1598 1460 1704 1497 lateris
1727 1463 1817 1503 quies
1841 1474 1856 1494 a
1881 1472 1931 1493 me
1956 1466 2135 1503 imperata,

1122 1508 1241 1540 iterum
1264 1514 1370 1537 autern
1394 1502 1459 1546 jam
1484 1502 1659 1544 pei-feeimm
1687 1529 1696 1544 ‚
1731 1504 1781 1538 sed
1804 1505 2024 1539 continentem
2061 1514 2133 1538 eam

1124 1560 1224 1592 quarn
1252 1547 1350 1582 modo
1373 1547 1557 1582 indicabam
1573 1571 1581 1586 ,
1605 1548 1796 1583 materiam:
1823 1547 1932 1593 resque
1956 1548 2002 1582 ita
2025 1547 2054 1582 se
2077 1546 2132 1581 ha-

1125 1593 1218 1626 buit.

1168 1647 1221 1678 45.
1247 1635 1373 1682 VIRO
1395 1633 1516 1672 docto,
1539 1637 1570 1667 δι
1592 1636 1746 1677 generoso
1761 1659 1771 1673 ,
1798 1637 1960 1671 Matronae
1984 1637 2071 1670 illius
2093 1634 2132 1669 fi-

1125 1679 1195 1719 lio,
1218 1690 1310 1721 cujus
1335 1679 1398 1712 tibi
1421 1682 1452 1712 &
1474 1683 1627 1716 morbos,
1653 1682 1684 1712 δε
1707 1679 1928 1714 ἀίίῖεᾶὶοηεπι
1952 1679 2100 1722 descripsi
2124 1701 2135 1719 ‚

1124 1734 1198 1755 curn
1222 1723 1261 1757 de
1284 1723 1421 1755 Vomitu
1446 1722 1624 1755 sermonem
1648 1722 1797 1758 haberem
1821 1725 1841 1766 (
1856 1734 1875 1757 a
1891 1723 1934 1767 ),
1957 1735 2077 1759 annum
2101 1735 2159 1755 3--

1125 1768 1212 1808 genti
1238 1767 1360 1799 XXXI.
1385 1776 1525 1806 coeperat
1548 1767 1580 1797 in
1607 1767 1769 1807 superiore
1784 1776 1872 1809 parte
1897 1769 2047 1802 mamillae
2060 1767 2138 1803 dex-

1122 1819 1199 1842 terae
1223 1809 1353 1851 parvula
1385 1809 1471 1852 quasi
1496 1809 1646 1850 glandula
1671 1812 1850 1851 prominere
1876 1836 1883 1844 .
1917 1812 1998 1846 Haec
2022 1811 2133 1845 sensim

1121 1856 1233 1890 aneta,
1257 1855 1341 1885 intra
1364 1863 1482 1886 annum
1505 1853 1638 1885 circiter
1660 1855 1692 1886 in
1716 1861 1878 1889 tumorem
1902 1858 2045 1889 excrevit
2070 1867 2133 1897 pu·-

1120 1897 1176 1938 gni
1202 1896 1443 1938 magnitudine,
1470 1895 1674 1937 praedurum,
1699 1896 1747 1931 sed
1772 1900 2015 1940 cunfflspravae
2041 1908 2136 1933 natu-

1120 1950 1163 1972 rae
1185 1939 1313 1972 iudiciis
1339 1940 1554 1980 peculiaribus
1565 1949 1725 1974 carentem
1741 1966 1749 1974 .
1881 1943 1919 1975 IS
1943 1943 2131 1977 TUMOR

1121 1981 1179 2015 sub
1214 1984 1349 2016 initium
1373 1984 1417 2017 A.
1445 1992 1536 2025 1742.
1560 1984 1819 2025 quartodecimo
1840 1998 1881 2020 ex
1904 1987 1970 2028 q'uo
2003 1987 2133 2027 incepe-

1121 2036 1171 2059 rat
1186 2051 1193 2065 ,
1218 2026 1322 2060 mense
1338 2051 1346 2066 ‚
1372 2028 1481 2067 sponte
1507 2025 1535 2059 se
1559 2029 1682 2066 aperuit
1698 2050 1707 2065 ,
1731 2029 1934 2072 ostenditque
1957 2033 2040 2063 intra
2053 2042 2131 2064 cor-

1122 2071 1241 2106 ticem,
1268 2070 1306 2102 ab
1330 2069 1565 2112 integumentis
1576 2069 1718 2110 sactum,
1741 2074 1771 2105 δι
1795 2073 1885 2106 fibris
1909 2075 2032 2107 carneis
2049 2099 2058 2114 ‚
2082 2076 2132 2107 ni-

1122 2112 1172 2147 hil
1196 2113 1253 2147 nisi
1269 2115 1436 2147 materiam
1459 2124 1532 2156 quae
1543 2113 1663 2148 calcem
1688 2116 1914 2156 alibiduram,
1940 2118 2017 2152 alibi
2043 2120 2129 2152 mol-

1121 2158 1241 2190 liorem
1266 2156 1442 2190 referebat.

1165 2203 1220 2243 46.
1246 2201 1344 2233 Tunc
1370 2199 1434 2240 ipse
1458 2201 1489 2233 δε
1513 2200 1602 2242 vidi,
1626 2204 1657 2235 &
1680 2204 1778 2247 tetigi
1797 2205 1889 2239 'intra
1913 2204 2058 2242 hiantem
2078 2217 2131 2241 tu-

1125 2254 1249 2277 morem
1276 2245 1448 2293 -materiam
1473 2242 1555 2293 lianc
1580 2270 1588 2283 ,
1620 2247 1739 2293 quippe
1763 2259 1836 2282 cum
1871 2250 1943 2283 aliis
1967 2251 2130 2284 nonnullis

1124 2288 1299 2329 Gymnasii
1316 2284 1546 2320 Professoribus
1564 2290 1691 2333 consilii
1703 2291 1794 2325 causa
1808 2292 1974 2327 accersitus
1991 2318 1997 2324 .

1124 2333 1212 2365 Cum
1238 2340 1326 2373 pater
1348 2353 1360 2369 ,
1394 2331 1532 2373 avusque
1556 2331 1687 2366 luissent
1722 2334 1887 2370 arthritidi
1912 2338 2002 2371 valde
2024 2338 2133 2371 obno.

1122 2377 1193 2413 xii,
1219 2385 1301 2417 aeger
1324 2382 1430 2407 autem
1457 2373 1510 2407 hic
1537 2385 1724 2418 nunquam,
1747 2380 1803 2413 nisi
1830 2381 1917 2422 quod
1941 2382 2044 2414 levem
2069 2384 2130 2416 ali-

1122 2418 1254 2461 quando
1278 2440 1290 2457 ,
1313 2418 1509 2460 brevemque
1532 2418 1571 2451 ad
1597 2420 1747 2461 pollicem
1771 2424 1901 2457 alterius
1926 2426 2014 2464 pedis
2037 2425 2128 2459 dolo·

1121 2472 1191 2495 rem
1225 2472 1280 2494 vnx
1304 2462 1574 2495 animadverterat
1601 2474 1610 2499 3
1641 2464 1794 2499 credibile
1820 2467 1990 2500 videbatur
2021 2471 2129 2502 omni-

1121 2505 1180 2537 bus
1203 2528 1216 2544 ,
1249 2516 1320 2547 quae
1346 2514 1483 2538 tartarea
1508 2507 1641 2538 materia
1663 2509 1727 2541 illis
1750 2510 1782 2542 in
1809 2512 2054 2548 mucilaginosas
2080 2525 2131 2546 ar-=

1121 2549 1302 2581 ticulorum
1326 2548 1491 2590 glandulas
1510 2574 1519 2589 ‚
1542 2548 1618 2582 huic
1642 2572 1652 2587 ‚
1684 2563 1758 2586 cum
1786 2554 1818 2585 in
1843 2566 1892 2587 eas
1920 2555 2048 2588 fortasse
2073 2557 2128 2591 fis-

1122 2593 1239 2625 miores
1263 2603 1326 2624 non
1353 2592 1472 2633 posset,
1496 2593 1530 2624 in
1555 2596 1756 2628 mammarias
1780 2597 1958 2631 incubuisse
1986 2623 1995 2638 ,
2030 2601 2126 2642 idque

1121 2633 1269 2674 facilius,
1292 2633 1381 2678 quod
1404 2635 1540 2669 sternum
1555 2638 1794 2679 animadverti,
1820 2642 1874 2674 vix
1887 2645 1981 2675 tertia
2009 2656 2022 2675 a
2039 2644 2125 2678 sum-

1122 2691 1177 2712 mo
1198 2678 1416 2721 longitudinis
1441 2689 1530 2721 parte
1544 2683 1686 2719 emensa,
1712 2693 1840 2724 repente
1857 2707 1865 2722 ,
1892 2689 1921 2717 δέ
1948 2687 2035 2719 valde
2049 2687 2125 2720 sub-

1119 2723 1218 2757 sidere
1243 2747 1250 2761 ,
1274 2722 1485 2765 quamobrem
1511 2724 1715 2758 Mammariis
1741 2727 1818 2760 vasis
1842 2730 1877 2761 ad
1904 2729 1997 2762 sterni
2024 2732 2123 2764 latera

1119 2766 1156 2799 ad
1181 2765 1334 2807 angulum
1358 2766 1412 2799 hic
1438 2766 1563 2800 inflexis
1587 2790 1595 2805 ‚
1630 2779 1756 2802 motum
1781 2771 1940 2813 sanguinis
1979 2784 2033 2815 per
2058 2785 2124 2807 ma-

1119 2810 1223 2843 millas
1247 2810 1419 2841 tardiorem
1443 2808 1534 2849 fieri,
1557 2810 1768 2850 conjiciebam
1792 2839 1800 2847 .
1833 2816 1877 2848 Ea
1903 2827 1979 2849 vero
2009 2817 2048 2850 de
2071 2829 2122 2850 ar..

1119 2851 1253 2887 thririca
1273 2851 1363 2884 illius
1389 2855 1529 2887 materiae
1555 2863 1666 2886 natura
1693 2864 1787 2889 tanto
1821 2869 1987 2899 propterea
2013 2861 2122 2893 verifi-

1117 2899 1227 2930 milior
1248 2897 1362 2937 opinio
1387 2920 1394 2934 ,
1427 2896 1520 2936 quodv
1541 2897 1693 2931 Pseuffins
1717 2903 1730 2938 <
1752 2899 1771 2932 h
1794 2904 1804 2939 )
1830 2899 2038 2944 calczformem
2070 2916 2120 2938 ar-

1114 2940 1261 2974 thritidis
1295 2940 1459 2972 materiam
1483 2951 1551 2982 quae
1586 2943 1618 2972 in
1644 2953 1771 2976 artuum
1801 2948 1951 2979 extremis
1976 2949 2119 2982 articulis

1115 2982 1231 3025 deponi
1257 2983 1392 3023 amplius
1417 2993 1481 3015 non
1504 2993 1651 3024 poterat,
1678 2997 1733 3026 per
1757 2999 1904 3021 mammae
1917 2989 2004 3024 ulcus
2029 2996 2118 3026 exire

1115 3028 1240 3060 viderat
1255 3053 1266 3072 ,Ι
1285 3025 1449 3068 plerosque
1474 3027 1615 3060 nostrum
1642 3027 1799 3070 segniores
1823 3031 1960 3066 faciebat
1983 3036 2015 3066 in
2039 3046 2117 3069 con-

1114 3070 1186 3118 filio
1209 3070 1335 3106 dando,
1362 3079 1504 3103 verentes
1528 3072 1683 3105 nimirum
1708 3095 1717 3109 ,
1750 3086 1790 3107 ne
1813 3076 1922 3108 exciso
1955 3087 2081 3111 tumore
2104 3103 2116 3119 ,

1115 3114 1243 3156 ejusque
1269 3114 1338 3146 sede
1360 3112 1521 3153 persanata
1543 3137 1554 3153 ,
1580 3117 1711 3149 materia
1736 3118 1773 3151 ad
1798 3121 1874 3152 alias
1899 3119 1926 3152 se
1952 3132 2113 3160 verteret,

1113 3159 1284 3191 interiores
1308 3155 1438 3189 fortasse
1453 3180 1461 3193 ,
1486 3157 1724 3201 nobilioresque
1752 3163 1877 3201 Partes,
1901 3165 2032 3204 quando
2055 3178 2113 3200 nu.

1113 3213 1170 3244 per
1208 3201 1369 3233 Albertini
1394 3205 1404 3239 (
1428 3204 1476 3239 c)
1510 3213 1639 3244 quoque
1663 3203 1862 3238 Observatio
1896 3207 2073 3242 ostenderat
2106 3235 2116 3250 ‚

1112 3245 1314 3287 prohibitam
1340 3244 1427 3276 illam
1451 3245 1489 3276 ab
1514 3247 1646 3280 artubus
1667 3247 1890 3286 inferioribus,
1914 3259 2032 3284 temere
2056 3265 2111 3294 pe-

1112 3289 1205 3322 trolei
1231 3289 1417 3321 inunctione
1441 3290 1682 3327 corroboratis,
1705 3302 1785 3333 quot
1811 3293 1919 3325 turbas
1942 3294 2027 3327 intus
2042 3319 2052 3334 ,
2076 3298 2106 3328 in

1113 3343 1222 3365 ventre
1246 3331 1440 3372 praescrtim3
1463 3334 1650 3367 concivisset
1673 3332 1773 3367 donec
1796 3336 1839 3366 ita
1866 3347 1920 3375 per
1943 3338 2111 3371 intestino-

1114 3388 1182 3409 rum
1208 3376 1308 3406 exiret
1334 3377 1419 3408 viam
1445 3400 1452 3414 ,
1487 3386 1520 3408 ut
1544 3378 1664 3410 mirum
1695 3376 1769 3410 esser
1793 3378 1896 3419 qualia
1926 3405 1934 3419 ,
1962 3391 2110 3423 quamque

1111 3419 1209 3452 multa
1233 3420 1306 3451 illac
1332 3418 1498 3459 prodirent
1521 3419 1604 3462 qnasi
1628 3430 1665 3453 ex
1688 3419 1792 3460 calce,
1815 3428 1872 3453 aut
1890 3424 1984 3464 gvpsb‘
2008 3435 2108 3457 recens

1110 3470 1320 3505 coagmentato
1342 3484 1355 3501 ,
1387 3463 1473 3504 eique
1497 3467 1635 3498 materiae
1665 3463 1750 3497 haud
1770 3465 1818 3496 ita
1850 3465 2002 3508 diffimilia
2035 3471 2111 3502 unde

1112 3505 1241 3549 efficitur
1261 3506 1414 3549 podagra.
1442 3507 1527 3540 Cum
1543 3509 1646 3549 igitur
1667 3507 1710 3541 ob
1721 3505 1877 3547 ejusmodi
1901 3510 2007 3544 causas
2030 3524 2112 3546 cun-

1981 3555 2068 3589 fian-

1591 3647 1682 3654 —-

1912 3649 2116 3660 ⁸——————·—---e

1260 3705 1273 3732 C
1288 3713 1302 3728 0
1319 3703 1334 3730 )
1348 3702 1366 3726 ¹·
1381 3709 1407 3730 4·
1422 3703 1479 3727 ΟΜ,
1497 3714 1519 3733 4-
1539 3705 1560 3735 §-
1577 3714 1597 3735 3·
1615 3707 1637 3730 δε
1654 3707 1678 3731 in
1697 3708 1820 3731 Additum,
1840 3710 1897 3733 ΟΜ.
1917 3716 1952 3733 η,

1559 3736 1620 3767 (s)
1638 3740 1673 3762 De
1689 3740 1780 3762 Medic.
1797 3739 1812 3761 l.
1828 3749 1851 3767 7.
1868 3749 1887 3764 c.
1905 3744 1926 3763 ὁ,

1072 3763 1113 3791 (x
1129 3764 1141 3791 )
1157 3767 1214 3788 Dec.
1234 3774 1253 3788 ι.
1274 3763 1375 3788 Exercit.
1393 3767 1464 3788 Anat.
1482 3765 1548 3789 Chir.
1566 3776 1584 3796 5.

1515 3797 1528 3824 (
1546 3805 1560 3819 ³
1582 3798 1674 3825 'Eruli-
1694 3807 1769 3827 30-11.
1790 3809 1812 3822 -ti
1838 3791 1841 3794 Α
