2498 4075
418 242 570 308 Epist.
605 241 769 294 Anat.
803 241 1021 297 Medica
1055 243 1204 297 XVI.
1243 242 1367 296 Art.
1401 259 1476 309 3¹-
1508 246 1564 298 ὅ(
1603 259 1679 308 32.

25 318 162 364 quadam
187 319 272 351 varia
296 317 393 352 frusta
423 318 514 362 quasi
548 317 837 352 membranularum
856 343 864 350 .
901 322 1024 353 Dexter

26 363 137 407 pulmo
161 362 198 395 ad
221 363 305 395 latus
327 373 463 394 annexus
485 369 552 394 erat
576 372 629 402 per
651 361 728 395 telas
752 362 856 402 plures
881 385 889 400 ,
915 364 1022 406 quales

25 417 99 439 cum
122 404 261 448 jecinore
282 403 431 447 descripsi
456 416 466 437 .-
488 415 591 447 eoque
614 415 708 438 manu
740 404 950 439 sinistrorsum
975 419 1022 439 re-

24 449 143 487 ducto,
166 449 273 490 pleura
297 448 442 491 apparuit
475 459 544 490 quae
566 446 631 489 ejus
663 447 827 490 posteriori
851 452 933 491 parti
957 450 1021 484 res-

25 490 202 536 ponderat,
226 491 279 525 hic
302 492 372 524 illic
396 500 546 533 tanquam
562 492 695 524 minutis
718 492 835 525 iffibus
859 493 1021 534 perculsa,

23 545 60 570 nt
83 535 274 568 restitantem
298 537 482 568 coccineum
505 532 689 575 sanguinem
713 534 889 569 ostenderet
911 561 922 572 .
948 537 1021 570 Pul-

22 591 78 613 mo
100 587 203 611 autem
227 578 343 612 finister
366 579 397 610 &
420 576 562 619 suprema
584 599 592 612 ‚
624 579 656 609 &
681 578 804 613 laterali
837 588 907 612 tota
939 579 1020 614 facie

21 621 225 655 valentiffimc
246 631 319 655 cum
342 620 449 662 pleura
470 620 648 653 cohaerebat
674 643 683 657 ‚
714 633 786 664 quae
810 623 850 656 iis
884 625 917 655 in
941 623 1020 657 sedi-

20 666 107 703 bus,
143 667 175 697 &
208 673 352 707 praeterea
385 665 419 695 in
452 662 583 706 subjeffi
616 662 871 707 diaphragmatis
905 678 1019 707 magna

21 718 133 751 parte,
158 711 190 741 ὃ(
212 710 243 740 in
268 705 445 741 mediastini
468 708 645 747 anteriore,
668 710 700 741 δε
723 721 784 750 qua
795 707 856 741 hoc
882 721 1019 751 pericar-

20 753 78 786 dio
100 750 280 795 appositum
303 749 366 789 est,
390 760 453 782 non
478 749 576 789 modo
598 760 664 784 erat
697 751 837 793 globulis
860 754 1019 796 exaspera-

19 806 76 837 ta,
98 803 134 829 ut
159 794 328 837 peritonaei
350 802 471 835 partem
493 793 604 833 fuiffe,
626 795 697 828 dixi
718 818 730 834 ‚
761 807 870 829 verum
893 796 1018 840 insuper

19 852 54 873 ea
76 847 142 873 erat
166 841 199 870 &
220 838 361 878 duritie,
382 839 414 869 Sc
435 837 633 871 craffitudine
658 860 667 875 ,
689 847 725 871 ut
749 841 869 872 arteriae
891 841 1018 883 Magnae

19 895 35 916 a
58 881 152 916 corde
174 881 346 914 exorientis
369 881 522 921 parietes,
546 892 601 913 nec
624 882 721 923 paulo
739 904 750 920 ‚
774 882 928 924 superaret
948 907 957 921 ‚
981 896 1019 917 ex

20 926 88 960 alba
110 926 196 958 intus
221 923 388 959 substantia
401 923 568 964 constans,
590 925 728 959 minutis
753 927 918 967 particulis
930 938 1019 960 corn-

20 970 136 1013 pac‘ia:
161 967 327 1002 Pulmones
350 966 456 999 ichore
480 967 647 1010 spumoso,
672 968 864 1012 albidoque‚
888 969 1017 1004 fimanu

19 1013 270 1054 comprimeres,
293 1010 409 1043 scatere
432 1011 662 1053 conspiciebas.
687 1014 848 1046 Caeterum
860 1012 942 1046 nihil
966 1013 1022 1046 ha—

19 1055 134 1089 bebant
157 1055 257 1094 vitii,
279 1064 315 1087 ut
339 1065 438 1097 neque
462 1055 566 1096 ipsum
588 1066 642 1087 cor
662 1067 672 1093 3
706 1054 764 1088 nisi
788 1054 876 1089 forte
909 1056 985 1091 duas
1007 1079 1019 1096 ,

19 1098 119 1132 tresve
139 1100 362 1131 concretiones
394 1097 564 1140 polyposas
588 1099 694 1140 magni
735 1097 832 1132 facias
853 1100 984 1139 exiguas
1007 1123 1019 1139 ,

19 1146 51 1177 &
72 1153 149 1186 pene
171 1141 337 1180 mucosas,
360 1152 493 1183 quarum
506 1153 566 1175 una
590 1144 622 1174 in
635 1143 807 1175 auriculam
831 1142 994 1177 dexteram
1008 1165 1017 1179 ‚

16 1186 85 1220 duae
109 1185 239 1228 reliquae
264 1184 461 1227 pertinebant
485 1185 518 1216 in
542 1186 715 1228 Magnam,
739 1188 770 1218 δε
796 1187 1017 1221 Pulmonarem

17 1230 169 1268 arterias,
192 1228 320 1271 singulae
361 1229 394 1274 in
416 1226 550 1270 singulas
573 1254 580 1260 .
616 1231 704 1261 Intra
729 1230 941 1271 pericardium
965 1244 1018 1266 au-

20 1283 87 1306 tem
111 1271 214 1305 fuerat
252 1283 332 1315 aqua
357 1283 422 1313 ejus
454 1270 625 1314 perfimilis
659 1283 729 1316 quae
764 1274 798 1305 in
822 1282 928 1306 ventre
950 1298 958 1312 ‚
985 1279 1017 1309 δέ

18 1316 148 1350 thorace
171 1315 327 1357 descripta
350 1314 412 1353 est,
438 1314 489 1348 sed
508 1318 602 1359 copia
624 1317 678 1349 vix
701 1315 816 1359 majori
839 1329 935 1360 quam
948 1330 1018 1351 mo-

14 1360 110 1393 dica.
245 1357 348 1401 Qod
373 1359 531 1401 reliquum
554 1359 618 1399 est,
643 1357 852 1401 Thyroidaeae
884 1361 1016 1402 glandu-

15 1402 53 1436 lae
77 1402 196 1437 sinister
220 1403 310 1435 lobus
332 1401 410 1444 quid
435 1404 508 1434 vitii
534 1402 682 1442 haberet,
703 1401 838 1436 hicesset
862 1403 1016 1446 adjicien-

14 1445 119 1486 dum,
142 1445 199 1479 nifi
225 1446 257 1478 id
282 1445 356 1478 satis
378 1444 443 1488 jam
466 1444 538 1478 esset
561 1446 680 1480 faetum
704 1447 737 1479 in
763 1445 907 1489 Epistola
928 1445 1016 1482 Ana-

14 1490 136 1523 tomica
163 1490 219 1522 IX.
241 1492 255 1528 (
278 1501 293 1522 c
315 1493 350 1528 )‚
375 1492 407 1521 in
431 1500 492 1532 qua
515 1489 798 1524 Adolescentulum
821 1502 916 1533 quem
941 1490 1017 1525 tho-

15 1536 100 1609 }acis
123 1532 270 1576 hydrope
294 1533 523 1575 interemptum
547 1532 599 1577 ajo
614 1557 624 1573 ‚
649 1532 735 1567 hunc
759 1533 861 1576 ipsum
887 1532 977 1568 fuisl'e
1002 1562 1012 1576 ,

27 1585 117 1610 cito.

54 1629 106 1662 31.
133 1621 223 1653 Cum
245 1620 371 1657 multa,
396 1621 429 1651 δε
449 1620 533 1651 varia
559 1620 653 1662 super
676 1618 735 1652 hac
758 1618 892 1654 historia
916 1619 1015 1654 adno-

11 1665 74 1696 tari
97 1662 213 1706 poffint
234 1676 244 1699 ;
279 1674 336 1696 nos
361 1663 528 1695 brevitatis
559 1662 664 1696 studio
686 1674 784 1704 pauca
818 1663 984 1708 seligemus
1005 1690 1014 1698 .

143 1707 188 1739 Et
212 1707 375 1749 primum,
397 1704 485 1748 quod
509 1705 550 1739 ad
573 1707 714 1748 pleuram
736 1707 872 1746 attinet,
897 1709 1017 1742 diffici-

13 1750 41 1783 le
65 1749 108 1783 est
129 1760 235 1783 veram
258 1748 381 1783 causam
406 1747 542 1792 assequi,
568 1761 624 1783 cur
645 1752 679 1783 in
702 1749 830 1784 dextera
847 1751 1016 1794 posteriore

11 1793 158 1827 thoracis
183 1801 271 1834 parte
294 1793 501 1828 inflammatae
520 1792 638 1834 instar,
660 1794 821 1827 restitante
845 1795 1017 1838 sanguine,

10 1837 212 1879 apparuerit.
239 1837 327 1870 Nam
351 1835 373 1868 fi
398 1835 483 1870 forte
504 1847 620 1878 aquam
643 1837 764 1871 accuses
797 1850 836 1871 ex
860 1838 945 1872 flavo
968 1840 1017 1871 vi-

11 1889 133 1913 rentem
147 1905 155 1919 ,
177 1879 262 1923 quasi
277 1879 392 1913 aculeis
405 1880 511 1914 salinis
534 1880 740 1914 irritandoid
765 1880 868 1914 facere
893 1883 1016 1923 potuis-

10 1923 56 1957 set
80 1946 93 1964 ,
125 1923 319 1966 eandemque
341 1922 497 1965 conjicias
519 1946 531 1963 ‚
562 1925 597 1957 in
621 1923 802 1967 pericardio
837 1924 1017 1959 vellicando

8 1977 65 2000 cor
79 1991 89 2007 ,
115 1966 222 2008 pulsus
245 1967 325 2000 adeo
347 1966 524 2010 pervertisse
550 1979 561 2005 ς
586 1977 661 2001 tunc
684 1979 760 2000 vero
781 1967 1017 2010 dispiciendum

8 2010 79 2050 est,
103 2020 160 2043 cur
185 2021 263 2052 aqua
286 2009 394 2044 eadem
418 2022 492 2043 cum
517 2009 592 2044 esset
617 2012 799 2051 iuventte,
824 2015 855 2045 &
881 2014 914 2045 in
937 2012 1013 2046 sini-

8 2054 72 2088 stro
95 2064 225 2096 quoque
249 2053 389 2087 thoracis
422 2066 499 2087 cavo
520 2076 530 2091 ,
557 2054 704 2088 neutrubi
728 2056 922 2089 irritationis
945 2055 1018 2089 effe-

9 2098 79 2131 &us
102 2095 262 2138 ediderit,
283 2099 352 2130 imo
373 2109 410 2130 ne
433 2100 467 2130 in
489 2097 611 2140 reliqua
635 2098 766 2141 quidem
790 2098 916 2133 dextera
940 2099 1017 2132 tho-

17 2141 98 2174 racis
122 2141 262 2173 maxima
286 2151 394 2183 parte.
528 2141 674 2174 Difficile
691 2144 811 2182 etiam,
834 2143 919 2175 mihi
943 2145 1017 2184 qui-

7 2184 80 2220 dem
95 2207 107 2223 ,
131 2182 173 2217 est
195 2183 299 2217 dicere
316 2207 326 2223 ‚
361 2195 419 2219 cur
443 2184 550 2226 pleura
570 2201 587 2224 ,·
614 2195 686 2217 cum
708 2195 794 2217 certa
830 2197 863 2218 ea
887 2189 920 2218 in
940 2186 1013 2219 sede

7 2228 415 2270 appareret,inflammata;
437 2227 561 2260 nullum
585 2237 690 2259 tamen
717 2225 842 2260 afferret
865 2228 1014 2261 dolorem

8 2271 216 2314 pleuriticum
230 2295 237 2302 .
374 2270 524 2312 Denique
546 2281 601 2304 cur
625 2270 702 2303 adeo
721 2273 752 2303 &
776 2269 870 2304 crassa
884 2296 893 2311 ‚
916 2272 1015 2306 &du-

7 2326 41 2348 ra
64 2313 148 2347 fac'ta
171 2313 243 2347 esset
270 2312 310 2347 ad
332 2321 384 2345 tot
408 2338 418 2352 ,
451 2316 483 2345 &
507 2322 573 2346 tam
596 2324 729 2356 magnos
753 2315 873 2348 tradas
897 2326 913 2347 a
935 2314 1014 2348 fini-

7 2357 100 2394 stris5
125 2355 165 2389 ad
188 2357 312 2390 nullum
336 2355 503 2390 adextris.
528 2357 650 2390 Namfi
674 2357 877 2400 adaggestam
902 2370 1014 2401 aquarn

8 2400 146 2443 spe-stare
169 2398 223 2434 id,
247 2399 377 2438 credas3
401 2399 507 2432 eadem
532 2399 600 2433 haec
623 2410 688 2433 erat
712 2403 808 2433 etiam
832 2413 847 2433 a
870 2401 1013 2440 dextri53

12 2453 48 2476 ut
76 2444 181 2476 multo
204 2442 242 2475 fit
266 2444 300 2476 in
322 2442 381 2476 hac
393 2441 496 2475 nostra
518 2442 684 2475 difficilior
696 2444 894 2484 explicatio,
916 2456 1013 2486 quam

11 2489 46 2519 in
74 2486 306 2519 Cbsei-vatione
337 2487 470 2518 LXXV.
496 2496 565 2526 quae
589 2487 622 2518 in
648 2488 693 2520 ΙΙ.
717 2486 793 2519 libri
812 2487 1011 2528 Sepulclireti

10 2530 154 2563 §ef-tione
178 2531 203 2561 I.
231 2529 396 2561 immerito
412 2551 419 2565 ,
443 2538 478 2562 ut
502 2540 579 2564 mox
601 2528 760 2563 ostendam
782 2554 789 2566 ,
814 2532 869 2564 uni
895 2532 1012 2565 adscri-

7 2575 95 2607 bitur
116 2572 282 2606 Francisco
306 2570 480 2605 MichinO.
506 2574 544 2605 In
569 2584 602 2606 ea
624 2575 710 2606 enim
733 2574 1009 2609 Observationein

8 2617 115 2651 eadem
131 2614 254 2658 finistra
289 2623 415 2649 tantum
439 2614 578 2649 thoracis
600 2617 740 2650 cavitate
766 2615 910 2652 'maxima
934 2631 1010 2662 pro-

10 2660 145 2702 ponitur
169 2670 257 2701 aquae
280 2659 374 2701 copia
396 2680 406 2696 ‚
439 2669 502 2701 qua
525 2661 559 2691 in
593 2661 730 2693 cavitate
755 2663 852 2694 etiam
882 2672 1008 2697 tantum

10 2713 78 2737 erat
109 2702 218 2745 pleura
242 2702 403 2735 admodum
438 2700 534 2746 craffa
556 2704 596 2736 Θ
628 2702 740 2745 callosa
762 2729 771 2744 ‚
802 2706 844 2739 Θ
860 2705 1010 2748 fimiliter

7 2747 186 2790 pulmones,
208 2745 443 2785 mediastinum,
460 2745 587 2789 septum
609 2747 823 2792 transversum
921 2757 1011 2783 erant

8 2788 119 2832 callosa
135 2786 206 2830 fere
220 2813 228 2822 .

51 2844 102 2875 32.
129 2833 267 2865 Utinam
291 2843 366 2865 vero
389 2833 498 2875 priora
520 2833 576 2867 illa
599 2835 710 2868 omnia
735 2844 801 2868 tam
825 2834 944 2878 possem
959 2836 1011 2870 di-

8 2875 115 2909 lucide
147 2886 181 2908 ac
212 2875 308 2909 facile
340 2876 500 2918 explicare
525 2900 534 2915 ,
578 2890 676 2921 quam
709 2879 1008 2914 animadversionem

9 2930 110 2953 meam
133 2919 170 2951 de
194 2919 356 2962 praecipuo
377 2920 467 2954 illius
492 2921 737 2955 observationis
754 2923 916 2956 Auffitore.
944 2925 1007 2957 Vi-

10 2962 47 2996 de
69 2962 154 2996 enim
178 2963 340 3004 Falloppi‘i
362 2963 462 3001 nostri
482 2963 600 3007 septem
627 2965 696 2998 illas
708 2977 777 3008 quae
789 2965 1007 3001 inscribuntur

9 3005 246 3048 Observationes
267 3006 304 3040 de
326 3006 414 3039 Venis
436 3021 445 3040 :
479 3010 511 3041 &
533 3010 567 3042 in
599 3018 738 3042 extrema
762 3011 904 3052 Septima
930 3013 1011 3043 toti-

10 3049 82 3083 dem
102 3048 236 3096 verbisj
271 3047 330 3082 nifi
353 3049 439 3091 quod
463 3061 560 3092 pauca
584 3052 644 3086 alia
666 3077 678 3093 ,
709 3065 781 3095 quae
803 3065 880 3087 mox
903 3054 1011 3096 profe-

10 3104 98 3130 ram,
121 3093 387 3142 interjiciuntur,
411 3093 688 3138 &subjiciuntur;
712 3097 802 3130 illam
827 3097 927 3140 ipsam
938 3110 1010 3141 quae

10 3137 162 3170 Michino
183 3136 340 3170 tribuitur
366 3158 375 3173 ‚
400 3135 481 3179 leges
503 3163 510 3170 .
545 3140 608 3173 Eas
630 3149 734 3174 autem
759 3141 1009 3175 Observationes

12 3179 50 3213 ad
82 3180 288 3222 Falloppium
321 3180 455 3212 attinere
477 3205 485 3219 ‚
518 3193 591 3216 cum
624 3182 717 3226 hujus
751 3185 977 3219 Institutiones
998 3208 1008 3223 ‚

12 3222 294 3256 Observationesve
324 3224 524 3258 Anatomicae
555 3226 724 3260 ostendunt
756 3228 1012 3272 quandocunque

11 3264 48 3300 de
71 3265 183 3300 iisdem
206 3266 296 3305 rebus
319 3267 421 3300 sermo
444 3268 639 3312 inciditquae
665 3272 698 3303 in
714 3271 872 3314 plerisque
896 3272 1008 3307 harum

11 3309 128 3352 septem
152 3309 427 3344 Observationum
451 3322 687 3354 memorantur5
711 3323 781 3349 tum
804 3327 878 3348 vero
901 3317 1012 3359 procul

13 3354 102 3392 omni
125 3352 326 3395 dubitatione
350 3354 539 3388 confirmant
561 3355 653 3389 verba
675 3357 730 3391 illa
743 3359 858 3402 quibus
881 3361 1012 3394 conclu-

13 3394 98 3430 ditur
121 3398 245 3437 Qarta
273 3409 280 3431 .·
317 3399 360 3432 Θ
381 3398 462 3432 hunc
485 3398 657 3442 consensum
677 3411 826 3436 venarum
849 3402 1012 3446 observavi

14 3448 65 3483 ego
87 3440 266 3484 Falloppius
289 3452 321 3475 eo
343 3452 422 3476 anno
445 3443 478 3475 in
487 3442 632 3484 pluribus
655 3445 877 3479 cadaveribus.

15 3482 135 3517 Verum
158 3495 195 3516 ne
215 3483 301 3518 forte
348 3495 415 3519 utes
436 3509 448 3526 ,
481 3485 519 3518 ab
543 3485 732 3521 Editoribus
765 3490 911 3531 Operum
939 3492 1011 3524 Fal-

15 3524 117 3568 loppii
141 3528 301 3562 Omnium
323 3496 400 3563 huic
423 3538 538 3563 temere
562 3528 752 3570 adjudicatas
776 3531 865 3565 fuiss‘e
889 3533 1010 3567 Obser-

15 3570 153 3603 vationes
175 3570 318 3605 Michini
341 3595 353 3613 ‚
385 3583 442 3606 aut
466 3572 656 3606 Michinum
690 3573 747 3607 fibi
772 3575 914 3610 tribuisse
937 3589 1008 3620 quae

16 3610 106 3660 essent
128 3614 316 3657 Falloppii5
339 3615 380 3649 lic
403 3615 540 3649 habeto.
567 3618 654 3649 Cum
677 3615 772 3660 hujus
782 3619 1010 3661 Expofitionem

16 3664 49 3688 m
72 3653 200 3691 Librum
223 3658 334 3693 Galeni
356 3661 391 3694 de
413 3659 531 3703 Offibus
554 3659 721 3694 Michinus
745 3662 850 3696 edidit
863 3664 1012 3697 Veneriis

1915 260 2005 311 ¹43

1071 322 1113 354 A.
1141 329 1232 361 1570.
1258 319 1348 362 eique
1372 319 1497 354 addidit
1523 320 1642 362 septem
1665 321 1737 355 illas
1760 336 1831 367 quae
1855 323 1975 366 pariter
1995 330 2071 355 tunc

1068 365 1208 408 primum
1231 362 1263 395 in
1286 361 1384 395 lucem
1407 363 1651 405 proferebantur
1674 388 1683 401 ,
1718 367 1964 400 Observationes
1981 386 1990 401 ,
2021 365 2073 398 in-

1072 417 1169 446 genue
1193 405 1295 446 ipsum
1318 406 1352 437 in
1376 406 1449 440 libri
1475 407 1578 440 fronte
1601 405 1691 440 fuiss‘e
1713 409 1861 444 testatum
1876 434 1887 449 ,
1911 408 2013 443 omnia
2024 407 2072 440 es·-

1073 446 1101 486 se
1124 446 1257 492 ejusdem
1267 447 1451 487 Anthoris,
1475 451 1635 495 Falloppii
1658 450 1829 491 videlicet,
1853 453 1891 485 ab
1914 453 1943 486 se
1967 460 2072 485 autem

1072 495 1138 537 ejus
1161 491 1309 534 discipulo
1331 501 1369 524 ex
1385 491 1557 535 fideliffimo
1580 494 1682 527 codice
1703 518 1715 534 ‚
1739 497 1812 529 dum
1834 496 1888 530 ille
1910 507 1944 530 ea
1963 493 2072 536 publi-

1071 549 1103 571 ce
1126 535 1324 578 profiteretur
1340 559 1347 572 ‚
1369 534 1521 577 defiripta
1537 535 1632 579 fuiffe
1658 549 1665 569 .-
1698 540 1838 581 itemque
1861 539 1972 571 iisdem
2002 537 2069 572 illis

1072 577 1360 613 Observationibus
1382 577 1466 611 hunc
1492 580 1626 613 titulum
1649 602 1658 616 ‚
1690 581 1747 616 suo
1772 583 1847 615 loco
1872 578 2035 623 praefixiffe
2057 602 2068 618 ,

1070 622 1305 665 Observationes
1327 622 1528 655 Anatomicae
1550 623 1707 658 Gabrielis
1720 625 1876 666 Falloppii
1896 635 1915 657 a
1938 623 2072 656 Franci-

1063 666 1117 708 sco
1139 665 1297 702 Michino,
1320 665 1356 697 de
1380 667 1407 695 S¹
1433 665 1632 708 Archangelo
1653 691 1661 705 ‚
1684 667 1739 701 illo
1761 668 1898 702 dictante
1918 690 1930 706 ,
1961 664 2073 707 descri-

1065 718 1146 751 ptae.
1172 708 1257 742 Illud
1282 719 1298 740 a
1323 707 1477 741 Michino
1500 708 1660 750 adjedtum
1683 710 1726 744 est
1747 710 1834 754 quod
1857 712 1940 745 inter
1962 709 2077 749 Qin-

1069 754 1178 792 clam,
1201 754 1229 785 δι
1256 752 1383 784 Sextam
1407 751 1679 785 Observationem
1703 755 1736 786 in
1761 753 1826 797 ejus
1851 754 1982 796 quidem
2006 750 2073 785 edi-

1070 797 1160 828 tione
1182 795 1220 827 ad
1245 794 1329 828 hunc
1353 794 1486 828 modum
1508 795 1644 837 legitur:
1669 801 1742 831 Haec
1765 797 1867 830 ornnia
1887 807 1957 830 cum
1979 797 2023 830 Θ
2044 805 2075 828 e-

1065 850 1107 882 go
1130 836 1269 880 vidzffem
1282 861 1294 877 ,
1318 839 1360 870 Θ
1382 837 1581 881 observassem
1605 839 1637 872 in
1661 850 1720 873 uno
1743 852 1778 874 ac
1803 840 1901 874 altero
1924 840 2073 873 cadavere

1070 893 1104 915 eo
1127 892 1205 914 anno
1233 892 1324 924 1554.
1348 883 1391 915 Θ
1414 883 1445 916 in
1466 883 1619 924 privata,
1644 884 1687 916 Θ
1709 884 1741 917 in
1759 882 1886 925 publica
1908 890 2071 921 anatome,

1069 935 1162 967 quam
1179 924 1281 966 secuit
1297 951 1305 963 ,
1326 926 1471 958 narravit
1489 949 1501 965 ‚
1534 937 1570 957 ac
1593 926 1722 965 ostendit
1754 925 1975 967 ernditzffimus
1999 924 2074 957 Fal-

1067 967 1217 1009 lomim,
1241 967 1306 1001 ideo
1330 969 1369 1000 ad
1385 966 1563 1010 faciliorem
1586 968 1678 1007 hams
1690 970 1841 1003 veritatis
1863 969 2070 1011 cognitionem

1071 1011 1159 1043 volui
1181 1020 1330 1052 apponere
1352 1010 1464 1044 harum
1486 1021 1635 1044 venarnm
1653 1012 1791 1054 figuram
1819 1011 2009 1045 delineatam
2032 1009 2072 1044 ab

1071 1052 1298 1096 ingeniosissimo
1321 1053 1485 1087 mibitnnc
1508 1053 1713 1096 condiscipulo
1725 1054 1875 1097 Moybtzno
1901 1064 2047 1096 germano
2061 1077 2069 1084 .

1069 1098 1169 1130 Hunc
1184 1119 1196 1136 ,
1214 1097 1372 1140 Joannem
1402 1096 1495 1130 illum
1517 1097 1710 1131 Moibanum
1734 1122 1744 1136 ‚
1778 1098 1939 1130 eruditum
1966 1095 2076 1129 Medi-

1069 1151 1168 1179 cum,
1190 1138 1280 1173 fuisse
1305 1139 1451 1173 existimo
1467 1163 1479 1179 ‚
1501 1141 1557 1181 qui
1581 1150 1657 1174 tunc
1674 1165 1684 1180 ,
1724 1140 1803 1174 ficut
1825 1152 1865 1173 ex
1888 1138 2074 1173 Mercklino

1069 1187 1084 1223 (
1106 1184 1125 1216 d
1147 1187 1161 1223 )
1186 1183 1278 1216 facile
1300 1184 1458 1226 colliges,
1483 1193 1598 1217 annum
1622 1185 1733 1226 agebat
1746 1183 2048 1225 duodetrigesimum
2065 1208 2077 1223 ,

1070 1236 1107 1261 ut
1132 1238 1203 1260 cum
1230 1226 1380 1260 Michino
1403 1229 1443 1260 iis
1468 1226 1630 1269 Falloppii
1655 1226 1897 1261 disseetionibus
1928 1224 2075 1259 interesse

1071 1273 1234 1314 potuerit,
1257 1273 1290 1303 δε
1314 1270 1469 1313 Magistro
1493 1280 1618 1312 petente
1643 1272 1773 1304 Iconem
1797 1272 1886 1303 illam
1897 1270 2077 1310 delineare,

1069 1325 1165 1357 quarn
1188 1316 1271 1347 inter
1303 1314 1357 1347 has
1385 1313 1631 1348 Observationes
1655 1317 1687 1347 in
1721 1315 1885 1357 Falloppii
1909 1313 2076 1356 Operibus

1069 1357 1240 1395 habemus,
1267 1357 1417 1397 eandem,
1441 1356 1499 1390 nisi
1523 1358 1610 1401 quod
1635 1360 1738 1392 multo
1764 1360 1872 1390 minor
1885 1356 1954 1396 est,
1978 1368 2075 1400 quam

1070 1401 1212 1444 apposita
1237 1413 1252 1433 a
1275 1400 1427 1434 Michino
1451 1427 1458 1434 .
1494 1402 1537 1433 Et
1562 1400 1626 1442 ipse
1660 1412 1763 1435 tamen
1790 1401 1957 1434 Michinus
1980 1423 1992 1440 ,
2024 1402 2078 1433 in-

1067 1446 1180 1488 quies,
1205 1443 1270 1478 haec
1293 1444 1376 1477 vidit
1400 1447 1432 1477 &
1457 1444 1650 1478 observavit.
1676 1443 1829 1485 Qidni?
1856 1444 1906 1477 sed
1925 1470 1933 1481 ‚
1958 1454 1995 1476 ut
2015 1455 2077 1477 cae-

1069 1490 1134 1521 teri
1153 1489 1210 1531 qui
1232 1487 1381 1528 aderant,
1407 1488 1569 1531 Falloppii
1592 1487 1744 1530 discipuli
1764 1513 1771 1520 .
1797 1491 1864 1521 Hoc
1888 1486 2074 1529 observavi,

1069 1533 1178 1574 inquit
1201 1533 1234 1564 in
1257 1531 1491 1564 Observatione
1514 1532 1640 1571 Qarta
1664 1532 1876 1574 Falloppius,
1898 1540 1956 1563 non
1973 1528 2077 1572 solum

1071 1575 1105 1608 in
1128 1577 1216 1608 unico
1240 1576 1386 1609 cadavere
1406 1598 1414 1612 ‚
1444 1574 1500 1617 sed
1522 1578 1564 1611 &⁸
1587 1575 1619 1607 in
1638 1574 1786 1616 pluribus
1807 1598 1816 1612 ,
1842 1576 1884 1609 Θ
1906 1572 2077 1613 astantibus

1065 1616 1224 1661 patefeci.
1251 1618 1378 1660 Nempe
1401 1620 1456 1660 qui
1481 1616 1654 1660 patefacit,
1678 1620 1705 1652 is
1730 1619 1842 1652 auftor
1865 1615 1908 1650 est
1930 1615 2079 1649 observa-

1071 1663 1223 1699 tiouum5
1246 1662 1303 1702 qui
1325 1660 1424 1695 astant
1446 1661 1637 1702 dumtaxat,
1659 1665 1692 1695 ὃ(
1715 1661 1848 1700 vident,
1872 1659 1908 1694 hi
1929 1671 2004 1693 vero
2029 1669 2078 1694 te-

1071 1705 1128 1739 stes
1152 1703 1242 1738 sunt.
1269 1704 1339 1737 Nec
1364 1705 1433 1748 plus
1456 1704 1514 1737 sibi
1550 1714 1675 1747 arrogat
1697 1704 1763 1748 ipse
1790 1704 1957 1738 Michinus
1974 1727 1985 1743 ,
2018 1704 2080 1738 ubi

1070 1750 1104 1781 in
1137 1749 1223 1781 calce
1256 1747 1502 1781 Observationis
1536 1750 1685 1791 Septimae
1724 1749 1792 1782 haec
1816 1750 2001 1791 leguntur:
2034 1751 2078 1781 Et

1070 1792 1215 1834 quoniam
1237 1792 1339 1824 eodem
1362 1803 1440 1825 anno
1463 1792 1537 1826 dnos
1560 1790 1688 1835 affeblns
1716 1800 1830 1834 prater
1852 1800 2000 1825 naturam
2021 1793 2078 1825 vi-

1070 1836 1192 1872 dimus,
1217 1835 1271 1876 qui
1288 1833 1374 1876 forte
1398 1847 1467 1869 raro
1490 1836 1693 1877 contingunt,
1719 1836 1878 1869 &rarius
1901 1836 2051 1868 videntur
2068 1847 2079 1867 .-

1071 1880 1137 1912 ideo
1159 1877 1249 1911 volni
1270 1888 1319 1910 eos
1341 1878 1390 1911 bic
1413 1888 1563 1920 apponere
1586 1878 1616 1910 in
1623 1878 1827 1921 studiosorum
1846 1879 2006 1921 gratiam.
2032 1879 2078 1912 Et

1071 1923 1228 1955 continuo
1254 1920 1383 1963 subjicit
1406 1921 1485 1965 quid
1508 1922 1648 1954 viderint
1672 1923 1704 1955 in
1719 1922 1923 1955 cadaver-culo
1944 1921 2076 1963 paellae,

1072 1969 1104 1998 &
1129 1976 1207 1997 mox
1239 1968 1272 1996 In
1297 1967 1443 1998 cadavere
1478 1972 1582 1997 antem
1605 1965 1709 1999 adulti
1731 1965 1872 1999 vidimus
1895 1989 1905 2005 ‚
1931 1967 2038 2008 inquit
2062 1989 2076 2006 ,

1071 2008 1242 2051 hydropem
1261 2007 1418 2053 pulmonis
1435 2032 1446 2048 ‚
1469 2019 1596 2051 eamque
1622 2008 1755 2052 adjicit,
1782 2010 1820 2042 de
1843 2021 1905 2051 qua
1928 2020 2011 2043 nunc
2026 2010 2078 2042 lo-

1071 2054 1225 2095 quimur,
1249 2052 1535 2085 Observationem.
1563 2053 1641 2086 Non
1668 2053 1749 2086 dicit
1772 2054 1894 2095 reperi,
1918 2052 1969 2086 sed
1992 2053 2077 2086 vidi-

1071 2106 1159 2134 mus,
1183 2104 1219 2128 ut
1242 2092 1335 2126 facile
1360 2094 1413 2128 hic
1437 2107 1568 2139 quoque
1591 2096 1907 2140 intelligassecante,
1931 2107 2079 2131 enarran-

1071 2146 1125 2177 te,
1148 2150 1183 2171 ac
1207 2136 1373 2183 offendente
1395 2139 1565 2182 Falloppio
1591 2162 1600 2178 ,
1634 2141 1744 2175 vidisse
1763 2164 1773 2178 ,
1804 2140 1980 2183 praesertim
2002 2151 2077 2174 cum

1070 2179 1138 2213 haec
1161 2180 1389 2214 Observationi
1416 2183 1614 2225 interjiciat3
1639 2185 1681 2217 Θ
1702 2184 1783 2218 hunc
1806 2184 1948 2219 morbum
1970 2184 2077 2218 erudi-

1069 2223 1200 2266 tiffimus
1222 2233 1388 2266 praeceptor
1410 2237 1496 2260 mens
1521 2226 1702 2268 Falloppins
1724 2238 1906 2270 empwma,
1928 2226 1982 2261 vel
2003 2227 2078 2261 tho-

1069 2267 1151 2300 racis
1174 2266 1339 2309 hydropem
1361 2269 1425 2303 dici
1441 2268 1523 2313 posse
1546 2267 1671 2312 afferuit
1693 2297 1700 2304 .
1734 2272 1879 2305 Michini
1903 2272 2005 2315 igitur
2027 2271 2080 2304 in-

1069 2311 1267 2351 genuitatem
1288 2311 1408 2353 laudo,
1432 2324 1488 2345 nec
1512 2324 1617 2348 tamen
1638 2337 1648 2353 ‚
1671 2324 1708 2350 ut
1731 2316 1905 2350 Marcellus
1927 2317 2077 2350 Donatus

1069 2356 1083 2392 (
1107 2364 1124 2402 e¹
1145 2357 1158 2394 )
1180 2354 1281 2386 aliena
1305 2354 1364 2397 ipsi
1385 2356 1514 2390 tribuo,
1539 2358 1722 2401 franciscus
1733 2358 1921 2401 Michinus,
1944 2360 2080 2403 inquit,

1068 2407 1122 2438 qui
1146 2397 1291 2446 qnasciam
1314 2401 1507 2433 anatomicas
1534 2399 1611 2442 suas
1635 2401 1862 2444 observationes
1895 2404 1981 2445 typis
2014 2404 2079 2438 edi-

1068 2441 1117 2473 dit
1132 2462 1142 2477 ,
1164 2451 1197 2473 m
1220 2442 1347 2483 quintia
1364 2441 1502 2484 scribit,
1519 2444 1556 2484 se
1578 2445 1644 2477 Θε.
1669 2445 1738 2483 Qui
1765 2448 1850 2479 enim
1862 2447 2007 2480 Michini
2032 2446 2080 2480 es.

1068 2483 1098 2516 se
1122 2483 1224 2525 potest
1247 2485 1372 2530 qainna
1396 2487 1612 2526 Observatio,
1636 2500 1733 2531 quam
1746 2490 1932 2529 Michinus‚
1958 2500 1995 2525 ut
2017 2503 2080 2526 cae-

1067 2535 1199 2576 teras-‚¹
1216 2527 1312 2574 sallus
1336 2527 1395 2568 est,
1419 2529 1557 2564 distante
1580 2531 1742 2574 Falloppio
1764 2554 1773 2570 ‚
1799 2532 1835 2575 fi?
1857 2534 2040 2580 descripsisse
2063 2535 2079 2569 ἓ

1066 2569 1278 2605 Credidissem
1303 2573 1439 2613 potius5
1463 2573 1520 2606 nisi
1544 2586 1614 2616 quae
1640 2576 1764 2618 profert
1789 2579 1940 2613 Donatus
1962 2601 1972 2617 ,
2006 2579 2079 2613 Ob-

1065 2614 1255 2647 servationes
1279 2613 1369 2647 hasce
1392 2616 1474 2658 ipsas
1497 2616 1723 2653 evidentiffime
1746 2619 1944 2664 designarent
1964 2634 1976 2662 3
1999 2624 2077 2658 alias

1064 2656 1216 2701 quasdam
1238 2658 1394 2693 indicatas
1426 2661 1463 2694 ab
1486 2673 1523 2694 eo
1555 2660 1611 2695 esse
1635 2662 1870 2706 Obfiervationes
1902 2668 2078 2702 Anatomi-

1066 2713 1141 2741 cas,
1163 2713 1234 2744 quae
1258 2702 1296 2735 ab
1320 2704 1361 2736 iis
1382 2705 1437 2747 qui
1463 2703 1669 2740 Medicorum
1688 2731 1701 2748 ,
1723 2717 1778 2741 aut
1802 2709 2076 2746 Anatomicorum

1067 2746 1193 2788 Scripta
1217 2745 1395 2787 recensent,
1418 2747 1495 2782 dum
1518 2747 1584 2782 fere
1599 2751 1655 2782 alii
1679 2752 1759 2784 alios
1773 2751 1978 2794 describunt,
2002 2755 2077 2787 Mi-

1065 2787 1165 2822 chino
1188 2790 1398 2829 tribuuntur,
1423 2793 1560 2826 Venetiis
1591 2793 1685 2828 editae
1708 2796 1750 2827 A.
1780 2806 1872 2839 1554.
1898 2808 1937 2830 eo
1960 2808 2071 2839 nempe

1062 2843 1149 2866 anno
1171 2844 1237 2875 quo
1259 2834 1343 2866 inter
1375 2836 1538 2878 Falloppii
1562 2836 1737 2879 discipulos
1756 2861 1769 2878 ,
1802 2848 1838 2873 ut
1862 2839 1954 2882 supra
1987 2841 2074 2875 vidi-

1064 2887 1155 2913 mus,
1180 2875 1233 2910 h'ic
1247 2901 1259 2918 ,
1282 2888 1346 2910 non
1364 2878 1555 2913 ,consecandi
1575 2904 1588 2920 ‚
1611 2880 1662 2914 sed
1684 2881 1830 2916 discendi
1851 2884 1942 2918 causa
1964 2884 2083 2918 versa-

1061 2918 1178 2954 batur!
1201 2922 1246 2953 At
1268 2923 1354 2954 enim
1375 2921 1548 2956 dissecuisse
1571 2926 1679 2966 potuit
1702 2934 1793 2959 antea
1817 2952 1824 2960 .
1849 2924 1991 2962 Fortasse
2014 2930 2073 2972 po-

1061 2965 1156 3004 tuit;
1178 2963 1228 2997 sed
1252 2975 1288 2996 ne
1312 2976 1410 2998 unum
1433 2965 1565 3009 quidem
1588 2968 1718 3003 verbum
1733 2969 1983 3005 animadvertere
2007 2975 2074 3007 mi-

1065 3005 1101 3053 hi
1125 3008 1220 3041 licuit
1243 3009 1327 3041 inter
1349 3020 1383 3041 ea
1405 3020 1475 3051 quae
1499 3011 1661 3054 Falloppii
1683 3013 1786 3048 edidit
1808 3039 1821 3055 ,
1854 3023 1909 3049 aut
1933 3017 1967 3048 in
1992 3027 2071 3059 prae.

1064 3050 1126 3084 fixa
1151 3050 1319 3093 Epistola,
1343 3051 1415 3085 data
1439 3063 1476 3086 ex
1501 3054 1689 3090 Florentiola
1712 3059 1745 3091 in
1768 3058 1928 3093 Comitatu
1939 3058 2071 3094 'Placen-

1063 3095 1130 3127 tino
1153 3098 1226 3128 XII.
1252 3095 1316 3130 Cal.
1349 3096 1545 3138 'Novembris
1582 3102 1675 3141 1569.
1709 3101 1762 3135 ubi
1800 3102 1968 3137 Medicum
2000 3102 2072 3138 for-

1062 3138 1136 3187 tasse
1161 3139 1290 3181 agebat,
1315 3151 1380 3182 quo
1401 3151 1439 3186 ex
1461 3142 1558 3174 verbo
1579 3144 1812 3180 Anatomicum
1836 3145 1947 3188 fuisse,
1969 3148 2069 3181 intel-

1062 3181 1212 3230 ligerem.
1240 3183 1322 3226 Qae
1357 3184 1412 3216 etsi
1437 3185 1483 3217 ita
1518 3185 1590 3219 sunt
1614 3209 1623 3224 ‚
1656 3200 1755 3232 neque
1777 3201 1918 3233 unquam
1950 3190 2033 3224 mihi
2056 3215 2071 3232 ‚

1063 3236 1131 3258 imo
1160 3237 1197 3258 ne
1221 3226 1443 3260 Eruditiffimo
1474 3229 1606 3271 quidem
1626 3233 1762 3266 Hallero
1792 3233 1876 3277 (f)
1897 3258 1909 3275 ‚
1940 3243 1976 3268 ut
2000 3232 2070 3269 haec

1065 3269 1203 3311 relegens
1218 3272 1410 3317 „cognom
1434 3272 1508 3305 alias
1531 3285 1627 3316 quam
1650 3275 1706 3310 has
1730 3278 1890 3320 Falloppii
1913 3298 1923 3315 ‚
1957 3289 1973 3310 a
1997 3279 2068 3313 Mi-

1064 3312 1165 3346 chino
1197 3314 1298 3348 edltas
1322 3314 1572 3350 Observationes
1590 3318 1711 3359 ,videre
1744 3322 1887 3363 contigit
1911 3345 1920 3360 ‚
1954 3331 2010 3355 aut
2032 3324 2068 3357 in

1065 3368 1162 3390 unum
1185 3358 1325 3401 aliquem
1350 3359 1487 3392 incidere
1511 3365 1568 3403 qui
1593 3362 1716 3397 vidisset
1735 3375 1748 3403 ,-
1770 3375 1835 3397 non
1858 3374 1965 3398 tamen
1989 3375 2067 3410 pro-

1066 3410 1170 3442 pterea
1194 3412 1258 3434 non
1282 3402 1380 3435 editas
1404 3400 1461 3435 esse
1480 3427 1492 3443 ‚
1524 3407 1715 3440 contendam
1734 3431 1741 3439 .
1777 3409 1860 3441 Satis
1883 3408 1966 3442 mihi
1999 3411 2068 3454 est,

1064 3443 1141 3478 dum
1165 3444 1235 3487 ipso
1258 3446 1443 3488 astipulante
1468 3447 1619 3482 Michino
1642 3475 1651 3490 ,
1675 3450 1728 3484 sua
1749 3450 1911 3486 assererem
1936 3454 2066 3497 Fallop.

1064 3490 1120 3530 pio
1143 3489 1249 3521 nostro
1258 3513 1271 3529 ‚
1294 3489 1435 3532 quaedam
1459 3492 1626 3526 attinentia
1660 3493 1697 3527 ad
1720 3496 1840 3537 primas
1873 3495 1967 3537 hujus
1989 3509 2068 3540 ope-

1064 3542 1133 3565 rum
1155 3532 1312 3566 editiones
1332 3556 1340 3570 ‚
1365 3536 1397 3566 ὃς
1422 3532 1460 3566 ad
1491 3535 1668 3571 Anatomes
1691 3538 1870 3572 Historiam
1892 3541 2031 3583 attigisse
2052 3567 2068 3584 ,

1062 3587 1132 3618 quae
1156 3586 1186 3608 te
1211 3598 1219 3614 ‚
1241 3576 1402 3620 utriusque
1428 3577 1601 3614 studiosum
1622 3604 1634 3621 ,
1667 3593 1683 3615 a
1704 3582 1872 3626 proposito
1907 3585 2066 3631 paulisper

1065 3618 1239 3653 abdueium
1251 3644 1263 3660 ,
1285 3630 1462 3662 opportune
1485 3632 1674 3658 recrearent.

1108 3673 1160 3705 33.
1186 3664 1341 3697 Morbum
1367 3666 1468 3706 igitur
1501 3668 1556 3709 qui
1579 3669 1612 3701 in
1645 3669 1700 3702 illa
1727 3671 1924 3713 Sepulchreti
1949 3674 2072 3709 Obser-

1926 3720 2031 3759 vatio-

15 3792 2074 3829 mh&—

77 3855 92 3884 ζ
106 3863 118 3880 ι·
131 3855 141 3885 )
156 3863 182 3881 n.
198 3865 236 3888 39.
296 3861 311 3896 ζ
326 3860 343 3884 d
356 3860 370 3890 )
385 3860 410 3886 in
425 3861 526 3888 Linden·
542 3865 635 3889 Renov-

697 3866 712 3895 ζ
727 3874 738 3890 e
754 3870 764 3894 )
782 3868 816 3891 De
835 3867 904 3892 Med.
923 3868 980 3892 Hist.
997 3869 1087 3894 Mirab.
1106 3870 1121 3894 1.
1140 3877 1163 3899 3.
1181 3878 1203 3897 c.
1221 3879 1244 3900 9.

1306 3872 1320 3900 (
1333 3871 1350 3901 f
1364 3873 1371 3903 )
1384 3872 1408 3896 in
1425 3874 1507 3898 Boerh.
1525 3874 1606 3899 Meth.
1624 3875 1693 3901 Stud.
1711 3873 1782 3898 Med.
1798 3875 1826 3899 Ρ.
1845 3881 1870 3903 7.
1888 3875 1912 3898 S.
1927 3875 1954 3898 6.
