2498 4075
402 234 559 300 Epist.
598 232 754 288 Anat.
787 234 998 290 Medica
1031 233 1220 291 LXIV.
1254 233 1460 288 Arcti:
1474 246 1548 285 12.
1569 248 1643 302 13.
1663 232 1810 295 &14

92 313 176 351 ffis,
200 323 236 349 ut
270 321 343 357 quae
366 310 484 351 vellet,
509 310 678 353 stringere,
713 320 808 356 atque
842 311 991 349 attollere
1025 323 1081 349 ne-

93 358 221 398 quiret.
248 359 320 393 Post
345 357 409 391 haec
440 354 569 391 demum
603 354 804 391 vehementes
824 356 952 392 cordis,
978 358 1008 391 &
1032 366 1082 388 ar-

93 401 245 434 teriarum
278 401 423 436 omniurn
468 398 663 442 pulsationes
698 399 919 440 inceperunt;
954 408 989 434 ut
1022 399 1082 434 du-

92 444 182 479 bium
217 456 281 480 non
305 444 400 478 esset,
424 444 502 484 quin
527 444 557 478 &
581 439 629 477 hae
662 441 702 476 ab
724 444 829 478 nervis
861 441 1080 480 efficerentur,

93 487 268 528 praesertim
293 487 448 530 quoniam
479 485 602 519 invitus
635 488 806 528 caput‚-&
837 488 974 520 cervices
1006 485 1083 530 saepe

92 528 280 573 inflectere,
304 540 358 564 aut
393 538 519 561 movere
549 526 700 562 humeros
722 529 897 571 cogebatur
918 551 926 565 ‚
959 532 990 564 δι
1026 541 1084 571 po-r

93 572 254 619 steaquam
275 596 285 612 ,
319 573 430 608 multis
462 571 577 607 exactis
611 571 766 606 mensibus
785 594 795 610 ‚
825 575 946 608 arteria>
980 574 1085 607 minus

95 619 298 655 vehementer
334 618 517 652 micabant,
541 625 574 647 ea
597 615 760 652 crebrius,
795 616 958 658 magisque
988 627 1083 659 coge-

92 661 191 696 batur
213 659 342 699 faeere;
365 662 395 691 &
432 656 646 692 musculorum
671 659 938 699 palpitationibus
962 683 970 698 ‚
1004 669 1082 701 quas

91 714 218 748 egomet
244 705 276 738 in
312 704 390 737 suris
422 699 512 739 vidi,
533 702 564 732 &
598 700 820 738 molestissimis
851 703 1083 736 contraeihoni-

92 751 150 784 bus
180 747 218 783 aa·
251 757 361 782 artus,
396 746 433 778 ad
466 753 606 780 ventrem
627 766 636 780 ,
669 747 699 779 &
733 745 770 778 ad
805 757 861 780 cor
896 745 999 789 ipsum
1035 744 1084 778 fa-

92 792 162 826 stus
196 800 262 826 erat
297 789 458 824 obnoxius
479 810 492 827 ‚
524 799 540 819 a
572 789 691 830 quibus
722 788 771 823 vel
816 799 890 825 cum
936 789 1083 824 somnum

94 837 237 879 primum
257 841 401 875 caperet,
425 830 687 878 expergefaetus,
712 831 853 867 dormire
865 832 1003 875 amplius
1019 843 1083 866 non

92 887 240 922 poterat.
265 877 335 912 Cor
367 883 473 909 autem
497 898 506 914 ,
537 876 592 907 etsi
617 876 739 909 arteriae
763 898 772 912 ,
813 885 848 908 ut
882 875 950 909 dixi
976 902 984 916 ,
1019 886 1085 909 non

92 922 229 965 amplius
251 922 297 955 ita
322 918 513 955 vibrabant,
550 928 614 950 non
651 918 748 951 modo
781 919 926 953 vibrabat
959 918 1085 960 ipsum,

92 964 143 998 sed
177 967 208 997 &
237 963 303 1006 ejus
334 961 531 996 vibrationes
561 961 696 1000 oculus,
720 960 838 997 nedum
862 964 993 997 admota
1021 973 1087 995 ma-

93 1019 171 1044 nus,
197 1005 416 1049 percipiebat,
440 1004 613 1046 praesertim
647 1007 680 1039 in
714 1004 819 1048 spatio
853 1005 1049 1040 intercostali
1076 1030 1087 1046 ,

93 1050 223 1084 modico
247 1050 304 1085 sub
328 1048 468 1082 mamilla
490 1047 612 1082 sinistra
652 1049 848 1087 intervallo,
882 1049 940 1083 ubi
964 1049 1001 1084 ad
1025 1058 1089 1082 tra-

93 1095 182 1128 Elum
204 1093 342 1128 duorum
357 1118 364 1132 ,
389 1103 444 1125 aur
468 1093 567 1124 trium
589 1092 840 1128 transversorum
864 1092 1046 1135 digitorum
1059 1091 1089 1126 se

95 1136 266 1171 attollebat
290 1137 328 1170 ad
352 1136 550 1173 vibrationes
562 1132 696 1177 singulas
718 1136 879 1179 quidquid
904 1138 990 1169 inter
1012 1136 1090 1169 duas

92 1180 163 1214 illas
186 1180 286 1213 costas
317 1188 384 1213 erat
405 1201 414 1217 ‚
438 1177 525 1221 quod
550 1176 570 1210 fi
594 1187 670 1212 tunc
702 1190 798 1213 manu
821 1189 964 1222 tangeres
979 1205 987 1216 ‚
1012 1176 1091 1212 vesi-

92 1235 137 1256 cae
171 1224 266 1257 instar
288 1223 473 1264 cujusdam,
500 1220 649 1255 cedebat.
675 1222 765 1259 Quid
791 1224 864 1256 mali
888 1222 1014 1257 homini
1034 1233 1092 1263 po·

92 1264 155 1302 stea
179 1267 352 1308 acciderit,
377 1266 505 1299 nescio.
530 1265 619 1306 Qid
644 1266 776 1299 morbus
793 1275 870 1300 tunc
895 1268 1093 1306 minaretur,

93 1310 143 1342 vel
167 1309 347 1352 poriusjam
370 1306 542 1348 effecisset,
564 1318 646 1343 certe
657 1319 761 1344 autem
774 1310 856 1344 unde
876 1311 1013 1354 primam
1023 1311 1092 1343 ori-

93 1355 203 1396 ginem
227 1353 409 1393 habuisset,
433 1353 611 1394 intelligis.
716 1391 718 1393 Ι

137 1406 184 1428 11.
209 1396 308 1431 Nunc
329 1396 458 1439 quando
496 1396 589 1428 verba
624 1395 693 1429 fieri
725 1395 764 1430 de
796 1395 1090 1439 Aneurysmatibus

93 1449 202 1482 coepta
226 1441 321 1480 sunt,
353 1452 430 1482 quas
464 1450 576 1472 eorum
609 1439 862 1473 Observationes
889 1465 898 1480 ,
932 1441 1001 1482 post
1036 1448 1090 1472 tot

92 1483 168 1517 alias
192 1484 230 1517 ad
255 1494 287 1517 te
310 1484 463 1527 scriptas,
488 1481 681 1519 habuimus,
705 1482 767 1517 huc
778 1484 889 1517 addere
902 1494 965 1515 non
988 1484 1090 1516 omit-

92 1535 217 1560 temus.
241 1529 353 1560 Altera
387 1529 424 1561 ad
448 1526 590 1565 Cordis,
613 1529 643 1559 δε
668 1525 833 1568 majorum
868 1528 1093 1567 Arteriarum,

93 1571 190 1603 altera
215 1573 251 1603 ad
276 1573 391 1604 Aortae
425 1570 594 1603 dumtaxat
615 1572 800 1612 aneuryima
833 1573 970 1603 attinet.
995 1570 1090 1613 Qo-

91 1625 162 1647 rum
185 1615 266 1649 illud
301 1622 410 1647 tamen
442 1621 507 1646 non
533 1612 666 1651 subit03
690 1613 752 1648 hoc
775 1624 884 1647 autem
909 1613 1017 1647 subito
1035 1624 1092 1647 oc-

90 1657 193 1692 cidit.

138 1710 187 1734 12.
213 1701 245 1733 V
271 1702 287 1732 I
309 1700 342 1732 R
378 1699 511 1741 quidam
545 1699 664 1733 menses
695 1698 762 1742 jam
795 1699 875 1734 duos
907 1700 941 1732 in
979 1699 1091 1734 Noso·

86 1745 196 1777 comio
230 1742 424 1776 decubuerat
454 1752 588 1784 propter
632 1743 839 1778 incommoda
886 1744 977 1786 plura
1003 1768 1011 1782 ‚
1054 1745 1089 1776 in

87 1785 220 1820 thorace
252 1787 365 1820 omnia
388 1812 397 1820 .
431 1786 519 1818 Nam
545 1796 660 1826 praeter
683 1786 843 1824 fistulam,
867 1798 938 1828 quae
964 1786 1001 1820 ad
1030 1785 1089 1820 hu-

91 1831 141 1871 jus
173 1841 288 1865 cavum
321 1840 385 1862 non
422 1829 625 1871 perveniebat
648 1851 659 1868 ,
690 1830 798 1863 cordis
837 1830 1052 1873 palpitatione
1076 1852 1086 1869 ,

89 1876 121 1906 &
165 1884 259 1915 aequo
303 1872 420 1916 majori
454 1871 631 1914 pulsatione
674 1873 841 1907 laborabat
866 1897 873 1904 .
921 1873 985 1906 Hae
1016 1873 1088 1906 duae

87 1924 163 1949 ante
209 1927 328 1949 annum
372 1917 558 1958 inceperant
598 1941 608 1957 ,
651 1926 715 1949 non
767 1915 888 1959 jugiter
933 1917 1088 1958 quidem,

86 1959 139 1993 sed
171 1970 277 1994 tamen
323 1960 402 2003 saepe
447 1959 598 1993 vexantes
640 1959 719 1992 adeo
741 1983 753 2000 ‚
799 1971 834 1993 ut
879 1960 1000 1993 nudato
1037 1972 1091 2002 pe-

87 2005 200 2044 ἃοπε,
222 2004 324 2037 oculis
346 2003 496 2036 omnium
530 2012 740 2044 apparerent.
774 2002 884 2036 Pulsus
917 2004 951 2035 in
984 2004 1089 2045 carpis

87 2056 177 2080 certe
201 2057 265 2080 non
282 2055 375 2079 erant
408 2045 549 2078 vibrati.
576 2047 853 2088 Expeffiiorabatur
886 2055 991 2080 autem
1016 2056 1088 2079 tan-

85 2102 117 2125 ta
150 2088 338 2133 puriformis
372 2090 512 2122 materiae
536 2090 653 2130 copia;
678 2100 712 2122 ut
736 2089 757 2122 fi
782 2091 855 2131 quis
888 2101 904 2122 a
936 2091 1086 2131 purulen-

85 2145 119 2169 ta
142 2144 206 2166 non
229 2131 459 2167 internosceret
474 2155 486 2171 ‚
509 2132 535 2164 is
559 2131 692 2166 fistulam
724 2133 757 2165 in
791 2144 905 2173 cavum
942 2132 1085 2167 thoracis

84 2176 254 2221 pervadere
290 2176 389 2219 posiet
413 2174 583 2217 suspicari.
715 2176 751 2209 M
765 2176 887 2210 ORT
902 2176 932 2208 U
946 2178 961 2208 I
994 2176 1084 2209 deni-

85 2232 148 2264 que
185 2220 352 2260 pulmones
373 2217 522 2252 dissecuit
555 2217 720 2259 Medicus,
745 2230 778 2252 ac
814 2217 979 2253 Prosefior
1012 2221 1087 2263 Spe·-

82 2262 273 2297 ‹Statiffimus
309 2262 473 2297 Mediavia
506 2261 633 2299 noster,
657 2264 687 2295 &
721 2263 811 2296 sanos
834 2262 1049 2304 deprehendit
1075 2289 1085 2299 .

81 2307 162 2341 Non
196 2309 244 2340 ita
284 2317 378 2347 cor‚·
407 2304 496 2349 quod
531 2315 697 2349 propterea
731 2317 807 2339 cum
838 2305 1084 2352 vasorumMa-

80 2361 222 2394 gnorum
249 2351 399 2392 proxima
423 2358 512 2391 parte
546 2351 581 2381 in
604 2349 824 2390 Gymnasium
857 2349 895 2383 ad
920 2361 968 2383 me
990 2358 1083 2384 cura-

78 2396 129 2428 vit
161 2393 355 2429 afferendum
378 2416 390 2433 ,
434 2403 509 2426 curn
542 2392 590 2426 ibi
627 2394 811 2427 Anatomen
857 2393 1004 2427 haberem
1041 2395 1082 2427 A.

80 2448 176 2480 1757.
205 2439 355 2471 extremis
395 2436 546 2482 Januarii
589 2434 721 2469 diebus.
856 2437 937 2470 Vidi
982 2439 1082 2479 igitur

75 2491 251 2524 utrumque
281 2479 391 2514 cordis
424 2479 641 2513 ventriculum
664 2478 858 2524 dilatatum.
884 2490 950 2514 non
973 2482 1083 2514 immi-

79 2534 157 2558 nuta
181 2534 289 2558 tamen
322 2525 484 2565 parietum
507 2521 713 2556 craffitudine
733 2548 741 2555 .
777 2524 914 2557 Arteriae
949 2527 1080 2566 quoque

81 2568 288 2601 Pu‘lmonaris
319 2577 450 2600 truncus
472 2564 556 2608 justo
579 2575 647 2598 erat
670 2566 789 2604 lati0r;
826 2569 936 2601 Aortae
972 2577 1080 2601 autem

31 2619 33 2621 ’
79 2611 246 2647 latiffimus
266 2610 304 2644 ad
326 2619 530 2644 curvaturam
541 2608 640 2651 usque
662 2611 895 2652 incipientem;
917 2610 1080 2652 reliquum

81 2657 169 2690 enim
193 2654 319 2690 deerat.
342 2654 483 2687 Interior
504 2652 571 2693 ejus
595 2654 695 2695 partis
717 2653 813 2688 facies
838 2663 907 2687 tota
941 2651 1003 2687 fuit
1037 2654 1082 2699 al-

82 2700 147 2736 ba,
170 2697 333 2740 praedura,
356 2696 543 2736 inaequalis.
1048 2706 1051 2707 ⁷

129 2751 179 2782 13.
203 2741 416 2774 MENDICI
429 2740 506 2771 Viri
521 2739 642 2773 easdem
655 2741 781 2779 Partes,
805 2741 839 2773 in
864 2739 1081 2783 Gymnasium

84 2792 140 2826 per
161 2782 228 2817 dies
263 2783 389 2817 eosdem
414 2782 498 2823 (sed
522 2784 653 2816 biennio
687 2793 758 2817 ante
784 2787 797 2824 )
820 2784 951 2823 allatas,
975 2783 1080 2827 inspe-

81 2838 212 2860 xeram.
240 2827 269 2862 Is
301 2826 420 2869 quibus
454 2823 581 2871 affeeius
616 2835 705 2860 antea
737 2826 845 2861 fuisset
865 2827 1080 2862 incommodis

85 2871 166 2904 scire
201 2882 261 2912 pro
295 2879 384 2903 certo
421 2879 485 2901 non
520 2871 635 2910 potui,
667 2870 722 2902 nisi
755 2871 821 2904 duo
854 2872 935 2904 levia
975 2872 1080 2905 ulcera

81 2916 116 2948 in
140 2925 233 2948 crure
257 2914 382 2953 altero,
402 2924 473 2954 quae
496 2913 595 2946 etiam
625 2922 696 2946 tum
728 2924 837 2952 erant,
861 2913 977 2957 geffisse
1001 2938 1013 2953 ,
1047 2918 1078 2948 δε

83 2958 197 2992 diebus
222 2957 379 2998 proximis
400 2955 591 2989 creberrima
614 2956 683 2988 tuffi
699 2980 710 2995 2
735 2958 831 2991 nofiu
869 2957 1044 2999 praesertim
1067 2979 1077 2995 ,

84 3012 236 3035 vexatum
266 2997 357 3034 fuisse
370 3021 388 3037 ,ν
402 3011 465 3041 qua
499 2998 700 3033 concuffione
734 3001 894 3034 internam
916 3024 924 3038 ,
960 3012 994 3034 ut
1030 3002 1077 3034 vi-

82 3045 172 3079 debis
198 3069 207 3084 ,
238 3042 508 3084 haemorrhagiam
532 3042 590 3077 else
624 3043 832 3076 acceleratam
854 3066 864 3083 ‚
897 3043 1045 3079 existimo
1070 3069 1077 3078 .

81 3089 183 3122 Hunc
195 3089 351 3130 syncope,
375 3095 411 3119 ut
437 3086 584 3128 aiebant,
609 3087 646 3120 de
670 3086 848 3128 improviso
870 3097 1053 3129 correptum
1068 3111 1081 3129 ,

83 3134 114 3165 δι
146 3143 206 3174 pro
238 3129 432 3164 moribundo
464 3129 612 3165 habitum
635 3151 644 3166 ‚
681 3141 757 3163 mox
781 3129 818 3163 ad
844 3129 873 3163 se
897 3130 1079 3169 reversum,

82 3174 135 3210 sed
169 3174 323 3208 omnium·
342 3185 412 3215 quae
435 3183 513 3206 tunc
538 3172 743 3213 accidissent,
767 3173 894 3215 prorsus
918 3174 1079 3213 nescium,

82 3220 117 3252 in
143 3218 385 3251 Nosocomium
423 3218 619 3253 intulerunt,
644 3216 734 3259 pulsu
768 3217 897 3259 quidem
919 3218 1077 3260 turgido,

83 3260 133 3294 sed
157 3261 374 3303 prementibus
398 3260 519 3293 Medici
542 3260 654 3302 digitis
676 3271 741 3293 non
765 3260 943 3294 resistente.
969 3263 997 3294 Is
1008 3272 1075 3296 erat

82 3305 308 3346 Hieronymus
331 3303 522 3336 'I'rivisanus
538 3328 547 3343 ,
569 3316 655 3338 meus
666 3305 747 3337 olim
757 3305 904 3337 Auditor
917 3303 1073 3343 affiduus‚

82 3347 149 3379 Vir
173 3347 308 3380 Nobilis
322 3369 333 3387 ‚
357 3349 388 3379 &
410 3347 532 3387 Duftus
548 3370 555 3384 ‚
576 3349 631 3389 qui
665 3347 733 3382 haec
749 3371 758 3387 ,
779 3349 810 3379 &
832 3359 903 3391 quae
939 3347 1073 3390 sequun-

82 3400 156 3427 tur;
183 3389 325 3424 adfuerat
347 3390 463 3430 enim‚·
496 3391 666 3431 diligenter
699 3392 840 3424 narravit
864 3416 871 3424 .
909 3390 997 3425 Cum
1032 3403 1073 3425 ex

81 3445 177 3475 aegroN
192 3432 400 3475 quaesivisset,
425 3431 526 3474 quid,
558 3436 588 3466 &
619 3433 675 3468 ubi
706 3444 782 3468 tunc
816 3433 875 3477 ipsi
909 3434 1076 3470 molestum

82 3478 176 3513 esset3
199 3476 294 3510 dolor
316 3476 472 3519 quidam,
495 3474 678 3518 respondit,
703 3476 765 3511 hoc
789 3478 883 3515 loco,
910 3480 1073 3520 imamque

78 3519 320 3563 hypochondrii
352 3519 479 3553 alterius
512 3529 634 3561 partem
667 3517 870 3562 designabat.
896 3520 965 3554 Vix
994 3521 1074 3556 Tri-

1974 247 2065 297 423

1130 325 1163 348 te
1186 312 1325 354 syncope
1349 323 1420 345 vera
1441 322 1507 346 non
1533 310 1618 348 suit3
1640 320 1714 343 nam
1738 309 1892 350 quamvis
1904 308 2012 351 pulsus
2034 306 2131 343 essent

1131 356 1235 393 nulli,
1260 353 1356 390 facies
1378 365 1485 389 tamen
1519 355 1625 399 potius
1651 353 1805 395 nubebat,
1827 355 1858 386 δι
1880 362 1958 399 curn
1979 353 2132 394 spiritus,

1132 410 1228 443 quern
1253 398 1486 437 vocant,·salis
1516 397 1694 432 armoniaci
1726 397 1856 431 naribus
1888 395 2096 438 subjiceretur
2119 417 2132 433 ,

1133 453 1216 485 aeger
1241 438 1271 476 se
1294 442 1444 478 nonnihil
1465 442 1614 483 >agitabat
1631 466 1639 475 .
1664 443 1780 483 Itaque
1803 441 1890 473 intra
1922 439 2011 473 horae
2034 437 2134 487 dimi-3

1134 487 1223 522 dium
1253 497 1290 520 ex
1321 496 1389 528 quo
1423 489 1525 520 novus
1556 486 1609 519 hic
1639 493 1764 526 ceperat
1797 484 1933 517 insultus
1957 505 1966 520 ,
2002 479 2134 515 vivenda

1136 529 1230 564 finem
1265 527 1362 566 fecit,
1388 529 1451 563 alvi
1476 530 1701 567 recrementis,
1723 526 1807 562 unde
1831 526 1885 561 ille
1899 526 2028 559 videtur
2050 522 2135 571 fuis7

1136 573 1165 607 se
1196 572 1233 606 ad
1267 574 1368 606 imum
1402 571 1689 617 hypochondrium
1713 571 1818 605 'dolor
1847 592 1859 608 ‚
1904 571 1937 603 in
1973 567 2134 601 laetorum

1134 617 1223 658 prius
1254 614 1377 648 effusis.
1512 614 1748 649 CADAVER
1781 624 1856 647 cum
1889 611 2036 646 laudatus
2059 610 2136 645 Me-

1131 658 1238 693 diavia
1261 657 1448 696 dissecaret,
1474 659 1688 699 pericardium
1710 657 1847 691 offendit
1881 655 2033 698 sanguine
2051 654 2136 696 ple.-

1133 703 1394 737 numsAortam
1417 711 1521 735 autem
1545 702 1693 735 arteriam
1709 725 1717 738 ‚
1739 700 2034 742 quantaquantain
2057 698 2137 732 tho·
2163 743 2167 747 “

1134 757 1205 780 race
1229 755 1313 783 erat.
1336 746 1522 780 dilatatam.
1546 746 1640 779 Hanc
1665 746 1765 785 igitur
1780 766 1789 781 ,
1813 745 1844 775 ἃ
1868 752 2026 776 annexum
2048 752 2136 775 cora

1136 801 1185 823 me
1209 789 1313 823 voluit
1351 789 1485 830 inspici.
1508 788 1552 821 Et
1574 800 1630 822 cor
1653 787 1807 829 quidem,
1831 787 1918 819 intus
1937 806 1946 822 ‚
1974 793 2135 833 ⁴extraque

1136 832 1310 873 speciatum
1326 854 1335 869 ‚
1359 831 1437 874 justa
1460 840 1525 865 erat
1558 830 1801 874 magnitudine,
1825 831 1855 863 δι
1878 828 2137 862 constitutione.

1138 874 1197 910 Sed
1220 878 1335 908 arteria
1370 874 1434 917 jam
1467 873 1541 909 inde
1564 876 1620 910 ubi
1642 887 1655 909 a
1681 874 1779 908 corde
1803 873 2005 916 incipiebat,
2030 870 2067 904 ad
2091 871 2139 904 se—

1137 928 1232 963 ptum
1255 916 1352 961 usque
1376 917 1614 953 Transversum
1638 929 1733 958 aeqno
1754 918 1850 951 latior
1872 938 1882 953 ,
1919 923 2044 957 quanto
2067 924 2137 962 mag

1137 964 1187 1007 gis
1218 961 1453 1001 descendebat,
1487 970 1582 996 tanto
1614 962 1749 995 dilatata
1795 969 1862 994 erat
1895 960 2000 992 minus
2024 982 2034 998 ‚
2076 957 2137 991 nisi

1138 1006 1226 1049 quod
1251 1008 1283 1038 in
1310 1005 1415 1039 medio
1439 1004 1538 1040 ferme
1571 1004 1720 1041 descensu
1746 1005 1846 1047 magis
1867 1002 2037 1036 latescebat
2062 1012 2138 1043 pro-

1140 1060 1245 1092 pterea
1281 1052 1355 1091 quia
1390 1049 1430 1081 ab
1466 1060 1532 1082 uno
1556 1050 1653 1085 latere
1676 1052 1710 1081 in
1732 1048 1818 1083 cavae
1842 1045 1972 1088 sphaerae
1996 1043 2140 1087 segmen-

1142 1102 1213 1126 tum
1238 1092 1491 1133 protuberabat,
1512 1092 1604 1135 cujus
1617 1092 1913 1129 caveaeorificiutn,
1937 1091 2021 1123 intra
2048 1090 2140 1123 Aor-

1141 1146 1207 1169 tam
1241 1135 1356 1174 hians,
1378 1135 1539 1169 diametro
1563 1146 1630 1169 erat
1654 1136 1723 1169 bini
1747 1136 1845 1176 digiti
1878 1129 2063 1181 transversi,
2089 1131 2140 1163 Si-

1142 1181 1229 1214 milis
1253 1178 1368 1222 hujus,
1393 1179 1443 1213 sed
1470 1178 1595 1221 major,
1619 1179 1761 1214 lateralis
1785 1178 2027 1220 protuberantia
2052 1183 2140 1207 inter

1143 1235 1221 1263 cor,
1242 1225 1273 1256 δι
1304 1225 1445 1266 primurn
1481 1234 1605 1256 ramum
1638 1221 1828 1256 occurrebat
1862 1222 1919 1262 qui
1953 1231 2005 1268 ex·
2026 1221 2141 1253 Aortae

1143 1276 1317 1301 curvatura
1350 1266 1563 1304 nascebatur·‚
1588 1276 1622 1299 ut
1646 1265 1668 1299 fi
1695 1265 1795 1299 homo
1827 1265 1952 1298 diutius
1975 1260 2104 1296 Vixisset
2127 1283 2139 1300 ,

1144 1319 1312 1354 appareret
1337 1332 1347 1347 ‚
1382 1310 1420 1344 ad
1451 1311 1625 1343 dilatatum
1650 1312 1772 1343 arteriae
1797 1316 1951 1342 truncum
1974 1306 2145 1347 duoprae-

1146 1364 1232 1388 terea
1267 1351 1472 1387 sacciformia
1496 1354 1719 1396 aneurysmata
1743 1350 1835 1386 fuisse
1859 1348 2039 1389 accessura,
2061 1359 2145 1390 quo-

1146 1409 1216 1431 rum
1231 1409 1293 1431 non
1308 1408 1402 1440 parva
1429 1398 1461 1430 in
1484 1398 1607 1431 duabus
1630 1398 1695 1430 illis
1717 1395 1970 1440 protuberantiis
1990 1393 2145 1427 extabant

1141 1442 1239 1475 initia
1254 1466 1261 1473 .
1281 1441 1375 1484 Justo
1399 1452 1489 1474 erant
1514 1442 1613 1475 etiam
1637 1441 1769 1474 latiores
1792 1439 1914 1472 atteriae
1937 1446 2145 1486 tres-excur-

1143 1486 1323 1518 vaturailla
1350 1482 1501 1526 profeffiiae
1519 1511 1527 1525 ‚
1553 1496 1609 1519 nec
1635 1483 1722 1518 secus
1745 1495 1779 1516 ac
1804 1492 1893 1517 totus
1916 1490 2040 1515 artertae
2051 1489 2146 1513 trun-

1143 1540 1198 1564 cus
1214 1552 1226 1568 ‚
1250 1530 1330 1562 albis
1347 1527 1721 1562 ossium-inchoamentis
1751 1526 1833 1561 facie
1857 1527 2013 1559 interiore
2034 1522 2144 1565 passim

1143 1573 1324 1610 distinetae,
1352 1583 1415 1605 non
1450 1572 1575 1615 magnis
1607 1582 1712 1605 tamen
1734 1595 1743 1610 ‚
1778 1581 1834 1603 nec
1868 1569 1971 1602 craffis
1996 1592 2005 1607 ,
2030 1578 2146 1617 'neque

1143 1615 1319 1650 introrsum
1344 1617 1624 1657 prominentibus,
1649 1625 1751 1657 neque
1784 1614 1932 1645 intimam
1952 1620 2107 1660 ‘tunicam
2133 1634 2147 1651 ‚

1143 1670 1181 1693 ut
1205 1658 1284 1700 saepe
1310 1658 1370 1698 fit,
1391 1671 1464 1692 curn
1488 1659 1603 1692 osseam
1639 1658 1712 1691 sunt
1745 1657 1835 1690 nacha
1858 1656 2034 1694 duritiem,
2056 1653 2148 1701 exui-

1142 1702 1351 1739 cerantibus‚
1374 1702 1463 1744 quod
1501 1713 1538 1736 ne
1571 1702 1617 1735 ibi
1642 1700 1774 1745 quidem
1810 1699 1973 1739 fecerant,
1999 1698 2054 1731 ubi
2079 1709 2147 1740 jam

1142 1746 1181 1780 ad
1207 1746 1296 1779 istam
1320 1746 1475 1779 duritiem
1499 1745 1651 1788 perdusta
1670 1742 1891 1786 deprehendi,
1919 1744 1951 1775 in
1977 1744 2147 1784 perpaucis

1142 1789 1295 1823 videlicet
1319 1790 1427 1822 trunci
1453 1790 1552 1822 locis.
1579 1789 1735 1821 Attamen
1759 1786 1930 1820 intervallo
1964 1784 2061 1819 ferme
2085 1783 2148 1820 ses—

1141 1832 1314 1875 quidigiti‘
1335 1830 1592 1876 suprmvalvulas
1617 1831 1829 1865 Semilunares
1853 1827 2063 1863 transversam
2096 1838 2146 1863 te.-

1142 1887 1239 1910 nuern
1263 1873 1402 1909 fissuram
1427 1877 1610 1919 vidirquae
1635 1874 1842 1917 longitudine
1857 1873 2051 1907 semunciam
2076 1872 2143 1907 Bo-

1135 1919 1332 1953 noniensem
1365 1918 1536 1960 aequasset.
1563 1920 1602 1952 Ei
1626 1917 1743 1954 fissusae
1777 1921 1811 1951 in
1835 1919 1993 1951 exteriore
2017 1918 2142 1950 arteriae

1144 1962 1226 1998 facie
1250 1962 1487 2005 respondebat,
1509 1963 1556 1996 sed
1582 1963 1679 2004 paulo
1704 1959 1856 2004 inferius,
1879 1960 2024 1995 foramen
2049 1960 2142 2004 cujus

1142 2006 1300 2040 diameter
1333 2008 1387 2039 vix
1420 2017 1476 2050 par
1499 2005 1606 2040 fuisset
1639 2006 1779 2040 duabus·
1796 2005 1887 2039 lineis
1911 2007 2011 2039 unciae
2034 2005 2144 2045 illius,

1116 2052 1241 2091 ·'idque
1265 2051 1330 2082 oris
1353 2052 1511 2087 cruentis,
1535 2054 1567 2083 &
1592 2049 1799 2090 semilaceris5
1826 2058 1860 2083 ut
1897 2050 2000 2090 palam
2032 2049 2106 2082 esset
2128 2072 2143 2091 ‚

1142 2104 1197 2135 per
1222 2092 1363 2127 fissuram
1389 2094 1576 2135 sanguinem
1595 2095 1678 2127 inter
1710 2094 1835 2127 tunicas
1858 2091 2006 2133 subiisse,
2029 2096 2062 2125 &
2087 2094 2139 2128 ba.

1138 2148 1210 2171 rum
1222 2139 1341 2170 extima
1365 2138 1494 2170 demum
1518 2146 1692 2179 perrupta,
1715 2140 1748 2170 in
1771 2137 1986 2179 pericardium
2010 2138 2142 2171 exiisse.

1139 2194 1142 2196 ·
1185 2190 1231 2223 14.
1257 2180 1383 2213 Similes
1406 2180 1500 2223 hujus
1524 2179 1669 2214 historias
1693 2182 1789 2214 habes
1813 2179 1934 2213 anobis
1957 2180 1995 2215 ad
2021 2191 2052 2214 te
2065 2180 2143 2214 scri-

1141 2232 1212 2264 ptas
1239 2222 1385 2265 Epistola
1408 2222 1584 2267 p‘raesertirn
1608 2224 1735 2258 XXVI.
1763 2224 1817 2266 (d
1839 2227 1874 2263 ),
1898 2224 1937 2258 ad
1960 2235 2038 2267 quas
2074 2237 2142 2260 non

1140 2277 1239 2310 pauca
1263 2266 1511 2307 adnotavimus,
1536 2270 1684 2311 interque
1706 2269 1784 2307 illa,
1808 2267 1958 2310 quaedam·
1978 2268 2039 2302 huc
2063 2270 2144 2302 atti-

1139 2311 1248 2343 nentia
1274 2333 1283 2348 ,
1315 2322 1388 2353 quae
1422 2318 1563 2353 repetere
1597 2322 1661 2343 non
1684 2311 1727 2344 est
1752 2321 1852 2354 opuS.
1972 2312 2083 2349 -Quod
2118 2314 2144 2348 fi

1139 2353 1225 2387 forte
1248 2354 1325 2388 alias
1356 2356 1467 2396 potius
1491 2356 1593 2398 legere
1618 2356 1708 2396 cupis
1732 2354 1992 2397 aneurysmatum
2018 2356 2141 2390 Obser-

1139 2398 1308 2437 vationes;
1331 2408 1394 2431 non
1419 2399 1464 2431 ita
1487 2398 1671 2432 dissimilem
1697 2397 1874 2432 nostrarum
1898 2400 1931 2432 in
1968 2402 2140 2441 Program..

1140 2450 1224 2473 mate
1255 2443 1339 2480 (e)
1364 2442 1505 2475 invenies
1530 2441 1618 2484 quod
1653 2441 1863 2479 Waltherus,
1894 2442 2022 2477 illustris
2053 2446 2137 2480 olim

1140 2482 1301 2517 Profeffor
1318 2509 1328 2526 ,
1352 2485 1468 2527 Lipfiae
1492 2485 1595 2520 edidit
1620 2487 1661 2519 A.
1688 2485 1782 2529 1738;
1805 2489 1985 2527 complures
2010 2498 2139 2528 autem,

1132 2529 1164 2560 &
1189 2529 1290 2561 varias
1324 2529 1406 2571 apud
1431 2530 1588 2563 Solertem
1615 2529 1833 2568 Pistoriensem
1869 2529 2034 2565 Medicum
2069 2536 2139 2567 An-

1133 2572 1265 2604 tonium
1291 2572 1461 2607 Matanum
1487 2571 1569 2616 (f)
1593 2571 1655 2606 five
1677 2574 1710 2606 in
1735 2572 1831 2606 corde
1863 2571 1988 2608 habitas
2021 2576 2099 2612 velis
2123 2602 2137 2622 ‚

1134 2614 1223 2656 quod
1246 2615 1381 2648 immani
1407 2617 1492 2651 vidit
1523 2616 1760 2659 amplitudine,
1784 2616 1882 2657 idque
1918 2629 1955 2651 ex
1987 2619 2135 2661 ingluvie

1133 2667 1285 2699 perpetua
1307 2660 1321 2696 (
1340 2663 1363 2701 g'
1385 2662 1420 2698 ),
1444 2661 1477 2692 in
1500 2661 1565 2693 alio
1589 2669 1695 2693 autem
1720 2660 1942 2702 magnitudine
1965 2663 2133 2705 plusquam

1133 2701 1235 2744 duplo
1259 2703 1372 2742 maiori
1395 2706 1410 2742 (
1432 2702 1453 2736 h
1474 2707 1508 2743 );
1532 2702 1594 2736 five
1617 2704 1650 2735 in
1675 2713 1748 2737 toto
1760 2703 1915 2736 arterioso
1938 2715 2071 2746 genere,
2095 2717 2133 2743 ut

1131 2744 1166 2776 in
1192 2745 1267 2778 Sene
1289 2746 1303 2783 (
1328 2745 1373 2788 i)
1396 2745 1488 2787 cujus
1513 2758 1565 2788 per
1587 2758 1702 2788 corpus
1726 2746 1930 2786 universum,
1962 2749 2131 2786 innumera

1131 2786 1268 2830 dispersa
1301 2799 1388 2822 erant
1423 2790 1664 2832 aneur-ysmata5
1689 2789 1752 2822 five
1787 2790 1820 2822 in
1847 2790 1966 2832 Magna
1990 2796 2130 2835 arteria,

1131 2840 1169 2864 ut
1203 2832 1236 2863 in
1263 2830 1427 2874 juvene(
1451 2831 1580 2875 lz)cui
1615 2844 1654 2865 ex
1686 2834 1864 2866 inveterata
1897 2835 1948 2868 lue
1983 2837 2128 2874 Venerea

1129 2872 1273 2908 thoracis
1301 2900 1308 2912 ,
1339 2877 1368 2907 &
1393 2878 1513 2909 ventris
1535 2886 1660 2909 caveam
1693 2876 1882 2920 aneurysma
1915 2882 2131 2923 occupabat,
2164 2878 2165 2883 ¹

1131 2927 1187 2950 aut
1213 2920 1245 2951 in
1270 2918 1354 2951 Viro
1381 2918 1575 2962 (lycujus
1609 2919 1796 2962 aneurysma
1820 2944 1829 2959 ‚
1864 2921 2041 2966 oesophago
2073 2928 2130 2959 ad-

1129 2960 1270 2999 haerens,
1296 2973 1348 3002 per
1370 2960 1455 2995 hunc
1480 2965 1564 2995 viam
1578 2973 1743 3002 aperuerat
1768 2962 1937 3006 sanguini,
1962 2978 2029 3009 quo
2053 2981 2129 3003 ven-

1131 3004 1264 3038 triculus
1287 3003 1533 3039 refertuserat.
1556 3006 1855 3048 Utinamfingulas
1878 3009 2044 3052 voluisset,
2061 3024 2127 3047 <aut

1134 3046 1285 3090 potuisset
1310 3047 1460 3089 perficere
1483 3048 1656 3089 historias,
1680 3050 1795 3083 additis
1817 3051 1866 3084 iis>
1890 3064 1961 3095 quae
1996 3056 2127 3097 praeces.

1136 3090 1258 3129 serant,
1285 3092 1500 3133 peculiaribus
1531 3091 1790 3135 aneu'rysmatum
1816 3094 1950 3129 istorum
1973 3095 2124 3140 indiciis,

1132 3145 1186 3168 aut
1210 3136 1250 3168 iis
1282 3134 1392 3169 saltem
1425 3148 1494 3178 quae
1520 3139 1675 3179 postrema
1693 3139 1848 3171 'omnium
1881 3150 1952 3172 ante
1982 3152 2123 3177 mortem

1131 3189 1367 3219 apparuerant,
1391 3189 1426 3213 ut
1451 3183 1484 3212 in
1507 3193 1546 3213 eo
1578 3182 1643 3224 (m
1665 3184 1678 3219 )
1702 3180 1778 3214 feeit
1800 3203 1812 3220 ‚
1843 3183 1895 3215 cui
1919 3184 2016 3224 paulo
2049 3196 2123 3222 ante

1127 3221 1256 3254 obitum
1281 3224 1489 3256 intumescens
1521 3224 1675 3257 abdomen
1711 3224 1839 3258 ascitem
1875 3229 2089 3263 mentiebatur
2110 3255 2121 3271 ,

1126 3276 1199 3298 cum
1236 3275 1346 3298 tumor
1379 3278 1442 3300 non
1468 3267 1506 3299 ab
1531 3279 1609 3309 aqua
1626 3290 1634 3305 ‚
1659 3266 1706 3300 sed
1730 3269 1770 3301 ab
1793 3267 1946 3310 sanguine
1967 3270 2041 3304 esset
2061 3275 2119 3313 qui

1124 3319 1163 3341 ex
1196 3308 1286 3341 eroso
1317 3312 1399 3343 circa
1433 3310 1642 3352 Emulgentes
1677 3312 1806 3345 asterias
1829 3310 1969 3354 ejusdem
2004 3315 2121 3351 Aortae

1124 3361 1242 3384 trunco
1264 3353 1297 3385 in
1323 3363 1466 3386 ventrem
1489 3352 1669 3388 defluxerat
1695 3380 1702 3392 ‚
1737 3356 1878 3396 itemque
1902 3357 1934 3388 in
1968 3371 2006 3391 eo
2028 3363 2041 3398 (
2062 3371 2081 3392 n
2103 3364 2118 3401 2

1124 3406 1220 3438 quem
1253 3406 1405 3438 perrupta
1439 3399 1553 3431 arteria
1586 3399 1787 3431 Pulmonaris
1826 3399 1913 3432 intra
1948 3401 2081 3436 adsitum
2103 3428 2115 3443 ‚

1126 3440 1246 3480 opinor
1268 3459 1280 3475 ,
1314 3439 1507 3473 bronchium
1532 3463 1542 3479 ,
1577 3444 1606 3473 &
1632 3452 1685 3483 per
1709 3440 1770 3475 hoc
1794 3442 1826 3474 in
1860 3441 1982 3476 fauces
1999 3446 2116 3480 imma-

1126 3492 1199 3515 nem
1232 3483 1299 3516 vim
1324 3483 1485 3525 sanguinis
1519 3482 1711 3517 effundendo
1736 3508 1745 3522 ,
1780 3485 1984 3520 interemerat
2008 3513 2016 3521 .
2054 3490 2116 3526 Sed=

1125 3523 1187 3558 hoc
1218 3526 1371 3560 nimirum
1403 3527 1483 3560 illud
1508 3528 1550 3562 est
1575 3549 1584 3565 ‚
1617 3528 1656 3561 de
1678 3539 1746 3570 quo
1783 3534 1841 3561 nos
1873 3528 1966 3570 ipsi,
1998 3533 2114 3569 nedum

79 3564 206 3596 visanus
238 3563 275 3596 ad
307 3564 473 3614 prox-imos
506 3563 687 3596 invisendos
717 3575 817 3605 :egros
849 3563 1037 3614 processe-rat
1059 3590 1070 3605 ‚
1120 3569 1227 3601 caeteri
1251 3569 1375 3603 Medici
1407 3569 1614 3610 Anatomici,
1649 3570 1781 3604 subinde
1814 3573 1979 3614 querimur
2000 3598 2013 3614 ‚
2047 3588 2112 3611 non

77 3619 151 3641 curn
175 3616 301 3649 repente
321 3606 376 3640 ille
390 3607 511 3641 insultu
534 3606 635 3640 altero
657 3603 825 3649 prehensus
847 3607 911 3649 est,
935 3618 991 3651 qut
1003 3620 1069 3642 cer·
1120 3611 1240 3655 semper
1262 3611 1346 3655 posse
1365 3624 1477 3647 eorum
1499 3626 1570 3657 quae
1594 3614 1742 3648 morbum
1767 3613 1826 3648 sint
1857 3617 2026 3655 comitata,
2057 3630 2111 3656 aut

1980 3672 2067 3696 mor*
2106 3675 2112 3679 “

79 3717 2117 3750 Μ

138 3795 206 3860 (ίῳ)
223 3806 250 3860 ¹§1
264 3806 275 3824 1
294 3801 337 3825 ,δι
353 3798 415 3828 seqq.
477 3800 491 3828 c
505 3806 518 3822 e
533 3798 547 3828 2
563 3800 597 3825 De
617 3802 707 3826 Anam.

238 3806 301 3860 ,αἱ
363 3828 538 3860 (le)§.50·
600 3830 760 3864 (l>§.62.
819 3831 982 3862 (mubid.

767 3801 782 3830 (
793 3799 812 3831 f
820 3800 835 3829 )
851 3803 885 3826 ne
902 3802 1055 3864 Aneurysm.(
1064 3804 1214 3866 ἵὶῗεξάῑόιξ.
1229 3803 1326 3832 Morbis
1338 3822 1345 3832 .

1405 3807 1452 3839 (Β
1470 3806 1559 3845 )§·7·
1618 3807 1759 3852 (hr2not.
1775 3808 1805 3835 ad
1820 3809 1843 3841 §.
1862 3816 1883 3840 ς,
