2498 4075
413 232 507 280 410

442 352 940 427 EPISTOLA
1001 322 2070 416 ANAToMmo-MEDICA
2121 341 2326 406 an.

621 489 834 557 SpeClat
864 484 935 541 ad
969 481 1316 554 Epilepslam,
1349 478 1757 534 Convulsionern
1776 519 1792 540 ,
1828 477 2145 547 Paralyfim.

341 633 617 747 NUNC
639 644 711 677 quae
734 630 903 674 supersunt
928 630 1035 670 accipe
1066 625 1105 663 de
1136 626 1179 659 iis
1210 636 1282 667 quae
1316 622 1355 658 ad

496 678 618 720 reliqua
643 678 706 711 tria
728 675 837 719 gravia
860 673 1010 710 cerebri,
1034 672 1066 704 δε
1088 679 1262 704 nervorum
1287 679 1352 702 ma-

495 721 523 755 la
559 721 722 763 pertinent
749 741 758 756 ‚
793 715 987 760 Epilepfiam
1014 737 1027 754 ,
1064 711 1318 747 convulsionem
1342 733 1352 749 ,

345 763 521 806 Paralyfim
549 788 556 796 .
592 765 635 798 Et
668 758 902 804 deEpilepsia
935 757 1069 801 quidem
1104 756 1224 805 nullam
1257 754 1353 789 habe-

342 819 410 843 rem
435 818 537 850 quarn
563 806 616 842 hic
641 805 811 843 adderem,
835 802 1109 850 Observationem
1134 821 1144 836 ,
1186 799 1248 832 mfi
1283 809 1353 832 earn

341 853 446 895 perire
481 849 603 883 nollem
634 860 706 889 quae
740 857 865 881 mecum
889 845 1040 880 Venetris
1074 846 1156 877 circa
1189 844 1231 875 A.
1260 842 1352 882 1708.

347 894 589 928 communicata
612 891 656 925 est
680 903 695 923 a
734 890 882 933 spefiatis
903 912 913 928 ,
946 891 976 925 δι
1009 887 1072 920 tibi
1093 887 1183 920 alias
1218 885 1353 918 laudatis

345 938 477 972 Amicis
500 935 629 971 duobus
652 933 840 970 Alexandro
862 932 982 972 Bonis,
1011 933 1041 963 ὃ(
1069 930 1196 975 Joanne
1228 928 1352 963 Hiero-

347 992 451 1026 nymo
477 978 702 1014 Zanichellio.
1269 1016 1276 1022 ·
1304 1016 1311 1022 ¹

388 1034 418 1059 2.
446 1024 476 1055 A
492 1023 524 1055 D
537 1021 608 1055 OL
622 1022 650 1055 E
666 1022 685 1054 S
698 1021 728 1056 C
744 1019 821 1054 EN
836 1020 854 1053 S
888 1029 987 1053 annos
1011 1024 1104 1053 natus
1136 1014 1351 1055 duodevigin-

349 1068 376 1100 ti
399 1092 409 1108 ,
442 1065 529 1101 nulla
552 1065 671 1107 praevia
696 1062 864 1097 manifesta
899 1063 992 1096 causa
1012 1086 1024 1103 ,
1058 1061 1146 1096 febre
1181 1057 1352 1100 prehendi-

343 1120 397 1144 tur
423 1133 435 1151 ‚
468 1119 526 1144 nec
548 1108 588 1144 de
610 1108 713 1143 ullius
737 1107 839 1140 Partis
863 1129 873 1145 ,
908 1106 968 1139 nisi
995 1105 1111 1147 capitis
1133 1102 1353 1142 dolore,m0.

342 1153 493 1195 lestiaque
515 1152 732 1194 conqueritur
756 1174 763 1182 .
798 1149 970 1184 Accedunt
996 1147 1162 1192 epileptici
1195 1145 1354 1193 insultus,

342 1197 401 1239 qui
429 1204 567 1231 mortem
590 1192 729 1230 afferu'nt
753 1194 837 1227 intra
864 1191 979 1227 horam
1005 1204 1019 1225 a
1046 1190 1143 1224 febris
1174 1189 1273 1221 initio
1305 1191 1355 1221 vi.

347 1239 496 1283 gesimam
531 1247 682 1279 quartam
719 1261 726 1269 .
862 1237 892 1268 C
918 1237 947 1269 R
974 1237 1002 1269 A
1028 1235 1061 1267 N
1087 1233 1104 1267 I
1129 1233 1164 1264 O
1211 1240 1321 1272 aperto
1344 1256 1353 1271 ,

347 1282 430 1317 nihil
455 1280 591 1323 usquam
616 1280 691 1314 vitii
718 1287 881 1321 repertum
906 1278 947 1311 est
971 1300 981 1316 ‚
1018 1278 1038 1310 si
1064 1273 1232 1310 mucosum
1267 1275 1355 1309 exci-

343 1328 412 1370 pias
435 1323 540 1359 serum
562 1323 650 1367 quod
676 1322 766 1364 super
791 1322 985 1355 anteriorem
1009 1320 1129 1355 cerebri
1155 1327 1278 1360 partem
1302 1320 1354 1352 in-

342 1378 391 1403 ter
430 1366 575 1402 Craffam
598 1389 608 1404 ‚
652 1367 867 1407 Tenuemque
910 1366 1093 1407 meningem
1127 1361 1310 1405 congestum
1343 1383 1353 1399 ‚

343 1411 401 1447 has
425 1411 567 1446 multum
589 1409 761 1444 diduxerat
793 1430 806 1448 ,
838 1407 983 1450 illudque
1007 1404 1254 1449 compresserat.

347 1457 394 1490 Et
419 1453 631 1490 Ventriculus
665 1451 796 1495 quidem
831 1453 981 1494 apparuit
1014 1449 1236 1486 inflammatus
1268 1470 1278 1486 ‚
1321 1449 1353 1481 &

346 1497 584 1533 lumbricorum
607 1496 759 1532 teretium
784 1494 1000 1536 glomeramen
1024 1495 1057 1527 in
1090 1494 1202 1536 primis
1235 1491 1354 1525 incesti.

343 1542 392 1577 nis
415 1548 618 1583 compertum
641 1539 706 1576 est.
730 1537 794 1573 Sed
817 1536 944 1572 nullum
979 1548 1088 1572 rerum
1118 1534 1231 1570 harum
1264 1535 1352 1569 indi-

341 1586 432 1621 cium
455 1582 559 1620 fuerat
573 1606 581 1617 .

385 1639 417 1671 3.
440 1628 494 1661 An
519 1635 627 1661 tantus
652 1625 717 1660 fuit
739 1623 857 1666 capitis
882 1623 996 1663 dolor,
1019 1632 1055 1657 ut
1087 1622 1286 1662 ventriculi,
1320 1623 1351 1653 &

343 1672 574 1707 intestinorum
603 1669 751 1703 dolorem
776 1688 785 1703 ‚
819 1667 1095 1707 quemadmodum
1131 1667 1353 1712 Hippocrates

345 1721 358 1758 (
378 1726 396 1748 a
420 1718 430 1754 )
455 1714 605 1756 loquitur
622 1735 635 1754 ‚
657 1707 861 1752 obscuraret?
882 1711 983 1744 Certe
1006 1711 1145 1743 alterum
1167 1719 1238 1749 ejus
1253 1707 1353 1750 apho-

347 1757 481 1792 rismum
518 1756 606 1798 (b)
639 1752 852 1789 confirmavit
899 1764 985 1787 mors
1012 1778 1021 1792 ,
1055 1750 1282 1787 convulfiones
1316 1751 1351 1784 in

344 1800 553 1837 febricitante
585 1797 841 1843 supervenientes
881 1796 1053 1831 consecuta
1078 1818 1087 1826 .
1123 1794 1183 1829 Sed
1225 1803 1261 1828 ut
1304 1791 1353 1827 hae

345 1844 616 1888 aegrotationem,
653 1851 718 1875 non
750 1842 796 1873 ita
829 1838 960 1874 brevem
995 1839 1173 1883 futuram,
1208 1837 1351 1871 fecerunt

345 1887 583 1924 breviffimam;
606 1884 763 1929 quidnam
788 1882 889 1923 fecit,
913 1892 950 1916 ut
974 1882 1048 1926 ipsae
1071 1882 1167 1916 essent
1193 1882 1272 1916 adeo
1296 1892 1351 1913 ve-

345 1932 531 1968 hementes?
556 1929 647 1964 Num
662 1927 833 1963 lumbrici,
857 1927 987 1960 Tenuia
1000 1925 1148 1960 intestina
1161 1921 1354 1958 irritantes?

347 1975 545 2013 Crederem,
577 1973 599 2006 sl
624 1971 688 2005 ulla
712 1972 745 2004 in
778 1979 887 2004 ventre
908 1970 1051 2003 molestia
1070 1969 1216 2003 dolorem
1239 1968 1353 2010 capitis

348 2016 553 2053 anteceffisset
578 2041 585 2049 .
623 2016 722 2049 Hunc
745 2025 822 2048 vero
856 2024 927 2055 quae
959 2016 1049 2047 causa
1083 2013 1228 2046 effecerat
1254 2015 1264 2044 ?
1301 2013 1352 2043 An

347 2062 479 2098 febris?
515 2058 575 2094 Sed
598 2068 797 2103 quaecunque
820 2054 886 2099 ejus
920 2057 1010 2091 causa
1045 2055 1175 2093 fuerit,
1208 2055 1228 2088 fi
1263 2052 1354 2088 ethe-

348 2103 580 2142 nentiffimum
607 2100 806 2144 agnoscimus
829 2114 839 2139 3
875 2110 1071 2135 remoratum
1096 2102 1136 2134 ab
1158 2111 1196 2133 eo
1221 2099 1254 2130 in
1288 2108 1354 2132 mc-

348 2152 486 2191 ningum
512 2144 588 2180 vafis
624 2144 715 2179 fuisse
750 2144 935 2187 sanguinem
961 2166 972 2182 ‚
1004 2145 1036 2176 &
1069 2142 1143 2175 hinc
1178 2142 1279 2175 serum
1313 2141 1355 2173 il-

351 2193 407 2227 lud
434 2188 619 2229 effluxisse,
641 2199 705 2221 non
741 2188 931 2221 mirabimur
956 2210 964 2217 .
996 2185 1103 2227 Cujus
1144 2187 1193 2218 vel
1229 2184 1353 2218 minori

346 2239 447 2280 copia
471 2232 554 2275 posse
578 2232 763 2274 epilepsiam
787 2230 858 2264 fieri
881 2253 891 2269 ,
928 2240 1001 2265 cum
1027 2230 1088 2263 alia
1113 2229 1258 2271 Epistola
1291 2227 1354 2269 (c)

355 2277 644 2314 indicaverimus3
680 2286 745 2308 non
769 2285 850 2316 opus
881 2272 923 2308 est
955 2273 1008 2307 hic
1042 2273 1099 2306 illa
1134 2276 1249 2306 iterare
1282 2282 1355 2313 quae

352 2324 399 2358 ibi
428 2329 519 2366 potes
544 2321 679 2361 relegere
703 2342 710 2350 .
744 2317 843 2355 Quod
877 2317 898 2350 si
936 2315 1100 2350 Bohnium
1133 2316 1223 2356 (d)
1257 2314 1357 2356 inspi-

351 2369 422 2402 cias
448 2390 458 2405 ,
490 2364 545 2397 ubi
569 2365 603 2396 in
626 2361 759 2396 dissecto
782 2362 821 2394 ab
846 2360 875 2394 se
898 2360 1029 2394 decenni
1054 2370 1152 2402 puero
1174 2369 1212 2393 ex
1245 2357 1356 2400 cepha-

352 2410 448 2453 lalgia
467 2407 568 2450 primo
594 2406 723 2439 immani
743 2427 755 2444 ‚
787 2403 858 2438 hinc
891 2402 1030 2445 epilepfia
1058 2424 1066 2440 ‚
1099 2404 1141 2436 (φ
1173 2410 1293 2444 torpore
1323 2412 1354 2433 o.

350 2453 471 2489 mnium
487 2448 631 2493 sensuum
653 2447 809 2482 defuneto
824 2469 835 2486 ,
859 2445 940 2489 quid
960 2445 1018 2479 fibi
1042 2447 1248 2489 apparuerit,
1279 2454 1354 2486 pro-

352 2497 472 2538 ponit3
497 2492 592 2526 saciie
616 2492 775 2533 intelliges
796 2490 875 2532 quid
907 2489 946 2524 de
979 2489 1045 2523 sero
1064 2511 1074 2526 ‚
1107 2498 1162 2522 aut
1197 2487 1219 2521 si
1253 2489 1356 2520 mavis

354 2537 489 2581 lympha
513 2537 561 2569 vel
585 2546 650 2567 non
673 2533 768 2568 effusa
783 2556 791 2570 ‚
815 2532 866 2566 sed
889 2533 972 2567 circa
997 2531 1162 2565 anfractus
1183 2531 1304 2565 cerebri
1321 2531 1354 2562 in

354 2583 434 2616 vasis
456 2588 658 2617 remorante,
677 2577 830 2612 censuisse
854 2578 888 2609 in
912 2574 1070 2618 ejusmodi
1093 2575 1166 2609 casu
1201 2576 1264 2609 Vir
1294 2571 1354 2606 do-

353 2625 508 2661 &iflimus
531 2621 677 2655 videatur
691 2646 698 2653 .

394 2679 427 2711 4.
454 2665 506 2699 Ad
528 2663 784 2697 Convulfionem
806 2661 1001 2697 transeamus
1026 2685 1034 2693 .
1072 2660 1162 2694 Nam
1193 2658 1354 2701 Epilepsia

353 2711 487 2753 quidem
520 2707 579 2741 esse
613 2707 727 2750 nequit
759 2704 824 2739 fine
856 2705 1077 2739 Convulfione
1102 2719 1111 2741 ς
1141 2707 1174 2737 &
1205 2703 1353 2736 Convul-

354 2755 403 2790 sio
425 2752 586 2796 saepiffime
610 2747 652 2783 est
684 2748 747 2782 fine
783 2748 965 2791 Epilepsia,
987 2749 1076 2781 velut
1099 2749 1132 2779 in
1156 2759 1194 2780 eo
1224 2757 1372 2789 quoque,

355 2796 421 2832 fuit
444 2819 457 2837 ‚
486 2793 577 2836 cujus
599 2793 661 2827 tibi
687 2791 851 2826 historiam
874 2793 1033 2826 continuo
1055 2789 1218 2831 subjiciam
1234 2813 1243 2820 .

401 2851 431 2883 5.
472 2835 954 2874 FORICARIUS
986 2832 1352 2870 annorum‚utvide-

357 2883 454 2918 batur
476 2903 488 2920 ,
518 2880 651 2915 circiter
681 2879 917 2922 quinquaginta
936 2901 949 2919 ‚
979 2876 1121 2911 robustus
1143 2899 1155 2916 ‚
1186 2877 1266 2911 boni
1301 2888 1351 2909 co.

358 2927 456 2963 loris,
482 2933 578 2966 atque
600 2921 752 2958 habitus,
776 2920 824 2955 vel
850 2922 959 2963 potius
982 2920 1177 2963 plethoricus
1199 2942 1209 2958 ,
1232 2920 1352 2956 bibax,

359 2973 391 3004 &
416 2969 494 3010 saepe
516 2967 623 3000 ebrius
645 2990 657 3008 ,
687 2964 882 2998 Nosocomii
915 2966 1045 2997 latrinas
1076 2963 1264 3006 intempesta
1297 2974 1355 2995 no-

358 3013 429 3051 ete,
453 3020 488 3048 ut
511 3010 613 3044 solent
636 3031 646 3046 ‚
678 3009 744 3041 suis
765 3019 839 3041 cum
863 3008 1013 3041 ministris
1037 3006 1354 3048 expurgabat.Qi-

359 3055 420 3090 bus
443 3052 641 3093 identidem,
663 3059 699 3085 ut
723 3062 758 3083 ea
781 3049 908 3084 sordida
932 3063 978 3084 ars
1003 3052 1162 3092 requirit,
1186 3050 1272 3083 ultro
1305 3050 1352 3082 ci-

360 3108 477 3140 troque
498 3094 758 3131 commeantibus
773 3114 782 3130 ‚
805 3104 878 3128 cum
901 3093 988 3127 forte
1011 3093 1065 3126 ille
1090 3093 1173 3126 solus
1196 3093 1290 3130 esset,
1314 3091 1353 3125 de

361 3140 543 3185 improviso
565 3138 744 3182 spe-strum,
766 3136 846 3170 albis
868 3137 1038 3176 indutum,
1071 3135 1131 3169 fibi
1167 3136 1274 3170 videre
1307 3136 1355 3167 vi-

361 3184 411 3219 sus
433 3183 495 3221 est,
521 3185 552 3216 &
576 3182 667 3215 illico
690 3189 765 3214 toto
786 3190 921 3221 corpore
943 3179 1213 3220 contremiscens,
1245 3178 1353 3214 fimul-

360 3239 423 3270 que
444 3228 511 3260 oris
532 3224 725 3259 distortione
747 3231 878 3265 captus,
899 3222 942 3256 fic
967 3223 1005 3256 ab
1028 3222 1234 3257 redeuntibus
1257 3222 1356 3256 mini-

360 3272 434 3306 stris
455 3278 618 3312 repertus,
641 3271 672 3302 &
696 3266 733 3300 ad
754 3266 907 3299 lec-tulum
929 3266 1097 3308 perductus
1127 3265 1192 3299 fuit
1214 3290 1223 3298 .
1259 3265 1356 3299 Datis

362 3313 518 3352 continuo
542 3308 837 3353 antispasmodicis,
860 3311 891 3342 δε
911 3309 1085 3347 cardiacis,
1110 3320 1184 3343 cum
1218 3307 1355 3342 remisis-

361 3356 428 3391 sent
451 3365 626 3392 tremores,
662 3352 804 3394 viresque
838 3351 976 3393 pulsibus
1008 3351 1168 3386 rediissent
1187 3375 1197 3391 ‚
1231 3352 1356 3392 sanguis

361 3398 469 3434 eadem
492 3399 586 3432 noue
609 3408 625 3430 e
647 3395 780 3429 brachio
803 3394 841 3428 ad
863 3395 1010 3429 selibram
1034 3395 1143 3429 missus
1177 3395 1219 3428 est
1241 3420 1250 3429 .
1283 3395 1356 3428 Ma-

361 3453 400 3477 ne
423 3451 528 3476 autem
552 3439 754 3478 tantumdem
777 3449 816 3471 ex
837 3438 939 3471 altero
964 3438 1098 3472 brachio
1108 3438 1285 3472 detraffiim
1299 3437 1355 3473 est,

360 3496 435 3519 cum
458 3494 614 3518 tremores
636 3482 701 3524 jam
724 3482 827 3523 magis
850 3481 1055 3520 remisissent,
1077 3485 1108 3515 δε
1129 3480 1279 3523 expansi,
1310 3480 1356 3513 fe-

359 3527 518 3573 brilesque
540 3527 637 3563 essent
660 3525 784 3568 pulsus.
813 3523 872 3558 Sed
894 3528 925 3559 &
949 3524 1098 3568 postridie
1120 3536 1198 3559 vena
1232 3526 1267 3557 in
1302 3534 1357 3565 pe-

1403 621 1444 657 de
1468 621 1549 657 {effla
1571 621 1615 656 est
1636 646 1645 661 ‚
1678 621 1833 655 levamine
1858 621 1993 666 aliquo,
2029 620 2080 655 sed
2103 621 2193 656 brevi
2216 644 2228 663 ‚
2260 635 2277 657 a
2300 622 2408 666 singu-‘

1405 667 1444 700 Lis
1467 676 1556 701 venae
1579 664 1773 699 sefflonibus
1797 666 1899 698 relato
1922 688 1932 703 ‚
1966 665 2118 706 sanguine
2150 675 2256 699 autem
2284 691 2295 706 ,
2329 678 2408 708 prae-

1405 710 1515 743 sertim
1552 711 1585 742 in
1621 710 1747 751 prima,
1774 707 1923 750 spumoso
1948 733 1956 747 ,
1989 709 2204 753 pernigroque
2238 719 2374 743 exeunte
2396 729 2407 747 ‚

1403 753 1494 795 cujus
1527 749 1769 786 cr'affamentum
1805 751 1869 784 suit
1903 751 2124 786 duriusculum
2149 772 2158 786 ‚
2193 752 2296 788 serum
2330 764 2409 795 pau-

1404 808 1478 830 cum
1499 821 1506 830 2
1542 795 1701 829 Perstabat
1733 794 1829 829 febris
1850 817 1863 834 ,
1898 797 1929 827 δι’
1964 806 2022 836 pro
2045 795 2177 829 clonicis
2200 796 2266 838 jam
2290 799 2406 829 tonicae

1405 839 1626 873 convulfiones
1651 838 1783 872 subinde
1808 847 1882 870 toto
1905 849 2041 877 corpore
2075 838 2281 873 vehementer
2313 849 2409 882 urge-

1405 884 1504 917 bant.
1529 882 1637 921 Loqui
1661 881 1762 915 homo
1786 892 1849 914 non
1874 891 1996 923 poterat
2019 893 2090 923 quae
2124 882 2408 924 intelligerentur,

1400 926 1499 968 idque
1520 937 1557 958 ex
1580 936 1617 957 eo
1640 933 1785 967 tempore
1809 935 1875 966 quo
1899 924 2054 958 ministris
2080 923 2140 958 suis
2163 926 2242 968 quid
2258 925 2315 959 sibi
2327 936 2407 959 con·

1402 969 1545 1011 tigisset‚
1570 978 1750 1002 narraverat
1765 992 1772 1000 .
1799 969 1834 1000 Se
1856 976 1962 1001 tamen
1973 969 2184 1011 cognoscere,
2205 971 2238 1002 &
2258 971 2406 1004 interno-

1404 1014 1488 1048 scere
1513 1011 1671 1046 adstantes
1694 1034 1703 1049 ,
1738 1010 1956 1045 ostendebat:
1990 1013 2019 1044 ὃς
2050 1015 2136 1053 gestu
2158 1036 2167 1051 ,
2199 1023 2273 1047 cum
2316 1021 2408 1055 pote.

1406 1065 1455 1091 rat
1481 1082 1491 1097 ‚
1527 1065 1715 1097 gravantem
1738 1056 1852 1097 capitis
1886 1053 2033 1088 dolorem
2067 1054 2233 1089 molestum
2269 1055 2327 1090 fibi
2358 1053 2409 1090 es-

1405 1100 1434 1133 se
1457 1122 1467 1138 ,
1502 1098 1667 1133 indicabat
1692 1123 1700 1131 .
1738 1100 1796 1130 Per
1831 1096 1897 1131 haec
1921 1120 1935 1137 ,
1977 1097 2096 1135 Quibus
2131 1098 2241 1132 frustra
2278 1101 2407 1131 interna

1406 1143 1465 1176 alia
1491 1164 1501 1180 ,
1534 1151 1728 1183 externaque
1750 1141 1998 1183 opponebantur
2022 1142 2181 1181 remedia,
2205 1144 2289 1176 intra
2321 1142 2373 1175 sex
2394 1163 2409 1181 ‚

1407 1197 1446 1220 an
1472 1186 1593 1229 septem
1615 1185 1682 1219 dies
1707 1184 1874 1218 confec'ius
1898 1184 1939 1217 est
1974 1184 2077 1225 pridie
2110 1184 2185 1218 Kal.
2220 1186 2404 1218 Februarias

1407 1231 1471 1263 An.
1501 1239 1594 1272 1747.
1729 1229 1758 1259 C
1782 1229 1812 1260 A
1837 1229 1868 1260 D
1890 1228 1919 1260 A
1945 1227 1979 1261 V
2002 1228 2031 1260 E
2055 1229 2083 1261 R
2108 1228 2124 1259 I
2147 1226 2189 1267 S,
2223 1237 2261 1262 ut
2293 1227 2408 1262 Publi-

1405 1284 1475 1306 cam
1498 1273 1687 1306 Anatomen
1712 1271 1907 1304 absolverem
1931 1293 1942 1309 ,
1976 1272 2010 1303 in
2043 1271 2257 1312 Gymnasium
2294 1270 2407 1313 postri-

1404 1317 1455 1349 die
1479 1315 1582 1355 illati,
1607 1314 1734 1348 brachia
1751 1314 1888 1390 {guidem
1914 1324 2001 1347 erant
2024 1324 2088 1347 non
2113 1312 2240 1356 rigida,
2263 1314 2314 1351 sed
2336 1324 2407 1347 rna-

1404 1370 1504 1393 nuum
1527 1358 1623 1401 digiti
1647 1358 1743 1400 rigidi
1772 1359 1848 1391 imi.
1875 1359 1986 1396 Penis,
2010 1360 2041 1391 δέ
2068 1357 2207 1391 scrotum
2231 1380 2240 1394 ‚
2277 1357 2328 1392 sed
2350 1367 2408 1391 cu-

1404 1412 1436 1436 te
1476 1412 1571 1436 tenus
1612 1427 1622 1442 ,
1664 1401 1884 1443 nigricabant.
2019 1401 2141 1434 Ventre
2185 1410 2295 1442 aperto
2319 1424 2331 1442 ‚
2375 1403 2407 1436 &

1404 1454 1562 1483 omento,
1586 1444 1676 1486 cuius
1701 1447 1813 1487 exigua
1838 1442 1999 1486 pingu‘edo
2024 1453 2113 1484 erat,
2147 1443 2273 1478 sublato
2295 1468 2304 1482 ,
2337 1444 2405 1477 Co-

1404 1489 1461 1523 lon
1483 1487 1670 1523 intestinum
1704 1488 1795 1530 quod
1827 1489 1866 1520 ab
1899 1500 1966 1522 aere
2002 1488 2122 1521 incluso
2154 1487 2218 1521 fere
2252 1487 2373 1530 ubique
2395 1508 2407 1525 ‚

1405 1544 1462 1567 nec
1484 1541 1592 1566 tamen
1616 1533 1736 1570 nimis,
1761 1532 1905 1564 tumebat
1921 1551 1930 1566 ‚
1954 1530 2164 1564 animadverti
2205 1531 2247 1565 sic
2279 1529 2407 1564 incede-

1404 1587 1460 1616 re,
1481 1585 1515 1609 ut
1540 1575 1706 1618 postquam
1718 1575 1755 1608 ad
1768 1574 1856 1616 jecur
1880 1573 2059 1607 ascenderat
2075 1599 2083 1612 ,
2106 1575 2179 1608 inde
2205 1575 2233 1607 se
2256 1573 2408 1608 demitte-

1403 1628 1452 1653 ret
1477 1618 1561 1664 infra
1585 1618 1774 1652 umbilicum
1799 1618 1836 1651 ad
1860 1618 1939 1650 duos
1963 1617 2063 1650 tresve
2084 1617 2207 1659 digitos
2230 1618 2270 1650 ab
2294 1618 2406 1651 dexte-

1403 1674 1440 1696 ro
1465 1661 1560 1703 hujus
1583 1661 1681 1695 latere
1696 1683 1705 1697 ‚
1728 1660 1804 1695 hinc
1828 1672 1903 1694 vero
1925 1672 1999 1694 cum
2022 1661 2054 1692 in
2080 1661 2166 1694 suam
2192 1660 2328 1694 rediisset
2355 1660 2406 1694 se-

1402 1706 1476 1739 dem
1493 1727 1503 1742 ‚
1528 1716 1683 1745 eamque,
1708 1713 1743 1736 ut
1765 1705 1867 1742 solet,
1906 1703 2120 1736 transversum
2154 1703 2210 1737 sub
2243 1704 2405 1737 ventricu-

1402 1749 1460 1787 lo,
1485 1748 1657 1790 obliquum
1681 1755 1787 1779 autem
1811 1748 1844 1779 in
1867 1745 1988 1779 sinistra
2014 1744 2254 1787 hypochondrii
2288 1745 2406 1780 sinistri

1402 1800 1515 1834 parte,
1538 1793 1568 1824 &
1592 1791 1716 1824 redium
1739 1801 1794 1834 per
1816 1798 1921 1823 totam
1946 1791 2137 1823 anteriorem
2161 1789 2277 1823 faciem
2302 1789 2407 1830 subje-

1402 1836 1446 1869 cti
1471 1835 1553 1868 renis
1578 1831 1745 1872 servasset,
1776 1834 1853 1867 inde
1884 1833 1990 1867 rursus
2021 1833 2055 1866 in
2090 1833 2174 1865 idem
2210 1832 2406 1875 hypochon-

1401 1878 1510 1912 drium
1534 1877 1777 1920 regrederetur,
1800 1875 1882 1910 unde
1905 1878 2022 1910 iterum
2045 1874 2405 1917 descendensfflelvim.

1401 1933 1463 1964 que
1487 1920 1633 1961 subiens,
1658 1919 1721 1954 fine
1754 1920 1822 1954 ullo
1853 1919 1942 1953 flexu
1978 1921 2010 1952 in
2044 1920 2183 1953 Κεᾶυω
2215 1918 2411 1953 intestinum

1402 1964 1534 1999 abibat.
1560 1965 1686 1999 'sennia
1701 1964 1870 2002 intestina,
1890 1961 2041 1996 fitrac'tus
2052 1973 2163 1996 eorum
2175 1962 2349 2003 quosdam,
2372 1965 2405 1994 &

1406 2010 1440 2041 in
1465 2007 1514 2042 his
1527 2017 1648 2049 partem
1664 2009 1794 2041 lleinon
1808 2018 1938 2049 parvam
1950 2008 2127 2048 exciperes,
2152 2016 2318 2046 quaemsra
2340 2004 2406 2046 pel-

1405 2054 1471 2085 vim
1495 2051 1586 2085 valde
1610 2050 1769 2093 profunde
1794 2053 1823 2083 se
1845 2050 2059 2087 demittebat,
2083 2059 2168 2082 erant
2194 2060 2270 2084 aere,
2287 2048 2404 2081 disten-

1405 2104 1438 2129 ta
1466 2117 1479 2134 ,
1508 2095 1620 2137 ibique
1646 2103 1700 2136 per
1725 2104 1836 2127 eorum
1859 2097 1982 2126 tunffcas
2007 2091 2135 2125 flavedo
2158 2104 2220 2125 oua
2245 2096 2329 2125 intus
2352 2094 2405 2125 in-

1406 2139 1489 2172 secta
1514 2146 1626 2175 erant,
1649 2136 1916 2179 transpiciebatur
1942 2161 1947 2166 .
1986 2136 2110 2169 :cilicet
2137 2137 2207 2168 bili<
2245 2147 2315 2178 quae
2347 2146 2405 2177 cy-

1407 2182 1479 2215 fiim
1504 2180 1682 2223 hepaticam
1707 2180 1805 2214 ferme
1831 2180 2007 2221 implebat,
2032 2191 2062 2212 ur
2090 2179 2404 2216 exsudans,intesti-

1407 2237 1444 2260 na
1469 2227 1612 2267 proxima
1637 2224 1751 2259 fecerat
1775 2233 1912 2257 exterius
1937 2222 2045 2262 flava,
2071 2221 2111 2255 sic
2137 2222 2330 2261 influendo,
2355 2221 2406 2255 fe-

1406 2278 1492 2303 cerat
1514 2271 1611 2301 etiam
1625 2269 1757 2301 interius
1771 2293 1779 2301 .
1799 2267 1897 2311 Jecur
1913 2278 1986 2299 vero
2001 2267 2189 2300 subcaeruleo
2203 2266 2265 2300 suit
2279 2266 2400 2302 colore,

1408 2314 1512 2347 uti&
1538 2312 1601 2344 lien
1622 2323 1636 2352 ;
1668 2312 1717 2344 secl
1752 2314 1804 2344 etsi
1830 2312 1864 2343 ad
1900 2311 1987 2342 illius
2022 2313 2218 2352 crepidinem
2252 2312 2277 2342 is
2309 2309 2400 2341 color

1409 2356 1582 2389 saturatior
1614 2366 1681 2389 erat
1705 2377 1717 2395 ,
1750 2356 1903 2396 nusquam
1937 2363 2043 2387 tamen
2089 2355 2169 2386 ultra
2206 2352 2404 2396 superficiem

1409 2398 1581 2442 pergebat,
1604 2408 1640 2431 ut
1664 2409 1763 2440 neque
1787 2400 1819 2429 in
1855 2398 1936 2429 liene
1961 2421 1968 2429 .
2005 2397 2070 2430 Hic
2106 2398 2250 2430 modicus
2271 2419 2282 2436 ,
2317 2406 2405 2437 Jecur

1409 2452 1515 2476 autem
1537 2453 1687 2482 magnum
1712 2454 1722 2478 3
1757 2442 1805 2474 sed
1832 2440 1941 2474 sanum
1964 2440 2066 2473 viscus
2090 2451 2263 2482 utrumque

1406 2484 1557 2518 Thorace
1581 2485 1730 2523 recluso,
1753 2484 1918 2526 pulmones
1942 2510 1950 2521 ,
1991 2486 2047 2524 qui
2081 2486 2135 2518 vix
2169 2484 2286 2517 alicubi
2312 2505 2321 2521 ,
2354 2482 2404 2516 id-

1405 2539 1467 2570 que
1492 2539 1508 2560 a
1531 2537 1645 2570 tergo,
1671 2528 1706 2562 ad
1731 2529 1872 2571 pleuram
1895 2526 2098 2561 adhaerebant
2123 2550 2136 2566 ‚
2169 2536 2257 2560 erant
2295 2529 2402 2566 potius

1406 2571 1554 2613 turgidi,
1578 2575 1609 2605 &
1639 2571 1833 2614 quibusdam
1864 2571 1943 2604 locis
1977 2569 2163 2611 majusculas
2195 2569 2403 2603 ostendebant

1405 2626 1510 2654 areaS,
1532 2615 1681 2649 nonnihil
1706 2615 1869 2657 superficie
1893 2614 2012 2654 reliqua
2037 2614 2165 2645 altiores
2185 2636 2194 2650 ‚
2227 2613 2259 2645 in
2284 2612 2403 2653 quibus

1406 2657 1574 2691 manifesto
1598 2659 1789 2701 apparebant
1810 2657 1937 2690 inclusae
1961 2655 2047 2697 quasi
2072 2657 2217 2689 vesiculae
2238 2681 2245 2688 .
2283 2656 2404 2688 Nullus

1408 2704 1543 2735 omnino
1566 2702 1774 2735 intermedius
1819 2702 1911 2734 lobus
1942 2697 2005 2731 suit
2039 2711 2054 2732 a
2086 2699 2208 2732 dextris
2231 2722 2242 2739 ,
2277 2698 2325 2731 sed
2358 2700 2405 2731 ita

1407 2757 1454 2778 res
1476 2745 1522 2778 ibi
1547 2743 1575 2777 se
1597 2743 1757 2783 habebat,
1781 2754 1815 2778 ut
1841 2757 1856 2777 a
1881 2742 2030 2776 sinistris.
2056 2743 2236 2776 Pericardio
2268 2741 2370 2775 inciso
2392 2763 2404 2779 ‚

1407 2789 1529 2822 nullam
1564 2791 1597 2820 in
1631 2800 1668 2821 eo
1698 2788 1842 2821 humoris
1876 2796 2002 2828 guttam
2035 2787 2175 2825 inveni,
2217 2785 2401 2822 faciemque

1405 2831 1470 2873 ejus
1495 2832 1679 2865 interiorem
1705 2830 1856 2865 haetenus
1879 2829 2045 2870 humidam
2068 2854 2076 2868 ,
2102 2838 2137 2862 ut
2176 2839 2241 2862 non
2277 2827 2403 2869 prorsus

1405 2874 1495 2909 cordi
1519 2872 1711 2913 adhaereret,
1735 2875 1884 2916 quamvis
1906 2873 2023 2906 alicubi
2046 2872 2111 2914 jam
2134 2872 2222 2913 quasi
2260 2871 2403 2905 adhcere-

1406 2930 1438 2951 re
1460 2920 1617 2960 inciperet
1633 2943 1640 2951 .
1666 2919 1703 2950 In
1726 2918 1821 2951 corde
1846 2928 1955 2958 parum
1979 2919 2114 2949 omnino
2140 2916 2301 2957 sanguinis
2314 2914 2399 2952 fuit;

1406 2973 1444 2994 an
1467 2961 1555 3004 quod
1576 2963 1653 2995 dum
1678 2961 1798 3002 majora
1826 2959 1882 2993 sub
1906 2959 2147 3000 diaphragmate
2172 2960 2309 2992 secarent
2347 2969 2401 2990 va-

1407 3004 1437 3037 sa
1460 3027 1470 3042 ‚
1504 3015 1595 3038 antea
1617 3002 1798 3039 defluxisset
1823 3027 1832 3042 ,
1869 3003 2139 3046 praesertim-cum
2164 3001 2269 3044 passim
2294 3000 2402 3035 inhoc

1405 3047 1554 3081 cadavere
1579 3047 1702 3089 sanguis
1726 3045 1957 3080 animadversus
1980 3045 2017 3078 sit
2042 3045 2186 3079 fluidus?
2207 3044 2403 3079 Concretio-

1405 3102 1460 3124 nes
1482 3101 1588 3124 tamen
1611 3091 1688 3124 duas
1714 3092 1883 3133 polypum
1905 3089 2099 3130 deprehendi
2120 3112 2134 3128 ,
2168 3099 2306 3130 quarum
2338 3098 2401 3122 una

1404 3146 1442 3167 ex
1466 3134 1607 3169 auricula
1630 3136 1758 3169 dextera
1783 3137 1816 3167 in
1841 3143 1955 3166 nonam
1979 3134 2102 3166 Cavam
2114 3133 2315 3174 Superiorem
2331 3130 2400 3168 ‚al-

1404 3187 1495 3217 tera,
1516 3188 1589 3218 quae
1611 3179 1708 3219 paulo
1730 3187 1796 3210 erat
1820 3175 2023 3218 spectabilior
2038 3198 2047 3213 ,
2070 3188 2109 3209 ex
2121 3175 2301 3208 ventriculo
2314 3172 2401 3213 ejus-

1404 3220 1475 3254 dem
1499 3221 1606 3254 lateris
1629 3222 1663 3254 in
1689 3222 1911 3253 Pulmonarem
1935 3222 2084 3253 arteriam
2107 3218 2256 3260 pergebat
2272 3241 2283 3257 ,
2319 3227 2399 3251 teres

1405 3275 1461 3298 nec
1483 3263 1626 3305 digitulo
1648 3264 1794 3298 craffior.
1925 3263 2081 3295 Cranium
2094 3262 2231 3304 denique
2245 3265 2295 3299 ,δε
2312 3260 2402 3294 Cras.

1406 3306 1436 3339 sa
1463 3310 1592 3339 meninx
1614 3319 1686 3342 curn
1712 3307 1905 3343 secarentur,
1932 3305 2011 3338 nihil
2036 3308 2179 3340 occurrit
2213 3305 2399 3336 asinotatio-

1407 3361 1445 3383 ne
1468 3350 1602 3392 dignum
1627 3374 1635 3381 .
1670 3350 1728 3383 Sed
1751 3351 1871 3381 Tenuis
1894 3348 1963 3380 vasa
1987 3348 2101 3382 habuit
2134 3348 2286 3389 sanguine
2321 3346 2399 3379 adeo

1407 3394 1499 3434 plena
1524 3415 1534 3430 ,
1568 3404 1602 3427 ut
1627 3394 1675 3426 vel
1698 3394 1831 3428 minima
1857 3416 1866 3429 ‚
1900 3391 1988 3434 quasi
2013 3392 2053 3425 ab
2074 3389 2245 3432 injeffione
2280 3390 2402 3432 ubique

1407 3446 1615 3478 apparerent.
1651 3437 1744 3469 Plena
1767 3438 1799 3467 in
1825 3435 2010 3468 ventriculis
2033 3447 2185 3476 quoque,
2208 3434 2276 3467 imo
2302 3434 2402 3466 etiam

1406 3480 1490 3512 intra
1515 3479 1615 3520 ipsam
1641 3479 1844 3512 medullarem
1870 3478 1990 3511 cerebri
2016 3478 2222 3512 substantiam
2246 3484 2357 3509 erant:
2374 3477 2405 3507 &

1406 3533 1480 3556 cum
1503 3522 1636 3556 initium
1660 3523 1796 3564 Spinalis
1819 3521 1982 3559 medullae,
2007 3522 2093 3563 quod
2117 3532 2189 3556 cum
2215 3519 2403 3561 Oblongata

2308 3574 2362 3596 ex-

371 3671 2398 3694 Wm—-ffl

415 3759 459 3791 fa
473 3764 486 3790 >
499 3759 522 3783 S.
539 3765 563 3784 a.
579 3760 642 3790 aph.
658 3763 700 3789 qs.
759 3762 776 3792 ζ
790 3760 804 3786 b
819 3762 833 3791 )
850 3760 913 3787 ibid.
929 3759 989 3789 Aph.
1006 3762 1043 3784 26.

1101 3760 1115 3789 (
1131 3766 1143 3783 e
1157 3759 1167 3791 )
1182 3758 1232 3791 rx.
1249 3764 1273 3782 n.
1297 3767 1332 3784 ιο.
1345 3760 1370 3784 a:
1386 3759 1462 3784 aubi.

1524 3759 1533 3789 (
1550 3759 1566 3783 d
1582 3760 1594 3787 )
1610 3758 1704 3784 Differt.
1722 3760 1750 3784 de
1769 3760 1946 3791 Trepanation.
1973 3759 2093 3787 Difficult.
