2498 4075
411 137 511 201 264

392 228 443 260 29.
468 216 557 251 Cum
581 215 740 250 Bononiae
761 215 933 256 degerem,
958 211 1107 246 honestus
1131 216 1182 247 vir
1204 216 1353 257 quotidie

346 257 472 304 frigore
494 260 753 301 corripiebatur,
776 259 864 300 quod
888 256 942 292 etsi
966 256 1072 290 nullus
1095 254 1286 299 sequebatur
1301 271 1353 292 ca-

348 304 400 337 lor
425 328 434 342 ,
467 303 507 337 de
529 303 655 335 duobus
688 302 855 334 nobilibus
877 300 1019 334 Medicis
1049 299 1129 333 alter
1152 311 1209 342 pro
1233 301 1317 334 febri
1342 327 1352 341 ,

347 349 448 387 alter,
471 346 623 388 quoniam
647 355 750 386 aeger,
773 357 810 378 eo
833 344 956 385 frigore
980 352 1148 385 correptus
1167 367 1176 381 ‚
1197 344 1350 381 cadebat,

347 402 409 434 pro
433 386 629 429 vertiginoso
654 387 769 421 affeetu
793 387 929 420 malebat
954 388 1097 431 accipere
1119 410 1128 419 .
1166 386 1350 422 Persanatus

347 434 392 468 est
415 432 472 467 usu
496 431 604 464 cardui
630 430 790 464 benediffi
805 452 813 466 ,
836 431 866 462 &
890 428 1019 470 spiritus
1041 430 1112 462 salis
1133 434 1348 465 ammoniaci.

478 474 651 507 Mulierem
664 485 793 517 quoque
806 474 939 506 memini
953 484 1052 505 annos
1075 481 1183 505 natam
1196 473 1234 507 ad
1254 476 1349 516 quin-

345 519 503 563 quaginta
536 518 569 550 in
593 516 673 550 illud
698 518 727 549 S.
754 516 869 549 Mariae
899 516 937 549 de
961 517 1075 550 Morte
1109 515 1347 552 Nosocomium

347 571 538 605 exceptam,
564 559 698 603 singulis
720 560 872 594 noctibus
895 572 911 593 a
934 569 1020 592 certa
1051 559 1129 592 hora
1152 559 1191 592 ad
1216 563 1348 595 matuti-

346 619 424 641 num
458 604 555 647 usque
579 613 704 646 tempus
736 601 860 646 frigore
883 603 1037 647 prehendi
1069 614 1143 635 cum
1175 612 1314 637 tremore
1336 628 1345 643 ,

343 662 438 693 quem
464 648 569 690 pulsus
592 658 655 680 non
679 648 824 680 crebrior
846 647 977 689 quidem
1002 668 1012 683 ,
1037 647 1086 679 sed
1109 644 1278 680 obscurior
1300 647 1348 681 fa-

344 695 415 728 stus
436 715 449 733 ,
479 702 582 733 neque
615 691 700 724 aliud
725 699 876 732 praeterea
913 690 1131 724 comitabatur
1167 691 1349 725 incommo-

343 737 444 776 dum,
467 746 569 776 neque
592 736 679 767 calor
705 733 895 777 sequebatur
919 733 1041 767 febrilis
1067 759 1073 765 .
1100 733 1190 774 Qin
1215 736 1348 775 pedibus

344 790 410 815 erat
434 777 549 811 affidue
572 777 722 820 frigidis,
749 781 779 810 &
804 776 886 817 saepe
910 778 980 810 aliis
1001 788 1153 820 quoque,
1178 776 1227 810 sed
1244 779 1347 812 incer-

343 826 411 860 tis,
432 821 522 856 horis
546 822 634 853 brevi
660 820 802 863 frigore,
825 829 990 859 tremore,
1014 824 1044 854 &
1069 820 1173 861 pulsus
1195 821 1347 855 obscura-

343 869 434 900 tione
464 864 703 905 corripiebatur
728 888 735 894 .
768 864 856 897 Cum
880 865 1002 906 viginti
1037 862 1105 906 jam
1128 863 1196 896 dies
1229 876 1275 898 res
1309 865 1348 898 ad

344 911 429 946 hunc
455 909 587 942 modum
613 907 642 940 se
666 907 818 941 haberent
843 922 851 944 ;
885 907 964 941 dato
986 910 1107 941 cortice
1133 909 1313 941 Peruviano
1338 933 1347 947 ‚

343 955 439 998 primi
460 953 610 986 omniurn
633 953 762 985 erratici
795 951 844 984 illi
869 952 990 994 rigores
1015 952 1120 985 abiere
1143 972 1153 987 ,
1188 952 1344 993 periodici

343 1007 449 1032 autem
473 995 644 1032 remisere,
667 995 797 1028 demum
821 994 855 1028 hi
878 1007 1007 1038 quoque
1032 995 1093 1028 sine
1117 993 1272 1036 nedeundi
1297 995 1346 1027 fa-

341 1042 395 1074 ἂο
412 1063 420 1077 ,
444 1040 642 1074 incolumem
666 1037 836 1072 foeminam
861 1039 1038 1081 reliquere.
1175 1037 1236 1072 Sed
1259 1038 1344 1072 hiad

340 1084 461 1118 febrim
494 1083 541 1117 sui
565 1084 688 1127 generis
725 1082 863 1124 speRarc
888 1082 970 1115 mihi
1003 1080 1134 1124 quidem
1159 1080 1230 1115 sunt
1255 1080 1311 1114 visi
1336 1107 1343 1114 .

340 1129 518 1161 Tremores
543 1136 647 1160 autem
672 1127 774 1166 alios,
798 1124 963 1159 sebrisium
985 1126 1116 1168 quidem
1141 1124 1346 1164 simillimos,

338 1171 389 1205 sed
411 1183 487 1206 cum
510 1182 587 1205 vero
607 1169 731 1212 frigore
755 1180 819 1202 non
843 1167 1034 1210 conjunEtos
1058 1191 1070 1207 ,
1101 1168 1219 1202 nedum
1242 1169 1345 1202 calore

338 1214 431 1248 nullo
461 1224 613 1256 exceptos
640 1239 648 1253 ,
681 1225 762 1254 quos
787 1224 863 1246 meae
886 1213 1045 1245 Civitatis
1081 1213 1257 1244 Patricium
1283 1212 1346 1244 Vi-

338 1270 410 1291 rum
436 1259 566 1291 alternis
599 1258 750 1290 noetibus
773 1255 917 1289 invasisse
944 1278 953 1293 ,
986 1254 1052 1288 scio
1081 1279 1090 1293 ,
1123 1254 1187 1287 alio
1212 1255 1311 1288 retuli
1334 1281 1345 1296 ,

338 1301 492 1344 ipsosque
517 1301 628 1334 multis
655 1300 767 1342 sponte
791 1301 892 1333 urinis
915 1322 927 1339 ‚
956 1297 1131 1341 multisque
1155 1299 1234 1331 lenis
1247 1298 1342 1340 phar-

338 1347 423 1379 maci
445 1346 569 1379 auxilio
594 1355 647 1386 per
674 1344 781 1376 alvum
805 1342 913 1384 ejeffis
937 1341 1080 1376 sublatos
1104 1339 1172 1375 vidi
1197 1341 1260 1375 sine
1284 1343 1342 1375 illo

337 1391 482 1422 cortice:
506 1394 694 1432 quanquam
719 1386 901 1428 periodicos
925 1384 1080 1428 quosdam
1105 1383 1256 1422 affectus,
1280 1385 1343 1420 five

337 1432 467 1467 febriles
491 1434 514 1465 ii
541 1430 624 1469 sint,
648 1430 697 1463 vel
710 1429 826 1473 absque
849 1442 888 1463 eo
909 1429 987 1471 saepe
1011 1429 1119 1471 abigi,
1144 1430 1344 1471 nemoigno-

337 1487 408 1514 rat,
431 1478 493 1511 five
519 1486 584 1509 non
610 1473 692 1511 sint,
716 1485 757 1507 eo
781 1484 1015 1518 nonnunquam
1039 1473 1205 1515 pervinci,
1231 1484 1246 1505 a
1272 1473 1344 1515 plu-

341 1521 433 1555 ribus
457 1519 648 1554 adnotatum
673 1517 716 1552 est
731 1542 739 1550 .

381 1576 433 1607 30.
459 1562 564 1605 Cujus
599 1564 630 1594 vi
652 1561 782 1595 corticis
815 1559 905 1603 (ubi
932 1571 1102 1602 perpaucas
1125 1583 1137 1600 ,
1169 1560 1202 1592 in
1225 1560 1341 1602 quibus

337 1610 443 1642 minus
468 1605 656 1649 respondere
685 1605 767 1638 visus
791 1604 833 1638 est
856 1626 864 1641 ‚
888 1604 1147 1637 Constitutiones
1168 1606 1308 1646 excipias
1330 1608 1344 1644 )

339 1653 436 1694 longe
460 1651 598 1687 certius,
623 1648 644 1682 si
669 1648 801 1690 quidem
826 1659 865 1680 eo
889 1658 956 1689 quo
980 1658 1035 1688 par
1059 1646 1101 1680 est
1123 1670 1135 1687 ,
1167 1650 1198 1680 δι’
1221 1657 1346 1690 tempo-

340 1708 397 1734 re,
423 1698 453 1727 δι
478 1693 615 1736 pondere
639 1691 801 1728 sumatur,
822 1689 931 1737 febres
956 1690 1123 1732 profligari
1147 1690 1347 1731 periodicas,

338 1741 406 1775 five
431 1738 498 1771 illae
523 1737 746 1771 intermittant
771 1755 781 1771 ,
811 1734 873 1766 slve
898 1744 936 1765 ex
967 1734 1259 1768 intermittentibus
1283 1736 1347 1775 jam

337 1783 400 1817 sint
424 1781 516 1815 faetae
540 1778 665 1813 affiduae
690 1804 696 1815 ,
722 1778 786 1812 sive
809 1776 981 1818 benignae,
1006 1775 1069 1810 five
1092 1777 1243 1818 malignae
1267 1778 1350 1819 sint,

336 1829 368 1861 &
393 1823 601 1868 perniciosae,
628 1834 710 1856 nuuc
735 1820 835 1855 ferme
859 1821 943 1853 inter
965 1830 1076 1853 omnes
1100 1822 1245 1854 constare
1265 1843 1274 1858 ‚
1299 1834 1349 1855 ar-

337 1870 463 1907 bitror,
490 1867 620 1910 quando
645 1867 694 1899 vel
720 1863 875 1908 quosdam
899 1861 1052 1897 nostrates
1074 1862 1244 1900 Medicos‚
1267 1877 1351 1906 quos

337 1916 440 1947 timor
462 1911 545 1944 olim
571 1936 578 1950 ,
614 1912 643 1943 &
667 1909 827 1943 aversatio
859 1906 964 1940 nescio
986 1918 1060 1948 quae
1084 1919 1100 1940 a
1123 1908 1256 1940 corticis
1291 1908 1349 1942 usu

338 1955 580 1991 absterrebant,
605 1952 791 1986 felicissimae
814 1950 957 1993 ejusdem
979 1961 1063 1992 ope,
1088 1950 1348 1994 promptissimae-

336 2013 399 2045 que
434 1997 692 2041 perniciosarum
716 1995 857 2029 febrium
881 1995 1085 2031 curationes,
1109 2006 1189 2037 quas
1213 2006 1229 2027 a
1253 1996 1348 2028 nobis

336 2056 468 2089 quoque
492 2044 526 2075 in
550 2041 719 2084 pluribus,
749 2036 985 2081 splendidisque
1009 2037 1106 2070 etiam
1130 2038 1271 2079 personis
1282 2037 1349 2080 jam

338 2099 412 2123 ante
446 2087 566 2121 multos
591 2095 692 2118 annos
716 2083 871 2125 peraetas
896 2082 1078 2128 viderunt,
1121 2083 1154 2113 in
1179 2081 1347 2115 meliorem

338 2132 494 2167 adducere
518 2137 695 2173 potuerunt
719 2127 910 2159 sententiam
935 2150 942 2157 .
977 2122 1036 2157 Sed
1058 2124 1132 2167 justi
1155 2136 1224 2166 quo
1247 2136 1350 2158 reme-

336 2178 428 2211 dium
453 2174 513 2208 hoc
538 2170 753 2206 exhibendum
777 2168 841 2209 est,
865 2168 1024 2210 temporis
1047 2169 1166 2201 notitia
1183 2168 1347 2202 medentes

338 2221 448 2259 fugere
485 2225 719 2258 nonnunquam
743 2211 846 2256 potest
887 2223 953 2245 non
977 2220 1045 2244 tam
1069 2223 1181 2245 eorum
1204 2214 1237 2246 in
1263 2224 1347 2254 prae-

337 2260 507 2299 sentiendo
531 2260 753 2293 imminentem
786 2257 960 2299 perniciem
985 2256 1108 2288 incuria
1130 2278 1142 2295 ,
1174 2267 1270 2299 quam
1292 2267 1346 2289 ca-

339 2310 371 2343 su
396 2331 405 2346 ‚
443 2307 529 2339 velut
554 2303 670 2337 accidit
696 2303 728 2334 in
750 2299 916 2333 Cardinali
942 2298 1200 2333 Eminentiffimo
1219 2299 1348 2343 Joanne

338 2349 510 2387 Francisco
545 2346 721 2381 Bai-badim
745 2367 755 2381 ,
786 2354 884 2386 quem
909 2343 1049 2389 exitialis
1084 2341 1180 2376 febris
1214 2342 1347 2376 acceffio

339 2396 575 2441 propemodum
611 2389 736 2422 sustulit
771 2387 956 2429 priusquam
991 2387 1078 2419 sebre
1101 2387 1201 2420 teneri
1239 2386 1345 2428 ipsum

341 2438 503 2484 periodica
521 2458 528 2472 ‚
553 2435 623 2468 sciri
648 2430 769 2474 posset.
796 2431 940 2475 Res'per
964 2427 994 2461 se
1022 2452 1033 2468 ‚
1066 2428 1183 2463 nedum
1206 2433 1284 2472 quia
1309 2431 1344 2461 in

342 2483 486 2524 principe
512 2480 598 2513 Viro
621 2477 765 2516 contigit
789 2495 796 2509 ,
821 2483 912 2513 cnjus
939 2473 1000 2505 tibi
1026 2471 1102 2504 alias
1124 2475 1179 2515 (p
1203 2475 1213 2511 )
1238 2472 1346 2505 novis-

343 2527 458 2560 fimum
485 2524 635 2557 morbum
658 2516 807 2557 descripsi
832 2539 840 2553 ,
874 2516 942 2548 sane
964 2516 1062 2557 digna
1099 2514 1141 2548 est
1166 2527 1237 2557 quae
1260 2527 1350 2548 corn-

343 2578 545 2604 memoretur
571 2591 577 2598 .
613 2565 700 2596 Cum
723 2562 809 2594 enim
844 2558 952 2592 statim
976 2558 1032 2591 sub
1066 2558 1234 2592 meridiem
1260 2559 1290 2592 se
1313 2561 1347 2591 in

343 2613 530 2649 cubiculum
557 2606 727 2642 inclusisset
753 2626 761 2640 ‚
797 2614 898 2645 neque
921 2602 1037 2635 ostium
1073 2602 1150 2635 hora
1172 2613 1236 2645 qua
1270 2602 1352 2636 sole-

343 2661 398 2693 bat
425 2681 434 2694 ,
469 2651 643 2688 recluderet
667 2661 678 2688 ,·
711 2647 825 2682 famuli
851 2646 933 2679 nihil
958 2647 1099 2687 primum
1123 2668 1133 2683 ,
1169 2646 1229 2679 nisi
1256 2646 1349 2680 sacris

343 2701 492 2746 precibus
516 2720 525 2735 ‚
549 2705 603 2730 aut
628 2693 766 2728 leffione
789 2690 912 2723 diutius
935 2687 1091 2726 detineri,
1118 2687 1221 2729 pbstea
1246 2699 1353 2722 autem

344 2757 418 2781 cum
442 2743 506 2785 jam
533 2736 822 2780 advesperasceret,
848 2733 922 2766 mali
948 2732 1072 2774 aliquid
1097 2731 1251 2773 suspicati
1275 2756 1288 2772 ‚
1310 2745 1348 2766 o-

345 2791 440 2824 ssium
466 2787 582 2820 leniter
606 2806 617 2822 ‚
640 2780 756 2815 deinde
779 2789 853 2811 cum
877 2774 1082 2818 responderet
1107 2787 1202 2809 nemo
1224 2797 1234 2813 ‚
1269 2777 1351 2809 vali-

347 2833 439 2868 dius,
467 2830 514 2863 sed
541 2825 677 2863 frustra,
704 2821 863 2864 pulsantes
886 2843 898 2860 ,
929 2818 1233 2862 inclamantesque,
1257 2819 1352 2852 deni-

347 2888 409 2920 que
434 2886 488 2917 per
512 2870 679 2906 fenestram
704 2864 852 2910 ingressi,
878 2863 992 2898 herum
1018 2863 1081 2896 sine
1107 2875 1206 2899 voce,
1231 2861 1317 2895 sensu
1343 2887 1353 2902 ,

347 2929 437 2955 motu
464 2916 619 2959 jacentem
644 2915 858 2945 invenerunt.
884 2906 1065 2940 Accersitus
1088 2904 1254 2940 confestim
1278 2907 1356 2939 Mea

348 2965 439 2998 dicus
464 2969 579 2992 nraeter
602 2956 669 2990 haec
696 2954 777 2987 mala
801 2974 811 2989 ,
839 2962 909 2993 quae
934 2961 1041 2984 tamen
1067 2953 1167 2993 magis
1191 2949 1355 2992 magisque

351 3007 416 3049 jam
441 2993 649 3037 remittebant
675 3020 683 3034 ‚
716 2995 921 3030 convulfivos
956 2995 1126 3028 tendinum
1158 2992 1317 3027 subsultus
1341 3016 1353 3033 ‚

349 3050 534 3090 febrimque
557 3041 766 3086 deprehendit
789 3064 795 3070 .
820 3038 904 3081 Quae
929 3063 938 3078 ‚
971 3039 1094 3071 caeteris
1116 3038 1180 3070 illis
1203 3037 1355 3070 omnibus

350 3097 435 3128 intra
460 3089 607 3125 horulam
634 3097 686 3127 per
710 3084 738 3117 se
763 3083 953 3115 abeuntibus
976 3104 985 3119 ,
1021 3093 1081 3115 una
1105 3080 1222 3115 restitit
1246 3105 1254 3112 .
1290 3082 1354 3113 Po-

351 3136 460 3171 stridie
487 3143 578 3167 mane
605 3126 831 3162 Vallisnerius‚
852 3127 885 3157 &
910 3137 970 3167 ego
983 3125 1198 3159 advocamur.
1224 3124 1352 3164 Qaeri.

352 3191 423 3216 mr,
449 3180 521 3221 quis
545 3199 553 3213 ‚
591 3177 619 3206 &
643 3171 727 3205 unde
751 3170 846 3203 suerit
872 3169 1032 3202 hesternus
1058 3169 1112 3202 ille
1135 3168 1318 3210 repentinus
1342 3190 1354 3207 ,

353 3227 384 3257 &
410 3221 608 3255 oraviffimus
633 3215 783 3251 rnorbus3
807 3224 901 3255 quem
926 3211 1023 3245 febris
1049 3212 1179 3245 solverit
1202 3234 1215 3251 ‚
1247 3220 1283 3244 ut
1307 3211 1357 3243 vi-

353 3251 506 3300 debitur.
533 3263 653 3295 Narrat
678 3257 826 3291 Medicus
849 3277 858 3291 ,
882 3255 1050 3298 erysipelas
1075 3266 1138 3288 non
1164 3255 1275 3287 multis
1298 3264 1357 3286 an.

357 3321 386 3343 te
409 3309 521 3342 diebus
547 3310 579 3338 in
614 3303 694 3337 facie
719 3298 894 3344 apparuisse
918 3324 925 3332 .
966 3300 1089 3332 Verum
1115 3299 1194 3332 aeris
1225 3296 1357 3331 fortaffe

355 3352 512 3395 injuriis,
549 3356 616 3381 erat
641 3349 725 3378 enim
750 3354 923 3378 autumnus
951 3345 989 3375 A.
1019 3353 1108 3383 ¹729.
1134 3351 1216 3384 :eger
1250 3351 1357 3374 autem

355 3398 457 3438 magis
489 3394 527 3428 de
552 3392 613 3425 suis
645 3388 890 3431 Episcopalibus
927 3387 1045 3419 muniis
1069 3409 1078 3424 ,
1113 3396 1210 3427 quam
1233 3384 1280 3434 de·
1294 3383 1322 3418 se
1346 3408 1355 3424 ,

356 3440 518 3474 solstitiis,
544 3444 709 3476 nunquam
732 3431 919 3464 decumbere
944 3429 1091 3462 voluerat
1110 3451 1123 3468 ,
1145 3439 1248 3470 neque
1272 3437 1357 3461 intra

357 3483 546 3517 cubiculum
570 3478 598 3510 se
620 3477 807 3510 continere,
832 3473 1011 3506 introrsum
1036 3471 1216 3513 repulsum,
1241 3472 1278 3504 de
1300 3473 1360 3504 im-

359 3525 487 3568 proviso
512 3519 688 3557 evanuisse.
715 3517 864 3551 Hesterni
891 3517 996 3550 morbi
1022 3515 1050 3548 se
1074 3513 1156 3548 nihil
1181 3513 1240 3547 nisi
1264 3514 1360 3547 finem

360 3569 491 3603 vidisse:
515 3576 610 3609 quem
637 3573 741 3596 autem
767 3561 951 3594 admodum
975 3558 1162 3600 ingruisset,
1188 3569 1227 3591 ne
1240 3568 1362 3599 aegrum

643 134 801 188 Liber
834 134 926 188 IV.
960 133 1045 185 De
1082 134 1288 188 Morbis
1326 133 1683 203 Chirurgicis2
1716 135 1773 187 δι
1812 133 2213 187 Universalibus

1405 211 1536 255 quidem
1561 213 1639 247 scire
1661 235 1673 253 ,
1704 225 1777 246 cum
1801 214 1881 256 quid
1912 215 1972 247 sibi
1998 222 2049 246 tot
2072 213 2136 247 illis
2160 213 2250 247 horis
2274 212 2410 249 accidis-

1405 256 1472 293 set,
1498 268 1600 299 neque
1624 266 1695 296 tum
1720 256 1853 292 sensisset
1877 281 1890 298 ,
1912 269 1969 291 nec
1992 256 2091 289 modo
2114 255 2200 290 aliud
2227 258 2410 291 reminisce-

1405 309 1492 333 retur
1508 323 1521 339 ‚
1542 299 1600 332 nisi
1625 299 1679 339 se,
1701 302 1788 341 quasi
1811 314 1828 335 a
1850 301 2035 343 tempestate
2046 299 2240 341 frigidulum
2255 327 2264 340 ‚
2288 302 2408 334 lectum

1403 342 1547 385 petiisse.
1572 343 1652 377 Haec
1676 346 1783 376 eadem
1808 356 1892 386 aeger
1915 343 2152 383 confirmabat,
2177 354 2274 385 quem
2287 344 2406 382 alacri,

1402 396 1438 419 ut
1462 386 1582 419 solebat
1606 409 1618 426 ,
1641 387 1812 428 erectoque
1836 389 1946 421 animo
1966 389 2148 421 invenimus
2166 409 2180 423 ,
2218 386 2282 428 jam
2306 388 2408 421 levius

1401 430 1564 472 leviusque
1587 428 1853 470 febricitantem,
1877 430 1968 463 nullo
1992 442 2103 463 eorum
2125 441 2196 472 quae
2220 429 2321 471 pridie
2335 430 2407 465 fue-

1401 482 1472 506 rant
1498 497 1507 511 ,
1530 472 1668 515 vestigio
1693 472 1875 513 superstite.
1900 474 1984 516 Quae
2007 472 2132 507 tametsi
2159 485 2257 514 quem
2270 476 2402 516 proprie

1400 517 1438 550 ad
1465 516 1614 550 morbum
1639 515 1830 550 referremus
1847 541 1860 559 ,
1884 528 1947 549 non
1973 528 2034 550 una
2056 517 2096 551 de
2119 517 2208 551 causa
2232 516 2410 552 dubitaba-

1399 570 1491 596 mus;
1514 559 1637 602 aliquid
1660 569 1766 593 tamen
1793 560 1924 595 monstri
1948 562 2036 593 intus
2060 561 2101 593 ali
2126 585 2135 599 ,
2172 572 2246 594 cum
2271 561 2403 602 Hippo-

1397 604 1496 639 cratis
1521 603 1724 645 aphorismus
1749 603 1801 645 (q
1824 608 1834 643 )
1858 628 1871 644 ‚
1895 614 1965 637 tum
1990 606 2076 637 ratio
2098 615 2229 647 quoque
2252 604 2318 647 ipsa
2341 604 2404 638 du-

1399 648 1504 681 bitare
1537 658 1600 680 non
1625 645 1771 680 sinebant
1796 673 1803 680 .
1840 648 1935 680 Hanc
1958 648 2059 689 igitur
2082 671 2092 685 ,
2128 647 2283 689 illumque
2308 648 2407 680 secuti

1398 693 1520 725 interea
1548 689 1626 724 dum
1649 691 1765 723 clarius
1799 690 1928 734 aliquod
1953 690 2059 724 lumen
2091 690 2238 724 existeret
2263 714 2271 727 ,
2307 701 2406 724 mate-

1399 737 1482 769 riam
1504 732 1720 775 erysipelatis,
1744 745 1815 777 quae
1839 733 2015 767 introrsum
2038 733 2173 776 regressa
2188 761 2196 772 ‚
2224 745 2376 776 magnum
2392 757 2402 772 ,

1399 788 1435 812 ut
1459 778 1525 819 jam
1550 776 1717 818 ccepiss'eu
1744 775 1829 818 posse
1852 776 1957 811 rursus
1983 776 2096 810 afferre
2109 778 2287 819 periculum
2313 778 2409 811 vide-

1399 824 1516 860 batur,
1540 820 1722 853 extrorsum
1748 822 1864 854 iterum
1890 820 2004 862 pellere
2029 831 2180 860 oportere
2206 846 2214 859 ‚
2251 821 2346 855 facile
2370 833 2406 853 a-

1399 865 1590 908 gnovimus,
1615 867 1646 897 &
1661 864 1811 903 Medico,
1834 864 1908 897 Seni
1933 865 2046 906 utique
2062 866 2265 906 experienti,
2289 868 2319 897 ἃ
2334 864 2403 907 spe-

1396 911 1485 943 &cato
1509 930 1518 945 ,
1554 905 1660 942 assensi
1685 906 1791 941 sumus
1814 930 1825 945 ‚
1856 909 1912 949 qui
1939 905 2001 947 jam
2028 910 2131 948 prima
2163 908 2219 941 illa
2245 909 2338 942 noete
2361 909 2403 941 iis

1396 953 1480 986 datis
1502 963 1574 994 quae
1597 950 1660 983 sine
1684 952 1777 984 turba
1802 950 1840 984 ad
1863 960 1971 984 cutem
1995 950 2113 984 ferrent
2135 973 2142 988 ,
2166 951 2397 994 obsequentem

1398 1006 1545 1029 naturam
1571 993 1727 1028 habuerat
1753 1018 1763 1033 ‚
1796 1005 1829 1027 ut
1854 996 1885 1026 δέ
1908 994 2006 1027 noctu
2031 993 2125 1028 sudor
2149 1020 2157 1033 ,
2190 1000 2220 1028 ὄι
2243 1004 2320 1028 tunc
2345 995 2405 1035 ali-

1395 1041 1467 1082 quis
1491 1037 1593 1073 adhuc
1617 1037 1728 1070 mador
1752 1037 1936 1081 sequeretur
1959 1063 1966 1070 .
2009 1038 2051 1070 Et
2076 1048 2150 1070 toto
2187 1039 2317 1081 quidem
2342 1039 2401 1071 illo

1397 1084 1450 1116 die
1473 1082 1553 1116 novi
1575 1106 1583 1121 ,
1606 1080 1695 1123 quod
1720 1081 2045 1114 animadverteremus
2069 1103 2078 1118 ,
2109 1080 2190 1115 nihil
2215 1080 2278 1115 fuit
2304 1107 2311 1114 .
2347 1081 2405 1115 Sed

1398 1126 1489 1159 ηοᾶε
1513 1126 1662 1168 proxima
1685 1136 1756 1157 ecce
1780 1123 1903 1158 febrilis
1929 1123 2079 1163 acceffio,
2103 1136 2175 1167 quae
2200 1134 2306 1159 tamen
2322 1134 2405 1167 prae-

1397 1178 1445 1202 ter
1467 1168 1621 1211 quosdam
1644 1167 1846 1202 convulsivos
1881 1168 2050 1201 tendinum
2085 1163 2243 1202 subsultus
2266 1190 2275 1206 ,
2320 1167 2403 1202 nihil

1395 1211 1573 1254 quidquam
1599 1223 1694 1253 grave
1729 1210 1869 1244 ostendit
1893 1212 1991 1253 usque
2028 1210 2066 1244 ad
2090 1211 2259 1245 meridiem
2285 1236 2292 1244 .
2319 1212 2400 1254 Qo

1394 1257 1524 1289 demum
1549 1266 1694 1296 tempore
1719 1264 1773 1288 aut
1798 1254 1907 1288 eadem
1933 1279 1941 1291 ,
1966 1264 2019 1287 aut
2043 1254 2140 1288 altera
2165 1256 2273 1296 potius
2298 1256 2407 1289 acces-

1394 1300 1440 1333 sio
1461 1307 1513 1332 tot
1538 1298 1629 1333 simul
1653 1323 1665 1340 ‚
1697 1308 1828 1339 tamque
1851 1296 2004 1331 horrifica
2045 1298 2127 1331 mala
2159 1298 2300 1340 protulit
2325 1323 2334 1338 ,
2366 1309 2407 1332 ut

1394 1343 1552 1376 continuo
1564 1353 1672 1376 omnes
1695 1341 1916 1375 arcesseremur
1931 1366 1938 1374 .
1963 1343 2100 1383 AEgrum
2115 1342 2295 1375 invenimus
2310 1369 2318 1382 ‚
2344 1344 2401 1384 qui

1395 1398 1452 1420 nec
1476 1387 1587 1429 loqui,
1611 1397 1668 1419 nec
1692 1387 1852 1427 percipere
1875 1383 2054 1427 quidquam
2080 1383 2180 1428 posset
2204 1408 2216 1425 ‚
2237 1396 2313 1418 cum
2335 1383 2402 1418 dif-

1397 1430 1541 1463 ficillima
1568 1430 1775 1472 respiratione
1799 1429 2003 1467 stertentem,
2029 1429 2226 1471 apopleetici
2247 1428 2384 1462 similem
2399 1453 2408 1468 ,

1396 1473 1456 1507 nisi
1481 1473 1604 1507 assiduis
1628 1473 1796 1506 tendinum
1821 1471 2016 1506 subsultibus
2040 1473 2237 1516 agitaretur,
2263 1471 2404 1515 pulsibus·

1397 1526 1507 1551 autem
1531 1517 1732 1560 perobscuris
1747 1540 1755 1554 ‚
1778 1518 1810 1549 &
1833 1515 1916 1549 nihil
1941 1518 2101 1557 prementi
2125 1515 2233 1558 digito
2257 1515 2404 1549 resisten—

1397 1561 1482 1594 tibus
1507 1587 1515 1594 .
1546 1561 1641 1594 Tunc
1665 1561 1831 1593 enimvero
1856 1557 2061 1593 manifestum
2085 1559 2148 1593 fuit
2179 1565 2245 1602 quo
2268 1558 2406 1593 nudius-

1397 1605 1511 1638 tertius
1546 1603 1660 1637 morbo
1684 1611 1850 1644 correptus
1873 1600 1947 1636 esset
1973 1628 1982 1643 ,
2014 1602 2165 1645 hancque
2180 1600 2239 1636 esse
2272 1604 2407 1637 alteram

1399 1646 1665 1691 perniciosissimae
1691 1648 1838 1679 tertianae
1862 1644 1960 1679 febris
1984 1645 2185 1680 accessionem
2213 1669 2221 1683 ,
2244 1658 2316 1689 quae
2340 1648 2406 1689 pri-

1399 1703 1458 1724 mae
1484 1691 1534 1724 illi
1556 1712 1568 1730 ,
1592 1701 1626 1723 ut
1651 1690 1729 1724 hora
1756 1715 1764 1729 ,
1798 1691 1845 1722 ita
1868 1690 1964 1723 etiam
1987 1690 2148 1732 gravitate
2173 1713 2182 1728 ,
2217 1693 2248 1723 δι
2272 1701 2408 1724 numero

1402 1733 1661 1776 symptomatum
1684 1733 1888 1775 responderet
1914 1757 1922 1771 ,
1955 1734 2005 1766 vel
2031 1735 2140 1775 potius
2171 1733 2372 1766 antecelleret
2397 1758 2406 1767 .

1402 1777 1568 1818 Nec‘spes
1590 1787 1657 1811 erat
1680 1787 1733 1820 per
1757 1787 1790 1810 ea
1814 1786 1885 1818 quae
1909 1780 2047 1809 exterius
2071 1776 2241 1810 dumtaxat
2263 1786 2341 1810 tunc
2361 1775 2409 1809 fa-

1401 1832 1471 1854 cere
1493 1821 1623 1859 liceret,
1647 1822 1823 1853 imminens
1846 1819 1985 1852 exitium
2007 1819 2218 1860 retardandi‚
2239 1831 2314 1853 cum
2339 1831 2406 1853 ma-

1402 1865 1431 1898 la
1454 1865 1565 1897 omnia
1580 1889 1588 1903 ‚
1613 1876 1684 1907 quae
1708 1862 1807 1897 modo
1830 1861 1971 1896 diximus
1995 1888 2003 1902 ,
2038 1865 2140 1905 magis
2164 1863 2328 1906 magisque
2351 1862 2410 1897 sub

1401 1907 1503 1940 oculis
1522 1931 1530 1945 ,
1557 1906 1765 1949 manibusque
1789 1907 1905 1940 nostris
1928 1906 2179 1948 ingravescerent
2203 1918 2213 1944 3
2248 1916 2284 1940 ut
2308 1918 2345 1940 ex
2369 1908 2410 1938 iis

1401 1953 1459 1993 qui
1484 1950 1658 1989 viderunt3
1682 1950 1863 1991 complures
1889 1959 1996 1983 autem
2022 1950 2170 1983 viderunt
2193 1963 2203 1987 ;
2228 1949 2327 1984 fuerit
2352 1961 2408 1983 ne-

1401 2005 1479 2033 mo,
1503 1996 1583 2036 quin
1609 2005 1670 2037 pro
1692 2002 1780 2027 certo
1804 1991 1935 2026 haberet
1957 2016 1971 2033 ,
2004 2004 2039 2026 ac
2062 2004 2117 2035 per
2152 1993 2265 2027 urbem
2300 2003 2406 2027 totam

1402 2038 1608 2079 inexpecstato
1630 2038 1751 2080 optimi
1774 2035 1913 2068 Pastoris
1936 2036 2006 2070 casu
2031 2037 2207 2078 perculsam
2229 2060 2242 2077 ,
2266 2048 2410 2079 pronun.

1401 2082 1527 2121 ciaret‚
1549 2092 1629 2114 mox
1649 2081 1709 2114 esse
1733 2080 1929 2113 moriturum
1955 2104 1962 2111 .
1989 2081 2068 2120 Quo
2091 2081 2147 2113 etsi
2174 2082 2207 2113 in
2234 2090 2323 2114 metu
2349 2091 2409 2122 ego

1400 2135 1531 2167 quoque
1554 2136 1664 2163 eram3
1690 2123 1819 2167 speculae
1842 2132 1949 2156 tamen
1974 2124 2098 2165 aliquid
2122 2123 2295 2166 superesse,
2321 2125 2410 2157 dice-

1399 2168 1497 2205 bam,
1522 2169 1547 2202 fi
1573 2168 1659 2202 forte
1684 2167 1752 2202 haec
1777 2167 1898 2210 pariter
1923 2167 2076 2207 acceffio,
2097 2175 2133 2200 ut
2158 2168 2269 2210 prior,
2293 2169 2408 2201 remit-

1398 2221 1500 2249 teret,
1524 2210 1546 2245 si
1571 2223 1636 2246 non
1661 2212 1771 2245 eadem
1794 2210 1897 2250 hora,
1919 2211 2039 2253 quippe
2062 2212 2192 2253 gravior
2219 2233 2228 2249 ,
2251 2221 2283 2245 at
2308 2223 2367 2245 una
2394 2233 2405 2248 ‚

1400 2265 1456 2289 aut
1481 2254 1578 2289 altera
1600 2255 1739 2289 tardius.
1765 2256 1881 2297 Itaque
1904 2254 1942 2286 ab
1965 2253 2059 2288 sociis
2084 2253 2247 2294 Medicis,
2271 2254 2329 2289 sub
2344 2255 2411 2288 ves·

1401 2309 1510 2342 peram
1526 2320 1536 2336 ‚
1559 2309 1714 2341 tanquam
1738 2310 1754 2331 a
1778 2296 2007 2337 conclamato,
2028 2297 2267 2333 discedentibus
2286 2321 2298 2338 ,
2321 2310 2412 2342 quaa-

1399 2342 1481 2379 sivi,
1506 2353 1585 2377 num
1608 2342 1784 2385 quidquam
1805 2364 1815 2379 ,
1839 2341 1860 2375 si
1888 2340 2015 2374 accessio
2041 2343 2221 2377 remitteret
2247 2365 2255 2380 ‚
2288 2342 2411 2375 obstare

1400 2385 1566 2421 crederent
1588 2397 1654 2428 quo
1679 2391 1784 2419 minus
1810 2384 2020 2418 Peruvianum
2045 2386 2198 2419 corticem
2211 2386 2342 2420 darem:
2370 2385 2414 2418 il-

1399 2430 1423 2463 li
1448 2441 1547 2469 vero,
1571 2428 1594 2462 si
1618 2429 1716 2463 modo
1739 2428 1808 2462 fieri
1833 2427 1953 2471 posset,
1979 2438 2017 2462 ut
2039 2430 2162 2462 interea
2186 2431 2332 2472 nequein
2357 2441 2410 2461 ce-

1400 2473 1495 2506 rebro
1515 2494 1527 2512 ‚
1560 2483 1661 2514 neque
1685 2474 1717 2505 in
1742 2472 1952 2515 pulmonibus
1974 2471 2099 2514 sanguis
2123 2475 2318 2515 pertinacius
2342 2471 2408 2505 hae-

1399 2527 1470 2551 rere
1492 2514 1656 2558 coepisset,
1682 2514 1825 2549 assentiri
1848 2515 1877 2548 se
1892 2538 1900 2552 ,
1925 2513 2180 2556 responderunt.
2317 2516 2409 2547 Intra

1400 2559 1519 2602 primas
1543 2560 1646 2592 nostis
1669 2559 1763 2592 horas
1787 2558 1943 2601 paulatim
1970 2558 2074 2599 pulsus
2099 2561 2206 2593 minus
2232 2559 2331 2591 malos
2350 2558 2408 2591 fie-

1402 2606 1454 2642 ri,
1478 2606 1508 2635 &
1532 2613 1681 2645 apparere
1706 2601 1876 2638 sudorem,
1899 2602 2133 2635 animadverti:
2159 2601 2274 2636 deinde
2300 2601 2410 2634 sensim

1402 2648 1524 2688 pariter
1539 2670 1547 2685 ,
1569 2646 1746 2688 sensimque
1769 2655 1888 2687 aegrum
1913 2644 1950 2678 ad
1976 2644 2002 2677 se
2028 2644 2151 2682 redire,
2176 2649 2207 2679 &
2230 2646 2314 2678 intra
2339 2657 2410 2678 eam

1404 2690 1555 2726 nostem,
1580 2701 1641 2731 qua
1665 2688 1730 2730 ipse
1753 2688 1887 2722 domum
1912 2689 2028 2721 reverti
2053 2688 2145 2722 nolui
2168 2713 2177 2728 ,
2204 2689 2347 2723 exitialia
2374 2700 2411 2721 o-

1405 2734 1492 2766 mnia
1513 2732 1729 2775 symptomata
1754 2729 1881 2774 prorsus
1903 2731 2106 2770 evanescere;
2131 2742 2165 2765 ut
2191 2730 2317 2766 summo
2343 2743 2411 2765 ma-

1404 2787 1464 2816 ne,
1488 2776 1633 2809 restituta
1657 2776 1857 2818 deglutiendi
1883 2774 2053 2812 facultate,
2080 2779 2110 2807 ὅ(
2134 2775 2217 2808 febri
2242 2777 2278 2809 ad
2294 2774 2407 2817 justam

1402 2819 1616 2853 remissionem
1630 2820 1799 2861 perdu&a‚
1822 2817 1886 2860 jam
1901 2818 1974 2851 esset
2000 2818 2263 2853 remediolocus.
2290 2818 2412 2856 Quod,

1405 2863 1500 2897 sicuti
1533 2865 1565 2896 in
1599 2862 1757 2904 ejusmodi
1792 2861 1982 2905 gravissimis
2015 2863 2168 2903 periculis
2201 2862 2304 2896 facere
2336 2874 2412 2896 cum

1402 2907 1552 2942 ‚Eximiis
1575 2906 1713 2940 Medicis
1736 2904 1849 2939 solitus
1871 2898 1961 2945 sum,
1986 2914 2055 2939 tum
2080 2918 2119 2939 ex
2141 2905 2253 2939 iisdem
2277 2907 2415 2939 cortici-

1406 2951 1465 2985 bus
1490 2952 1634 2993 apparari
1659 2960 1749 2983 antea
1773 2948 1945 2991 jusseram,
1969 2960 2033 2982 non
2046 2960 2190 2991 quorum
2215 2949 2331 2990 species
2346 2948 2414 2982 sen-

1409 2994 1500 3028 suum
1512 2994 1683 3028 dumtaxat
1709 2994 1814 3026 fallaci
1838 2993 2133 3026 interdumindicio
2158 2993 2186 3026 se
2209 2996 2310 3035 magis
2323 3004 2414 3026 com-

1407 3039 1570 3071 mendaret
1594 3063 1602 3075 ‚
1628 3036 1680 3071 sed
1705 3048 1842 3079 quorum
1866 3048 1927 3078 ope
1951 3037 2203 3070 intermittentes
2228 3035 2330 3070 febres
2355 3048 2415 3078 pro

1407 3091 1498 3115 certo
1520 3081 1645 3114 abaetis
1669 3079 1750 3120 esse,
1772 3079 1929 3113 constaret
1955 3102 1964 3117 ‚
1999 3090 2070 3113 tum
2095 3080 2133 3113 ad
2158 3079 2351 3113 semunciam
2378 3082 2413 3113 in

1406 3126 1513 3167 primo
1537 3123 1647 3158 haustu
1661 3123 1851 3158 sumendum
1874 3122 1946 3156 dedi
1961 3120 2156 3166 {reliquum
2168 3133 2274 3157 autem
2290 3145 2298 3159 ‚
2325 3121 2414 3165 quod

1407 3170 1544 3209 triplum
1567 3178 1655 3205 erat,
1680 3169 1715 3201 in
1739 3166 1842 3200 multo
1855 3169 1992 3200 minores
2016 3176 2119 3209 partes
2143 3178 2196 3209 per
2221 3166 2300 3208 justa
2312 3168 2415 3200 inter-

1408 3211 1491 3245 valla
1513 3211 1663 3244 distribui
1689 3235 1696 3243 .
1729 3211 1838 3252 anue
1861 3213 1987 3244 ratione
2010 3209 2173 3244 consecuti
2198 3209 2305 3243 sumus
2331 3236 2338 3249 ,
2374 3221 2413 3242 ne

1408 3256 1573 3297 ingrueret
1597 3253 1727 3287 accessio
1750 3255 1866 3292 tertia,
1891 3253 2003 3296 procul
2026 3254 2128 3287 dubio
2151 3264 2271 3296 aegrum
2286 3275 2295 3291 ,
2318 3264 2416 3296 quern

1408 3298 1541 3332 secunda
1564 3309 1664 3340 prope
1687 3295 1887 3334 confecerat,
1914 3298 2096 3331 sublatura.
2228 3296 2284 3329 Sed
2310 3306 2347 3329 ne
2371 3295 2414 3329 se-

1408 3342 1512 3374 cunda
1536 3342 1667 3384 quidem
1683 3339 1851 3383 ingruisset
1870 3368 1878 3381 ,
1901 3340 1968 3373 siin
1994 3343 2105 3383 primae
2129 3340 2306 3373 remiffione
2330 3338 2414 3372 idem

1408 3381 1511 3418 facere
1533 3384 1666 3418 venisset
1691 3385 1725 3417 in
1749 3394 1907 3417 mentem.
1934 3384 2012 3417 Non
2038 3385 2126 3417 venit
2140 3393 2267 3423 autem,
2293 3385 2416 3415 intr‘or-

1411 3427 1478 3461 sum
1504 3426 1582 3460 verfi
1607 3427 1826 3469 ervfipelatis,
1850 3427 1937 3470 quod
1960 3436 2086 3461 certum
2111 3437 2177 3460 erat
2200 3452 2208 3465 ‚
2241 3427 2408 3459 materiam

1413 3471 1652 3513 speetantibus‚
1677 3483 1740 3504 non
1765 3471 1885 3504 febris:
1909 3482 2026 3513 quam,
2054 3470 2352 3504 non‘consecutam,
2380 3477 2416 3500 ut

1414 3514 1527 3555 saepius
1553 3514 1632 3547 solet
1649 3538 1656 3551 ,
1683 3515 1764 3547 mala
1788 3515 1845 3548 illa
1869 3513 2049 3556 gravissima
2074 3536 2083 3551 ‚
2112 3514 2161 3546 sed
2186 3511 2325 3546 attulisse
2350 3535 2360 3549 ,
2384 3515 2414 3543 &

1414 3558 1612 3599 periodicam
1635 3558 1692 3591 csse
1717 3580 1726 3595 ‚
1751 3559 1823 3600 quis
1846 3556 2006 3591 divinaret
2030 3556 2045 3590 ,ἓ
2076 3557 2206 3599 quando
2228 3567 2329 3604 neque
2354 3555 2418 3588 ini-

2291 3609 2375 3631 tium

382 3694 2178 3711 W

421 3759 466 3789 (p
483 3758 496 3786 )
514 3756 585 3786 Epist.
604 3764 638 3785 13·
657 3764 681 3781 n.
700 3764 721 3785 3·
783 3755 827 3783 (q
844 3753 858 3782 )
874 3763 913 3786 ²5.
931 3751 990 3778 Sest
1009 3755 1031 3776 6„
