2498 4075
466 158 559 222 176

391 239 620 276 demonstratis
634 261 643 277 ,
670 238 738 273 haec
761 243 876 283 praet'er
898 248 1045 274 naturam
1077 242 1199 278 offendi
1222 270 1231 280 .
1255 246 1393 279 Ventri-

390 286 483 319 culus
507 294 576 331 erat
596 283 883 330 amplum-vixque
906 285 979 319 ullis
1010 295 1084 317 cum
1118 290 1205 329 rugis
1229 312 1236 320 .
1281 289 1391 330 Hepar

387 339 488 370 equo
512 337 614 368 maius
630 347 641 362 ‚
665 335 700 360 ut
723 337 791 368 ejus
814 338 945 370 quoque
977 328 1094 361 arteria
1118 353 1126 362 .
1165 331 1269 364 Renes
1291 335 1391 365 *cica-

386 372 525 408 tric0fi;
548 368 599 403 sed
622 370 711 411 penis
734 370 822 410 glans
846 373 972 413 magis,
987 371 1108 413 quippe
1130 373 1174 407 ob
1196 386 1323 415 magnas
1344 376 1393 408 ci-

389 414 523 447 catrices
547 411 697 445 informis
720 411 828 453 fasta,
850 415 881 445 &
905 414 1040 455 exigua.
1066 413 1145 448 Inde
1178 418 1306 451 urethra
1353 418 1391 452 ad

388 459 521 490 tertiam
544 455 642 498 usque
666 454 728 489 suae
752 454 1114 500 longitudinispartem.
1131 455 1292 494 coaretata
1323 470 1392 494 erat

389 498 664 534 manifestiffime:
687 509 790 542 neque
813 498 896 532 ullus
919 498 1053 545 usquam
1087 512 1126 533 ex
1159 504 1198 535 iis
1242 505 1391 546 apparuit

386 553 469 587 quos
489 553 552 585 ego
574 542 727 584 proposui
749 545 764 580 (
785 551 807 574 x
826 544 862 580 ),
889 542 1069 584 maioribus
1091 546 1394 591 canaliculis,quo-

384 597 457 622 rum
481 584 582 618 ferme
605 586 712 618 locum
737 583 864 617 tenebat
887 585 973 620 linea
997 587 1200 628 interrupta,
1225 601 1321 633 quam
1346 600 1394 624 te-

383 631 458 663 nuis
480 626 695 662 excrescentia
719 627 913 661 luxuriantis
935 630 1039 661 carnis
1062 628 1204 665 faciebat
1219 659 1226 666 .
1261 635 1389 667 Caetera

380 673 420 706 ad
445 672 580 706 vesicam
603 670 700 714 usque
724 679 902 711 perattente
925 672 1128 713 examinata,
1151 675 1319 715 &,incisa,
1340 678 1389 709 ni-

380 714 430 750 hil
454 714 659 750 ostenderunt
684 714 780 747 vitii:
804 723 840 747 ut
864 725 965 756 neque
989 715 1126 756 larynx5
1161 715 1183 750 fi
1217 720 1388 761 epiglotti-

380 760 455 795 dem
477 761 582 793 minus
604 758 712 791 sanam
735 757 895 799 excipias.
1027 758 1150 801 Magna
1173 770 1279 795 autem
1303 771 1389 797 arte-

380 805 429 839 ria
452 804 540 836 intus
562 800 728 843 inaequaJis
742 825 753 840 ,
775 800 885 833 offium
910 799 1158 842 inchoamenta,
1182 805 1215 837 δε
1230 806 1389 840 corrosio-

379 849 449 885 nis,
473 846 621 888 quamvis
643 843 832 890 obscuriora
847 866 856 881 ,
881 843 1018 879 habebat
1044 845 1166 879 indicia
1189 859 1197 880 :
1232 857 1386 891 praeterea

377 891 476 934 paulo
500 888 592 930 supra
615 898 671 920 cor
692 886 776 928 justo
799 887 898 920 latior
920 887 1036 922 fiebat.

421 946 476 977 40.
501 930 634 965 SENIS
657 931 815 976 peregrini
840 929 974 964 cadaver
1004 931 1127 966 ibidem
1160 945 1215 977 per
1261 935 1387 971 eosdem

376 977 480 1012 ferme
502 976 568 1009 dies
593 974 720 1015 incidi,
743 984 834 1015 cuius
856 975 915 1017 qui
940 973 1070 1008 fuissent
1104 979 1211 1011 caeteri
1245 980 1351 1013 morbi
1374 1002 1384 1018 ,

375 1021 412 1054 in
436 1021 514 1054 meis
536 1018 659 1052 schedis
682 1028 748 1051 non
772 1017 947 1052 adnotavi.
973 1018 1117 1053 Venerea
1141 1021 1193 1055 lue
1216 1021 1309 1056 fuiffe
1333 1024 1385 1056 in-

373 1063 499 1098 fectum
523 1064 644 1104 pariter
667 1072 701 1095 ac
719 1061 881 1110 juvenem
903 1060 943 1095 de
965 1072 1033 1104 quo
1056 1062 1155 1098 modo
1177 1064 1359 1099 dietum-est
1374 1088 1383 1104 ‚

377 1119 452 1151 quae
477 1106 659 1141 adscribam
685 1127 695 1143 ‚
727 1105 801 1138 {atis
843 1104 1011 1138 ostendent
1035 1129 1043 1136 .
1173 1108 1381 1143 VENTRE

374 1152 465 1184 enirn
491 1161 622 1192 ψει-ιο,
653 1160 727 1183 cum
749 1158 862 1181 renum
887 1149 1025 1194 alterurn
1057 1150 1235 1185 maximum
1259 1164 1280 1192 ,¹
1303 1153 1381 1187 alte-

372 1205 446 1228 rum
470 1193 553 1235 justo
576 1192 828 1227 contraffiorem
849 1190 1073 1232 ostendissem,
1097 1192 1256 1237 hujusque
1279 1205 1382 1230 urete-

371 1250 439 1272 rem
464 1249 565 1279 prope
589 1245 699 1270 totum
721 1233 801 1268 adeo
821 1234 1016 1274 dilatatum,
1039 1245 1075 1269 ut
1099 1238 1225 1278 apicem
1249 1240 1378 1273 minimi

368 1282 433 1316 mei
456 1280 554 1322 digiti
577 1278 790 1319 admitteret,
813 1275 949 1311 vesicam
973 1287 1080 1312 autem
1104 1282 1274 1322 magnam,
1295 1283 1379 1316 cras.

368 1325 408 1359 fis
430 1321 629 1366 parietibus,
656 1322 883 1368 purulentam3
907 1321 1018 1354 oculos
1041 1323 1079 1357 ad
1103 1323 1291 1361 urethram,
1324 1338 1376 1369 pe.

367 1379 507 1412 nemque
529 1367 679 1407 converti
702 1390 711 1399 .
743 1365 851 1407 Hujus
882 1364 971 1407 glans
1017 1365 1164 1407 pluribus
1208 1368 1376 1410 profundis

365 1411 575 1447 cicatricibus
598 1406 772 1444 excavata:
796 1406 928 1442 urethra
955 1417 1062 1442 autem
1089 1418 1156 1443 erat
1179 1411 1272 1445 valde
1294 1424 1374 1446 con-

366 1456 492 1496 trista,
514 1463 551 1488 ut
575 1454 632 1487 vix
654 1464 756 1488 unum
779 1453 812 1484 in
836 1450 902 1494 ipsa
926 1463 965 1486 ex
986 1453 1026 1485 iis
1050 1455 1110 1496 qui
1155 1451 1248 1497 supra
1292 1456 1374 1490 dieti

369 1500 442 1533 sunt
457 1523 466 1538 ,
489 1497 678 1533 canaliculis
702 1496 867 1538 potuerim
898 1493 1116 1530 demonstrare
1139 1522 1147 1530 .
1280 1499 1373 1534 Reli-

362 1555 427 1588 qua
452 1542 491 1577 ab
513 1550 635 1576 naturae
659 1539 741 1573 statu
766 1537 908 1572 aberrare
933 1550 998 1572 non
1023 1539 1192 1579 suntv'isa5
1216 1541 1273 1576 nifi
1286 1542 1374 1585 quod

365 1587 537 1632 epiglottis
560 1584 769 1626 integerrima
790 1592 857 1631 non
881 1591 971 1623 erat,
994 1585 1141 1625 proxima
1167 1595 1278 1623 autem
1310 1587 1374 1619 lin-

366 1643 440 1668 guae
465 1640 535 1673 pars
559 1640 631 1672 quae
655 1623 814 1670 glandulis
834 1635 949 1669 operta
970 1626 1040 1668 est,
1061 1626 1115 1664 hic
1137 1628 1206 1665 illic
1228 1630 1373 1671 ulcuscu2

365 1676 410 1710 <lis
433 1674 637 1709 foedabatur.
986 1706 989 1708 ,

387 1730 460 1763 '4¹-
484 1719 570 1762 Quae
594 1718 631 1750 in
652 1712 818 1758 utriusque
841 1714 970 1750 urethra
994 1717 1280 1754 animadvertimus
1304 1743 1314 1760 ,
1335 1719 1374 1754 fi-

364 1766 435 1799 cuti
460 1774 475 1795 a
498 1774 560 1802 qua
585 1760 675 1796 causa
697 1758 814 1797 essent,
841 1757 934 1793 facile
968 1771 1034 1795 erat
1080 1763 1296 1806 intelligere,
1327 1764 1374 1797 ita

363 1819 447 1852 quos
469 1806 601 1842 effer‘tus
624 1803 772 1839 ederent,
795 1802 829 1837 id
851 1805 903 1853 est.
917 1815 987 1846 quae
1012 1806 1219 1842 incommoda
1243 1808 1277 1841 in
1291 1808 1376 1842 min-

361 1854 468 1895 gendo
494 1849 666 1888 afferrent,
691 1847 770 1881 scire
792 1857 857 1879 non
881 1846 997 1887 licuit,
1023 1859 1059 1883 ut
1083 1861 1184 1892 neque
1208 1851 1269 1884 alia
1302 1862 1374 1894 quae

363 1909 382 1931 a
406 1907 457 1929 ine
480 1895 514 1928 in
537 1887 608 1927 aliis
631 1890 770 1932 urethris
795 1900 851 1932 per
873 1888 1096 1926 dissectionem
1118 1893 1311 1936 deprehensa
1336 1892 1375 1928 ad

360 1950 396 1976 te
423 1939 519 1981 ‚airas
564 1945 618 1971 aut
666 1933 793 1975 scripsi,
819 1941 874 1966 aut
908 1933 1087 1977 scripturus
1110 1937 1201 1971 sum.
1227 1937 1372 1971 Scribam

363 1985 453 2020 enim
476 1988 531 2024 (y
554 1983 569 2020 )
591 1980 652 2014 ubi
671 1978 709 2012 de
732 1975 943 2011 Gonorrhoea
990 1982 1004 2019 (
1027 1991 1051 2022 ζ
1066 1979 1115 2020 )'v
1131 1981 1165 2013 in
1184 1981 1311 2025 Juvene
1334 1992 1373 2014 ex

362 2028 451 2063 colli'
468 2026 600 2061 vulnere
623 2033 753 2057 mortuo
769 2045 777 2061 ,
798 2020 976 2061 oblongam
1000 2023 1083 2056 mihi
1128 2024 1246 2058 lineam
1291 2024 1372 2057 albi-

362 2073 438 2108 dam
454 2095 467 2112 ,
489 2067 641 2103 nonnihil
664 2065 862 2103 exstantem,
885 2064 1018 2108 oblique
1041 2066 1080 2099 ab
1103 2068 1241 2102 urethrae
1265 2068 1374 2102 medio

363 2116 522 2151 ulteriora
546 2111 651 2146 versus
674 2108 858 2143 tendentem
882 2109 1081 2150 occurrisse,
1105 2110 1200 2145 sicuti
1224 2113 1256 2144 &
1278 2110 1375 2146 chor-

363 2161 460 2195 dulas·
480 2155 633 2201 quasdam
658 2150 734 2188 alias
756 2153 790 2185 in
814 2149 1020 2200 Asffchmatico
1067 2158 1077 2193 (
1101 2155 1154 2196 a)
1200 2165 1265 2189 non
1310 2154 1376 2188 sine

322 2212 324 2214 '
367 2202 508 2240 urethrae
530 2198 773 2234 contractione.
798 2192 916 2236 Scripsi
961 2205 1069 2230 autem
1113 2198 1259 2240 Epistola
1304 2198 1375 2232 XL.

368 2247 437 2289 (h)
462 2255 499 2279 ut
528 2245 561 2282 in
587 2245 665 2276 Sene
687 2250 783 2283 quem
806 2246 939 2279 ruptum
962 2239 1156 2285 aneurysma
1183 2242 1377 2282 sustulerat,

365 2290 533 2327 urethram
558 2286 667 2329 paffim
691 2281 913 2318 cicatricosam
944 2281 1135 2318 offenderim
1159 2309 1168 2325 ‚
1215 2285 1377 2329 fibrasque

368 2343 522 2380 pr‘aeterea
556 2333 641 2364 inter
688 2327 880 2361 Seminalem
906 2329 1157 2369 ·carunculam,
1185 2331 1217 2362 δι
1240 2328 1374 2363 vesicam

366 2380 500 2420 oblique
526 2375 768 2418 prominentes:
795 2373 939 2412 itemque
965 2371 1110 2413 Epistola
1134 2373 1196 2405 IV.
1221 2372 1305 2416 (c)
1339 2381 1386 2407 utv

365 2425 401 2457 in
428 2419 629 2464 apopleetico
653 2415 838 2453 stabulario
862 2413 983 2447 aloidas
1028 2415 1186 2456 oblongas
1230 2417 1330 2450 lineas
1361 2440 1374 2458 ,

360 2466 503 2508 ,oblique
526 2463 561 2495 in
583 2460 709 2495 duobus
734 2456 873 2492 urethrae
897 2457 977 2490 locis
999 2457 1153 2491 exstantes
1176 2480 1185 2495 ,
1217 2461 1249 2491 δι
1271 2460 1303 2492 in
1328 2461 1373 2493 al-

368 2520 440 2544 tero
464 2516 549 2541 certe
574 2504 600 2539 se
624 2501 767 2537 immiss'o
790 2500 922 2544 specillo
955 2510 1155 2542 opponentes
1178 2514 1188 2534 .·
1233 2501 1373 2545 denique

367 2551 517 2596 Epistola
541 2550 580 2583 X.
606 2552 615 2587 (
642 2549 662 2580 d
683 2551 697 2588 )
721 2554 755 2579 ut
779 2547 815 2578 in
837 2543 1019 2586 paralytico
1042 2545 1128 2578 Viro
1162 2555 1258 2587 quem
1292 2557 1373 2580 con-

366 2596 536 2631 vulsiones
555 2594 787 2626 interemerant
807 2612 816 2628 ,
858 2587 1011 2630 obliquas
1057 2590 1178 2630 pariter
1222 2589 1372 2631 quasdam

367 2638 459 2683 quasi
482 2647 610 2672 carneas
634 2632 769 2668 fibrillas
792 2632 825 2665 in
850 2631 906 2664 illa
931 2629 1071 2665 urethrae
1094 2631 1163 2665 sede
1188 2632 1245 2665 ubi
1269 2631 1379 2667 cathe-

369 2687 431 2719 teri
455 2681 655 2716 obstaculum
679 2675 812 2719 aliquod
843 2676 873 2708 se
906 2674 1047 2717 objicere
1093 2675 1215 2708 solebat
1240 2700 1247 2708 .

369 2728 473 2764 Nunc
497 2723 519 2758 si
542 2735 616 2757 cum
642 2724 726 2756 linea
749 2721 806 2753 illa
828 2729 925 2763 quain
950 2719 1047 2760 paulo
1071 2728 1145 2752 ante
1168 2722 1229 2759 (e)
1254 2717 1372 2753 factam

373 2772 445 2806 dixi
468 2779 507 2802 ex
528 2767 619 2802 tenui
643 2763 838 2800 luxuriantis
862 2764 967 2796 carnis
990 2763 1199 2796 excrescentia
1221 2762 1278 2796 has
1299 2773 1377 2805 qua·

373 2814 397 2850 fi
420 2807 548 2848 carneas
571 2810 729 2846 fibrillas,
754 2810 785 2841 δε
807 2805 904 2839 fibras
927 2805 1017 2842 illas,
1043 2818 1118 2840 cum
1142 2805 1258 2840 harum
1271 2816 1376 2840 autem

372 2856 520 2897 utrisque
547 2854 703 2888 exstantes
728 2852 827 2884 lineas
852 2850 971 2891 pariter
993 2849 1141 2891 obliquas
1164 2851 1344 2883 contuleris
1366 2862 1379 2890 ;

370 2898 504 2937 fortasse
527 2908 651 2932 mecum
678 2895 901 2938 suspicaberis,
927 2892 1226 2935 certisquibusdam
1240 2892 1378 2927 urethrae

369 2942 572 2981 erosionibus
596 2939 825 2974 excrescentias
847 2935 997 2979 quasdam
1022 2946 1131 2970 tenues
1157 2949 1221 2970 non
1266 2936 1382 2970 rariffi-

374 2998 427 3022 me
451 2984 641 3023 succedere,
664 2993 736 3025 quae
760 2981 934 3015 contractae
958 2979 1052 3013 fibras
1077 2981 1240 3022 primurn,
1276 2978 1382 3018 libril-

372 3030 460 3067 iasve
483 3026 631 3066 carneas,
655 3027 756 3067 magis
779 3033 906 3061 autem,
931 3023 1093 3065 magisque
1125 3023 1246 3057 ficcatae
1279 3023 1370 3057 deni-

397 3087 434 3109 ue
458 3071 626 3111 subalbas,
650 3068 799 3102 nonnihil
823 3070 981 3101 exstantes
1004 3068 1102 3100 lineas
1113 3067 1270 3101 referant:
1294 3066 1372 3100 fuis-

369 3088 403 3154 se
425 3118 529 3160 igitur
554 3125 603 3148 me
629 3112 741 3155 saepius
765 3110 920 3153 ejusmodi
945 3109 1170 3144 excrescentias
1194 3111 1338 3145 visurum
1361 3133 1371 3150 ,

372 3162 397 3197 si
420 3161 498 3196 dum
521 3159 680 3192 recentius
701 3153 774 3189 esset
797 3154 938 3193 malum,
972 3153 1127 3196 inspicere
1172 3154 1343 3197 potuissem
1368 3179 1376 3188 .

369 3206 454 3241 Pieri
479 3212 584 3237 tamen
608 3201 705 3241 etiam
729 3198 856 3241 potest,
882 3207 917 3231 ut
929 3196 1376 3241 quemadmodumurethram

372 3259 438 3284 non
463 3246 556 3281 semel
581 3243 649 3278 vidi
672 3240 919 3281 cicatricosam,
942 3244 971 3274 &
1005 3240 1250 3275 manifestiffime
1284 3252 1376 3274 coar-

370 3295 515 3329 &atam5
538 3290 583 3322 ita
605 3288 702 3321 lineas
726 3287 824 3319 etiarn
846 3284 917 3318 illas
941 3283 1052 3318 eodem
1085 3285 1208 3318 censeas
1253 3286 1376 3319 attine-

371 3348 426 3371 re.

412 3389 466 3420 42.
489 3375 666 3411 Muliebres
689 3382 797 3407 autem
819 3370 986 3411 methim,
1011 3371 1068 3404 etsi
1094 3382 1157 3404 non
1191 3369 1373 3412 saepissime,

368 3432 408 3457 ut
433 3422 565 3458 virilcs;
588 3418 666 3460 saepe
688 3426 794 3451 tamen
817 3415 920 3455 secui,
942 3417 973 3447 &
997 3415 1172 3458 diligenter
1202 3414 1370 3458 perlustra-

1019 161 1177 215 Liber
1210 163 1317 218 111.
1351 165 1436 218 De
1472 166 1680 219 Morbis
1719 168 1929 222 Ventris

1443 248 1497 280 vi.
1523 247 1640 289 Neque
1662 248 1766 282 adhuc
1791 249 1873 289 (nili
1898 249 1983 283 forte
2006 259 2128 290 unam,
2150 249 2189 285 de
2210 261 2274 294 qua
2296 263 2374 289 mox
2395 253 2449 289 dii

1441 301 1537 327 cam,
1560 291 1639 324 velis
1663 293 1832 333 excipere)
1855 295 1887 325 in
1912 293 2011 326 ullam
2043 294 2144 327 incidi
2166 317 2176 332 ‚
2211 306 2282 336 quae
2314 298 2446 331 cicatri-

1442 344 1512 371 ces,
1537 334 1652 366 nedum
1676 335 1906 368 excrescentias
1927 334 2079 370 haberet:
2104 348 2162 370 nec
2185 339 2304 374 mirum
2328 341 2361 372 in
2374 352 2447 382 per-

1442 377 1555 413 brevi,
1588 377 1758 420 minusque
1782 379 1915 420 angusto
1936 379 2067 418 canali,
2091 380 2124 412 in
2147 392 2242 422 quem
2267 393 2368 425 neque
2391 390 2446 417 tot

1441 420 1498 461 qui
1523 420 1655 454 erodere
1678 420 1815 462 poffint,
1837 421 1988 455 humores
2011 422 2170 462 influant,
2191 435 2295 467 neque
2327 426 2412 460 ullus
2430 445 2445 464 ‚

1440 462 1561 495 nedum
1581 473 1694 504 ‘tantus
1717 473 1873 504 quantum
1897 464 1997 498 habet
2021 466 2124 499 virilis
2147 467 2277 501 urethra
2298 490 2308 506 ‚
2341 467 2445 504 flexus

1445 505 1559 538 cadat.
1584 507 1672 540 Posse
1695 514 1802 539 tamen
1827 518 2058 551 nonnunquam
2081 510 2115 543 in
2139 510 2290 544 muliebri
2313 523 2444 555 quoque

1443 551 1475 581 δι
1499 548 1627 590 ulcera,
1651 552 1682 582 δι
1706 549 1975 589 excrescentiam,
2000 561 2054 585 aut
2075 561 2163 586 certe
2194 553 2346 587 diuturna
2381 555 2444 589 ob-

1445 591 1560 625 stacula
1585 593 1732 635 quaedam
1764 594 1844 626 oriri
1869 616 1881 633 ,
1911 595 1951 628 de
1983 593 2175 635 Astruccio,
2200 599 2231 630 &
2253 595 2292 631 de
2325 597 2443 641 Alghi-

1443 634 1490 685 s¹.⁰
1512 635 1635 684 didici,
1658 645 1799 678 quotum
1837 637 1891 670 ille
1936 635 2020 685 (f)
2063 651 2179 681 corpus
2211 651 2278 682 quo
2309 642 2439 675 urethra

1439 687 1606 721 cingitur,
1629 678 1839 722 suppuratum
1860 703 1872 720 ,
1906 681 1936 712 δε
1959 680 2134 716 fistulosum
2157 684 2244 717 intra
2267 682 2347 717 hanc
2371 684 2443 718 hia-

1438 732 1472 754 re
1495 745 1505 761 ,
1535 724 1566 754 &
1599 733 1657 764 pus
1691 718 1852 756 effundere
1876 733 1941 756 non
1964 723 2056 757 semel
2080 725 2164 760 vidit
2185 749 2198 766 ,
2245 727 2321 760 alias
2365 739 2442 762 vero

1439 765 1478 797 ab
1506 765 1615 799 eodem
1637 776 1772 807 corpore
1797 766 1946 803 tumido,
1971 769 2001 800 δε
2023 768 2144 803 calloso
2168 769 2333 804 methrani
2356 782 2436 812 prae-

1439 817 1488 841 ter
1513 808 1645 843 modum
1668 810 1808 849 arctari,·
1829 808 1994 851 Alghifius
2017 821 2127 845 autem
2150 815 2164 852 (
2183 813 2239 855 g)
2262 813 2440 848 Viroinem

1439 861 1594 885 memorat
1610 875 1618 889 ,
1640 853 1694 885 cui
1716 854 1821 886 tenuis
1845 853 2001 886 medicata
2024 855 2152 888 candela
2177 856 2214 890 ad
2226 866 2317 889 carno
2329 864 2441 891 itatem

1437 895 1577 928 urethrae
1601 894 1824 929 absumendam
1848 898 1933 940 intra
1957 895 2038 931 hanc
2061 899 2192 940 relicta,
2215 899 2348 934 veficam
2361 899 2436 934 sub·

1438 940 1519 971 ierat
1542 963 1550 970 .
1585 939 1660 972 Huc
1684 938 1762 972 adde
1784 949 1926 972 carneam
1972 941 2206 982 excrescentiam
2230 965 2242 981 ,
2284 941 2324 977 de
2370 955 2436 984 qua

1437 992 1515 1015 mox
1549 980 1679 1015 dicetur
1701 1005 1714 1023 ,
1749 982 1781 1014 in
1815 978 1928 1016 Vidua·
1958 983 2098 1026 quadam
2130 997 2146 1017 a
2179 986 2322 1019 Mullero
2344 986 2436 1028 (h)

1435 1024 1648 1067 descriptam.
1674 1026 1724 1059 Et·
1742 1025 1823 1058 mihi
1846 1025 1977 1068 quidem
2002 1025 2096 1060 semel
2121 1029 2262 1069 accidit,
2284 1040 2356 1062 cum
2367 1030 2450 1062 Ve-v

1433 1068 1509 1102 tulae
1531 1067 1663 1102 cadaver
1686 1068 1901 1112 perscrutarer
1924 1069 1981 1103 sub
2005 1070 2138 1104 initium
2171 1073 2213 1105 A.
2264 1081 2355 1115 1751.
2399 1081 2436 1106 ut

1433 1112 1599 1154 parvulam
1640 1112 1892 1146 excrescentiam
1923 1114 2152 1156 triangularem
2179 1116 2268 1148 intra
2291 1115 2433 1150 urethrae

1433 1156 1574 1188 exterius
1599 1154 1768 1196 osculum,
1791 1167 1829 1188 ex
1852 1153 1916 1188 hoc
1937 1165 2043 1189 tamen
2062 1169 2132 1201 (non
2154 1158 2347 1195 exstantem,
2380 1159 2435 1192 of-

1434 1196 1617 1232 fenderem.-
1641 1198 1779 1242 persaepe
1802 1208 1910 1232 autem
1934 1200 2009 1241 post,
2030 1203 2153 1234 acutas'
2172 1200 2353 1243 praesertim
2384 1200 2433 1235 fe-

1431 1243 1500 1275 bres
1523 1242 1737 1275 animadverti
1762 1241 1940 1282 sanguifera
1964 1242 2089 1279 vascula
2111 1266 2123 1284 ,
2155 1255 2226 1286 quae
2261 1245 2397 1287 plurima
2419 1267 2432 1284 ,

1429 1287 1462 1319 δι’
1486 1284 1585 1319 ferme
1609 1286 1757 1328 parallela
1779 1286 1929 1319 intimam
1954 1287 2092 1320 urethrae
2126 1296 2312 1331 perreptant
2343 1292 2433 1327 tuni-

1430 1340 1522 1366 cam,
1546 1328 1674 1371 turgida
1698 1329 1797 1366 adeo,
1820 1330 1852 1361 δι
1875 1328 2042 1368 conferta,
2068 1339 2104 1363 ut
2129 1330 2168 1363 ab
2190 1330 2266 1373 ipsis
2276 1340 2348 1366 tota
2364 1331 2433 1366 haec

1427 1373 1662 1416 propemodum
1686 1373 1882 1416 nigricaret:
1909 1373 2027 1407 accidit
2049 1385 2179 1416 quoque
2202 1374 2295 1408 semel
2329 1384 2365 1409 ut
2396 1377 2432 1409 in

1426 1416 1632 1458 virguncula
1648 1440 1656 1453 ,
1681 1417 1824 1459 itemque
1847 1417 1882 1448 in
1907 1417 2072 1457 Anicula,
2116 1427 2255 1460 quarum
2299 1416 2433 1452 fortasse

1425 1459 1503 1492 alibi
1527 1460 1542 1502 (
1562 1459 1574 1492 i
1594 1463 1608 1499 )
1631 1460 1753 1494 incidet
1781 1460 1926 1501 menti0,
1951 1461 2137 1502 portionem
2162 1460 2305 1503 ejusdem
2337 1461 2426 1496 illius

1425 1505 1543 1537 tunicae
1568 1512 1657 1536 extra
1684 1503 1727 1537 sui
1753 1512 1876 1537 meatus
1897 1503 2060 1537 orificium
2084 1504 2304 1547 procidentem
2339 1504 2434 1538 vide-

1424 1557 1512 1580 rem.
1536 1547 1592 1581 Sed
1616 1547 1696 1590 quid
1720 1546 1787 1585 hae,
1815 1555 1870 1582 aut
1894 1547 1957 1580 illae
1982 1547 2184 1582 incommodi
2206 1549 2240 1582 in
2255 1548 2432 1590 mingendo

1424 1589 1632 1628 sustinerent,
1655 1590 1818 1633 conjicere
1840 1589 1995 1633 quidem3
2018 1590 2070 1625 sed
2094 1602 2154 1633 pro
2187 1601 2275 1626 certo
2320 1601 2430 1625 tamen

1425 1632 1506 1668 scire
1530 1645 1595 1668 non
1620 1637 1735 1676 potui.
1759 1635 1810 1668 De
1833 1634 1924 1667 causa
1947 1635 2065 1676 pariter
2087 1645 2144 1668 cur
2166 1633 2216 1669 his
2226 1635 2348 1669 duabus
2359 1646 2431 1677 pars

1424 1677 1572 1722 quaedam
1594 1677 1681 1711 illius
1704 1678 1897 1725 membranae
1919 1678 1969 1710 ita
1986 1689 2024 1710 ex
2048 1677 2185 1711 urethrae
2207 1677 2319 1712 osculo
2351 1689 2428 1720 pro-

1425 1724 1586 1764 mineret,
1611 1730 1676 1754 non
1700 1720 1757 1754 nifi
1782 1720 1974 1762 conjecturae
1997 1730 2062 1754 erat
2085 1721 2194 1755 locus.
2215 1722 2325 1764 Atque
2336 1731 2371 1756 ut
2394 1734 2429 1755 ea

1426 1766 1475 1799 uti
1499 1764 1618 1798 nollem
1641 1774 1713 1806 qua}
1737 1775 1774 1796 ex
1797 1763 1907 1805 saepius
1931 1763 2075 1797 laceffitis
2098 1775 2152 1806 per
2166 1775 2239 1799 acus
2249 1764 2432 1806 capitulum

1426 1811 1440 1848 <
1463 1808 1482 1848 l<
1501 1812 1515 1848 )
1537 1808 1597 1841 illo
1619 1806 1754 1844 osculo,
1776 1807 1895 1849 illaque
1918 1806 2101 1840 membrana
2124 1807 2201 1841 duci
2245 1806 2395 1850 potuiffet
2420 1823 2431 1847 ;

1427 1852 1563 1885 restabat
1588 1852 1683 1885 altera
1698 1873 1706 1888 ‚
1732 1863 1747 1883 a
1773 1849 1941 1893 praegressa
1965 1847 2094 1883 fortasse
2118 1849 2297 1893 stranguria
2342 1862 2433 1893 repe-

1427 1897 1542 1929 tenda.
1570 1896 1656 1930 Nam
1679 1894 1850 1927 conatibus
1873 1893 1911 1926 ad
1934 1893 2154 1935 expellendam
2177 1895 2304 1929 urinam
2336 1894 2437 1929 veh&

1424 1939 1640 1984 mentioribus
1664 1937 1879 1971 membranam
1898 1935 1992 1969 illam
2015 1935 2164 1970 deorsum
2178 1939 2287 1980 urgeri
2304 1963 2314 1978 ,
2335 1940 2366 1971 &
2380 1949 2433 1971 ra-

1424 1984 1474 2015 tio
1497 1982 1643 2022 indicat,
1665 1984 1695 2014 &
1719 1981 1848 2015 laudata
1873 1979 2008 2014 Mulieri
2019 1980 2430 2015 Observatioconfirmat.

1425 2025 1654 2060 Excrescentia
1677 2026 1763 2057 enim
1787 2035 1858 2067 quae
1880 2034 1919 2056 ex
1943 2023 2081 2056 urethrae
2103 2022 2232 2057 orificio
2254 2025 2432 2067 prodiens,

1425 2067 1489 2103 hoc
1512 2070 1742 2105 obturaverat,
1768 2079 1817 2101 ma
1847 2079 1884 2101 na
1908 2077 1946 2099 ex
1969 2076 2059 2108 parte
2083 2066 2272 2109 absumpta,
2294 2078 2364 2109 pars
2378 2068 2432 2102 in-

1426 2113 1528 2147 terior
1553 2113 1675 2155 reliqua
1698 2119 1756 2145 non
1778 2079 1841 2154 mli
1858 2121 1891 2144 eo
1914 2119 1973 2151 quo
1995 2108 2093 2152 reficti
2116 2111 2275 2144 exonerari
2311 2111 2395 2153 solet
2417 2134 2433 2152 ,

1428 2164 1539 2190 conatu
1563 2155 1662 2190 fiebat
1677 2152 1863 2196 conspicua.
1878 2153 1964 2191 Qua:
1985 2152 2186 2187 Observatio
2209 2155 2432 2188 excrescentiae

1430 2210 1564 2240 carneae,
1586 2198 1703 2238 rubrae,
1718 2196 1878 2241 fungosae,
1899 2208 1971 2239 quae
1987 2194 2071 2239 fabae
2101 2196 2314 2239 magnitudine
2355 2207 2432 2239 pro..

1428 2244 1530 2278 dierat
1553 2254 1593 2276 ex
1614 2243 1673 2276 illo
1694 2241 1844 2280 orificio,
1867 2239 1890 2274 s1
1913 2251 1929 2273 a
1951 2249 1984 2273 te
2018 2252 2092 2274 cum
2136 2241 2283 2283 exemplo
2328 2241 2434 2275 altero

1428 2285 1665 2329 conjungatur,
1690 2284 1778 2329 quod
1800 2286 1853 2318 Cl.
1877 2283 2065 2317 Goulardus
2110 2286 2122 2322 (
2144 2282 2155 2317 l
2177 2287 2191 2322 )
2235 2294 2397 2317 memorat
2419 2305 2433 2321 ‚

1428 2329 1624 2372 cai-nostratis
1646 2330 1679 2362 in
1704 2330 1767 2362 viri
1791 2327 1957 2370 cujusdam
1967 2327 2095 2361 urethra
2106 2336 2337 2369 nonnunquam
2351 2327 2432 2362 adeo

1426 2374 1656 2410 excrescentis,
1680 2382 1716 2406 ut
1740 2384 1778 2405 ex
1800 2370 1899 2413 hujus
1918 2371 2032 2405 ,osculo
2055 2371 2226 2414 prodiret,
2246 2371 2361 2414 ibique
2382 2371 2433 2404 es-

1427 2417 1469 2450 set
1494 2415 1709 2458 amputanda;
1734 2424 1828 2448 tanto
1842 2415 2007 2448 iibentius
2029 2425 2103 2448 cuin
2127 2414 2194 2447 illis
2218 2412 2339 2452 facies,
2372 2413 2432 2456 qui

1425 2461 1509 2493 inter
1530 2469 1645 2493 caetera
1665 2461 1699 2493 in
1723 2459 1869 2493 urinario
1891 2467 1999 2491 meatu
2021 2458 2223 2492 occurrentia
2248 2457 2431 2495 obstacula,

1426 2502 1530 2537 adhuc
1552 2503 1739 2536 carunculas
1761 2504 1859 2535 etiam
1882 2500 2078 2543 agnoscunt.
2105 2501 2162 2534 Sed
2186 2511 2225 2533 ne
2248 2501 2288 2534 ab
2299 2499 2432 2533 urethra.

1425 2544 1579 2580 foeminea
1603 2545 1808 2585 recedamus‚·
1829 2545 1910 2587 quid
1933 2544 1972 2578 de
1994 2546 2097 2578 Corn.
2123 2544 2301 2584 Solingenii
2333 2541 2432 2576 raris-

1426 2589 1502 2623 sima
1528 2600 1625 2632 quarn
1650 2590 1859 2622 Salzmannus
1882 2591 1892 2626 (
1916 2598 1947 2620 m
1968 2590 1982 2626 )
2004 2596 2272 2626 commemorat,
2307 2586 2433 2620 Obser-

1430 2635 1563 2667 vatione
1585 2631 1752 2671 dicemus,
1775 2637 1897 2664 meatus
1920 2630 2072 2664 videlieet
2106 2630 2240 2664 urinarii
2282 2629 2395 2672 inversi
2417 2653 2430 2670 ,

1428 2684 1521 2718 atque
1545 2675 1790 2718 digiti-minoris
1811 2673 2004 2715 longitudine
2023 2673 2243 2715 propendeniis
2268 2671 2285 2705 ἕ
2316 2674 2431 2716 Usque

1429 2720 1549 2753 adeone
1572 2720 1677 2753 laxam
1700 2721 1731 2752 &
1754 2717 1916 2751 extensam
1940 2726 2060 2750 meatus
2083 2714 2174 2749 fuisse
2185 2716 2430 2751 membranam?

1430 2774 1469 2796 an
1491 2763 1634 2803 collum,
1658 2762 1721 2795 five
1742 2760 1891 2796 infimam
1916 2759 2023 2793 veficae
2045 2769 2170 2803 partem
2205 2760 2277 2794 illac
2322 2762 2429 2802 prola-

1430 2807 1517 2849 psam
1532 2832 1540 2847 ,
1563 2815 1599 2839 ut
1623 2807 1750 2840 credere
1774 2804 1903 2837 videtur
1927 2804 2137 2836 Salzmannus
2161 2802 2214 2845 (n
2235 2802 2274 2844 )?
2297 2804 2354 2846 qui
2376 2812 2431 2838 ta.

1430 2862 1503 2884 men
1527 2851 1613 2884 suain
1636 2852 1681 2883 ita
1706 2849 1828 2882 indicat
1851 2846 2088 2881 dubitationem
2133 2850 2146 2887 (
2171 2857 2187 2879 ο
2209 2850 2223 2887 )
2245 2869 2254 2884 ,
2292 2848 2320 2889 fi
2342 2849 2430 2881 modo

1431 2893 1496 2927 alia
1514 2904 1591 2937 pars
1613 2893 1711 2927 oculis
1726 2891 1760 2934 se
1775 2890 1811 2933 se
1834 2888 1980 2935 offerens,
1997 2889 2057 2931 sub
2074 2888 2176 2932 specie
2197 2889 2301 2933 vesicae
2322 2890 2430 2925 Solin-

1431 2939 1527 2979 genio
1551 2947 1607 2970 non
1631 2937 1798 2979 imposuit.
1932 2934 2026 2967 Alius
2049 2944 2178 2977 quoque
2201 2933 2330 2967 morbus
2352 2934 2394 2967 est
2417 2949 2428 2972 ,

1431 2979 1520 3020 cujus
1544 2982 1711 3024 raritatem
1722 2989 1759 3014 ut
1771 2982 1803 3013 in
1815 2976 1963 3012 muliebri
1976 2977 2103 3011 urethra
2117 2975 2430 3019 ostendamus3pau-
2461 3013 2464 3016 ,

1421 3038 1457 3061 ca
1467 3024 1506 3058 de
1519 3023 1584 3067 ipsa
1596 3046 1604 3061 ‚
1618 3026 1649 3057 &
1660 3024 1697 3058 de
1706 3023 1815 3067 ejeffls
1827 3033 1879 3064 per
1892 3032 1960 3054 eam
1971 3020 2099 3055 calculis
2110 3021 2325 3063 attingemus:
2341 3021 2400 3055 Illa
2413 3044 2429 3061 ‚

1424 3079 1462 3104 ut
1485 3068 1597 3102 Celsus
1619 3070 1674 3111 (p
1695 3071 1708 3108 )
1732 3068 1798 3103 ait,
1821 3068 1850 3098 δι
1873 3076 1930 3098 nos
1954 3066 2052 3109 paulo
2075 3073 2146 3098 ante
2168 3064 2329 3106 posuimus
2352 3086 2362 3102 ,
2384 3065 2429 3098 Θ*

1431 3112 1576 3151 brevior,
1600 3122 1692 3154 quam
1716 3111 1748 3143 in
1771 3107 1930 3146 maribus,
1955 3109 1996 3141 ἔν
2019 3107 2138 3145 laxior,
2164 3111 2194 3141 δι
2217 3107 2306 3151 quod
2335 3107 2427 3151 supra

1432 3161 1443 3196 (
1467 3167 1485 3197 q
1506 3159 1519 3195 )
1540 3154 1687 3190 dixerat,
1704 3151 1800 3196 fimul
1820 3151 1930 3185 rectior
1953 3151 2015 3186 est.
2040 3153 2131 3193 Ergo
2153 3152 2314 3189 calculus,
2338 3150 2428 3194 quod

1428 3199 1512 3233 recte
1534 3198 1619 3232 idem
1644 3197 1802 3238 subjicit,⁴
1818 3193 1873 3228 ubi
1892 3194 2046 3236 parvulus
2068 3193 2127 3234 est,
2147 3204 2204 3236 per
2219 3195 2255 3236 se
2269 3194 2350 3237 saepe
2372 3205 2429 3228 ex-

1427 3243 1525 3276 cidit.
1550 3243 1642 3284 Qin
1667 3238 1840 3282 aliquando
1863 3240 1961 3271 etiam
1984 3249 2049 3271 non
2072 3247 2209 3281 parvus,
2232 3238 2336 3281 qualis
2358 3247 2426 3271 erat

1426 3297 1525 3329 quem
1547 3285 1623 3325 hic,
1647 3294 1682 3318 ut
1707 3292 1795 3316 antea
1820 3287 1830 3321 (
1854 3281 1903 3323 r)
1928 3281 2057 3325 scripsi,
2080 3283 2113 3314 &
2135 3282 2183 3315 vel
2205 3282 2307 3323 magis
2318 3282 2424 3323 quales

1427 3332 1450 3361 ii
1474 3340 1555 3371 quos
1580 3328 1735 3362 Bononiae
1757 3325 1931 3367 conspexi.
1958 3327 2006 3360 De
2028 3325 2168 3368 quibus,
2201 3325 2310 3358 aliisve
2342 3333 2424 3366 quos

1427 3372 1641 3413 Langelottus
1666 3370 1768 3413 (s),
1788 3368 2072 3413 Jaegerschmidius
2105 3371 2120 3407 (
2141 3376 2156 3401 t
2178 3372 2214 3409 )‚
2258 3367 2420 3401 Dillenius

1420 3418 1434 3454 (
1457 3416 1535 3459 u),
1558 3414 1781 3449 Schmiederus
1804 3416 1815 3452 (
1837 3423 1860 3447 x
1881 3416 1915 3455 ),
1941 3413 2090 3447 Trewius
2112 3415 2166 3454 (y
2185 3407 2423 3487 ),(}³ll]iiimrfine

1544 3548 1547 3550 .
1813 3546 1818 3548 Δ

894 3611 952 3636 vid.
969 3611 1043 3635 etiam
1058 3609 1132 3639 Epist.
1149 3613 1187 3640 63.
1204 3615 1228 3634 n.
1246 3614 1282 3638 13.

519 3613 613 3638 advers.
632 3614 652 3637 1.
669 3621 695 3637 n.
711 3620 746 3638 io.
807 3613 850 3642 (y
864 3612 879 3641 )
1290 3639 1296 3644 ,

522 3652 536 3667 n
890 3642 925 3675 (J
941 3643 955 3671 )
973 3641 995 3672 §.
1011 3651 1034 3671 4.
1052 3640 1117 3669 supra
1132 3641 1162 3665 ad
1180 3648 1205 3664 n.
1222 3640 1260 3669 38.
1276 3645 1318 3664 cit.

511 3645 850 3708 vsa.¹³i{pist.(5g.)n·¹.⁷'5i.⁹'&
866 3672 939 3707 Epi-st.
957 3676 992 3702 56.
1011 3680 1036 3695 n.
1057 3678 1093 3695 21.

528 3705 621 3728 Diffen.
637 3704 665 3729 de
683 3704 764 3729 hernia
779 3703 864 3728 vesica!
880 3710 969 3727 urinar.
986 3701 1044 3726 thes.
1063 3703 1100 3726 18.

519 3735 570 3757 eod.
587 3742 609 3758 c.
627 3739 650 3758 n.
667 3742 689 3758 1.
751 3735 766 3763 (
781 3742 792 3758 ν
807 3734 821 3763 )
838 3741 861 3757 n.
880 3742 919 3759 io.
979 3732 1025 3764 (s

522 3765 577 3788 Dec.
594 3764 646 3789 ead.
663 3766 693 3790 A.
712 3773 734 3793 9.
752 3765 775 3790 &
792 3769 828 3790 10.
845 3764 904 3790 Obs.
920 3770 975 3794 242.

460 3703 511 3761 ῃ)
1164 3700 1362 3731 (thhec26.

461 3763 506 3792 u)

1346 3609 1362 3639 ζ
1377 3617 1395 3637 z
1409 3607 1418 3640 )
1434 3609 1508 3644 Epist.
1526 3618 1565 3638 4⁴-
1590 3616 1613 3633 n.
1629 3617 1653 3639 7-

1378 3641 1393 3669 (
1406 3648 1425 3670 g
1443 3640 1456 3669 )
1472 3642 1593 3665 Litotom.
1606 3647 1627 3664 c.
1647 3648 1669 3669 3.

1158 3672 1173 3700 ζ
1186 3670 1202 3694 k
1218 3671 1232 3699 2
1248 3670 1316 3699 supra
1331 3678 1357 3694 n.
1374 3678 1413 3698 19.
1432 3672 1454 3694 8:
1471 3671 1533 3700 seqq.

1032 3733 1046 3762 )
1065 3733 1126 3761 Epir.
1145 3734 1178 3757 N.
1196 3732 1225 3756 C.
1242 3730 1338 3756 Declr.
1355 3733 1385 3756 Α.
1401 3735 1423 3755 6.
1441 3733 1463 3756 ἃ
1478 3741 1501 3763 7.
1517 3730 1574 3755 Obs.
1592 3739 1614 3759 7.

1036 3763 1051 3793 (
1066 3763 1105 3794 x)
1122 3765 1193 3789 cent.
1208 3768 1230 3792 3-
1246 3763 1269 3787 δι
1284 3770 1308 3792 4.
1324 3762 1382 3788 Obs.
1401 3765 1454 3789 161.

1716 3607 1964 3638 (a)1bid.n.io.
2024 3606 2190 3637 (b)n.²9.
2250 3604 2417 3634 (c)n.19.

1730 3640 1744 3668 (
1761 3639 1775 3663 h
1791 3639 1805 3668 )
1818 3640 1885 3668 Eph.
1901 3641 1933 3663 N.
1950 3640 1981 3663 C.
1997 3639 2069 3662 cent.
2086 3638 2109 3661 8.
2127 3637 2184 3661 Obs.
2201 3637 2238 3665 38·

1595 3671 1608 3699 (
1624 3670 1634 3694 Ι
1649 3674 1661 3697 >
1676 3671 1758 3694 Trast.
1776 3669 1841 3698 supra
1859 3669 1887 3692 ad
1905 3677 1930 3693 n.
1948 3670 1984 3698 38.
2000 3668 2042 3692 cit.

1684 3701 1727 3730 (p
1745 3701 1755 3732 )
1772 3703 1807 3724 De
1823 3699 1913 3723 Medic.
1930 3700 1946 3723 l.
1963 3707 1985 3727 7.
2002 3707 2025 3722 c.
2043 3702 2080 3722 26.
2098 3706 2121 3722 n.
2138 3707 2162 3727 4.

1677 3732 1690 3759 (
1708 3738 1718 3754 ι·
1734 3732 1817 3761 )’1)κ.
1836 3738 1857 3759 3.
1876 3732 1905 3753 A.
1925 3738 1947 3758 3-
1962 3729 2021 3754 Obs.
2039 3737 2091 3753 ior.

1513 3761 1555 3793 (Ι
1569 3761 1584 3790 )
1601 3761 1737 3787 Commere.
1754 3760 1839 3786 Litter.
1859 3762 1888 3786 A.
1908 3766 1974 3791 17³³·
1990 3758 2066 3787 Hebri.
2082 3766 2118 3789 39·
2136 3765 2162 3784 n.
2174 3764 2202 3788 4.

1423 3702 1465 3731 (a
1483 3703 1489 3730 )
1508 3699 1566 3725 thes.
1584 3708 1622 3728 19-
