2498 4075
415 241 569 312 Epist.
605 240 770 297 Anat..
805 238 1021 297 Medica
1054 237 1277 306 LXVII.
1313 238 1429 293 Art,
1471 252 1537 301 ¹3³
1569 248 1640 289 14.
1675 234 1730 289 &
1768 248 1839 295 ις.

98 320 241 357 occiano
249 345 263 363 ,
285 322 318 356 &
330 327 405 354 cum
416 320 535 355 ovariis
545 320 708 354 concretio
720 326 842 362 reperta
853 316 896 351 est
909 342 916 352 .
941 314 1089 352 Abraha-

103 377 173 399 mus
194 366 281 399 enim
304 363 491 405 Cyprianus
514 363 579 406 (p)
600 361 640 396 ad
664 362 797 397 eundem
831 360 986 403 modum,
1009 359 1089 396 ficut

102 408 227 452 adjet‘io
248 416 374 452 quoque
396 405 558 440 iconismo
578 409 593 446 ζ
616 416 634 447 q
652 409 669 447 )
691 405 846 445 ostendit,
869 404 960 439 tubas
983 403 1012 440 se
1034 402 1090 440 ha-

100 450 220 492 buisse,
238 448 465 484 animadvertit
489 451 522 482 in
545 449 678 482 foemina
698 460 773 493 quae
787 461 832 482 -ex
853 456 961 492 partus
980 448 1090 492 quarti

101 495 308 532 difficultate,
333 493 503 535 multoque
525 494 622 526 etiam
645 494 747 535 magis
770 504 808 526 ex
838 493 998 533 imperitae
1031 491 1090 525 ob-

99 538 236 573 stetricis
257 534 476 570 violentiffima
499 536 690 570 metatione
712 546 784 569 cum
815 537 849 568 in
880 534 1091 577 gravissimam

100 583 210 621 uteri,
233 583 265 614 &
289 579 364 612 huic
388 589 582 615 annexarum
605 579 733 613 illarum
757 579 1091 614 Partiuminslamma-

101 626 223 658 tionem
241 648 251 664 ‚
274 631 311 656 ut
332 621 516 656 indicabant
539 622 723 658 acerbiffimi
748 623 892 663 ventris,
926 625 958 654 δε
981 622 1092 664 praeci-

101 679 161 711 pue
181 668 267 700 circa
291 665 418 701 lumbos
440 665 568 700 dolores
588 664 732 708 conje&a
755 664 846 705 esset,
881 668 912 699 &
943 666 999 698 vix
1021 674 1091 697 tan«

101 711 173 744 dem
195 707 353 750 evasisset,
375 709 413 741 de
437 707 586 744 foecunda
609 709 723 743 sterilis
744 719 812 752 quo
854 709 891 742 ad
913 709 1022 748 vixit,
1043 709 1092 742 vi·-

102 753 155 788 xit
178 764 284 788 autem
308 751 536 788 annos„decem
551 779 560 794 ,
583 751 666 789 fa5ta
690 761 755 785 erat
780 777 788 785 .

101 796 195 835 dem,
218 806 274 831 aut
296 797 358 831 alia
381 795 477 831 simili
501 796 539 830 de
561 796 652 830 causa
675 795 861 829 mulieribus
875 821 884 835 ‚
906 805 1001 838 atque
1026 795 1092 828 uti-

102 851 175 874 nam
198 840 330 882 paucis,
354 840 501 874 accidunt
523 851 595 882 quae
617 850 670 882 per
692 840 720 874 se
744 837 901 873 foecundae
934 838 1060 874 fuerant
1083 862 1096 879 ‚

103 886 135 917 &
154 882 373 926 porroessent.
397 883 576 918 Nonnullis
599 892 705 916 tamen
727 882 849 916 viarum
872 894 943 926 quae
966 882 1036 916 sunt
1059 880 1097 915 ad

101 927 296 970 gignendum
318 924 513 967 necessariae,
535 925 750 963 occursiones,
781 934 835 959 aut
865 925 1098 968 impedimenta

104 982 121 1003 a
144 970 330 1012 primordiis
352 968 411 1004 esse
425 992 434 1009 ‚
457 969 601 1011 constat,
623 980 724 1012 neque
748 969 928 1004 abditarum
953 977 1094 1009 tantum,

103 1011 157 1047 sed
178 1023 284 1048 earum
309 1014 406 1047 etiam
422 1025 497 1058 guae
519 1013 625 1053 visui,
651 1022 705 1047 aut
727 1012 827 1046 tacotui
850 1013 954 1047 obviae
987 1012 1058 1046 sunt
1083 1035 1096 1052 ,

106 1066 142 1091 ut
166 1058 243 1090 alias
263 1060 277 1096 (
300 1068 315 1089 r
336 1061 350 1097 )
371 1059 709 1091 commemoravimus.
736 1054 903 1098 Hujusque
924 1057 1048 1099 generis
1059 1066 1098 1088 ex

106 1101 160 1133 Cl.
187 1099 370 1134 Boehrnero
393 1111 519 1143 quoque
543 1100 600 1144 (s)
622 1101 801 1144 exemplum
821 1099 941 1142 duplex
953 1099 1094 1132 habebis.

106 1144 176 1184 Qi
199 1152 235 1178 ut
259 1145 430 1186 Virginem
453 1141 598 1178 dissecuit
619 1155 689 1186 quae
722 1142 871 1177 muliebri
894 1142 1018 1185 prorsus
1050 1154 1101 1175 ca-

106 1188 195 1220 rebat
217 1186 367 1227 orificio,
389 1198 462 1221 cum
486 1188 647 1222 cicatricis
669 1188 835 1229 vestigium
853 1194 1015 1229 ,appareret
1024 1186 1097 1219 nul-

104 1231 193 1268 lum,
213 1229 255 1264 fic
277 1234 310 1264 &
332 1231 503 1264 Mulierem
527 1230 668 1265 incidens
681 1256 690 1271 ‚
710 1232 765 1265 cui
788 1231 920 1263 maritus
935 1240 1095 1273 nunquam

102 1283 252 1318 potuerat
274 1273 442 1317 conjugale
465 1274 603 1316 praestare
625 1273 768 1308 officium
799 1297 812 1313 ,
844 1282 988 1315 apertum
1021 1274 1093 1315 qui-

103 1318 177 1351 dem
197 1318 348 1361 genitalis
368 1317 487 1351 ostium
511 1319 657 1356 invenit;
681 1317 731 1352 sed
754 1319 847 1352 unius
869 1317 943 1350 loco
965 1318 1094 1360 vaginas

105 1362 207 1403 duas,
228 1360 269 1394 ad
289 1362 478 1403 bipartitum
491 1384 503 1401 ,
526 1371 562 1394 ut
585 1363 618 1394 in
643 1363 766 1402 vaccis,
787 1360 988 1404 ovibusque,
1023 1369 1094 1394 ute-

105 1416 177 1439 rum
197 1406 416 1447 pertinentes,
438 1403 516 1437 adeo
539 1414 692 1447 quantum
717 1404 899 1447 intelligere
923 1405 1025 1444 licet,
1039 1414 1095 1436 an-

129 1448 232 1489 ustas,
255 1458 292 1482 ut
316 1458 426 1482 neutra
450 1449 523 1481 viro
544 1447 735 1491 excipiendo
759 1458 815 1490 par
838 1445 931 1481 esset.
966 1447 1026 1481 Sed
1058 1458 1098 1480 ex

92 1535 95 1536 ⁷
129 1494 156 1526 is
178 1492 382 1534 inspicienti,
403 1499 457 1525 aut
480 1493 623 1535 tangenti
647 1502 711 1524 non
733 1490 870 1525 occultis
902 1489 961 1525 five
990 1491 1099 1525 occlu-

105 1536 269 1576 sionibus,
291 1535 351 1568 five
375 1534 616 1577 impedimentis
641 1534 712 1569 sunt
732 1535 916 1577 qnaeftolli
951 1533 1073 1577 poffint‘
1088 1557 1098 1573 ‚

107 1583 140 1613 &
163 1590 233 1623 quae
256 1590 320 1612 non
342 1579 477 1621 poffint.
503 1579 596 1612 Tolli
628 1580 715 1612 enim
744 1577 837 1611 facile
872 1575 998 1621 possunt
1029 1589 1100 1621 quae

105 1626 141 1657 in
165 1622 368 1663 membrana,
391 1623 510 1664 vaginae
533 1621 665 1656 orificio
687 1621 860 1665 praetensa,
894 1619 1066 1654 consistunt
1093 1646 1102 1661 ‚

107 1675 164 1700 aut
186 1667 220 1699 in
243 1664 401 1710 ejusmodi
420 1664 506 1708 quasi
530 1666 648 1699 institis
681 1676 736 1707 per
767 1675 903 1707 quarum
937 1675 1032 1697 unam
1067 1665 1101 1698 in

102 1710 304 1752 virguncula
325 1709 498 1751 colligatos
521 1710 604 1742 inter
627 1708 677 1746 se,
699 1706 968 1749 quemadmodum
1002 1707 1040 1741 ad
1064 1717 1096 1741 te

105 1751 214 1796 scripsi
237 1754 288 1796 (t
310 1755 343 1792 ),
366 1753 487 1795 vaginae
509 1754 646 1796 parietes
669 1750 810 1785 offendi.
833 1752 916 1788 Quae
928 1762 1003 1784 vero
1016 1750 1096 1792 ejus-

107 1796 199 1831 modi
220 1796 282 1829 sint
304 1796 411 1839 qualia
434 1797 468 1829 in
491 1805 591 1838 nupta
613 1796 669 1829 illa
691 1807 730 1829 ex
760 1794 940 1828 Boehmero
972 1795 1096 1829 indica-

105 1841 180 1877 bam
202 1838 325 1880 modo,
344 1841 419 1881 quis
442 1838 559 1872 tollat?

153 1894 202 1927 13.
224 1881 406 1917 Adventitii
429 1892 536 1917 autem
556 1883 692 1918 coalitus
706 1907 718 1925 ,
741 1892 794 1918 aut
814 1882 1004 1918 occlusionis
1026 1895 1102 1919 cau-

106 1926 172 1962 sam
195 1937 259 1961 non
280 1926 320 1959 ab
342 1926 532 1959 laceratione
553 1926 744 1968 dumtaxat,
767 1936 823 1961 aut
846 1927 885 1960 ab
922 1928 1101 1962 inflamma-

105 1973 198 2006 tione
208 1993 220 2010 .,
244 1969 297 2004 sed
318 1969 357 2003 ab
376 1968 519 2003 erosione
541 1982 667 2014 quoque
688 1970 745 2005 esse
767 1970 870 2014 posse,
894 1980 963 2006 tum
988 1971 1100 2014 supra,

107 2025 180 2050 tum
204 2014 283 2048 alibi
306 2024 322 2046 a
345 2024 392 2046 me
416 2015 564 2054 agnitum
585 2013 648 2053 est,
672 2013 731 2048 five
753 2014 855 2048 erofio
877 2015 960 2048 luem
995 2017 1102 2050 Vene-

110 2069 218 2099 ream,
240 2056 303 2090 five
323 2057 408 2090 uteri
432 2056 565 2091 fluorem
589 2058 818 2100 consequatur.
855 2058 909 2092 Ab
931 2058 992 2092 hoc
1016 2062 1103 2093 enim

106 2099 274 2147 praegresso
296 2100 342 2133 vel
365 2102 399 2133 in
421 2101 614 2143 Virginibus
636 2102 875 2143 integerrimis,
906 2103 1010 2145 qualis
1033 2112 1100 2137 erat

107 2147 167 2180 illa
186 2143 278 2187 cujus
302 2144 364 2178 tibi
392 2142 613 2178 disseRionem
648 2144 755 2189 scripsi
788 2145 937 2188 Epistola
971 2147 1097 2181 XLVI.

106 2194 121 2231 (
143 2201 163 2224 u
186 2192 199 2227 )
223 2189 336 2227 licere,
355 2187 450 2221 credo
465 2210 475 2226 ,
498 2187 593 2231 fiquis
616 2186 702 2221 forte
725 2189 823 2227 velit,
848 2189 1098 2224 membranulam

108 2233 269 2269 subalbam
292 2240 431 2274 repetere
449 2255 459 2271 ,
489 2243 563 2274 -quae
593 2230 739 2266 infimam
770 2233 903 2266 cervicis
937 2242 1061 2275 partem
1084 2258 1097 2275 ‚

104 2277 190 2313 uteri
210 2274 322 2309 osculo
344 2275 549 2318 proximam,
571 2275 779 2309 occludebat.
817 2275 877 2310 Sed
899 2278 927 2309 is
950 2276 1035 2310 fluor
1056 2289 1096 2311 ex

105 2319 281 2356 acrioribus
302 2316 365 2359 fit,
384 2327 517 2361 oportet
530 2331 541 2359 3
564 2329 628 2352 non
651 2330 688 2352 ex
720 2318 994 2362 frequentioribus
1028 2322 1095 2355 illis

101 2365 141 2400 de
163 2363 279 2408 quibus
303 2372 386 2395 meas
409 2361 512 2404 plures
536 2361 786 2396 Observationes
809 2362 847 2395 ad
868 2372 901 2397 te
922 2363 992 2398 misi
1015 2366 1097 2417 Epis

104 2409 182 2443 stola
202 2407 338 2440 XLVII.
361 2406 447 2441 Cum
469 2406 511 2439 iis
531 2405 720 2449 conjungere
744 2407 867 2450 poteris
878 2419 973 2451 quam
997 2406 1095 2450 subl!-

99 2455 172 2494 cio,
195 2450 341 2494 quamvis
363 2448 407 2482 ob
429 2449 511 2488 alia,
533 2451 781 2492 quaecontinet‚
807 2449 938 2492 majoris
948 2461 1094 2484 momen-

99 2499 152 2537 ti,
175 2494 327 2528 libentius
350 2491 495 2526 misissem
518 2504 555 2525 eo
578 2502 741 2536 tempore,
766 2492 863 2536 fijam
875 2503 951 2528 tunc
966 2492 1094 2529 habuis-

101 2541 186 2578 sem,
208 2548 276 2581 quo
298 2536 457 2579 Epistulas
482 2534 588 2579 scripsi
611 2538 681 2570 LX.
707 2538 813 2571 LXII.
840 2539 968 2572 LXIII.

148 2594 196 2626 14.
222 2579 488 2615 FOEMINAM
510 2590 607 2613 annos
630 2590 737 2614 natam
769 2582 899 2614 circiter
930 2581 1093 2624 'sexaginta

103 2625 268 2670 apoplexia
290 2623 470 2657 confecerat
491 2624 572 2656 intra
605 2635 743 2665 quatuor
765 2647 775 2664 ‚
809 2623 894 2659 haud
925 2627 1059 2668 amplius
1084 2650 1095 2665 ‚

105 2671 192 2705 dies.
216 2668 366 2708 Qorum
388 2675 449 2700 tres
471 2677 546 2700 cum
568 2664 658 2700 domi
679 2665 848 2711 exegisset,
869 2677 984 2711 quarto
1006 2670 1096 2705 deni-

111 2725 173 2756 que
194 2714 228 2745 in
251 2711 488 2745 Nosocomium
499 2711 675 2745 intulerunt
686 2712 749 2754 jam
761 2720 835 2745 toto
844 2723 976 2754 corpore
988 2713 1025 2746 ab
1038 2713 1094 2748 suo

108 2756 223 2792 morbo
237 2753 313 2788 adeo
325 2752 521 2796 oppressam,
545 2763 580 2787 ut
604 2755 761 2789 indicium
784 2756 913 2800 aliquod
937 2758 1094 2798 gravioris

107 2804 141 2835 in
152 2800 248 2833 latere
270 2795 392 2830 sinistro
415 2796 621 2831 resolutionis
633 2800 698 2841 peti
722 2810 786 2834 non
810 2800 978 2843 potuerit,
1001 2800 1058 2834 nisi
1075 2813 1090 2835 a

106 2855 187 2878 vena
207 2853 277 2885 quae
300 2840 389 2874 domi
413 2839 494 2873 reeca
518 2852 533 2872 a
555 2841 677 2875 dextris
709 2841 829 2878 fuerat.
852 2845 1032 2877 Anatomen
1055 2846 1090 2877 in

107 2883 285 2928 Gymnafio
306 2893 381 2917 tunc
402 2883 554 2917 docebam
564 2895 597 2916 ea
610 2884 806 2927 frigidissima
829 2886 1008 2929 tempestate
1018 2899 1089 2930 quae

109 2930 166 2964 sub
184 2928 331 2974 Januarii
354 2925 451 2960 finem
479 2930 519 2961 A.
549 2927 642 2970 1758.
667 2929 849 2971 permolesta
872 2931 1021 2964 omnibus
1044 2929 1092 2963 es.

109 2974 138 3007 se
162 2971 331 3016 pergebat,
352 2970 491 3013 illucque
512 2969 646 3004 cadaver
667 2971 709 3005 est
730 2973 943 3015 importatum
957 2999 964 3012 ‚
998 2972 1089 3015 cujus

109 3027 145 3051 ut
169 3013 272 3058 pleras
291 3024 329 3048 ue
351 3021 439 3046 antea
462 3022 586 3056 partes,
610 3012 652 3047 fic
663 3014 836 3057 praesertim
857 3018 1017 3051 cerebrum
1029 3017 1092 3052 dis-

110 3060 229 3094 seetum
251 3069 266 3090 e
305 3080 314 3095 ,
339 3055 433 3100 idque
458 3057 722 3091 oetavo‘circiter
747 3070 763 3091 a
786 3068 889 3092 morte
912 3058 987 3100 die,
1017 3072 1091 3094 cum

109 3100 222 3137 adesset
244 3102 298 3134 Cl.
324 3100 398 3133 Vir.
419 3099 595 3146 Caldanius
618 3102 674 3143 qui
699 3101 844 3135 Bononia
870 3102 931 3136 huc
952 3105 1057 3137 venire
1080 3127 1091 3142 ,

107 3145 244 3188 meisque
267 3143 415 3177 omnibus
439 3153 504 3185 ejus
525 3145 599 3177 anni
631 3144 769 3179 Publicis
802 3146 1095 3181 Exercitationibus

110 3201 172 3232 pro
194 3188 246 3222 sua
268 3197 340 3229 erga
363 3197 413 3218 me
435 3184 634 3221 humanitate
656 3187 797 3222 interesse
830 3190 953 3222 voluit.

108 3230 356 3267 CALVARIA
378 3240 452 3263 curn
475 3233 620 3273 meninge
641 3230 747 3265 Crassa
770 3233 852 3265 arete
874 3232 952 3266 adeo
981 3232 1087 3266 cohae-

108 3275 221 3315 rebat,
242 3283 278 3307 ut
301 3271 363 3305 fine
385 3271 578 3306 validissimis
599 3274 767 3308 conatibus
789 3275 880 3308 avelli
899 3288 961 3309 non
976 3286 1087 3317 potue-

108 3322 173 3354 rit.
198 3319 258 3352 Per
281 3316 459 3357 meningem
482 3317 624 3350 Tenuem
647 3317 715 3351 vasa
745 3327 832 3351 erant
856 3319 1003 3360 sanguine
1041 3319 1090 3353 di-

108 3363 227 3398 stenta.
251 3358 427 3393 Substantia
450 3360 568 3392 cerebri
590 3360 721 3396 exsucca
743 3371 834 3401 erat,
857 3365 888 3395 &
912 3362 987 3396 dura
1001 3386 1011 3401 ,
1034 3363 1090 3403 vi,

106 3407 224 3449 opinor
238 3429 247 3443 ‚
270 3402 385 3436 summi
407 3400 541 3444 frigoris
556 3425 564 3440 ,
587 3414 647 3446 qua
668 3414 752 3438 certe
774 3414 938 3439 cruentum
963 3406 1064 3439 serum
1079 3431 1089 3446 ,

109 3449 196 3493 quod
216 3446 354 3481 multum
375 3446 408 3477 in
431 3444 557 3479 sinistro
579 3448 718 3480 Laterali
740 3449 920 3482 ventriculo
954 3447 1091 3482 offendi-

107 3503 177 3527 mus
193 3514 201 3529 ,
225 3489 496 3532 conglaciaverat,
518 3491 552 3522 in
577 3490 786 3534 plurimasque
808 3492 949 3525 lamellas
959 3502 1092 3525 concre-

105 3544 212 3569 verat.
240 3536 341 3566 Porro
363 3531 417 3564 etsi
440 3534 472 3564 in
496 3532 666 3575 posteriore
688 3534 823 3577 ejusdem
847 3536 1016 3568 ventriculi
1040 3547 1093 3569 ex-

108 3589 212 3612 tremo
234 3577 430 3619 aliquantum
453 3576 609 3618 sanguinis
631 3587 695 3610 erat
717 3580 823 3621 nigri,
847 3580 988 3611 concreti
1012 3601 1025 3618 ,
1060 3581 1092 3611 δε

105 3622 267 3659 durioris,
291 3619 399 3663 ibique
431 3620 600 3653 ventriculi
634 3619 711 3654 bafis
746 3623 909 3657 videbatur
942 3620 1027 3665 quasi
1058 3623 1093 3654 in

821 752 881 786 Sed
904 751 971 787 haec
996 775 1008 792 ,
1040 762 1106 785 ean

1964 249 2065 301 439

1134 323 1251 351 cavum
1275 313 1440 353 subsedisse
1468 313 1558 358 quod
1583 325 1659 348 eum
1691 314 1874 357 sanguinem
1905 314 2092 348 contineret
2117 324 2131 353 ς

1140 368 1247 393 tamen
1267 369 1303 390 ea
1326 357 1383 393 seri
1403 370 1502 402 quam
1523 357 1623 396 dixi,
1643 359 1738 400 copia
1759 368 1833 391 eum
1854 357 2003 390 extitisse
2024 369 2042 391 e
2066 357 2133 390 tam

1140 411 1242 445 pauco
1266 401 1413 443 sangnine
1436 413 1500 436 non
1513 399 1636 444 posset3
1657 401 1805 443 conjeci,
1828 399 1997 443 scipsum,
2022 400 2136 433 &ma-'-

1141 446 1262 481 ximarn
1284 443 1342 481 seri
1365 445 1452 482 illius
1474 454 1598 488 partem
1619 454 1676 485 per
1698 443 2063 488 disruptum'Lucidum
2087 443 2134 476 se*-

1142 497 1234 531 ptum
1256 488 1289 520 in
1311 488 1524 523 ventriculum
1546 486 1706 522 sinistrum
1723 499 1766 520 ex
1796 486 1930 521 dextero
1962 484 2136 522 transiisse.

1140 532 1213 568 Nec
1237 542 1284 564 me
1307 530 1495 573 comessura
1517 530 1654 566 fefellit.
1677 530 1905 573 Aper-toenim
1921 528 2140 569 dexteromi-

1141 574 1192 611 hil
1216 574 1292 613 seri,
1315 574 1373 610 nifi
1395 574 1522 618 aliquid
1545 573 1629 610 forte
1648 583 1716 607 erat
1740 575 1774 607 in
1797 578 1944 608 extre-mo
1965 573 2139 612 anteriore,

1144 626 1273 652 tantum
1295 629 1371 651 vero
1393 618 1555 662 sanguinis
1574 616 1782 659 conspe&um
1803 616 1846 650 est
1860 641 1869 657 ,
1890 617 2017 659 qualem
2043 618 2079 649 in
2102 613 2143 648 sl-

1146 661 1245 695 nistro
1267 659 1438 704 descripsi,
1460 664 1544 702 atri,
1565 662 1710 697 concreti
1732 683 1744 700 ,
1766 663 1834 694 imo
1854 671 1923 694 eam
1945 671 2045 703 quam
2068 659 2145 702 gelu

1147 703 1297 744 inducit,
1319 705 1476 739 duritiam
1499 706 1653 744 na&i‚ut
1676 703 1762 739 hunc
1786 704 2006 738 ventriculum
2030 712 2145 736 totum<

1141 747 1318 782 dilatatum
1342 749 1520 790 plurimum
1534 772 1543 786 ,
1567 747 1686 781 cerebri
1698 746 1869 782 substantia
1892 758 1958 780 non
1980 746 2021 782 ad
2043 744 2146 782 bafim'

1144 798 1293 831 tantum,
1319 791 1369 825 sed
1393 794 1490 825 etiam
1514 793 1546 829 in
1570 800 1700 827 externo
1723 791 1819 823 latere
1841 789 2040 823 vehementer
2058 798 2147 823 exte-

1146 844 1262 874 nuata,
1285 834 1475 869 viderimus.
1499 834 1599 869 Nihil
1621 842 1729 868 autem
1751 835 1785 867 in
1807 833 1981 874 cerebello,
2004 832 2086 866 nihil
2112 833 2147 865 in

1150 877 1298 912 medullae
1322 878 1514 921 Oblongatae
1539 877 1620 914 facie
1642 878 1799 913 exteriore
1812 877 1886 919 vitii
1900 878 2048 920 apparuit
2061 899 2068 906 .
2084 873 2145 909 Sed

1148 920 1237 964 quod
1260 931 1324 954 erat
1347 923 1380 955 in
1402 921 1481 958 basis
1504 922 1778 962 ventriculorum,
1801 920 1923 954 dexteri
1946 919 2147 964 praesertim,

1149 965 1230 1000 facie
1252 966 1406 998 interiore
1426 974 1582 1009 quantum
1596 988 1608 1005 ,
1629 966 1720 1008 quale
1734 986 1745 1003 ‚
1759 967 1790 997 &
1812 964 1930 1007 quibus
1943 963 2146 1007 potiffimum

1147 1010 1181 1044 in
1204 1008 1291 1042 illius
1312 1007 1385 1043 esset
1409 1010 1551 1052 partibus
1573 1020 1648 1042 curn
1671 1017 1800 1054 propter
1824 1007 1985 1050 sanguinis
1996 1016 2148 1049 magnam

1149 1050 1332 1086 effufionem
1347 1076 1360 1092 ,
1382 1062 1454 1086 tum
1477 1061 1608 1096 propter
1628 1051 1903 1095 conglaciationis
1915 1052 2072 1094 praecipue
2095 1047 2151 1083 ef·-

1153 1094 1279 1134 fectus,
1305 1095 1380 1129 satis
1403 1096 1577 1131 discernere
1601 1106 1665 1129 non
1687 1095 1799 1138 potui.
1904 1093 2067 1134 Thorax,
2088 1092 2149 1136 qui'

1152 1148 1242 1173 antea
1266 1148 1393 1181 apertus
1416 1139 1543 1180 fuerat,
1566 1139 1641 1172 bina
1653 1163 1663 1180 ,
1685 1148 1722 1175 ut
1735 1139 1812 1173 alias
1833 1137 1975 1172 ⁴videram
1987 1161 1999 1179 ,
2012 1149 2071 1181 pro
2082 1147 2149 1170 uno

1152 1194 1213 1226 qua
1235 1183 1323 1217 Cava
1346 1181 1510 1226 trajicitur
1531 1194 1606 1216 vena
1622 1205 1633 1222 ,
1667 1184 1701 1215 in
1735 1181 1978 1225 diaphragmate
2011 1178 2151 1214 ostendit

1150 1226 1331 1261 foramina.
1357 1229 1396 1261 In
1419 1227 1533 1272 pingui
1557 1236 1661 1262 autem
1683 1225 1780 1260 corde
1797 1251 1805 1266 ‚
1830 1225 1922 1268 quale
1945 1225 2152 1267 &reliquum

1149 1280 1263 1312 corpus
1285 1268 1326 1303 fic
1350 1268 1424 1304 satis
1446 1269 1536 1308 suit,
1559 1280 1666 1313 parvas
1689 1268 1785 1303 osseas
1809 1268 1987 1313 squamulas
2010 1267 2155 1300 animad-

1146 1314 1227 1346 verti
1252 1312 1290 1346 ad
1311 1314 1451 1348 valvulas
1475 1314 1587 1348 Aortae
1610 1311 1767 1357 subjeetas
1788 1335 1798 1351 ‚
1837 1315 1871 1348 ἃ
1906 1312 1945 1345 ad
1969 1313 2154 1354 proximam

1146 1355 1284 1399 ejusdem
1308 1357 1431 1392 arteriae
1454 1356 1569 1391 faciem
1591 1358 1800 1398 interiorem,
1823 1365 1922 1400 neque
1947 1356 1992 1388 ibi
2024 1355 2155 1390 dumta-

1147 1410 1229 1441 xat,
1253 1399 1304 1435 sed
1328 1404 1360 1434 δι
1385 1401 1492 1444 paffir-n
1515 1403 1549 1434 in
1574 1410 1689 1435 trunco
1713 1400 1860 1444 reliquo.
1898 1401 1975 1436 Imo
1996 1410 2059 1442 qua
2083 1409 2154 1442 par-

1150 1453 1182 1478 te
1205 1443 1361 1478 desinebat
1383 1444 1449 1489 ejus
1472 1456 1585 1484 arcus,·
1607 1455 1677 1488 quae
1702 1455 1795 1487 pars,
1817 1446 1851 1477 δε
1875 1454 1963 1477 arcus
1989 1442 2054 1485 ipse
2066 1451 2155 1476 erant

1151 1488 1317 1527 dilatata3
1350 1489 1603 1532 conspiciebatur
1634 1487 1761 1531 insuper
1794 1486 1940 1530 quaedam
1975 1485 2156 1529 superficiei

1151 1532 1375 1575 inaequalitas,
1397 1533 1552 1576 colorque
1575 1532 1654 1567 alius
1668 1555 1675 1563 .
1855 1532 2011 1564 Ventrem
2047 1539 2153 1564 autem

1152 1573 1378 1610 dissecantibus
1402 1576 1436 1609 in
1459 1574 1598 1618 ejusdem
1624 1576 1748 1608 arteriae
1771 1583 1890 1608 trunco
1913 1580 1984 1608 'tum
2021 1574 2154 1608 lamellae

1152 1617 1260 1659 osseae,
1286 1629 1356 1653 tum
1380 1618 1557 1661 superficiei
1583 1619 1819 1661 inaequalitates
1844 1619 2052 1655 occurrebant
2087 1629 2157 1651 ma·-

1152 1661 1256 1705 jores,
1280 1664 1357 1706 quin
1380 1663 1610 1706 etiam‘paslim
1635 1661 1817 1696 erofionum
1834 1661 2154 1704 sanguinolentarum

1152 1705 1290 1747 species:
1313 1718 1383 1750 quae
1407 1708 1516 1741 omnia
1541 1709 1573 1740 δε
1597 1712 1653 1750 per
1676 1705 1791 1741 Iliacas
1814 1705 1988 1748 propagari
2021 1703 2156 1748 conspe-

1148 1750 1275 1785 ximus.
1301 1749 1358 1784 Sed
1382 1752 1414 1784 &
1436 1751 1588 1785 Crurales
1609 1761 1669 1794 qua
1680 1747 1875 1793 per·semina
1908 1748 2160 1788 descendebant,

1157 1794 1331 1837 rigidiores
1366 1803 1456 1829 erant
1475 1818 1487 1836 ,
1529 1798 1560 1830 δε
1583 1795 1671 1830 intra
1695 1794 1797 1827 sinum
1821 1791 1980 1842 poplitis,
2012 1791 2099 1834 quod
2123 1793 2157 1826 in

1156 1848 1218 1872 una
1254 1838 1362 1872 saltem
1394 1837 1626 1880 animadverti,
1659 1835 1770 1872 osseae.
1803 1836 1876 1871 Nec
1899 1847 1933 1869 in
1956 1837 2052 1869 altera
2072 1846 2158 1869 certe

1154 1881 1310 1917 Garotide
1332 1882 1502 1919 braeteolae
1525 1880 1614 1918 osseae
1637 1881 1822 1919 defuerant,
1846 1888 1902 1913 nec
1925 1881 1960 1913 in
1984 1881 2161 1922 spermati-

1154 1927 1201 1960 cis
1224 1925 1297 1972 ipsis
1321 1929 1445 1961 arteriis
1465 1926 1624 1967 durities,
1661 1938 1732 1970 quae
1755 1924 1944 1962 inchoatam
1976 1923 2159 1959 offificatio-

1156 1981 1228 2004 nem
1251 1970 1432 2005 indicabat.
1456 1971 1610 2007 Muliebri
1634 1971 1770 2014 denique
1794 1969 1930 2012 Fluori,
1953 1967 2036 2004 unde
2060 1980 2156 2003 occa·

1154 2012 1201 2047 fio
1222 2017 1333 2050 extitit
1357 2015 1438 2050 hanc
1462 2015 1500 2050 ad
1525 2025 1556 2050 te
1579 2016 1845 2051 Observationem
1856 2013 1907 2049 his
1929 2014 2065 2049 Litteris
2078 2015 2162 2056 mita-

1154 2058 1264 2100 tendi,
1289 2058 1458 2094 foeminam
1480 2060 1655 2102 laborasse,
1678 2070 1743 2094 non
1768 2066 1869 2105 pauca
1892 2059 2052 2094 indicavit
2074 2062 2156 2095 cras—

1154 2100 1205 2142 sa,
1230 2105 1259 2135 δε
1282 2112 1321 2137 ex
1343 2104 1415 2138 albo
1437 2104 1476 2139 ad
1498 2105 1657 2141 cinereum
1683 2115 1811 2149 vergens
1823 2105 1977 2145 materia,
2002 2116 2064 2149 qua
2087 2116 2156 2139 cera

1154 2146 1210 2179 vix
1233 2149 1341 2189 uteri,
1365 2152 1397 2182 &
1423 2151 1569 2192 proxima
1593 2151 1716 2194 vaginae
1741 2160 1810 2193 pars
1821 2147 2052 2183 foedabantur.
2077 2149 2155 2183 Infi-

1153 2200 1239 2223 mam
1264 2201 1368 2225 autem
1391 2191 1486 2235 hujus
1508 2202 1655 2235 partem,
1676 2192 1843 2236 ipsumque
1868 2192 2155 2237 orificium,quod

1150 2242 1217 2267 erat
1242 2235 1491 2278 amplissimum,
1513 2235 1669 2281 hujusque
1692 2235 1878 2270 inferiorem
1903 2238 2056 2270 viciniam
2079 2248 2155 2271 cum

1146 2276 1256 2311 rubere
1279 2278 1448 2319 vidissem3
1471 2280 1546 2314 inde
1569 2290 1735 2323 propterea
1759 2278 1798 2314 ad
1823 2280 1980 2323 superiora
2007 2280 2158 2324 scalpello

1148 2330 1299 2363 pergens,
1323 2333 1394 2356 tum
1419 2326 1585 2357 materiam
1609 2324 1699 2358 illam
1721 2324 1891 2366 conspexi,
1917 2334 1986 2358 tum
2009 2325 2158 2359 osculum

1148 2366 1254 2403 uteri,
1280 2368 1500 2410 cervicemque
1523 2368 1616 2401 ambo
1643 2379 1730 2411 seque
1753 2368 1899 2402 latiffima
1914 2394 1921 2401 .
1956 2371 2012 2401 Per
2034 2370 2154 2403 uterini

1148 2418 1256 2442 autem
1278 2409 1372 2443 fundi
1396 2413 1581 2445 interiorem
1604 2411 1803 2454 superficiem
1826 2434 1835 2450 ,
1871 2423 1942 2455 quae
1966 2422 2032 2445 erat
2056 2423 2153 2447 caete-

1146 2454 1262 2495 roquin
1287 2454 1398 2493 laevis,
1422 2453 1582 2498 transpexi
1606 2454 1786 2499 sanguifera
1806 2454 1930 2489 vascula
1955 2466 2012 2489 nec
2036 2467 2150 2499 pauca,

1148 2497 1181 2527 &
1205 2495 1372 2538 conferta,
1395 2501 1427 2531 δε
1451 2499 1538 2532 nulla
1560 2508 1647 2532 certa
1671 2510 1782 2533 norma
1816 2498 1967 2541 disposita
1993 2523 2002 2538 ‚
2042 2512 2112 2544 quae
2136 2526 2150 2542 ‚

1147 2538 1256 2574 subtus
1279 2540 1425 2584 appreffis
1436 2541 1576 2585 digitis,
1600 2541 2050 2586 a-sanguineintumescebant
2062 2545 2151 2588 quasi

1147 2592 1322 2624 eruptum,
1348 2596 1411 2618 non
1433 2584 1518 2620 secus
1542 2596 1636 2631 atque
1659 2588 1693 2620 in
1718 2588 1758 2620 iis
1790 2587 1897 2621 videre
1929 2585 2044 2622 solitus
2079 2588 2149 2625 sum

1148 2636 1219 2668 quae
1241 2638 1340 2670 nuper
1363 2631 1396 2661 in
1422 2630 1585 2664 menstruis
1612 2629 1753 2664 fuerint.

1195 2680 1246 2712 15.
1272 2670 1370 2706 Haud
1394 2671 1570 2707 absimilem
1593 2673 1796 2709 vasculorum
1821 2674 2144 2716 constitutionem‘is‚

1147 2721 1251 2764 puto,
1275 2715 1401 2749 videret
1424 2718 1480 2760 qui
1506 2719 1631 2751 narium
1654 2719 1842 2751 interiorem
1867 2720 2084 2753 membranam
2097 2722 2149 2754 in-

1145 2756 1278 2806 spiceret
1299 2770 1416 2801 coryza
1441 2758 1606 2799 affeetam5
1629 2771 1702 2794 cum
1727 2761 1785 2794 hac
1798 2763 1882 2795 enim
1896 2760 2062 2796 affeetione
2074 2774 2145 2798 ute-

1144 2811 1174 2833 ri
1199 2801 1331 2836 fluorem
1362 2802 1540 2837 istiusmodi
1576 2805 1766 2843 convenire3
1801 2804 1950 2840 Medicos
1985 2807 2144 2849 agnovisse

1144 2852 1285 2883 veteres,
1312 2845 1428 2879 nedum
1451 2848 1642 2880 recentiores
1657 2871 1665 2886 ‚
1686 2860 1702 2881 a
1725 2858 1773 2880 me
1798 2847 1872 2882 satis
1894 2850 1971 2883 alibi
1983 2852 2143 2891 (vx)scri.

1145 2896 1238 2928 ptum
1262 2888 1322 2922 est.
1456 2890 1539 2923 Satis
1561 2892 1659 2924 etiam
1681 2890 1719 2925 de
1742 2893 1864 2925 caeteris
1887 2891 1993 2936 scripfi
2016 2906 2088 2937 quae
2109 2897 2144 2929 in

1142 2930 1202 2981 hac
1224 2943 1349 2975 quoque
1373 2931 1443 2966 sunt
1466 2932 1651 2967 diffeffione
1681 2934 1894 2969 animadversa
1926 2937 1963 2970 ad
1997 2939 2143 2981 Apople-

1139 2985 1203 3007 xiae
1238 2976 1423 3024 Sanguineae
1444 2999 1457 3015 ,
1488 2980 1521 3010 δε
1555 2978 1769 3020 Hemiplexiae
1800 2978 1904 3013 causas
1937 2983 2107 3016 attinentia
2132 3007 2141 3017 .

1275 3020 1367 3059 Qin
1389 3019 1466 3051 alias
1489 3022 1561 3062 (y)
1584 3021 1646 3053 tibi
1669 3020 1797 3055 effectus
1821 3024 1916 3057 etiam
1941 3024 2138 3066 gelidiffimae

1141 3060 1337 3101 tempestatis
1359 3060 1540 3104 fignificant
1564 3064 1647 3096 intra
1659 3063 1814 3098 cadaveris
1826 3069 1967 3102 cranium
1991 3079 2005 3100 a
2021 3080 2068 3102 me
2082 3070 2139 3103 de-

1147 3103 1337 3146 prehens053
1360 3104 1551 3148 quibuscum
1574 3107 1739 3150 postquam
1764 3108 1858 3143 hosce
1879 3111 1958 3144 alios
1992 3113 2139 3146 contule-

1145 3149 1189 3180 ris
1207 3171 1218 3187 ,
1241 3147 1422 3191 tempestate
1445 3150 1550 3184 minus
1574 3151 1742 3193 aliquanto
1776 3149 1897 3194 frigida
1929 3153 2101 3189 adnotatos
2125 3181 2135 3196 ,

1145 3191 1298 3234 utrosque
1320 3202 1425 3225 autem
1447 3204 1519 3227 cum
1542 3191 1750 3235 dissefflone,
1773 3206 1788 3227 a
1815 3196 2030 3238 Cl.Lipfiensi
2054 3199 2137 3233 Pro-

1136 3232 1247 3268 fessore
1271 3235 1477 3271 Quelmalzio
1500 3241 1510 3276 (
1535 3247 1559 3281 z
1581 3240 1591 3274 )
1615 3239 1647 3270 in
1670 3236 1737 3270 sene
1759 3237 1892 3280 habita,
1915 3251 2011 3283 quem
2036 3241 2139 3276 mense

1135 3277 1295 3321 Januario
1314 3279 1377 3312 iter
1400 3276 1566 3312 habentem
1591 3279 1692 3322 frigus
1724 3281 1889 3316 vehemens
1922 3286 2099 3319 extinxerat
2120 3298 2135 3327 ,-

1141 3322 1330 3362 miraberis,
1355 3321 1431 3355 huic
1454 3323 1488 3354 in
1510 3323 1628 3356 cerebri
1652 3324 1842 3359 ventriculis
1865 3326 2135 3369 lymphamdum-

1140 3373 1228 3398 taxat
1250 3365 1427 3408 viscidam,
1450 3376 1513 3399 non
1538 3367 1609 3409 gelu
1634 3376 1833 3409 concretam,
1856 3368 1968 3403 fuisse:
1994 3382 2066 3406 nam
2077 3373 2135 3407 etfi

1138 3406 1260 3441 blando
1281 3409 1384 3440 calore
1407 3408 1514 3442 fotum
1538 3420 1624 3442 antea
1647 3411 1778 3444 cadaver
1799 3409 1925 3452 fuerat3
1947 3423 2051 3448 tamen
2061 3428 2135 3452 cum

1140 3452 1175 3484 in
1200 3452 1303 3493 priore
1325 3462 1452 3494 quoque
1475 3452 1534 3485 illo
1557 3453 1666 3486 nostro
1679 3452 1720 3490 jd
1741 3454 1790 3487 vel
1814 3457 1915 3498 magis
1937 3456 2058 3492 facium
2089 3461 2135 3494 es-

1145 3494 1214 3529 set.
1238 3505 1303 3528 non
1325 3504 1492 3537 propterea
1515 3495 1596 3530 illud
1618 3496 1706 3539 quod
1730 3497 1764 3530 in
1799 3501 1983 3533 ventriculis
2017 3501 2132 3538 iisdem

1143 3547 1363 3578 concreverat,
1386 3538 1486 3573 serum
1499 3539 1541 3572 est
1552 3540 1812 3582 regelatum,nec
1836 3541 1904 3575 sane
1928 3544 1981 3576 ille
2005 3555 2020 3576 a
2036 3549 2130 3582 nobis

1142 3579 1289 3614 dissefius
1316 3582 1424 3622 senex,
1448 3591 1502 3615 aut
1528 3583 1591 3615 haec
1616 3594 1690 3616 anus
1719 3583 1751 3615 vi
1791 3583 1921 3627 frigoris
1955 3588 1989 3619 in
2019 3589 2134 3625 itinere

1143 3623 1274 3666 oppreffi
1297 3623 1422 3659 fuerant
1432 3647 1442 3663 ‚
1455 3623 1549 3659 sedin
1559 3625 1753 3659 Nosocomii
1766 3627 1889 3662 lestulis
1901 3637 2031 3674 uterque
2041 3644 2128 3668 mor.

2014 3678 2087 3716 tui3

165 3800 173 3827 s
189 3806 206 3829 p
222 3799 236 3827 )
254 3798 316 3827 Epist
343 3799 371 3822 ad
388 3798 542 3828 Millington.
600 3799 615 3829 (
632 3806 646 3828 4
664 3798 677 3826 )
692 3798 757 3823 Tab.
776 3806 797 3823 2.

166 3830 181 3858 (
195 3830 235 3858 s)
281 3830 312 3852 id.
330 3829 384 3854 Ast.
402 3830 474 3854 Erud.
492 3828 553 3858 Lips.
569 3831 597 3852 A.
617 3830 681 3858 1758.
703 3831 741 3853 M.
758 3832 860 3860 Januar.

165 3860 209 3891 ky
227 3863 235 3890 l
250 3859 323 3890 Epist.
343 3867 378 3891 ¹3-
395 3867 419 3885 n.
438 3868 471 3890 ¹5-
862 3860 867 3865 ·

860 3800 869 3830 (
885 3809 897 3825 r
913 3800 927 3830 )
943 3800 1015 3829 Epist.
1032 3803 1072 3835 46.
1083 3809 1106 3826 n.
1124 3809 1160 3827 u.
1177 3802 1200 3827 δι
1216 3801 1278 3832 seqq.

809 3861 815 3865 Π
924 3832 942 3865 (.
954 3833 990 3865 n.)
1005 3832 1077 3865 sipili.
1094 3840 1133 3862 50.
1150 3841 1173 3856 n.
1189 3840 1226 3862 51.
1243 3836 1264 3857 ὅ(
1282 3832 1330 3863 seq.

538 3860 546 3889 ί
561 3867 579 3889 z
594 3858 609 3889 )
624 3862 706 3890 Progr.
722 3867 770 3890 quo
786 3861 880 3892 frigoris
895 3867 992 3887 acrioris
1007 3868 1033 3887 in
1047 3868 1115 3893 corp.
1132 3864 1201 3891 hum.
1216 3863 1313 3890 effestus
1327 3864 1428 3895 expend.

1389 3834 1434 3863 (u
1450 3834 1464 3866 2
1479 3841 1504 3861 n.
1523 3841 1559 3865 ¹7·
1621 3834 1635 3863 t
1650 3843 1665 3860 x
1680 3835 1695 3865 )
1711 3835 1788 3867 Epist.
1805 3844 1844 3869 ⁴7·
1860 3845 1884 3865 n.
1907 3844 1943 3866 ιι.
