2498 4075
483 88 576 128 120

494 195 704 229 Preterradtt
725 195 806 229 enim
827 203 890 227 »vox
902 192 1015 237 fauces
1031 192 1132 235 saepe,
1147 191 1289 236 facitque

493 237 668 280 ‚Asperiora
684 234 777 280 foras
793 237 934 280 gradiens
956 236 1072 269 arteria
1092 235 1207 271 clamor
1222 262 1230 272 .

496 282 627 324 ,Quippe
639 289 697 322 per
718 280 875 323 angustum
898 277 989 313 turba
1012 279 1126 318 majore
1149 288 1255 313 coorta

498 328 546 357 Ire
563 321 655 366 faras
678 322 733 357 ubi
753 330 907 365 coeperunt
924 322 1097 363 primordia
1119 332 1229 357 vocum
1244 347 1252 360 0

497 366 624 400 Scilicet
647 365 777 408 expletis
798 376 913 408 quoque
935 364 1029 403 janua
1051 366 1174 398 raditur
1196 366 1259 398 oris

499 414 603 449 Rauca
624 409 711 449 ,viix
735 409 777 445 &⁹
798 410 857 444 iter
879 407 962 441 ladit
976 429 986 445 ‚
1010 418 1070 450 qua
1091 417 1155 441 *vox
1176 408 1206 442 it
1227 409 1261 441 in
1282 419 1375 442 auras
1398 431 1404 440 .

412 495 471 530 Sed
495 496 533 529 de
553 494 719 529 Hortensii
743 493 812 528 casu
836 493 911 526 alias
933 496 1010 533 (m)
1032 493 1159 528 fortasse
1175 494 1282 538 plura.
1306 495 1407 528 Nunc

409 539 446 573 de
469 538 635 573 raucedine
651 561 660 575 ,
683 540 716 571 δε
738 537 775 570 de
798 548 829 570 ea
852 548 922 579 quae
948 536 1026 569 hanc
1050 537 1214 572 interdum
1251 538 1373 581 excipit
1395 561 1409 579 ,

405 583 544 625 aphonia
568 581 634 616 haec
658 578 794 622 attigisse
819 579 893 616 satis
916 578 1001 612 esto.

454 638 502 667 34.
526 627 577 660 De
597 623 750 666 Aphonia
774 632 879 657 autem
903 626 968 658 κατ’
989 621 1101 665 ὠῗοχῖιὺ
1124 621 1233 663 dieta,
1265 635 1336 666 quae
1358 636 1408 657 ce—

404 670 487 702 rebri
510 667 713 709 consequitur
735 667 853 700 vitium
869 689 881 706 ,
905 664 1252 707 nonnullaadjiciamus
1277 666 1314 700 ad
1337 669 1407 710 Ap-

406 710 575 755 pendicem
600 713 626 745 I.
652 717 746 752 quam
775 709 843 752 post
866 706 1136 753 observationem
1159 709 1290 743 XVIII.
1316 713 1330 749 (
1351 721 1371 743 n
1392 714 1406 752 >

403 754 528 787 videbis
544 779 551 787 .
577 752 724 787 Medium
737 753 826 785 illam
850 750 906 784 esse
923 750 1070 784 afle6h1m
1093 753 1177 784 inter
1188 754 1410 794 apoplexiam,

401 800 432 830 δε
457 797 635 839 epilepsiam
668 797 702 828 in
725 806 758 828 ea
789 791 976 837 Appendice
998 793 1081 835 leges
1113 793 1200 837 quod
1232 795 1295 830 fine
1326 796 1412 831 sensu

401 840 556 882 quidem,
580 842 612 871 ἅτ
637 837 699 870 fine
723 848 799 871 voce
822 847 905 879 aeger
927 834 964 867 sit
987 858 1000 875 ,
1039 847 1102 868 non
1125 847 1230 871 tamen
1254 838 1317 875 fine
1339 852 1409 873 mo.

401 892 437 916 tu
453 905 461 919 ,
488 893 544 915 nec
566 893 639 917 cum
658 879 891 923 agitationibus
913 878 1127 915 convulfivis:
1151 881 1410 924 posseinterdum

400 937 463 968 pro
487 924 585 961 causae
617 924 816 958 vehementia
839 924 874 956 in
906 921 1107 964 apoplexiam
1130 924 1312 967 degenerare
1335 939 1343 959 z
1378 930 1410 960 δε

404 968 469 1004 huc
495 980 562 1002 eam
584 979 717 1011 quoque
739 966 930 1010 Aphoniam
956 965 1113 1007 attinere,
1136 967 1174 1001 de
1195 980 1258 1011 qua
1280 971 1411 1012 Hippo-

401 1013 498 1046 cratis
524 1012 566 1045 est
589 1010 790 1053 aphorismus
812 1010 831 1051 (
843 1021 860 1042 o
881 1014 916 1051 ).·
934 1007 963 1051 fi
985 1008 1089 1043 ebrius
1112 1011 1266 1054 quispiam
1289 1021 1411 1055 repente

400 1062 501 1101 ἄφωνος
523 1055 606 1099 fiat,
628 1054 792 1099 convulsus
813 1053 949 1086 moritur
965 1076 975 1091 ,
999 1051 1056 1093 nlfi
1073 1051 1164 1095 febre
1187 1056 1376 1096 corripiatur
1397 1080 1410 1096 ,

398 1108 455 1134 aut
477 1098 531 1134 ubi
553 1098 592 1133 ad
624 1096 934 1173 horamdpervenerit
966 1105 1025 1136 qua
1048 1096 1179 1137 crapulae
1204 1096 1376 1137 solvuntur
1396 1123 1409 1142 ‚

403 1154 511 1176 ’vocem
534 1148 712 1183 recuperet:
758 1140 871 1182 eoique
894 1139 971 1174 oriri
991 1136 1179 1179 Aphoniam
1202 1140 1282 1174 hanc
1295 1138 1366 1183 fere
1389 1154 1406 1176 a

400 1185 542 1228 consensu
560 1185 702 1226 partium
726 1181 921 1225 irfflernarum
931 1205 945 1222 ,
967 1182 1009 1215 62·
1032 1190 1145 1222 vapore
1167 1184 1322 1217 narcotico
1337 1184 1407 1228 spi-

400 1230 485 1262 ritus
518 1227 667 1261 animales
698 1227 731 1259 in
769 1224 890 1261 cerebro
917 1224 1060 1270 sapiente
1085 1223 1143 1266 seu
1180 1226 1405 1267 perturbante.

406 1272 487 1305 Non
511 1272 617 1303 minus
641 1278 746 1302 autem
784 1268 866 1300 κᾶε
889 1267 1091 1313 ἱῃτετ]εᾶυη]
1125 1267 1180 1302 hic
1204 1267 1293 1302 fuisse
1324 1270 1407 1306 istud

393 1312 488 1361 fere,
511 1324 608 1357 quam
632 1325 649 1347 a
670 1311 767 1345 Celso
791 1311 935 1345 fueritin
959 1308 1316 1357 propositiAphorismi
1340 1326 1406 1349 ver..

395 1357 482 1391 lione
496 1381 504 1396 ‚
528 1357 652 1396 nostra,
674 1367 744 1399 quae
768 1355 925 1388 continuo
948 1353 1158 1396 subjicietur,
1181 1355 1320 1392 ostendet
1334 1359 1404 1391 Ob-

401 1401 561 1435 servatio.
587 1398 671 1433 Celfi
703 1407 811 1435 autem
835 1395 935 1432 versio
957 1396 997 1430 sic
1023 1395 1118 1430 habet
1141 1401 1155 1437 (
1175 1399 1230 1442 p)
1253 1412 1263 1434 ,·
1298 1401 1353 1442 qui
1374 1413 1404 1435 e.

401 1444 491 1479 brius
516 1442 694 1487 obmutuit,
718 1443 746 1475 is
763 1439 833 1484 fere
857 1450 1022 1477 nervorum
1045 1440 1224 1481 distentione
1256 1444 1406 1487 consumi-

403 1492 490 1527 turs
504 1486 560 1530 mfi
586 1493 643 1523 aut
657 1484 763 1528 febris
774 1482 914 1526 acceffit,
935 1491 994 1522 aut
1017 1494 1050 1518 eo
1060 1490 1219 1527 tempore,
1242 1497 1299 1529 quo
1311 1487 1407 1525 ebrie-

393 1539 447 1567 tas
463 1531 550 1574 solvi
573 1529 682 1569 debet,
707 1527 792 1570 loqui
813 1528 924 1569 coepit.

442 1587 494 1618 35.
522 1571 813 1609 AGRICOLAM
836 1570 924 1604 virili
950 1580 1043 1605 aetate
1064 1597 1077 1613 ‚
1108 1573 1241 1616 strigoso
1264 1573 1374 1609 habitu
1400 1599 1410 1615 ‚

401 1619 488 1653 fusca
513 1618 631 1660 ubique
654 1625 727 1652 cute
750 1639 759 1654 ‚
782 1615 908 1650 ebrium
935 1614 1074 1658 aphonia
1099 1617 1303 1660 prehenderat
1327 1642 1334 1651 .
1372 1622 1410 1654 In

400 1661 643 1700 Nosocotnium
667 1659 730 1694 hoc
756 1659 933 1694 intulerunt
955 1675 965 1697 5
1001 1661 1056 1693 vix
1079 1671 1173 1704 caput
1197 1672 1376 1697 moventem
1401 1689 1409 1697 .

400 1705 452 1742 Ibi
477 1708 560 1740 intra
597 1713 749 1748 ,quartum
773 1703 810 1738 ab
847 1702 998 1737 ebrietate
1020 1702 1105 1738 diem
1138 1706 1312 1740 exiliffimis
1336 1733 1345 1747 ‚
1378 1712 1409 1741 &e

402 1748 627 1787 deficientibus
659 1747 798 1790 pulsibus
826 1771 837 1787 ,
870 1758 933 1781 non
967 1748 1136 1783 convulsus
1157 1774 1169 1789 ‚
1203 1750 1274 1784 fato
1306 1750 1408 1784 ceffit.

528 1792 760 1828 CADAVER
796 1803 812 1825 a
847 1791 940 1825 nobis
974 1793 1007 1825 in
1034 1793 1210 1834 Gymnasio
1242 1794 1412 1836 diligenter

402 1840 576 1884 perseifium
600 1835 641 1869 est
662 1861 671 1876 ‚
706 1846 769 1883 non
792 1834 890 1868 modo
913 1845 950 1869 ut
972 1838 1158 1870 Anatomen
1182 1837 1412 1872 absolveremus

399 1895 471 1918 ante
506 1881 670 1918 Februarii
706 1878 800 1913 {inem
822 1881 868 1913 A.
895 1889 987 1921 1737.
1014 1891 1121 1914 verum
1153 1882 1249 1914 etiam
1271 1905 1283 1921 ,
1315 1891 1351 1914 ut
1377 1883 1412 1915 in

396 1928 543 1972 partibus
568 1924 725 1970 plerisque
749 1922 899 1956 omnibus
923 1924 1076 1969 nonnulla
1091 1924 1407 1966 recognosceremus,

396 1985 469 2015 quae
493 1972 561 2004 alio
584 1969 741 2002 attinent.
769 1966 806 2000 ld
829 1967 904 2000 dum
930 1966 1017 1998 heret
1039 1990 1051 2007 ,
1083 1977 1153 2009 quae
1178 1977 1291 2009 praeter
1314 1978 1408 2002 natu-

401 2028 469 2051 ram
494 2014 612 2053 essent,
636 2011 702 2046 haec
728 2009 968 2044 adnotavimus.
994 2010 1033 2042 In
1056 2011 1229 2043 ventriculi
1254 2011 1335 2044 facie
1357 2013 1407 2044 in-

393 2061 511 2094 teriore
534 2057 573 2091 ad
597 2055 733 2090 fundum
757 2055 845 2097 nigra
868 2052 1012 2095 quaedam
1035 2054 1151 2095 punffita
1175 2054 1407 2095 occurrebant,

397 2102 484 2147 quasi
507 2113 601 2145 grana
627 2099 746 2133 tabacci
771 2097 914 2131 craffiora
937 2109 945 2128 ε
969 2106 1038 2138 quae
1062 2098 1156 2137 paulo
1180 2099 1334 2131 attentius
1357 2099 1407 2131 in-

398 2149 526 2185 tuitus,
550 2144 716 2186 cognovi,
737 2152 831 2182 parva
855 2139 984 2182 quidem
1000 2162 1012 2179 ,
1036 2139 1086 2172 secl
1108 2148 1192 2173 certa
1215 2139 1272 2174 esse
1296 2152 1407 2174 necro-

399 2191 438 2225 ᾗς.
463 2189 607 2225 indicia;
631 2197 701 2219 tum
726 2184 821 2226 paulo
844 2182 988 2226 superins
1017 2183 1240 2217 maculasduas
1265 2185 1408 2218 animad-

395 2236 478 2268 verti
505 2234 636 2275 nigras,
659 2232 690 2262 &
711 2225 872 2270 quandam
895 2236 991 2268 prope
1004 2224 1060 2259 has
1082 2227 1313 2263 rubicundam,
1336 2240 1407 2271 quae

402 2279 571 2321 aliquanto
595 2274 732 2315 amplior
756 2279 841 2306 crat,
866 2272 898 2302 δε
922 2279 993 2301 vera
1016 2279 1104 2309 erat,
1126 2281 1270 2312 quamvrs
1296 2270 1407 2303 leviffi-

403 2334 476 2357 ma,
501 2318 715 2353 exulceratio.
742 2314 1012 2358 Mirabar-autem
1035 2312 1114 2354 quid
1137 2312 1209 2346 esset
1226 2336 1237 2352 ,
1261 2314 1347 2356 quod
1359 2323 1408 2346 ta-

401 2366 447 2399 lia
473 2373 591 2405 nuper,
619 2361 688 2393 imo
714 2358 811 2390 etiam
836 2367 955 2397 majora
980 2356 1058 2387 vitia
1081 2357 1115 2387 in
1138 2358 1319 2390 ventriculo
1343 2379 1353 2394 ,
1377 2360 1409 2390 ἅτ

400 2407 601 2449 oesophago,
625 2407 653 2436 ἅς
679 2399 842 2436 Duodeno
875 2397 1025 2430 intestino
1049 2396 1244 2432 offendiss'em
1279 2410 1410 2442 pauper-

402 2452 481 2485 culae
504 2444 668 2483 mulieris,
693 2456 708 2477 a
731 2442 821 2485 cujus
844 2439 1029 2489 disseffitione
1051 2441 1336 2475 Anatomenillam
1358 2444 1409 2474 in-

402 2494 591 2528 choaveram
607 2515 615 2530 ,
638 2500 710 2522 cum
735 2486 830 2528 longe
854 2486 913 2517 alia
947 2494 975 2514 el
1002 2483 1115 2516 domus
1136 2508 1150 2525 ,
1184 2488 1217 2519 ὃς
1239 2488 1409 2527 aegrotatio

403 2536 535 2577 fuisset,
558 2543 594 2568 ut
619 2533 674 2566 suo
698 2531 769 2563 loco
792 2530 845 2571 (q
867 2531 881 2568 )
915 2525 952 2559 ad
978 2535 1008 2559 te
1034 2525 1167 2572 scribam
1193 2554 1201 2562 .
1333 2531 1407 2561 (3ae-

405 2592 510 2615 terum
533 2579 594 2611 viri
619 2586 712 2619 quem
737 2582 806 2605 turn
831 2569 993 2609 secabam,
1018 2570 1115 2616 i-llaesa
1140 2570 1266 2612 prorsus
1292 2575 1323 2605 δέ
1349 2583 1408 2613 gu-

405 2626 490 2662 lam,
515 2625 546 2657 &
570 2619 715 2654 intestina
739 2612 953 2658 deprehendi,
976 2612 1035 2645 nisi
1055 2613 1143 2656 quod
1165 2615 1198 2646 in
1223 2616 1282 2648 Ilei
1307 2617 1408 2658 prima

405 2679 495 2712 parte
522 2663 690 2708 apparebat
712 2663 800 2694 intus
823 2669 881 2691 una
894 2665 946 2690 aut
970 2657 1066 2688 altera
1080 2659 1319 2698 prominentia,
1343 2670 1412 2691 mo-

406 2712 479 2745 dica
503 2708 598 2742 instar
623 2706 721 2749 apicis
734 2701 861 2735 minimi
887 2700 1008 2743 digiti,
1033 2699 1249 2736 cxsubstantia
1265 2723 1273 2739 ,
1300 2711 1335 2734 ut
1346 2700 1411 2734 dis-

407 2753 542 2790 secando
566 2749 731 2794 perspexi,
755 2742 928 2779 rubicunda
951 2766 961 2782 ,
994 2754 1050 2776 nec
1073 2742 1259 2789 glandulosa
1281 2756 1289 2776 ι
1323 2746 1412 2778 Caeci

411 2808 517 2832 autem
542 2796 655 2831 exigua
678 2790 824 2834 quaedam
847 2788 957 2830 portio
984 2809 995 2826 ‚
1031 2787 1123 2819 Recti
1148 2798 1223 2820 vero
1249 2787 1413 2830 aliquanto

409 2840 512 2881 major
536 2831 689 2872 rubEbat.
714 2834 795 2866 Lien
820 2831 916 2874 paulo
939 2829 1060 2863 craffior
1082 2853 1094 2870 ,
1125 2828 1213 2876 jecur
1235 2832 1332 2873 paulo
1354 2831 1415 2864 du-

412 2886 478 2919 rius
494 2907 505 2923 ,
527 2885 558 2915 ὅ(
582 2875 799 2920 subpallidum
821 2874 923 2907 visum
948 2872 989 2906 est
1010 2896 1022 2913 ‚
1045 2874 1078 2905 in
1102 2885 1192 2916 cnjus
1214 2873 1343 2909 vesicula
1367 2874 1416 2906 bi-

412 2929 453 2962 lis
480 2920 681 2960 subviscida,
705 2920 811 2951 colore
834 2917 930 2950 viridi
954 2915 1118 2949 obsoletO.
1147 2918 1298 2951 Urinaria
1322 2917 1418 2950 vesica

413 2970 583 3010 semiplena
607 2989 615 3003 ‚
648 2968 679 2997 ὃς
703 2963 823 2996 tunicis
847 2959 1039 2994 crassioribus
1062 2984 1070 2991 .
1104 2961 1253 2994 Cruentae
1274 2983 1283 2998 ‚
1323 2973 1358 2993 an
1383 2973 1422 2994 cx

416 3007 625 3048 diss'effiffione?
649 3018 738 3050 aquae
765 3008 798 3038 in
822 3006 890 3037 imo
911 3004 1032 3036 ventris
1057 3004 1142 3045 pelvi
1164 3014 1322 3047 quantum
1345 3016 1421 3046 cya-

414 3058 490 3091 thus
514 3053 686 3088 mediocris
709 3057 854 3092 caperet.
989 3046 1150 3080 Thoracis
1173 3058 1306 3090 utroque
1329 3048 1422 3081 inca-

417 3113 460 3134 vo
483 3093 715 3139 ejusdemmodi
739 3104 826 3136 aquae
851 3090 1038 3124 tantundem
1066 3114 1073 3121 .
1097 3092 1166 3136 Cor
1188 3093 1327 3124 exterius
1352 3093 1422 3134 pin-

419 3143 566 3186 guedinis
593 3150 721 3185 p2rum,
745 3138 779 3168 in
803 3135 988 3167 ventriculis
1013 3133 1184 3176 polyposas
1208 3134 1319 3168 habuit
1342 3146 1423 3168 con-

419 3189 595 3221 cretionffi,
623 3182 768 3217 valvulae
784 3204 792 3218 ,
815 3179 942 3220 utrique
959 3176 1069 3212 cordis
1081 3180 1193 3212 venolo
1206 3177 1331 3212 orificio
1343 3190 1423 3221 prae-

419 3231 533 3270 ἔρξω,
557 3229 610 3262 hic
634 3227 705 3259 illic
744 3222 850 3267 passim
872 3220 1026 3254 crassiores
1054 3244 1065 3260 ,
1102 3221 1210 3263 ibique
1240 3221 1326 3254 dura:
1346 3244 1359 3261 ,
1391 3225 1422 3255 δε

419 3275 589 3308 albicantes
613 3273 748 3303 inventae
773 3266 844 3299 sunt
865 3290 872 3297 .
907 3264 1026 3306 Magna
1051 3266 1128 3296 item
1153 3267 1264 3297 arteria
1290 3277 1302 3297 a
1328 3265 1422 3299 corde

421 3318 458 3353 gd
483 3327 550 3348 [am
574 3315 672 3357 usque
696 3319 816 3355 partem
839 3319 900 3351 qua
925 3307 1075 3340 vertebris
1099 3306 1257 3341 adhaerere
1282 3309 1420 3350 incipit,

420 3360 570 3404 disjectas
593 3359 675 3391 albas
700 3354 837 3388 maculas
860 3353 947 3383 intus
971 3350 1153 3384 ostendebat
1172 3373 1181 3387 ,
1215 3354 1316 3391 prima
1339 3352 1419 3385 olim

422 3406 536 3440 futurae
560 3400 774 3436 ossificationis
796 3394 934 3430 indicia.
1067 3395 1179 3428 Cranii
1197 3394 1337 3433 fornice,
1362 3397 1419 3439 qui

1033 70 1188 126 Liber
1223 71 1261 122 l.
1295 71 1379 124 De
1416 69 1624 124 Morbis
1658 67 1865 135 Capitis

1454 147 1580 182 craffior
1603 146 1689 187 fuit,
1710 150 1860 190 Duraque
1883 146 2051 187 meninge,
2071 143 2163 186 cujus
2185 145 2218 177 in
2237 144 2364 179 Sinibus
2387 146 2446 179 ali-

1455 190 1534 234 quid
1578 191 1719 233 olyposae
1741 191 1953 224 concretionis
1977 186 2226 221 animadversum
2248 187 2311 226 est,
2336 200 2353 221 a
2376 187 2465 222 sub.'

1455 234 1535 280 jetta
1595 235 1668 267 enui
1692 236 1823 267 remotis
1845 256 1859 273 ,
1889 235 1923 267 in
1946 231 2005 265 hac
2028 229 2097 263 vasa
2117 254 2128 269 ,
2163 242 2217 263 nec
2239 233 2378 265 multum
2401 241 2450 266 ta..

1455 288 1552 316 men,
1574 274 1720 318 sanguine
1741 276 1875 310 distenta
1898 283 2127 317 apparuerunt,
2150 273 2206 307 sub
2229 275 2397 318 eademque
2413 275 2450 309 ad

1457 321 1561 355 sulcos
1585 319 1702 355 cerebri
1726 319 1861 362 limpida
1884 330 1963 362 aqua
1986 340 1999 358 ,
2031 319 2063 350 ὅ(
2085 318 2120 349 in
2156 316 2214 349 hac
2237 317 2333 351 bullae
2357 329 2450 352 aereae

1458 364 1580 407 plures3
1606 362 1727 397 tametsi
1750 363 1785 396 id
1805 372 1874 396 erat
1895 360 1985 405 quod
2007 359 2107 400 dixi,
2128 361 2202 392 anni
2227 369 2351 403 tempus
2372 382 2382 397 ,
2419 365 2465 395 δε,

1456 408 1513 439 vix
1537 406 1640 440 sextus
1663 418 1678 439 a
1702 417 1805 441 morte
1828 406 1914 439 dies.
1942 406 1979 437 In
2002 402 2189 436 ventriculis
2213 414 2343 447 quoque
2355 405 2451 437 Late·
2472 412 2475 415 ’

1458 449 1576 486 ralibus
1596 450 1697 483 multa
1720 461 1799 492 aqua
1820 447 1982 491 limpida,
2005 445 2230 481 &Choroides
2253 447 2362 489 plexus
2386 447 2453 488 pal..

1457 495 1574 528 lentes,
1599 492 1780 529 Quosdum
1791 491 1966 526 retrorsum
1988 490 2072 522 lente
2084 490 2287 530 attollerem,
2311 490 2455 523 animad-

1458 538 1538 570 verti
1572 547 1640 570 eam
1664 537 1799 569 Pinealis
1831 534 1987 578 glandulae
2009 544 2069 576 qua
2092 532 2165 576 ipsis
2197 533 2420 566 anneetebatur
2443 557 2456 574 ,

1459 589 1582 624 partem
1607 579 1684 612 flava
1709 579 1879 613 substantia
1901 585 2046 620 opertam
2065 599 2078 616 ,
2100 588 2170 619 quae
2193 576 2302 609 mollis
2324 575 2455 619 quidem

1460 635 1514 666 per
1537 623 1565 656 se
1585 621 1768 661 videretur3
1792 621 1842 655 sed
1865 621 1886 654 si
1912 622 1996 653 inter
2017 619 2138 662 digitos
2161 628 2331 652 attererem
2353 642 2366 659 ,
2388 630 2455 653 ma-

1458 666 1572 700 nifesto
1593 674 1660 698 erat
1683 665 1767 708 quasi
1791 664 1932 698 arenosa.
1957 663 2130 698 Cerebrum
2153 662 2210 696 sub
2233 660 2383 704 scalpello
2405 661 2458 695 fir<

1459 721 1570 747 mum3
1595 708 1645 744 sed
1666 707 1849 751 quidquid,
1871 706 2054 750 incipiendo
2077 718 2093 739 a
2116 706 2274 746 fornice,
2305 705 2456 739 medulla-

1461 765 1492 787 re
1515 752 1660 791 suberat,
1683 754 1832 794 nervique
1854 751 1912 793 ipsi
1937 749 2027 783 valde
2048 749 2137 783 laxi.

1503 798 1555 839 36,
1581 793 1682 829 Vides
1707 796 1833 837 igitur;
1856 804 1892 827 ut
1914 803 2025 826 caetera
2049 804 2119 835 quae
2141 792 2207 825 alio
2230 792 2263 824 in
2286 792 2362 825 loco
2386 803 2457 836 per-

1461 838 1657 883 pendentur,
1680 836 1733 871 hic
1748 839 1960 877 omittamus;
1983 848 2081 878 neque
2093 846 2149 878 per
2170 834 2353 869 consensum
2364 834 2459 869 dum-

1462 891 1650 923 taxat,›aut
1675 893 1690 914 a
1714 892 1828 924 vapore
1852 881 1983 924 spiritus
2006 878 2084 918 hic,
2108 881 2139 911 δι
2163 878 2323 911 cerebrum
2348 877 2459 912 affeeta

1462 925 1578 967 fuisse,
1601 936 1700 968 neque
1723 925 1908 959 convulsum
1922 922 2006 957 hunc
2029 921 2158 965 quidem
2171 921 2338 955 hominem
2360 923 2459 954 inter-

1461 968 1549 1007 iisse,
1573 980 1645 1003 curn
1668 968 1790 1002 ebrium
1814 966 1951 1010 aphonia
1974 964 2123 1009 cepisset,
2146 976 2245 1007 neque
2268 977 2306 998 eo
2331 975 2460 1008 tempo-

1461 1026 1493 1048 re
1515 1025 1580 1056 quo
1593 1012 1726 1045 ebrietas
1750 1012 1829 1045 solvi
1844 1011 1959 1050 debet,
1980 1017 2044 1043 vox
2053 1006 2209 1042 rediisset.
2343 1008 2460 1050 Qod-

1462 1068 1536 1090 nam
1560 1064 1663 1091 autem
1685 1054 1767 1090 istud
1801 1053 1859 1088 esse
1882 1063 2007 1096 tempus
2027 1076 2040 1092 ,
2070 1051 2212 1085 dicemus
2234 1051 2247 1085 ?
2281 1053 2354 1085 Scio
2374 1075 2383 1091 ‚
2426 1053 2460 1084 in

1461 1100 1709 1142 Hippocraticis
1734 1098 1826 1131 libris
1847 1097 1935 1131 aliud
1959 1097 2036 1131 alibi
2062 1095 2197 1128 indicari
2222 1108 2232 1127 .-
2256 1104 2360 1128 tamen
2385 1095 2460 1129 s'atis

1457 1142 1571 1177 diserte
1595 1143 1628 1174 in
1653 1144 1698 1175 Π.
1723 1142 1758 1175 de
1780 1140 1902 1174 Morbis
1926 1162 1935 1177 ,
1958 1142 2014 1183 qui
2037 1140 2120 1171 inter
2142 1150 2193 1171 eos
2207 1138 2461 1178 circumfertur,

1457 1186 1551 1219 scribi
1575 1188 1589 1224 (
1612 1196 1628 1218 r
1648 1189 1662 1225 )
1680 1197 1687 1218 :
1707 1184 1808 1227 fiquis
1831 1194 1868 1217 ex
1889 1182 2039 1217 ebrietate
2060 1193 2133 1215 voce
2151 1184 2299 1223 privetur
2321 1206 2330 1220 ,
2431 1181 2460 1224 fi

1457 1229 1554 1263 febris
1577 1228 1683 1262 statim
1707 1237 1765 1260 non
1788 1227 1974 1268 corripuerit
1993 1247 2003 1263 ‚
2035 1226 2083 1258 die
2105 1226 2199 1259 tertio
2221 1226 2356 1258 moritur
2378 1236 2391 1265 ;
2423 1233 2459 1258 ut

1455 1272 1548 1307 conse
1575 1273 1607 1305 ui
1631 1271 1797 1311 videatur,
1821 1269 1931 1302 saltem
1952 1271 2035 1302 intra
2057 1267 2143 1301 diem
2163 1269 2300 1301 tertium
2325 1269 2462 1301 ebrieta-

1459 1325 1526 1349 tem
1548 1284 1628 1349 polvi
1643 1315 1771 1348 debere.
1797 1313 1861 1346 Sed,
1879 1312 1972 1345 facile
1984 1312 2135 1345 Heurnio
2157 1311 2242 1353 (s)
2265 1311 2462 1345 credendum

1459 1360 1502 1393 est
1524 1360 1690 1399 monenti,
1715 1357 1864 1390 calenum
1887 1356 2018 1399 quidem
2041 1356 2163 1395 dicere,
2178 1355 2311 1399 secundo
2325 1355 2376 1389 ‘vel
2399 1363 2463 1388 ter-

1457 1406 1503 1438 τιό
1526 1404 1574 1439 die
1605 1402 1791 1435 ebrietatem
1807 1399 1893 1442 solvi
1914 1423 1927 1440 ,
1960 1410 2031 1432 nam
2063 1396 2156 1442 craJJb
2189 1398 2359 1432 utebantur
2390 1399 2466 1432 vino

1458 1447 1574 1481 Graeci·
1598 1446 1673 1481 aliis
1697 1446 1729 1479 in
1751 1444 1827 1479 locis
1842 1442 1901 1485 sex
1920 1441 1971 1476 vel
1985 1442 2105 1484 septem
2116 1443 2262 1475 horarum
2284 1439 2339 1485 effe
2364 1441 2466 1476 ebrie-

1457 1497 1577 1529 tatem·
1591 1488 1649 1532 sed
1672 1488 1832 1531 efficientis
1846 1509 1855 1524 ‚
1880 1488 1922 1519 Θ
1940 1485 2140 1527 [ιι]ὶ-ἱρίεηῑίς
2164 1486 2318 1519 rationem
2340 1482 2395 1529 effe
2407 1483 2474 1517 ha.»

1462 1532 1589 1567 bendum
1600 1555 1613 1572 ,
1636 1532 1808 1569 videlicet,
1832 1539 1868 1563 ut
1891 1529 1990 1563 modo
2012 1527 2138 1561 dixerat
2158 1551 2171 1568 ,
2190 1538 2248 1570 pro
2269 1529 2340 1562 vini
2362 1528 2467 1561 condi-

1462 1578 1544 1608 tione
1564 1600 1574 1616 ,
1604 1576 1678 1617 aegri
1695 1573 1850 1616 peculiari
1881 1581 1996 1605 natura
2019 1595 2030 1611 ,
2058 1570 2126 1604 loco
2148 1572 2190 1604 (Γ
2222 1579 2357 1613 tempore
2379 1571 2471 1605 illam

1455 1617 1560 1663 solvi.
1585 1620 1672 1654 Cum
1696 1619 1845 1652 Heurnio
1868 1616 1942 1650 satis
1966 1614 2221 1648 consentientem
2236 1615 2387 1648 invenies
2412 1615 2467 1649 Cl.

1461 1665 1685 1706 Raymannurn
1707 1667 1720 1703 (
1743 1670 1757 1696 t
1778 1665 1810 1701 )‚
1834 1662 1943 1703 quiex
1965 1658 2116 1691 ebrietate
2132 1657 2298 1700 aphonum
2313 1681 2321 1696 ‚
2348 1661 2380 1691 &
2405 1657 2471 1699 jam

1463 1706 1721 1741 convulsionibus
1745 1705 1873 1738 subinde
1898 1705 2081 1746 agitatum,
2103 1711 2164 1742 qua
2180 1702 2306 1734 ratione
2329 1701 2471 1735 servave-

1464 1753 1530 1791 rit,
1554 1760 1676 1784 narrat.
1702 1748 1873 1784 Mulierem
1896 1756 2009 1780 contra
2033 1757 2071 1778 ex
2093 1744 2245 1777 ebrietate
2268 1745 2351 1776 intra
2377 1743 2471 1779 horas

1463 1794 1633 1828 duodecim
1657 1803 1818 1827 mortuam
1842 1801 1905 1824 non
1929 1790 1990 1822 sme
2002 1788 2179 1826 febricula,
2203 1791 2234 1821 δι
2258 1786 2471 1822 levibuscon-

1463 1838 1657 1872 vulsionibus
1680 1837 1826 1872 dissecuit
1850 1835 1990 1867 Littrius
2012 1835 2028 1871 (
2050 1843 2070 1867 u
2091 1834 2127 1871 ),
2152 1832 2208 1874 qui
2237 1831 2472 1873 utwplerarum-

1462 1893 1523 1924 que
1545 1891 1727 1915 caeterarum
1752 1879 1893 1922 partium
1916 1876 1981 1919 jam
2005 1886 2135 1922 pravam
2157 1887 2173 1907 a
2197 1884 2262 1907 non
2287 1874 2375 1909 brevi
2391 1884 2471 1909 tem.

1463 1936 1539 1967 pore
1563 1925 1825 1959 constitutionem
1849 1921 2067 1959 memoravit,
2092 1920 2133 1951 hc
2143 1919 2326 1960 optandum
2340 1919 2468 1961 fuerat,

1461 1978 1497 2001 ut
1520 1980 1591 2012 quae
1614 1969 1731 2001 cerebri
1756 1975 1833 2000 tunc
1857 1962 1954 2005 esset,
1977 1961 2119 1998 indicare
2141 1971 2197 1996 aut
2221 1962 2395 2004 voluisset,
2419 1975 2472 1997 aut

1460 2010 1633 2053 potuisset.
1658 2015 1672 2051 (
1694 2023 1715 2046 x
1738 2015 1751 2051 )

1502 2065 1555 2097 37.
1576 2055 1652 2100 Jam
1674 2067 1749 2088 vero
1773 2052 1896 2097 aliquid
1919 2051 2006 2095 juvat
2028 2050 2168 2084 indicare
2192 2050 2230 2084 de
2244 2051 2339 2095 longe
2362 2053 2472 2087 minus

1457 2099 1569 2139 gravi,
1592 2097 1827 2139 breviffimaque
1849 2095 1986 2139 aphonia
2001 2119 2010 2134 ,
2035 2106 2131 2137 quam
2154 2093 2332 2129 adolescens
2358 2097 2391 2128 in
2409 2098 2469 2129 Pa-

1457 2143 1520 2174 tria
1546 2143 1653 2176 curavi
1676 2152 1750 2174 cum
1773 2140 1948 2173 senioribus
1970 2137 2263 2175 Medicisduobus,
2288 2139 2405 2181 quibus
2420 2152 2469 2172 me

1456 2184 1579 2218 socium
1603 2183 1659 2219 esse
1682 2185 1788 2218 voluit
1812 2183 1947 2216 Nobilis
1972 2183 2034 2216 Vir
2045 2183 2162 2215 Comes
2174 2182 2356 2215 Alexander
2372 2184 2472 2217 Mon-

1460 2226 1607 2269 iignanus
1626 2252 1633 2260 .
1658 2227 1725 2260 Hic
1748 2238 1846 2260 annos
1871 2226 1962 2268 supra
1988 2224 2149 2268 sexaginta
2172 2234 2292 2265 natus,
2315 2227 2470 2268 gracilis,

1459 2271 1619 2311 biliosus,
1641 2270 1724 2309 alta,
1746 2279 1782 2303 ut
1805 2269 1916 2311 ajunt,
1941 2280 2018 2301 voce
2040 2269 2130 2312 loqui
2146 2268 2280 2310 solitus,
2305 2270 2467 2305 obnoxius

1440 2322 1551 2345 *antea
1575 2314 1781 2355 stranguriae,
1806 2311 1994 2350 arthritidi‚
2018 2310 2304 2346 haemorrhoidum
2328 2313 2432 2347 fluxui
2458 2338 2468 2353 ‚

1460 2367 1537 2390 tunc
1559 2355 1643 2390 hisce
1667 2355 1814 2389 omnibus
1838 2365 1964 2391 carens,
1991 2357 2071 2397 quin
2094 2358 2193 2388 etiam
2216 2356 2307 2389 nullo
2319 2355 2471 2390 rheuma-

1460 2410 1512 2436 te,
1535 2399 1622 2442 quod
1644 2399 1790 2441 hyberno
1814 2407 1956 2440 tempore
1980 2396 2059 2439 saepe
2080 2397 2187 2431 fauces
2211 2398 2334 2432 afficere
2368 2400 2472 2434 multa

1459 2453 1534 2475 cum
1559 2442 1774 2476 exscreatione
1795 2441 1997 2474 consueverat
2020 2462 2033 2480 ,
2070 2440 2233 2474 noviffima
2257 2440 2372 2484 hyeme
2395 2456 2470 2477 cor-

1462 2494 1593 2527 reptus;
1620 2486 1675 2519 sub
1697 2486 1830 2518 initium
1853 2484 1937 2517 Maii
1960 2493 2125 2525 coeperat,
2149 2485 2237 2517 nulla
2262 2489 2377 2526 praevia
2403 2499 2472 2520 ma-

1460 2528 1571 2561 nifesta
1594 2528 1709 2570 causa,
1732 2529 1820 2561 vocis
1844 2550 1858 2566 ‚
1892 2530 1921 2559 δι
1947 2538 1984 2559 ex
2018 2536 2105 2568 parte
2129 2528 2228 2560 etiam
2251 2529 2473 2571 respirationis

1459 2573 1694 2614 interceptione
1718 2570 1870 2614 prehendi
1897 2569 1938 2602 sic
1962 2579 1998 2604 ut
2021 2570 2257 2604 constrictionis
2282 2571 2385 2607 sensus
2409 2577 2479 2608 cir-

1463 2627 1498 2648 ca
1523 2615 1709 2657 laryngem,
1732 2626 1795 2648 non
1807 2613 1909 2653 alibi,
1932 2611 2024 2659 esset.
2049 2614 2191 2655 Repente
2206 2615 2260 2646 illa
2285 2619 2315 2648 Bc
2340 2620 2475 2661 ingrue-

1463 2659 1540 2698 bat,
1564 2661 1595 2691 &
1620 2657 1825 2698 solvebatur,
1851 2655 1948 2698 idque
1971 2656 2033 2689 sine
2065 2657 2128 2690 nlla
2152 2660 2336 2692 excretione
2362 2684 2369 2692 .
2405 2664 2472 2695 Va-

1465 2703 1550 2736 rium
1574 2701 1741 2744 ingruendi
1758 2725 1770 2742 ,
1794 2704 1823 2733 &
1848 2698 1983 2733 durandi
2007 2708 2151 2742 tempus.
2176 2702 2252 2734 Hoc
2279 2704 2364 2736 enim
2377 2705 2475 2746 duas,

1466 2746 1648 2786 summum,
1671 2743 1872 2787 sexagefimas
1896 2742 1983 2775 horae
2012 2752 2116 2785 partes
2141 2745 2289 2786 aequabat
2314 2757 2325 2784 3
2360 2749 2474 2791 saepius

1467 2791 1574 2823 multo
1597 2788 1722 2821 brevius
1745 2798 1808 2821 erat
1833 2811 1841 2819 .
1876 2785 1936 2819 Sed
1957 2789 2101 2828 quamvis
2124 2787 2254 2830 singulis
2279 2788 2342 2823 fere
2369 2793 2477 2826 nosti-

1465 2833 1523 2865 bus
1545 2831 1624 2865 hora
1656 2833 1785 2865 circiter
1808 2831 1941 2873 septima
1975 2828 2008 2862 id
2032 2831 2106 2863 mali
2141 2831 2335 2874 invaderet,·
2366 2844 2471 2869 tamen

1467 2875 1609 2909 interdiu
1630 2874 1668 2907 ab
1690 2875 1879 2908 oscitatione
1895 2897 1907 2913 ,
1931 2872 2183 2915 sternutatione,
2206 2876 2301 2917 tussi,
2324 2889 2387 2911 non
2405 2881 2477 2923 qui-

1470 2919 1542 2952 dem
1566 2919 1683 2961 semper
1703 2941 1713 2957 ,
1735 2929 1769 2950 at
1788 2917 1908 2959 semper
1931 2928 1945 2948 a
1970 2918 2101 2958 potandi
2117 2920 2239 2952 afflone
2264 2923 2473 2964 movebatur,

1473 2974 1527 2995 nec
1551 2971 1656 2995 tamen
1679 2960 1701 2994 fi
1726 2973 1830 3005 aqua,
1852 2960 2091 3001 amygdalarum
2118 2962 2245 3002 oleum,
2269 2963 2371 2998 serum
2396 2991 2409 3007 ,
2442 2978 2474 2999 e.

1473 3005 1666 3045 mulliones,
1689 3014 1741 3038 aut
1765 3005 1870 3051 quivis
1894 3004 1975 3036 alius
1998 3005 2146 3038 laudatus
2169 3017 2185 3037 a
2207 3006 2304 3040 nobis
2328 3008 2446 3043 humor
2464 3036 2474 3050 ‚

1474 3049 1525 3083 sed
1549 3047 1774 3081 tantummodo
1808 3049 1830 3080 11
1854 3048 1964 3080 vinum
1997 3048 2186 3083 biberetur:
2222 3049 2342 3085 solebat
2369 3064 2473 3088 autem

1473 3102 1560 3126 antea
1586 3103 1733 3135 quoque,
1758 3102 1831 3123 cum
1854 3102 1952 3130 vrnO,
1975 3101 2010 3125 ut
2035 3092 2071 3125 fit
2086 3116 2099 3132 ,
2121 3094 2171 3125 vir
2183 3090 2306 3128 sobrius
2329 3098 2361 3130 in
2386 3110 2475 3131 men-

1474 3137 1504 3170 sa
1528 3144 1690 3175 uteretur,
1714 3135 1774 3167 tale
1799 3133 1920 3177 aliquid
1944 3137 2010 3176 pati
2030 3159 2043 3176 ,
2073 3139 2220 3179 quamvis
2242 3139 2349 3174 multo
2373 3145 2404 3175 ὃ(
2428 3141 2474 3174 le.

1474 3181 1569 3218 vius,
1593 3182 1624 3212 δι
1648 3179 1774 3211 brevius
1798 3179 2040 3213 incommodum
2057 3203 2064 3211 .
2090 3180 2187 3212 Nunc
2212 3191 2318 3216 autem
2344 3186 2388 3217 ita
2410 3185 2472 3218 hoc

1474 3222 1606 3266 quidem
1628 3232 1713 3260 erat,
1739 3231 1774 3254 ut
1797 3221 1889 3255 dixi:
1915 3232 2016 3265 neque
2038 3234 2077 3254 eo
2097 3233 2262 3266 correptus
2285 3228 2473 3271 aegerquid-

1474 3276 1570 3308 quam
1593 3277 1648 3297 ore
1672 3274 1797 3307 poterat
1822 3266 1964 3305 sumere,
1989 3277 2043 3298 nec
2066 3265 2142 3299 stare
2165 3267 2261 3308 loco,-
2286 3265 2337 3304 secl
2361 3272 2483 3305 ambur

1473 3310 1537 3342 lare
1558 3308 1751 3350 cogebatur.
1776 3311 1936 3343 Caeterum
1958 3319 2054 3352 caput
2080 3332 2090 3348 ‚
2127 3309 2243 3345 thorax
2263 3337 2276 3354 ,
2308 3320 2338 3347 δε
2363 3324 2473 3348 venter

1471 3362 1621 3395 quoque,
1645 3364 1678 3385 ac
1701 3352 1820 3385 collum
1842 3377 1850 3391 ‚
1872 3351 1893 3385 si
1918 3363 2010 3386 manu
2034 3361 2168 3386 tentares
2188 3378 2201 3395 ‚
2232 3366 2267 3389 ut
2292 3357 2396 3398 pulsus
2426 3367 2473 3390 et-

1472 3397 1536 3430 iam
1551 3419 1560 3436 ‚
1583 3394 1658 3428 bene
1682 3395 1710 3430 se
1734 3395 1892 3430 habebant
1914 3420 1922 3428 .
1958 3396 2114 3430 Tonsillae
2137 3397 2304 3433 dumtaxat
2326 3425 2339 3442 ,
2375 3411 2470 3444 eaque

2349 3445 2430 3477 vici-

423 3537 2474 3556 γρᾷ-’Μήφ-

953 3616 966 3644 )
984 3615 1042 3639 ὃεᾶ.
1061 3622 1096 3638 22.
1158 3612 1196 3641 (o
1211 3614 1224 3642 )
1241 3623 1264 3643 5.
1282 3615 1339 3638 Sefs.
1359 3623 1377 3638 t.

956 3646 969 3673 )
985 3646 1028 3669 Ast
1056 3647 1088 3669 N.
1108 3647 1136 3669 C.
1152 3646 1225 3668 Tom.
1243 3648 1264 3668 6.
1285 3645 1341 3670 Obs.
1360 3653 1381 3669 1.

950 3678 973 3701 d.
990 3676 1060 3706 Epist.
1078 3679 1117 3705 63*
1135 3683 1158 3700 n.
1176 3683 1210 3705 ¹3·
1228 3683 1266 3704 ῃ.

484 3621 498 3649 ζ
515 3628 537 3641 ῆι
553 3619 566 3646 )
583 3619 654 3648 Epist.
673 3617 696 3641 in
713 3616 783 3641 eund.
802 3616 834 3641 ΙΙ.
897 3615 905 3643 (
923 3623 937 3639 n

487 3654 494 3677 s
510 3650 528 3677 s
545 3660 548 3673 l
568 3651 593 3672 ln
611 3650 649 3672 cit.
668 3648 756 3676 Aphor.
775 3656 789 3670 n
819 3657 840 3676 ς.
902 3645 910 3674 (
929 3653 946 3679 t⁴

486 3680 501 3710 ζ,
516 3688 529 3704 x
546 3680 559 3708 )
577 3682 611 3704 De
628 3680 672 3704 hoc
689 3678 804 3708 Aphaniae
820 3682 902 3708 genere
919 3678 947 3701 Vi

1442 3615 1481 3671 ((p
1500 3614 1559 3675 ))De
1576 3614 1657 3639 Medic
1685 3616 1702 3640 l.
1719 3624 1740 3639 ι.
1758 3624 1780 3640 c.
1798 3620 1823 3641 6.

1471 3654 1486 3669 u

1885 3620 1898 3648 C
1916 3627 1930 3648 q
1945 3619 1959 3647 )
1977 3619 2048 3647 Epist.
2066 3626 2105 3646 ²9·
2121 3626 2147 3642 n.
2164 3626 2201 3642 ιο.

1560 3646 1563 3648 .
2262 3618 2271 3649 s
2288 3630 2300 3645 r
2317 3622 2330 3649 )
2346 3629 2370 3646 n.
2388 3629 2425 3649 22v

1533 3645 1592 3670 Hist.
1609 3645 1637 3671 de
1655 3646 1670 3670 1⁷
1687 3650 1762 3673 Acad.
1781 3650 1811 3673 R.
1827 3649 1867 3674 des
1883 3652 1919 3674 St.
1937 3651 1965 3674 A.
1985 3653 2053 3679 1706.
2067 3649 2127 3675 Obs.
2144 3651 2216 3675 Anat.
2235 3659 2255 3681 ς.
