2498 4075
373 100 434 151 54

291 163 350 198 Sed
374 166 408 197 in
432 163 622 198 hominibus
644 172 774 206 quoque
797 161 892 196 fuisse
916 161 1051 194 alterum
1074 183 1082 198 ‚
1115 159 1292 203 aliquindo

290 216 466 251 utrumque
490 216 699 250 perceptum,
732 206 892 239 ostendere
925 204 988 246 jam
1021 202 1104 237 nihil
1138 212 1258 237 attinet
1285 228 1294 242 ,

295 252 427 293 quando
452 252 595 293 exempla
618 249 761 292 protulit
786 250 855 282 Cel*
872 248 1023 281 Hallerus
1048 246 1096 288 (c
1117 248 1154 285 ).·
1177 247 1296 290 quibus

292 303 399 327 tamen
422 295 502 327 illud
527 294 662 330 addere,
684 292 705 325 fi
729 293 868 325 volueris
885 316 893 330 ,
915 300 1005 333 potes
1029 290 1214 328 Matronae,
1235 291 1300 322 im-

292 348 422 370 manem
444 335 688 379 omphalocelen
711 335 859 369 habentis
874 359 884 372 ,
908 333 980 366 visae
1014 345 1031 365 a
1055 333 1300 367 Collestoribus

293 379 509 413 Bibliothecae
535 379 740 413 Anatomicae
765 381 828 417 (ci)
845 403 854 412 2
879 378 1034 420 Idemque
1060 377 1215 410 Hallerus
1239 378 1299 419 (e)

292 425 345 456 vel
372 433 544 465 antequam
574 432 627 456 tot
658 423 764 455 ederet
789 422 1010 462 experimenta
1036 418 1143 462 (f),
1176 419 1299 461 praesti-

290 468 357 505 tit,
380 478 418 498 ne
443 467 518 508 quia
542 477 658 508 magno
686 466 879 505 Praeceptori
914 464 1010 506 ipsius
1045 463 1201 496 acciderat
1221 488 1230 502 ,
1265 472 1300 496 ut

288 520 474 551 nunquam,
499 507 580 543 ficut
604 510 673 543 dxxi
689 533 697 547 ,
720 511 755 540 in
780 507 893 540 Crassis
916 507 1077 540 intestinis
1102 506 1223 538 videret
1248 517 1301 548 pe-

290 552 480 585 ristalticum
503 563 652 588 motum,
679 551 801 584 idcirco
826 551 947 584 nemini
985 549 1070 582 visus
1102 548 1300 582 existimare-

289 605 364 633 tur3
388 595 545 639 siquidem
569 593 760 637 &Vepferum
787 595 984 627 nominatim
999 593 1144 626 laudavit
1159 614 1167 629 ‚
1191 594 1297 635 quiin

289 638 339 672 his
386 649 517 682 quoque
562 639 726 673 evidenter
774 638 955 679 perspexit,
984 648 1040 669 nec
1066 635 1297 678 peristalticurn

287 681 409 722 modo,
436 694 548 715 verum
572 684 668 715 etiam
695 681 995 723 antiperistalticum
1020 705 1029 718 ‚
1066 688 1102 712 ut
1125 678 1298 720 cognosces

291 738 329 758 ex
354 726 501 768 Wepferi
524 726 624 763 loco,
650 725 712 759 huc
737 725 858 767 pariter
881 726 914 757 in
939 721 1186 765 Sepulchretum
1210 726 1263 765 (g
1285 725 1298 761 )

292 769 416 802 relato.

334 823 387 854 32.
415 813 466 846 Ex
490 812 539 846 his
563 824 633 855 quae
658 813 691 844 in
716 820 889 854 utramque
915 819 1039 852 partem
1063 808 1296 851 expendimus,

289 856 405 889 licebit
429 858 491 889 tibi
516 856 698 897 intelligere
715 879 723 893 ‚
748 854 785 887 ad
821 866 855 886 ea
877 866 948 896 quae
975 856 1008 887 in
1033 852 1182 886 Volvulo
1216 864 1297 886 con-

288 902 441 941 tingunt,
466 899 563 933 ardua
589 898 790 941 praesertim,
817 909 874 930 nec
908 897 982 930 satis
1029 896 1132 930 adhuc
1177 896 1295 939 perspi-

287 954 367 981 cua,
389 943 578 985 explicanda
600 953 663 974 non
688 941 783 974 facile
808 942 908 974 ullam
932 940 1133 982 probabilem
1169 940 1296 974 causam

286 988 423 1019 omnino
445 986 503 1020 effe
527 984 759 1028 abjiciendam.
896 987 946 1018 De
970 984 1067 1017 caulis
1092 993 1199 1017 autem
1225 995 1297 1025 quae

286 1030 489 1063 obstaculum
514 1029 638 1063 faciunt
662 1031 803 1064 materiae
828 1039 882 1070 per
906 1028 1055 1062 intestina
1070 1027 1294 1063 descendenti,

286 1073 309 1105 si
333 1073 420 1107 forte
445 1085 484 1106 ex
509 1086 557 1106 me
582 1075 726 1117 quaeris,
751 1084 863 1106 utrum
896 1072 985 1104 illam
1021 1071 1179 1104 celebrem
1212 1072 1296 1102 olim

284 1115 404 1151 horum
428 1116 670 1150 contorsionem
695 1128 837 1160 unquam
863 1115 1059 1152 invenerim,
1092 1124 1146 1147 aut
1184 1113 1294 1147 saltem

284 1160 396 1196 intus,
424 1169 459 1193 ut
483 1171 621 1200 vocant,
645 1160 900 1203 susceptionem,
921 1171 993 1201 quae
1019 1158 1068 1190 vel
1105 1157 1217 1199 saepius
1250 1157 1294 1190 est

284 1205 385 1236 etiam
409 1203 448 1236 ab
473 1203 726 1236 Recentioribus
751 1202 971 1239 confirmata3
993 1202 1131 1242 ingenue
1165 1200 1296 1243 respon-

282 1247 388 1284 debo,
411 1247 445 1278 in
471 1258 622 1280 neutram
646 1246 688 1279 fic
712 1247 865 1290 quidem,
891 1255 928 1278 ut
953 1244 1059 1287 postea
1083 1247 1092 1282 (
1117 1245 1133 1261 ⁴<
1155 1248 1168 1282 )
1192 1244 1296 1285 expli-

283 1291 385 1328 cabo,
412 1289 515 1323 adhuc
539 1289 707 1323 incidisse.
736 1290 813 1323 Non
839 1300 946 1321 tamen
972 1297 1143 1330 propterea
1166 1303 1175 1325 ;
1207 1286 1297 1330 quod

284 1334 323 1367 ad
348 1334 485 1376 primam
510 1336 653 1370 attinet3
677 1334 779 1367 ullum
804 1345 843 1367 ex
867 1331 1037 1373 descriptis
1070 1330 1137 1372 ejus
1169 1332 1297 1372 generi-

284 1377 343 1411 bus
369 1377 552 1419 suspeetum
579 1376 661 1410 mibi
688 1377 754 1415 esi,
779 1376 836 1410 nisi
871 1376 960 1419 quod
998 1373 1081 1407 salva
1115 1374 1295 1407 mesenterii

283 1433 358 1455 curn
381 1419 539 1454 intestinis
562 1422 764 1455 connexione
787 1420 930 1462 intelligi
954 1429 1020 1452 non
1044 1418 1165 1459 potest.

283 1466 398 1498 Altera
425 1473 555 1501 autem,
580 1465 642 1497 sive
669 1465 815 1497 intestini
847 1465 935 1496 intra
969 1461 1158 1496 intestinum
1193 1461 1298 1496 susce-

283 1510 355 1550 ptio
382 1520 446 1542 non
471 1508 570 1541 modo
594 1508 678 1543 salva
704 1508 888 1540 mesenterii
910 1505 1114 1539 connexione
1137 1507 1297 1548 intelligi-

284 1562 363 1588 tur3
390 1562 501 1585 verum
525 1554 623 1586 etiam
649 1552 693 1584 ob
717 1551 808 1584 istam
833 1550 933 1592 ipsam
956 1551 1196 1582 connexionem
1228 1562 1299 1583 ma-

284 1596 373 1629 xime
398 1596 496 1628 noxia
522 1596 565 1630 est
585 1621 592 1629 .
617 1598 705 1628 Cum
729 1596 813 1626 enim
839 1593 985 1627 intestini
1009 1604 1081 1635 pars
1113 1594 1299 1635 proximam

283 1638 394 1675 subit,
421 1638 513 1672 simul
538 1640 652 1672 annexi
676 1637 859 1671 mesenterii
894 1638 1005 1678 portio
1039 1636 1171 1673 subeat,
1194 1634 1298 1671 neces-

284 1683 315 1715 se
340 1681 380 1716 est
395 1706 402 1714 .
428 1681 589 1725 Itaquefi
616 1683 713 1723 paulo
736 1680 783 1713 ibi
807 1680 932 1713 diutius
955 1678 1110 1712 inhaereat
1127 1704 1137 1719 ‚
1160 1682 1192 1711 &
1226 1690 1302 1713 cau-

283 1725 316 1760 sa
340 1726 446 1768 aliqua
472 1725 692 1767 constringens
714 1723 863 1760 accedat3
888 1721 1050 1756 retardato
1075 1733 1129 1763 per
1152 1720 1221 1764 ejus
1245 1734 1302 1756 va-

281 1771 314 1803 {a
341 1778 433 1803 motu
458 1768 625 1811 sanguinis
649 1768 691 1802 fic
717 1767 891 1810 turgebit,
915 1775 951 1799 ut
986 1764 1114 1807 ingreffi
1152 1765 1297 1799 intestini

286 1812 432 1850 exitum,
457 1816 488 1846 &
513 1824 567 1855 per
591 1811 685 1854 hujus
709 1823 823 1845 cavum
848 1809 1040 1843 descensurae
1055 1811 1197 1842 materiae
1211 1820 1298 1843 tran·

285 1856 383 1891 situm
406 1857 583 1897 impediam
609 1867 647 1888 ne
670 1854 750 1899 quid
774 1855 878 1888 dicam
902 1853 941 1887 de
977 1850 1126 1895 sphacelo
1157 1853 1201 1885 ob
1233 1855 1297 1885 cir-

282 1902 501 1934 cumitionem
526 1898 691 1942 sanguinis
717 1898 844 1941 prorsus
868 1895 1077 1930 interclusam
1099 1895 1230 1929 demum
1246 1896 1296 1929 su-

283 1944 515 1987 perveniente,
539 1953 575 1977 ut
600 1942 748 1976 laudatus
773 1941 926 1975 Hallerus
954 1945 964 1980 (
989 1939 1042 1983 h)
1067 1939 1170 1976 vidit,
1195 1939 1298 1972 &ho-

284 1991 407 2022 minem
430 1988 660 2030 extinguente.
683 1988 734 2019 Eo
760 1996 867 2018 autem
892 1986 994 2026 magis
1016 1985 1126 2017 omnia
1149 1983 1197 2015 ibi
1221 1994 1297 2016 con-

285 2032 466 2074 stipantur,
491 2043 559 2073 quo
583 2028 687 2071 major
710 2028 854 2062 intestini
888 2027 1083 2071 complicata
1118 2027 1226 2068 portio
1261 2027 1296 2058 in

285 2078 472 2118 proximam
498 2075 526 2107 se
549 2074 720 2116 conjecit3
744 2082 835 2106 tanta
859 2074 948 2105 enirn
973 2071 1148 2114 aliquando
1193 2069 1259 2102 fuit
1284 2092 1295 2106 ‚

286 2130 323 2152 ut
349 2131 387 2152 ex
410 2118 554 2151 intestini
578 2118 683 2160 spatio
717 2116 951 2158 seinipollicem
999 2115 1099 2156 longo
1144 2110 1259 2146 eduffl
1282 2136 1295 2152 ,

285 2162 366 2196 duos
389 2162 455 2195 fere
478 2162 602 2204 palmos
627 2162 804 2204 aequaverit
829 2163 841 2198 (
865 2158 933 2200 i).
958 2158 1073 2191 Tanto
1098 2166 1206 2190 autem
1232 2168 1301 2188 rna-

284 2207 338 2249 J'or
361 2206 466 2245 subit,
485 2217 551 2247 quo
576 2205 734 2247 majores,
759 2213 812 2237 aut
835 2203 1056 2236 diuturniores
1080 2199 1181 2234 causae
1205 2200 1302 2239 sunt,

286 2262 358 2293 quse
384 2250 573 2283 subeuntem
596 2249 792 2289 impellant,
818 2249 849 2280 &
872 2257 944 2288 quae
967 2245 1187 2287 excipientem
1221 2242 1303 2276 dila-

287 2303 381 2327 tent.
408 2295 496 2326 Inter
521 2292 575 2325 has
600 2292 704 2325 causas
730 2292 918 2334 plerumque
942 2289 983 2321 est
1006 2288 1132 2328 slatus,·
1155 2291 1239 2319 inter
1263 2287 1305 2318 il-

290 2338 334 2370 las
360 2347 464 2370 autem
489 2347 722 2378 nonnunquam
747 2334 789 2368 est
812 2332 959 2375 pondus,
983 2343 1018 2365 ut
1042 2334 1075 2364 in
1088 2331 1305 2364 Observatio-

290 2392 330 2414 ne
355 2380 527 2414 eorundem
552 2391 634 2422 quos
660 2378 776 2415 semel,
801 2380 985 2416 iterumque
999 2375 1224 2413 laudavimus,
1249 2374 1305 2405 Ei-

289 2424 463 2458 bliothetae
489 2422 695 2455 Anatomicae
720 2419 950 2453 Colleeeorum
975 2422 988 2456 (
1011 2418 1030 2457 l<
1051 2421 1064 2455 )
1090 2429 1158 2450 rara
1183 2427 1248 2447 non
1260 2417 1305 2448 ob

291 2468 326 2501 id
350 2477 498 2502 tantum,
523 2466 572 2499 sed
598 2465 696 2498 etiarn
721 2465 798 2507 quia
822 2462 855 2493 in
878 2461 952 2493 colo
989 2460 1146 2502 susceptio
1179 2459 1305 2492 accide-

291 2521 360 2547 rat,
386 2512 418 2543 in
443 2520 511 2554 quo
533 2510 591 2552 qui
616 2508 783 2545 viderint,
817 2516 993 2546 perpaucos
1026 2503 1135 2546 legisse
1166 2504 1302 2536 memini

291 2563 410 2598 praeter
434 2552 642 2594 Ruyschium
664 2554 678 2591 (
700 2551 711 2583 l
734 2553 769 2589 ),
792 2550 912 2591 idque,
937 2557 970 2580 ut
995 2546 1139 2586 fatetur,
1175 2546 1267 2580 semel
1291 2572 1300 2587 ‚

292 2610 366 2632 cum
390 2599 423 2630 in
449 2596 619 2629 Tenuibus
642 2593 800 2627 intestinis
826 2593 921 2624 toties
946 2589 1096 2631 vidisset,
1119 2600 1154 2623 ut
1189 2590 1301 2632 saepius

293 2653 410 2675 nemo.
440 2642 608 2673 Caeterum
631 2638 718 2671 nulla
742 2635 945 2679 frequentior
991 2634 1079 2667 causa
1126 2634 1267 2666 creditur
1290 2658 1302 2674 >

293 2697 390 2729 quim
414 2683 589 2717 convulfi-vi
615 2692 744 2716 motus:
768 2690 850 2723 quos
873 2678 906 2710 id
931 2677 1039 2720 posse,
1067 2678 1177 2719 Peyeri
1213 2689 1308 2710 mon-

293 2731 368 2762 strat
392 2729 651 2769 experimentum
673 2723 820 2759 laceffitis
843 2733 907 2755 non
933 2733 999 2754 uno
1025 2723 1059 2753 in
1083 2721 1157 2754 loco
1192 2722 1302 2753 viven-

294 2774 338 2805 tis
362 2782 445 2804 ranae
468 2770 649 2803 intestinis.-
672 2770 756 2811 leges
780 2765 862 2799 illud
885 2767 918 2798 in
945 2764 1155 2807 Sepulcbreto
1180 2764 1246 2807 (m
1268 2768 1303 2803 ).

295 2815 386 2849 Idem
411 2813 602 2847 confirmare
641 2811 722 2846 mihi
755 2810 903 2844 videntur
940 2808 1194 2841 Observationes
1228 2820 1304 2840 curn

296 2859 409 2900 Peyeri
430 2856 528 2899 ipsius
552 2858 605 2900 (n
630 2860 661 2893 ),
686 2865 756 2888 tum
781 2853 956 2895 praesertim
982 2851 1148 2894 Ruyschii
1185 2856 1193 2891 (
1219 2863 1234 2883 0
1259 2855 1268 2889 )
1296 2876 1305 2884 0

298 2903 357 2935 Ille
382 2902 468 2933 enim
494 2902 526 2932 in
553 2899 665 2941 puellae
690 2899 760 2931 lleo
784 2899 817 2929 in
842 2909 907 2939 quo
946 2894 1160 2937 susceptiones
1207 2904 1270 2928 tres
1293 2918 1305 2934 ‚

297 2944 478 2979 lumbricos
500 2943 618 2976 alicubi
651 2942 733 2974 vidit
767 2941 856 2973 velut
889 2940 1159 2981 c072gt'0merat055
1195 2939 1300 2980 Ruys—

297 2989 392 3022 chius
424 2996 530 3019 autem
555 2985 656 3026 ipsam
683 2984 859 3025 susceptam
885 2983 944 3015 Ilei
982 2983 1085 3015 virilis
1120 2985 1305 3024 portionem

298 3031 448 3074 repletam
471 3028 633 3062 vermibus
657 3027 857 3061 circulariter
876 3026 986 3068 positis
1002 3049 1013 3065 ,
1035 3027 1220 3068 iterumque
1237 3025 1308 3066 svs.

298 3075 469 3117 r-eptiwem
492 3072 638 3115 ejusdem
664 3071 806 3104 intestini
830 3068 1038 3110 vcrminofirm
1061 3069 1197 3102 ostendit
1210 3080 1309 3109 cpite-

301 3131 351 3151 ro.
382 3116 532 3149 Intestina
559 3126 662 3149 autem
691 3128 706 3147 a
733 3114 894 3147 vermibus
920 3113 1004 3152 posse
1033 3112 1237 3145 veliementer
1262 3112 1325 3144 la-⁴

299 3160 397 3195 cellit-i
410 3184 423 3202 ‚
447 3159 651 3193 manifestum
665 3161 729 3192 est.
757 3158 851 3198 Qin
865 3157 1019 3188 eximium
1034 3157 1201 3188 lviedicum
1225 3155 1306 3187 Hei-

299 3206 416 3239 ssevum
441 3207 451 3242 (
472 3213 495 3244 p
517 3207 530 3242 )
552 3215 626 3236 cum
653 3204 687 3234 in
711 3201 883 3234 Tenuibus
906 3199 1120 3232 duodecennis
1144 3200 1234 3240 pueri
1257 3201 1306 3230 in-

300 3249 427 3280 testinis
449 3246 609 3287 duplicem
636 3246 868 3286 susceptionem
893 3242 1061 3275 invenisset
1085 3266 1096 3282 ,
1131 3243 1305 3285 eademque

302 3292 449 3325 inustina
475 3290 637 3323 lmnbrz'tis
684 3287 880 3330 repletiffima
925 3285 1196 3318 animadverteret
1223 3311 1232 3324 ,
1277 3286 1308 3317 in

303 3336 397 3376 praxi
422 3341 530 3365 notatu
555 3335 679 3375 essarium
705 3330 903 3364 existimavit
930 3352 937 3365 ‚
968 3330 1140 3371 prtefhrtfm
1156 3329 1184 3371 Ji
1209 3328 1309 3366 nmio-

305 3390 338 3410 ra
362 3377 533 3410 frasam-raus
550 3376 711 3419 seneffia,
735 3375 906 3417 paffionem
931 3372 1064 3406 Iliacam
1101 3386 1117 3406 a
1141 3372 1309 3406 lumbricis

892 82 1050 136 Liber
1084 81 1175 133 1112
1210 80 1296 133 De
1331 77 1537 132 Morbis
1572 78 1784 132 Ventris

1343 169 1473 201 quoque
1496 157 1577 190 oriri
1602 156 1707 197 posse.
1732 159 1775 190 Et
1799 157 1875 191 hinc
1898 158 2028 193 fortasse
2052 158 2137 195 fuit,
2160 155 2248 201 quod
2259 153 2361 189 susce-

1346 203 1497 243 ptionum
1521 200 1684 243 plerasque
1696 202 1730 233 in
1754 204 1860 243 pueris
1885 203 2023 236 viderim
2049 204 2221 236 adnotatas
2243 226 2251 233 .
2287 199 2356 231 Eo-

1352 255 1423 290 rum
1447 255 1518 285 quae
1541 243 1693 277 haetenus
1716 248 1972 278 commemoravi
1994 246 2071 279 dum
2095 245 2240 289 quaedam
2265 241 2360 284 paulo

1351 287 1542 329 diligentius
1573 286 1705 319 attendo
1728 312 1737 326 ,
1772 299 1837 320 non
1868 288 1993 330 possum
2028 289 2130 323 facere
2169 289 2249 330 quin
2283 286 2358 318 Ob-

1353 330 1568 376 servationem
1591 329 1653 363 huc
1666 329 1778 364 addam
1792 343 1916 369 meam,
1941 343 2039 374 quam
2054 333 2178 375 legens,
2202 332 2224 363 li
2242 330 2355 362 mirari

1351 375 1438 406 sorte
1461 375 1624 416 incipias,
1651 385 1700 405 me
1726 374 1821 415 paulo
1846 384 1918 408 ante
1944 374 2087 416 negasse,
2121 373 2272 408 intestini
2305 371 2358 405 su·-

1351 416 1547 458 sceptionem
1572 415 1653 449 mihi
1679 416 1736 449 esse
1758 417 1961 461 conspe&am
1982 432 1992 455 ;
2026 429 2059 452 at
2092 419 2204 452 mirari
2238 414 2357 449 defines

1353 461 1410 537 lqbi
1437 472 1471 494 ea
1495 459 1695 503 perpenderis
1718 471 1789 503 quae
1813 461 1882 503 post
1915 462 2190 496 Observationem
2239 457 2359 493 adscri-

1377 515 1448 538 am.

1394 558 1447 590 33.
1473 547 1635 595 VIRGO)
1658 547 1696 581 ad
1719 547 1864 589 quinque
1888 551 1919 582 &
1941 550 2156 593 quadraginta
2179 557 2280 581 annos
2301 557 2359 579 na·-

1349 601 1407 631 ta,
1429 599 1535 632 capite
1559 591 1604 625 ob
1627 589 1749 632 lapsum
1774 591 1953 632 graviffime
1975 595 2063 634 ic‘to,
2086 604 2152 627 non
2174 591 2273 625 modo
2307 590 2359 622 in-

1349 646 1397 668 ter
1421 635 1517 667 initia
1541 656 1550 670 ,
1584 634 1634 667 sed
1660 633 1780 674 semper
1803 637 1954 674 vomuit3
1987 637 2054 671 dies
2087 647 2195 671 autem
2229 636 2261 667 in
2295 632 2358 666 hoc

1350 677 1558 711 Nosocomio
1582 678 1667 710 vixit
1691 678 1765 718 plus
1790 678 1882 711 XXI.
1906 677 1949 712 fic
1970 681 2107 722 quidem
2132 690 2166 714 ut
2190 680 2270 722 saepe
2292 677 2357 718 jam

1350 721 1416 764 jam
1463 722 1619 754 moritura
1663 722 1828 754 videretur
1849 745 1857 753 .
1992 724 2229 763 VENTER5
2262 722 2359 764 hujus

1351 767 1437 798 enim
1459 765 1631 798 dumtaxat
1655 764 1798 803 viscera,
1822 775 1925 805 neque
1948 765 2016 801 haec
2040 769 2147 801 morbi
2172 767 2286 803 causa,
2309 769 2358 801 in-

1351 809 1458 851 spexi3
1482 808 1590 850 tepida
1613 809 1786 842 etiamtum
1821 808 1972 843 intestina
2018 809 2159 846 habebat
2183 826 2192 848 ς
2229 810 2359 844 tametsi

1350 863 1416 885 non
1441 853 1552 894 paucis
1575 863 1591 883 a
1616 861 1720 884 morte
1755 851 1842 884 horis
1873 853 2044 894 tangebam
2067 880 2078 895 ,
2112 858 2145 889 δε
2177 866 2239 889 una
2270 864 2359 887 certe

1349 908 1390 929 ex
1413 908 1481 938 quo
1505 894 1662 928 abdomen
1687 905 1854 935 apertum,
1875 895 2108 940 dianetumque
2131 898 2254 936 fuerat,
2282 909 2358 930 cum

1350 940 1438 974 aliud
1460 941 1583 972 interea
1607 937 1789 980 expedirem
1803 964 1812 977 ,
1837 940 1995 973 transaeta
2010 964 2019 979 ,
2041 950 2188 983 tempore
2213 944 2286 975 anni
2300 940 2359 973 fri-

1349 984 1449 1025 gido,
1473 984 1595 1024 quippe
1619 984 1711 1028 circa⁴
1727 983 1870 1016 medium
1908 983 2122 1018 Decembrem
2168 988 2209 1018 A.
2262 995 2357 1027 1724.

1348 1025 1538 1068 tempestate
1562 1035 1668 1058 autem
1693 1025 1917 1066 irigidiffima.
1942 1027 2359 1062 IntestinorumTenuium

1349 1080 1421 1112 pars
1444 1066 1529 1102 flatu
1552 1078 1620 1101 erat
1645 1069 1803 1109 distenta,
1828 1081 1862 1102 ea
1884 1070 2059 1111 praesertim
2082 1083 2154 1114 quae
2178 1073 2276 1106 Caeco
2288 1072 2361 1105 sub-

1349 1123 1440 1153 erat,
1466 1117 1576 1154 itaque
1601 1113 1662 1145 hoc
1687 1125 1761 1146 cum
1783 1112 2010 1159 {appendicula
2040 1116 2222 1150 antrorsum
2257 1126 2361 1149 verte-

1351 1167 1422 1189 rat.-
1448 1167 1519 1198 pars
1545 1155 1668 1196 reliqua
1692 1168 1756 1189 non
1780 1158 1844 1189 sine
1881 1155 2001 1191 foetore
2047 1160 2158 1200 aliquo
2206 1160 2360 1193 subrubra

1351 1211 1438 1234 erat.
1465 1201 1503 1232 In
1526 1198 1584 1232 hac
1611 1198 1846 1241 susceptionem
1872 1199 2011 1234 vidimus
2037 1227 2047 1242 ,
2081 1202 2120 1234 de
2151 1214 2214 1246 qua
2248 1204 2361 1244 loqui»-

1352 1256 1447 1281 mur,
1477 1254 1542 1275 non
1568 1243 1673 1276 minus
1697 1243 1881 1276 evidentem
1900 1265 1910 1281 ,
1944 1246 2013 1277 imo
2047 1247 2145 1278 etiam
2179 1247 2361 1289 longiorem

1351 1288 1521 1329 aliquanto
1546 1298 1643 1329 quam
1668 1286 1707 1319 ab
1721 1285 1892 1328 Ruyschio
1917 1287 1958 1321 est
1981 1288 2138 1321 delineata
2164 1294 2174 1328 (
2197 1301 2215 1332 q
2238 1295 2271 1329 ).
2297 1291 2359 1324 Sed

1350 1331 1428 1365 dum
1452 1341 1514 1372 qua
1539 1332 1572 1363 in
1597 1329 1664 1363 sede
1688 1332 1915 1364 intestinorum
1939 1331 2037 1369 esset,
2060 1335 2093 1365 <Sc
2116 1344 2215 1375 quam
2247 1335 2331 1367 arcta
2346 1354 2359 1372 ,

1351 1387 1429 1408 aveo
1453 1373 1638 1407 distinctius
1661 1372 1877 1416 cognoscere,
1900 1374 2038 1418 ideoque
2060 1384 2096 1410 ut
2120 1377 2160 1409 ab
2183 1377 2282 1410 altero
2293 1379 2362 1411 Te-

1350 1420 1464 1451 nuium
1488 1419 1594 1459 capite
1617 1419 1796 1459 incipiam,
1822 1418 1976 1451 intestina
1993 1420 2127 1459 leviter,
2150 1429 2187 1453 ut
2201 1420 2261 1458 fit,
2285 1420 2363 1455 hinc

1347 1462 1439 1495 illinc
1463 1460 1637 1500 dimoveo‚
1664 1460 1726 1494 hoc
1750 1460 1882 1504 quidem
1909 1463 2060 1503 praeclare
2082 1464 2253 1504 intellexi,
2277 1465 2363 1500 illud.

1349 1516 1426 1539 vero
1450 1503 1640 1547 dignoscere
1665 1505 1803 1547 amplius
1827 1516 1892 1538 non
1917 1507 2009 1547 potui
2029 1533 2036 1540 .
2071 1507 2158 1541 Nam
2190 1508 2362 1542 Tenuibus

1351 1548 1476 1582 cunetis
1501 1548 1541 1582 ab
1567 1558 1632 1581 uno
1654 1550 1760 1591 capite
1784 1548 1822 1581 ad
1844 1548 1980 1581 alterum
1996 1574 2004 1589 ‚
2028 1552 2060 1581 &
2085 1551 2124 1583 ab
2158 1550 2221 1584 hoc
2253 1552 2360 1585 rursus

1352 1593 1392 1626 ad
1415 1592 1496 1624 illud
1522 1601 1669 1625 accurate
1693 1591 1849 1634 percurfis
1872 1615 1882 1629 ,
1918 1592 2076 1635 nusquam
2107 1595 2266 1636 susceptio
2302 1598 2360 1630 illa

1354 1637 1529 1678 apparuit,
1553 1638 1584 1667 δι
1607 1646 1645 1667 ne
1668 1635 1837 1676 vestigium
1849 1635 2005 1677 quidem,
2029 1636 2155 1670 indicio
2169 1636 2361 1672 manifestis-

1353 1680 1456 1718 simo,
1492 1679 1628 1710 minime
1652 1678 1777 1710 aretam
1802 1677 1916 1711 fuisse.
1943 1680 2062 1717 Tunc;
2086 1681 2175 1723 quod
2200 1683 2362 1724 reliquum

1355 1730 1424 1755 erat
1442 1743 1451 1758 ‚
1475 1722 1606 1754 Tenuia
1630 1720 1782 1753 intestina
1806 1724 1968 1762 aperiens,
1993 1724 2026 1754 in
2062 1723 2224 1757 Duodeno
2259 1736 2362 1759 mate-

1349 1766 1433 1798 riam
1457 1765 1608 1808 conspexi
1632 1763 1766 1806 liquidis
1789 1763 1922 1798 faecibus
1957 1763 2116 1803 limilem3
2143 1769 2176 1801 in
2213 1773 2363 1810 proximo

1350 1818 1458 1843 autem
1476 1809 1591 1851 Jejuni
1616 1809 1719 1841 tractu
1742 1807 1938 1841 lumbricum
1963 1818 2093 1843 teretem
2111 1836 2120 1851 ‚
2141 1812 2174 1844 in
2187 1812 2364 1855 eodemque

1351 1852 1477 1889 traffitu,
1503 1855 1534 1885 ἃ
1558 1853 1665 1884 vicina
1691 1850 1841 1884 Duodeni
1865 1862 1955 1893 parte
1988 1852 2177 1896 sanguineas
2211 1855 2263 1888 liic
2293 1858 2364 1890 illic

1352 1896 1493 1928 maculas
1518 1895 1637 1936 quibus
1670 1896 1757 1927 intus
1791 1903 1966 1937 utrumque
1990 1919 2000 1933 ,
2034 1896 2121 1939 quasi
2160 1898 2199 1931 ab
2222 1898 2364 1934 inflam-

1353 1941 1493 1972 matione
1516 1950 1588 1980 quae
1609 1939 1834 1971 irritationem
1870 1938 2025 1982 consequi
2071 1941 2230 1983 inciperet
2256 1966 2265 1980 ‚
2311 1945 2365 1977 di..

1351 1982 1621 2022 (tinguebantur.
1646 1981 1686 2013 In
1711 1984 1835 2015 caeteris
1858 1992 1965 2015 autem
1999 1983 2159 2017 intestinis
2182 2007 2191 2022 ‚
2228 1989 2364 2020 ventris-

1350 2037 1412 2067 que
1438 2024 1612 2057 visceribus
1635 2025 1803 2066 complura
1828 2026 1960 2068 quidem
1985 2027 2218 2066 animadverti,
2255 2030 2363 2064 osten-

1349 2070 1468 2110 dique,
1496 2067 1546 2101 sed
1569 2079 1635 2100 nor-1
1657 2068 1695 2101 ad
1720 2069 1850 2102 morbos
1874 2071 2070 2108 attinentia,-
2096 2070 2117 2104 fi
2142 2074 2296 2107 nonnulla
2308 2088 2368 2114 ex-¹

1348 2113 1452 2154 cipias
1473 2109 1627 2145 adnotata
1649 2113 1683 2144 in
1708 2111 1920 2145 muliebribus
1935 2138 1943 2152 ,
1967 2117 1998 2145 δέ
2024 2115 2056 2146 in
2082 2115 2206 2155 vesica,
2230 2119 2277 2150 vel
2302 2130 2363 2160 po-

1354 2159 1421 2189 tius
1445 2156 1479 2187 in
1505 2155 1637 2202 u1⁴ethra
1655 2179 1663 2188 .
1698 2154 1771 2188 Hac
1794 2157 1882 2189 enim
1918 2157 2090 2191 secundum
2123 2159 2364 2201 longitudinem

1354 2198 1453 2232 incisa
1465 2221 1478 2244 ³.
1500 2210 1539 2232 ex
1563 2201 1641 2231 vasis
1665 2197 1856 2240 sanguiferis
1879 2212 1950 2242 quae
1975 2203 2124 2241 parallela
2149 2214 2204 2244 per
2227 2205 2365 2239 interio-

1358 2254 1426 2277 rem
1450 2253 1516 2283 eJus
1539 2240 1656 2275 faciem
1684 2244 1902 2283 apparebant,
1930 2244 2022 2285 nigra
2046 2245 2196 2287 quaedam
2217 2246 2276 2282 hic
2294 2249 2366 2284 illic

1357 2287 1546 2329 prominere
1570 2284 1765 2318 videbantur
1789 2286 1875 2328 quasi
1900 2288 2113 2329 corpuscula,
2139 2301 2174 2323 ut
2207 2303 2223 2324 a
2254 2294 2366 2334 primo·

1358 2341 1418 2371 pro
1441 2330 1567 2371 exiguis
1593 2329 1758 2374 varicibus
1782 2333 1978 2371 acceperim.
2002 2332 2062 2365 Sed
2075 2344 2253 2367 cummane
2270 2337 2302 2368 in
2316 2337 2366 2370 so-

1360 2374 1399 2406 lis
1421 2372 1544 2405 lumine
1581 2373 1814 2414 inlpestarem,
1840 2376 1963 2407 varices
1988 2385 2051 2408 non
2077 2375 2155 2415 esse,
2180 2379 2327 2414 intellexi
2352 2393 2365 2419 3

1358 2417 1437 2456 quin
1463 2417 1560 2448 etiam
1586 2426 1665 2460 num
1688 2417 1721 2449 in
1745 2417 1783 2449 iis
1808 2418 1889 2450 vafis
1912 2416 2032 2458 essent,
2055 2419 2147 2460 plane
2181 2421 2329 2456 dubiravi
2355 2451 2367 2459 0

1356 2459 1446 2506 Nam
1469 2459 1535 2492 duo
1558 2469 1681 2499 majora
1696 2484 1705 2498 ‚
1728 2470 1800 2507 quae
1823 2462 1857 2493 in
1881 2462 1953 2503 ipsis
1997 2472 2089 2496 erant
2135 2468 2366 2502 communibus

1355 2503 1485 2540 vehcae,
1511 2504 1543 2534 &
1566 2499 1704 2535 uretbrae
1735 2504 1877 2541 tinibus,
1903 2504 2077 2545 peculiaria
2101 2506 2159 2540 esse
2193 2510 2259 2543 vidi
2300 2511 2366 2544 fus-

1355 2558 1411 2582 ca,
1436 2548 1466 2578 δε
1489 2545 1688 2578 subrotunda
1715 2547 1928 2589 corpuscula,
1953 2559 2052 2590 eaque
2076 2561 2150 2583 cum
2177 2562 2365 2593 taneeretn,

1354 2589 1433 2623 dura
1457 2588 1552 2626 senli3
1577 2599 1612 2621 ut
1638 2590 1777 2623 calculos
1801 2589 1848 2624 sui
1872 2592 1995 2632 generis
2018 2591 2099 2630 effe,
2137 2587 2328 2632 crediderim
2359 2622 2375 2640 ‚

1359 2634 1416 2667 sub
1428 2634 1544 2666 intima
1557 2632 1612 2665 illa
1627 2634 1732 2666 tunica
1746 2644 1926 2673 concretos,
1939 2646 2070 2677 eamque
2085 2639 2293 2680 attollentes3
2318 2656 2367 2676 re-

1360 2678 1449 2719 liqua
1475 2687 1581 2722 autem
1604 2688 1675 2718 quae
1700 2676 1784 2709 infra
1809 2689 1920 2714 erant,
1945 2688 1980 2711 ut
2006 2681 2154 2718 minora,
2178 2684 2225 2717 ita
2258 2688 2368 2720 minus

1361 2721 1440 2753 dura
1457 2742 1464 2755 ,
1486 2731 1541 2752 nec
1567 2719 1781 2759 subrotunda,
1804 2732 1842 2753 ex
1865 2720 2097 2763 ejusdemmodi
2121 2730 2255 2762 materia
2280 2751 2289 2765 ,
2326 2729 2366 2765 ad

1359 2764 1558 2805 eundemque
1581 2763 1715 2795 modum
1732 2764 1831 2810 asieri,
1857 2765 1905 2798 sed
1930 2766 2065 2800 necdum
2099 2767 2157 2802 esse
2193 2773 2331 2813 perfecta
2355 2800 2366 2809 .

1359 2810 1445 2840 Cum
1470 2806 1555 2845 hoc,
1579 2818 1699 2840 novum
1723 2808 1879 2848 sortasse,
1902 2810 2009 2843 morbi
2034 2822 2134 2853 genus
2156 2839 2163 2852 ‚
2200 2816 2366 2852 urethrani

1359 2851 1552 2893 procedente
1574 2859 1719 2893 tempore
1743 2853 2004 2894 coar-staturum,
2027 2858 2058 2887 &
2081 2855 2144 2896 jam
2171 2857 2263 2893 facile
2287 2873 2368 2894 non..

1358 2893 1645 2930 nihillaedentem‚
1672 2895 1979 2935 animadvertislem5
2006 2908 2134 2934 uterum
2148 2902 2368 2944 secui,s1f01--

1359 2948 1390 2986 te
1416 2936 1613 2971 manifestius
1637 2938 1846 2981 scaturigines
1869 2941 2049 2976 invenirem
2075 2943 2217 2983 subalbi,
2239 2947 2369 2981 &cras-

1361 2980 1489 3015 nusculi
1513 2981 1660 3014 humoris
1683 2993 1749 3023 quo
1774 2984 1868 3017 nimis
1893 2985 2111 3021 humectatam
2126 2994 2275 3032 vaginam
2288 3004 2368 3026 con-

1360 3024 1544 3072 spexeram.
1570 3025 1627 3057 Sed
1652 3035 1768 3066 praeter
1793 3029 2062 3064 consuetudinem
2085 3032 2168 3066 nihil
2195 3034 2285 3072 vidi,
2317 3037 2368 3069 ni-

1361 3069 1391 3115 si·
1408 3070 1652 3111 prominentem
1678 3069 1887 3105 veficularum
1914 3085 2061 3108 acervum
2086 3079 2260 3118 parvulum
2285 3104 2293 3117 ‚
2330 3089 2368 3113 ut

1361 3123 1430 3161 eius
1455 3124 1523 3145 area
1551 3112 1714 3161 ambitum
1748 3117 1864 3155 unguis
1904 3128 1970 3149 non
1994 3122 2158 3153 excederet
2183 3123 2280 3155 diruti
2308 3127 2370 3156 mi*

1359 3158 1460 3189 nimi.
1486 3157 1564 3188 Erat
1587 3159 1619 3205 ἀρ
1644 3154 1724 3188 facie
1749 3161 1908 3192 anteriore
1932 3172 2037 3195 caveae
2063 3162 2158 3205 ipsius
2184 3151 2268 3200 uteri
2289 3168 2368 3200 dex—

1358 3201 1459 3233 terius
1475 3222 1483 3235 ,
1508 3199 1702 3249 propiusque
1728 3198 1907 3247 supremam
1933 3208 2057 3245 partem
2082 3206 2219 3245 ejusdem
2245 3222 2369 3250 caveae,

1360 3255 1457 3285 quarn
1482 3254 1640 3278 cerVic153
1668 3253 1703 3274 ut
1729 3244 1906 3285 suspicatus
1931 3248 1987 3280 sim
2014 3251 2154 3290 primum
2176 3275 2184 3289 ‚
2220 3251 2277 3287 csse
2314 3256 2366 3286 in-

1360 3286 1588 3336 choamentum
1611 3286 1853 3332 excrescentiae‚
1878 3291 2060 3332 cujusmodi
2086 3306 2100 3326 a
2124 3307 2174 3328 nne
2199 3298 2278 3339 saepe
2292 3298 2368 3331 alias

1361 3341 1395 3362 in
1420 3341 1500 3380 cayo
1525 3333 1608 3362 uteri
1631 3331 1806 3377 descriptas
1831 3335 1956 3377 legisti.
1988 3337 2032 3368 Et
2058 3342 2272 3378 prominentia
2298 3343 2370 3382 qui-

1361 3373 1432 3406 dem
1456 3372 1488 3406 id
1513 3372 1750 3407 confirmabat:
1775 3375 1828 3410 sed
1852 3390 1916 3411 non
1940 3382 2154 3417 conveniebat
2178 3394 2290 3416 natura
2317 3396 2370 3417 ve-

2245 3426 2327 3459 ficum

311 3510 2358 3530 Μ

418 3580 432 3606 )
450 3578 485 3602 Ad
503 3577 588 3601 Boerh.
608 3576 712 3600 Praeled.
732 3576 756 3605 ὃ.
776 3583 813 3605 93.
831 3579 883 3599 not.
902 3577 923 3598 6.

418 3610 431 3636 )
449 3609 484 3631 Ad
503 3608 543 3631 cit.
566 3608 668 3631 Praelest.
687 3607 769 3636 §.107
799 3613 849 3629 not.
869 3615 888 3634 3.
907 3604 928 3627 ὃῑ
948 3603 1038 3633 §.109.
1056 3611 1106 3628 not.
1126 3611 1163 3631 30.
1260 3633 1263 3635 Ι

372 3640 377 3643 ’
396 3641 408 3660 h
425 3640 437 3666 )
455 3641 538 3662 strena
556 3639 627 3660 Anae.
646 3646 667 3660 n.
690 3646 702 3664 9
778 3637 842 3664 (1¹3
860 3636 913 3659 Vid.
932 3636 1053 3666 Sepulchr.
1073 3635 1095 3666 3<
1115 3641 1135 3656 2.
1153 3633 1226 3656 modo
1243 3638 1286 3655 cit-

400 3678 419 3692 m
440 3669 451 3695 )
469 3669 548 3691 ςεΚυΙ.
567 3669 595 3690 ad
616 3668 636 3697 ξ
654 3670 676 3689 9.
695 3666 755 3690 Obt‘,
772 3675 808 3690 20.

394 3706 410 3729 p
427 3699 513 3728 >li-921.
534 3700 564 3721 N.
583 3700 610 3722 C.
629 3700 697 3722 Cent.
717 3704 737 3720 ι.
757 3698 779 3720 Sc
795 3706 815 3720 2.
835 3696 893 3720 Obs.
913 3698 964 3723 198.
982 3704 1008 3721 n.
1025 3704 1046 3724 ³·

393 3587 404 3602 c

391 3618 402 3631 Ε

871 3667 913 3695 ζῆ
931 3669 940 3689 )
958 3666 978 3693 <y
998 3668 1069 3689 inodo
1086 3664 1128 3689 cit.

366 3644 382 3730 (Ρη-κβ
366 3581 377 3634 «Α

1193 3664 1206 3691 (
1221 3671 1232 3684 0
1246 3663 1261 3695 J
1277 3662 1345 3699 Thes.
1366 3666 1440 3687 Anat.
1457 3673 1479 3700 “31
1497 3672 1512 3687 n
1542 3672 1576 3691 ¹4-
1595 3667 1616 3689 δε
1632 3665 1702 3690 Thes.
1722 3668 1786 3692 Nov.
1804 3676 1827 3692 n.
1847 3679 1884 3699 57.

1111 3696 1124 3723 (
1140 3702 1155 3723 q
1171 3697 1183 3721 )
1198 3693 1256 3718 01³1.
1275 3694 1342 3717 (mir.
1360 3697 1435 3718 Anat.
1452 3697 1505 3724 I-ig.
1524 3703 1564 3724 74.

989 3575 1001 3603 ζ
1018 3574 1033 3598 d
1049 3575 1062 3603 )
1077 3576 1152 3598 Toni.
1171 3580 1191 3596 1.
1210 3574 1237 3596 P.
1256 3579 1275 3596 1.
1293 3571 1374 3594 ainot.
1395 3575 1485 3606 penult.
1504 3573 1532 3595 ad
1550 3575 1680 3598 Warthon.
1698 3574 1726 3597 de
1744 3575 1847 3600 Mesent.

1227 3602 1270 3631 (f
1286 3608 1293 3628 ,¹
1310 3603 1343 3624 De
1363 3605 1451 3630 Relpir.
1471 3605 1495 3625 Ρ.
1514 3612 1535 3632 3.

1600 3607 1607 3634 (
1624 3615 1640 3635 g
1659 3621 1665 3633 s
1685 3607 1761 3629 schol.
1779 3607 1808 3629 ad
1826 3608 1850 3639 §
1871 3618 1891 3634 2.
1910 3610 1968 3635 Obs.
1989 3619 2007 3635 1.
2025 3609 2096 3637 hujus
2113 3611 2172 3635 Sest.

1352 3635 1360 3655 (
1377 3633 1392 3656 l<
1411 3635 1423 3660 )
1442 3635 1529 3657 Adnot.
1548 3634 1590 3657 cit.
1609 3636 1676 3662 supra
1692 3636 1720 3658 aa
1740 3645 1764 3659 n.
1781 3644 1819 3665 ²9-
2236 3615 2288 3643 (κ)
2306 3623 2370 3646 1¹·34-

1882 3642 1888 3669 (
1907 3641 1917 3663 l
1934 3645 1943 3670 J
1960 3641 2059 3666 Advers.
2078 3644 2148 3666 Anat.
2167 3646 2224 3668 Dec.
2243 3653 2266 3673 3.
2285 3655 2307 3675 5.
