2498 4075
442 185 594 251 Epist.
633 187 793 240 Anat.
831 184 1048 239 Medica
1082 184 1346 239 vam.
1382 185 1505 239 Art.
1539 187 1643 237 15:rr

46 264 111 297 bris
134 266 277 298 extantia
301 289 313 305 ,
344 265 615 309 p‘raetermiserunt
638 288 648 302 ‚
687 269 719 299 δι
740 278 812 309 quae
835 266 1016 309 produxere
1039 290 1049 305 ,

44 307 79 340 ea'
104 304 168 339 fere
191 310 371 351 promiscue
395 309 538 343 indicare
560 308 794 342 consueverunt
819 332 828 347 ,
867 322 941 344 cum
965 310 1050 344 haud

44 350 176 384 difficile
209 351 284 386 esset
308 355 341 384 in
378 365 411 385 ea
436 352 580 386 dividere
615 353 649 385 in
673 353 793 395 quibus
816 365 871 386 ren
897 365 978 387 unus
1002 353 1050 386 fa-

45 393 116 427 &us
138 394 183 427 est
207 407 266 437 pro
289 396 437 431 duobus.
462 398 493 429 ὃ(
516 396 549 428 in
573 407 607 427 ea
631 396 665 428 in
689 396 807 438 quibus
831 395 933 430 fricius
957 396 999 430 est
1011 408 1050 429 ex

44 436 171 471 duobus
193 459 205 476 ,
238 442 271 470 &
295 439 399 480 prima
434 438 488 471 illa
514 439 619 471 rursus
651 440 684 472 in
716 451 752 472 ea
784 441 816 471 in
841 440 959 482 quibus
991 450 1047 473 ren

47 479 137 513 fuum
161 491 298 523 occupat
321 482 402 516 latus
421 505 429 518 ,
461 485 490 515 δι
515 483 547 514 in
570 493 603 514 ea
629 482 662 514 in
687 483 805 524 quibus
826 508 835 522 ,
858 483 962 525 Spinae
985 483 1051 517 im-

45 522 189 565 positus,
216 525 357 559 medium
380 534 466 559 tenet
491 550 497 557 .
536 524 587 558 Ad
613 526 667 558 illa
692 526 795 568 prima
820 527 961 559 attinent
984 549 995 566 ,
1018 528 1049 558 &

46 577 121 599 rene
144 567 275 610 quidem
309 568 398 603 suum
423 569 503 601 latus
528 568 669 601 servante
695 592 706 607 ,
728 579 842 610 praeter
866 569 986 602 vetusta
1010 581 1049 602 ex

44 608 224 644 Aristotele
250 611 353 654 (f),
378 624 411 645 ea
435 624 504 654 quae
530 619 581 643 tot
602 611 742 654 poste-ri,
767 615 798 644 &
821 613 853 645 in
876 610 926 645 lais
939 613 1050 654 Sphe-

43 654 146 686 rerius
168 657 183 692 (
204 663 219 687 t
234 654 273 697 )‚
296 657 328 686 δι
352 654 576 695 Solenanders
598 665 618 687 u
639 658 654 695 )
688 667 727 688 ex
750 655 874 688 Matth.
901 656 1014 689 Stoico
1038 677 1048 691 ‚

44 696 225 731 Plazzonus
261 702 272 738 (
295 707 316 730 x
338 702 351 738 )
381 709 455 732 curn
479 698 636 730 Silvatico
658 721 670 737 ‚
703 699 787 739 apud
811 710 911 740 quem
946 700 1048 740 legere

46 740 231 781 praestabit,
259 740 407 776 Hallerus
429 744 485 782 (y
509 744 543 778 ),
567 740 731 775 Petschius
757 746 767 780 (
791 753 813 783 z
838 745 847 779 )
873 742 1049 784 proposue-

45 792 122 815 runt
138 805 148 820 ,
171 785 223 820 &‚
246 782 269 816 si
295 794 396 818 meam
409 783 561 826 seponere
586 785 661 817 hinc
676 784 765 817 malis
787 785 1050 825 dubitationem,

46 825 193 867 Epistola
216 828 286 859 XL.
313 831 322 866 <
346 828 399 870 a)
422 827 619 867 indicatam,
641 829 739 860 etiam
766 828 906 868 Tulpius
928 832 941 867 (
963 827 983 860 b
1005 833 1016 867 )
1038 853 1050 870 ,

46 871 78 901 &
103 869 307 903 Meekrenius
332 874 342 910 (
368 882 384 902 c
406 875 437 910 ).
461 871 572 909 Quam
594 871 837 913 dubitationem
852 870 983 913 seponas
1007 872 1049 904 li·-

48 921 99 944 cet
121 914 155 946 in
179 912 417 947 Observatione
440 913 606 947 Hilscheri
629 916 643 953 (
665 913 685 945 d
707 917 718 951 )
743 926 750 945 ι
787 913 843 946 etsi
869 916 956 947 enirn
980 927 995 947 a
1018 925 1050 948 te

50 955 125 990 addi
161 955 232 990 haec
253 956 349 998 poffit
384 956 421 990 ad
445 968 495 989 eas
518 969 589 1000 quae
622 957 656 990 in
680 955 892 998 Sepulchreto
917 958 990 990 sunt
1013 958 1061 991 ad-

49 1000 189 1033 renalem
223 997 396 1034 ischuriarn
421 1012 437 1033 a
469 1000 602 1034 calculis
626 1001 799 1033 attinentes
820 1013 829 1036 ε
862 1008 990 1037 tamen,
1016 1009 1053 1034 ut

49 1052 163 1076 caetera
186 1043 338 1077 omittam
357 1067 371 1084 ‚
392 1043 467 1077 satis
489 1044 686 1077 indiciorum
712 1043 752 1076 ab
777 1043 883 1076 soierti
911 1043 1054 1077 Pei-scru-

50 1095 156 1119 tatore
178 1085 362 1120 contrestum
386 1087 451 1124 est,
478 1087 561 1121 unde
584 1098 689 1120 renem
713 1086 850 1119 alterum
876 1098 891 1119 a
915 1089 1055 1128 primor-

49 1128 114 1163 diis
136 1116 288 1167 defuisse,
312 1131 532 1172 intelligamus
548 1154 561 1171 ,
595 1141 659 1163 non
683 1130 770 1163 secus
795 1139 889 1172 atque
914 1132 948 1162 in
973 1131 1055 1164 Pro-

50 1170 165 1206 feffore
187 1172 246 1206 illo
268 1173 418 1207 Cabrolii
441 1176 455 1213 <
478 1184 491 1207 e
509 1174 526 1215 ¹)
541 1195 550 1210 ‚
573 1176 603 1206 &
626 1173 659 1206 in
685 1175 872 1207 memoratis
896 1175 971 1207 alias
996 1171 1055 1216 (f)

51 1228 69 1248 a
93 1217 188 1250 nobis
213 1216 410 1250 adolescente
433 1216 611 1250 Manfredii
626 1241 634 1255 ‚
657 1217 769 1251 catella
794 1217 898 1249 nostra
915 1242 923 1254 ,
946 1219 977 1251 &
999 1228 1057 1250 cu-

52 1260 185 1296 niculo,
208 1260 277 1293 imo
299 1262 331 1293 &
352 1260 523 1295 Sacerdote
545 1283 553 1298 ‚
590 1263 623 1293 &
646 1260 778 1293 muliere
805 1259 963 1294 Valsalvae
988 1285 994 1298 ,
1029 1262 1059 1292 &

53 1303 224 1345 Poupartii
246 1303 372 1346 puella.
398 1304 471 1337 Fuit
497 1313 604 1338 autem
628 1304 661 1335 in
688 1304 820 1337 muliere
843 1303 897 1338 illa
922 1303 955 1337 id
977 1315 1059 1347 quo-

53 1357 117 1388 que
139 1345 265 1380 indicio
288 1367 298 1384 ‚
320 1358 422 1381 unum
447 1347 486 1380 ab
509 1357 623 1381 natura
648 1345 740 1381 fuisle
765 1358 869 1380 renem
893 1347 982 1391 quod
1008 1346 1061 1380 hic

52 1388 138 1422 binis
162 1390 308 1430 pelvibus
329 1389 571 1429 instruebatur,
595 1389 741 1433 binisque
754 1391 953 1426 ureteribus:
978 1399 1061 1434 quot

55 1432 89 1465 in
116 1433 262 1466 Panaroli
284 1436 298 1472 (
317 1432 373 1475 g)
396 1433 474 1466 item
494 1432 630 1474 juvene,
653 1435 685 1467 &
708 1434 740 1466 in
755 1434 870 1467 Laubii
897 1439 911 1474 (
932 1433 952 1467 h
977 1435 1064 1473 >mi-

54 1476 111 1510 lite
135 1488 199 1509 non
226 1476 337 1511 solusn-
353 1475 467 1512 fuisse,
493 1478 654 1518 legimus,
678 1476 728 1510 sed
756 1486 907 1519 praeterea
931 1487 1064 1511 ex·ure-

55 1520 179 1553 teribus
203 1522 386 1554 alterumin
410 1531 480 1553 eam
504 1520 534 1553 se
554 1519 716 1553 immisisse
740 1520 847 1553 vesicae
873 1532 997 1564 partem
1012 1523 1062 1553 cui

56 1574 111 1597 ren
136 1564 243 1598 nullus
265 1563 500 1606 respondebat.
527 1564 721 1596 Memoratis
746 1564 895 1598 haetenus
906 1565 1063 1605 exemplis

55 1619 128 1649 quae
153 1607 190 1640 ad
214 1607 326 1649 primae
350 1606 449 1640 classis
463 1615 588 1647 partem
614 1608 751 1647 primam
764 1608 874 1641 omnia
900 1608 1062 1651 spe&ant,

56 1649 226 1684 verisimile
249 1649 314 1689 est,
338 1650 397 1683 alia
422 1650 559 1692 plurima
585 1649 716 1691 adjungi
744 1648 830 1692 posse
853 1660 922 1685 tum
948 1663 1018 1693 quae
1031 1652 1065 1683 in

56 1693 226 1736 praescntia
251 1703 316 1727 non
339 1692 523 1728 succurrant
544 1703 555 1731 3
588 1704 693 1736 neque
718 1695 804 1726 enim
843 1694 924 1727 m›lii
951 1694 982 1727 id
1008 1705 1066 1727 un-

57 1747 155 1779 quam
180 1736 324 1773 sumam‚
347 1747 382 1770 ut
406 1738 518 1770 omnia
542 1745 654 1778 putem
679 1747 733 1771 aut
757 1737 866 1778 legisse
889 1762 896 1775 ‚
921 1747 976 1771 aut
1001 1750 1069 1770 me-

57 1779 218 1819 miniffe;
250 1790 320 1813 tum
344 1792 417 1823 quae
451 1781 631 1819 Scriptores
664 1779 705 1813 sic
740 1781 961 1826 expresserunt
988 1806 998 1820 ,
1032 1788 1069 1815 ut

54 1832 158 1857 unum
179 1823 350 1857 dumtaxat
386 1833 494 1857 renem
520 1822 610 1858 fuisse
637 1847 645 1862 ,
679 1822 849 1862 dixerint,
875 1824 975 1857 veluti
1000 1825 1069 1856 Co-

56 1867 188 1901 lumbus
211 1870 221 1905 (
246 1867 259 1900 i
281 1870 292 1905 )
316 1888 326 1904 ‚
362 1867 523 1900 Fernelius
547 1870 559 1905 (
581 1865 633 1908 lt)
661 1889 673 1905 ,
708 1866 865 1908 Casparus
891 1866 1067 1909 Wolphius

55 1914 70 1950 (
93 1909 105 1943 l
127 1913 161 1949 )‚
185 1911 379 1943 Laurentius
402 1914 413 1948 (
437 1911 504 1952 m)
528 1934 537 1948 ‚
574 1908 692 1942 Boscus
715 1914 725 1949 (
752 1920 769 1942 n
794 1914 809 1949 )
832 1913 862 1943 &
885 1910 972 1944 suam
996 1934 1007 1951 ‚
1037 1913 1068 1943 &

57 1963 226 1995 paternam
252 1952 398 1987 indicans
410 1953 704 1989 Observationern,
725 1953 779 1995 Jo.
795 1954 957 1987 Scultetus
979 1957 1041 1993 (o)
1058 1977 1066 1990 ‚

55 1999 281 2031 Saltzmannus
306 1995 360 2039 (p
383 2000 396 2036 >
418 2009 427 2025 .-
452 2009 489 2029 ex
514 1997 554 2029 iis
578 2007 686 2029 autem
709 1998 765 2038 qui
791 2008 805 2028 a
832 1997 924 2030 Viris
950 1997 1068 2031 Erudi-

56 2040 182 2073 tiffimis
217 2040 350 2073 Rhodio
374 2044 384 2079 (
410 2050 428 2081 q
453 2043 462 2077 )
485 2063 494 2077 ,
527 2042 557 2072 δι
580 2039 719 2072 Hallero
741 2042 754 2078 (
778 2050 793 2071 r
814 2043 827 2079 )
860 2041 1030 2074 laniantur
1054 2064 1066 2080 ,

56 2085 195 2126 Lopez3
219 2083 366 2117 Ronseus
381 2106 390 2121 ,
416 2084 578 2120 Dareum,
604 2082 820 2125 Handwigius
833 2106 844 2122 ,
868 2083 1043 2117 Humelius
1057 2106 1064 2119 ‚

56 2128 160 2169 aliqui
185 2125 317 2160 fortasse
338 2126 485 2168 exempla
510 2125 692 2167 scripserint
718 2125 850 2159 adhanc
874 2125 998 2160 classem
1016 2136 1065 2159 at-

55 2170 215 2204 tinentia:
233 2166 363 2213 fortaJJe
385 2170 461 2203 dico
484 2178 652 2211 propterca
676 2169 763 2211 quod
788 2181 826 2202 ex
848 2169 1000 2203 indicatis
1024 2170 1065 2203 li-

55 2214 124 2248 bris
148 2214 205 2247 alii
227 2212 309 2246 mihi
332 2224 396 2247 non
421 2212 495 2247 sunt
517 2213 551 2245 in
575 2213 742 2249 manibus,
765 2213 820 2245 alii
834 2223 912 2245 vero
927 2238 935 2250 ‚
960 2224 1064 2256 quan-

55 2261 126 2290 tum
150 2268 209 2298 ego
232 2255 364 2298 quidem
388 2257 482 2299 potui
505 2266 668 2297 quaerere,
691 2267 724 2288 ea
740 2266 804 2289 non
826 2256 979 2290 exhibent
991 2269 1062 2299 quae

56 2301 210 2333 dicuntur
236 2325 243 2338 ,
277 2310 340 2332 non
365 2299 450 2337 secus
483 2309 518 2333 ac
541 2298 643 2340 Carpi
674 2299 709 2331 in
735 2299 933 2333 Mundinum
958 2302 1062 2333 Com·

56 2344 216 2377 mentaria
240 2342 357 2376 frustra
381 2344 502 2377 versavi
523 2356 531 2379 3
564 2340 736 2384 exemplum
759 2345 846 2375 enim
872 2344 954 2378 illud
977 2343 1065 2376 aliud

55 2386 144 2430 quod
173 2387 217 2419 ait
241 2386 401 2420 Riolanus
425 2385 530 2428 (s),
554 2386 610 2419 ubi
635 2386 774 2418 maxime
798 2385 858 2420 esse
880 2385 1064 2427 debuisset,

55 2440 122 2463 non
147 2429 258 2462 inveni
285 2454 291 2460 .
329 2430 400 2464 Nec
425 2440 500 2461 vero
523 2430 599 2471 quia
622 2440 661 2462 ex
684 2428 826 2471 utrisque
851 2431 916 2464 illis
941 2431 1064 2464 Aucto-

55 2474 145 2507 ribus
178 2473 322 2515 plerique
346 2471 532 2513 scripserint
554 2495 563 2510 ,
599 2481 674 2505 eum
697 2483 796 2506 unum
829 2485 936 2507 renem
971 2472 1064 2507 fuisse

53 2527 210 2558 magnum
226 2538 235 2554 ‚
260 2517 329 2549 imo
354 2517 477 2558 aliqui,
500 2525 536 2550 ut
559 2515 745 2549 Columbus
761 2538 769 2552 ‚
794 2519 967 2551 maximum
989 2540 1001 2556 ‚
1025 2527 1063 2551 ut

53 2560 214 2594 fcrnelius
230 2581 239 2595 ,
261 2560 343 2593 mira
356 2558 584 2601 magnitudinis
605 2559 682 2592 mole
695 2581 703 2595 ‚
728 2570 763 2592 ut
778 2559 919 2601 Boscus,
941 2561 1064 2603 magni-

55 2603 193 2639 tudinis,
219 2603 263 2636 &
284 2602 468 2636 latitudinis
483 2600 554 2644 fere
576 2602 769 2636 incredibilis
794 2617 804 2641 ;
842 2604 966 2639 idcirco
990 2615 1005 2635 a
1031 2613 1063 2637 te

53 2647 216 2680 continuo
239 2645 375 2687 putandi
400 2645 471 2679 sunt
493 2645 533 2679 de
556 2657 628 2678 rene
638 2645 752 2680 dixisse
775 2649 908 2691 quinon
931 2647 968 2680 ad
982 2646 1064 2680 hanc

54 2692 196 2732 primam
218 2689 317 2723 claffis
340 2690 450 2732 primae
475 2687 630 2731 sptharet
656 2699 781 2732 partem
807 2716 813 2724 .
848 2691 952 2725 Probe
977 2691 1064 2725 enim

56 2733 238 2766 memineris
258 2755 268 2771 ,
300 2741 459 2775 quantum
486 2744 542 2766 ren
575 2734 725 2766 alteruter
758 2733 852 2776 possit
885 2733 1063 2769 excrescere

54 2776 75 2819 (
91 2784 104 2808 t
128 2776 161 2813 ):
186 2786 243 2808 cur
268 2786 332 2808 non
357 2776 458 2818 igitur
479 2787 555 2809 cum
579 2787 660 2809 nnus
685 2785 814 2812 tantum
838 2777 904 2814 est.
929 2788 1063 2819 magnus

56 2818 114 2853 e¹sse
139 2827 234 2861 queat
256 2819 288 2850 in
314 2818 370 2851 suo
392 2819 491 2853 latere
511 2818 526 2851 ἒ
556 2822 624 2852 imo
646 2821 746 2854 etiam
779 2821 978 2864 praegrandis
1000 2845 1008 2860 ,
1040 2821 1061 2854 si

54 2862 142 2896 forte
165 2863 213 2895 vis
240 2862 345 2895 morbi
369 2863 517 2900 accedat,
542 2865 575 2898 δι
596 2863 728 2898 calculis
749 2889 757 2903 ‚
789 2876 886 2906 pure,
910 2865 993 2897 lotio
1017 2875 1063 2896 re-

53 2914 170 2943 tento,
196 2915 232 2938 ur
255 2905 289 2936 in
313 2907 459 2947 exemplo
483 2917 547 2939 non
572 2918 637 2939 uno
660 2918 698 2939 ex
721 2908 760 2940 iis
782 2920 854 2950 que
879 2908 969 2951 supra
984 2909 1061 2940 alla-

52 2959 87 2983 ta
112 2949 207 2985 sunt,
231 2947 428 2982 distendatur
451 2974 457 2982 .
490 2950 574 2989 Quae
597 2961 671 2984 cum
696 2951 770 2984 dico
791 2975 803 2990 ‚
825 2952 894 2985 noli
917 2961 1028 2995 putare
1052 2973 1061 2989 ,

53 2992 186 3034 probari
211 3003 227 3024 a
252 3002 301 3023 me
321 2991 408 3034 quod
432 2993 496 3026 Vir
507 2994 633 3026 Docius
658 2993 800 3036 scripsit,
823 2999 898 3029 curn
921 3006 974 3028 ren
988 2995 1061 3028 uni-

52 3047 109 3069 cus
133 3034 220 3073 fuit,
244 3044 282 3067 ex
305 3033 482 3068 cum‘iarum
506 3035 755 3078 observationum
765 3037 935 3077 testimonio
950 3061 958 3074 ‚
974 3038 1061 3080 sem-

46 3088 105 3121 per
128 3077 373 3127 magnitudinem
394 3080 478 3111 renis
499 3078 676 3113 naturalem
698 3080 833 3114 multum
849 3079 1057 3124 superavisse.

53 3121 172 3164 Neque
205 3131 291 3153 enim
324 3121 356 3151 in
389 3123 512 3156 cunffls
537 3122 834 3162 Observationibus
869 3124 930 3158 hoc
964 3127 1058 3159 video

50 3164 247 3198 adnotatum
268 3176 278 3196 .·
303 3166 383 3206 quin
408 3164 501 3198 video
528 3166 721 3200 l'anarolum
744 3171 758 3207 (
782 3178 801 3199 u
823 3172 836 3206 )
859 3168 977 3201 diserte
1001 3171 1057 3201 ad-

52 3216 241 3242 monentem
263 3231 271 3245 ,
295 3207 330 3239 in
354 3209 406 3241 sua
425 3207 537 3248 justam
561 3211 775 3250 quantitatem
797 3221 855 3243 non
877 3207 1020 3254 exceffiffe
1048 3237 1057 3250 ‚

52 3252 85 3287 ὅ(
110 3249 294 3283 Valsalvam
318 3253 328 3288 (
352 3260 374 3284 x
396 3254 409 3290 )
431 3251 464 3283 in
488 3251 612 3285 suarum
638 3254 738 3287 altera
760 3276 768 3291 ‚
804 3254 943 3288 naturali
965 3254 1057 3288 fuisse

140 3294 306 3336 Morgagni
316 3294 351 3326 de
362 3294 428 3326 Sed.
442 3297 484 3329 Θ·
496 3298 582 3335 faus.
596 3296 697 3330 Morb.
712 3299 813 3330 Tom.
828 3299 873 3331 II.

1947 200 2041 252 233

1099 266 1311 309 magnitudine
1326 290 1334 298 .
1357 265 1582 303 Quamobrem
1609 275 1626 297 a
1647 274 1723 297 vero
1747 264 1853 297 minus
1875 262 2012 297 disceffit
2024 265 2108 298 Rio-

1101 310 1191 343 lanus
1214 311 1228 347 (
1247 320 1270 350 y
1293 312 1327 357 ᾖ,
1352 320 1426 343 cum
1451 308 1573 350 scripsit
1596 330 1607 345 ‚
1639 305 1668 349 fi
1691 317 1745 340 ren
1768 308 1877 340 unicus
1899 307 2073 347 reperiatur
2096 328 2106 343 ‚

1094 351 1165 395 fere
1183 352 1300 394 gemini
1324 352 1568 395 magnitudinem
1592 360 1709 391 aequare
1732 375 1738 381 .
1768 351 1912 384 Utinam
1935 360 2006 391 quae
2031 361 2105 382 con-

1102 398 1198 430 tinuo
1221 393 1351 436 adjicit,
1380 395 1514 437 probare
1537 393 1679 436 possem,
1701 398 1743 429 ύ-
1760 393 1857 435 supra
1880 393 2003 436 dorsum
2027 393 2108 435 jace-

1099 451 1149 478 γε,
1168 437 1297 479 paulurn
1321 439 1447 471 remotis
1470 436 1633 471 canalibus
1654 439 1768 470 Aorcae
1791 437 1832 469 Θ
1852 438 1941 469 Cavae
1965 459 1979 476 ,
2002 444 2040 468 ur
2055 432 2107 475 se-

1101 479 1332 522 dempraebeant
1347 480 1494 522 solitario
1507 481 1591 514 reni.
1617 479 1677 513 Sed
1697 488 1781 522 quot
1794 480 1940 520 exempla
1963 478 2108 520 prostent

1102 525 1190 559 unici
1213 525 1295 557 renis
1320 523 1405 557 suam
1430 524 1599 557 retinentis
1614 523 1736 563 sedem,
1759 535 1797 557 ex
1809 522 2027 565 superioribus
2043 531 2113 554 ma-

1099 567 1252 602 nifestum
1274 567 1350 601 est'.
1375 569 1476 609 Supra
1498 567 1629 600 dorsum
1653 576 1759 600 autem
1783 565 1965 608 jacentem,
1989 568 2020 598 &
2037 564 2112 598 Ma-

1100 623 1160 655 gna
1185 610 1255 643 vasa
1279 613 1292 649 (
1314 611 1403 653 quod
1427 620 1534 644 tamen
1558 610 1607 643 vel
1631 620 1708 644 tunc
1742 620 1807 643 non
1831 608 1950 651 semper
1977 608 2113 642 adnota-

1099 665 1172 688 tum
1196 654 1240 688 est
1264 657 1274 692 )
1300 664 1522 688 removentem
1544 652 1568 686 si
1591 651 1656 686 fere
1679 665 1790 687 omnes
1814 654 1902 687 unici
1928 655 2011 685 renis
2037 650 2112 683 Ob-

1100 698 1274 732 servatores
1298 695 1474 734 vidissent3
1499 707 1546 730 res
1568 707 1701 738 quoque
1726 696 1805 737 has,
1829 698 1948 737 quippe
1972 697 2116 728 non-mi-

1099 753 1156 775 nus
1179 740 1253 783 ipsis
1277 751 1383 777 raras,
1408 751 1505 783 quarn
1529 742 1614 773 renis
1626 740 1785 774 unitatem
1800 762 1808 777 ‚
1832 738 1926 773 simul
1950 739 1990 771 ab
2015 737 2044 769 se
2065 738 2116 786 vi-

1101 785 1146 818 sas
1168 783 1386 828 indicassent}
1421 783 1510 826 quod
1534 793 1609 817 cum
1634 782 1685 815 illi
1710 782 1796 817 haud
1820 780 1961 816 fecerint
1984 780 2042 824 qui
2067 789 2119 811 ni·-

1101 828 1148 862 hil
1173 827 1279 865 aliud,
1304 826 1361 859 nisi
1387 829 1519 861 unicum
1542 837 1651 859 renem
1676 836 1898 859 memorarunt
1922 839 1928 857 z
1963 825 2037 858 ideo
2064 834 2120 855 ve-

1102 870 1234 905 risimile
1266 870 1325 903 esse
1349 893 1358 907 ‚
1394 869 1486 912 supra
1510 870 1578 903 dixi
1604 891 1613 905 ‚
1649 881 1761 902 eorum
1786 869 2042 902 Observationes
2081 865 2122 900 ad

1103 914 1203 948 claffis
1226 915 1340 957 primae
1364 924 1486 955 partem
1506 914 1646 955 primam
1670 912 1819 954 speetaffe
1837 938 1846 953 ‚
1867 924 1932 959 non
1945 911 1984 945 ad
2007 909 2122 944 secun-

1103 958 1179 991 dam
1204 980 1214 996 ‚
1235 968 1334 999 quam
1362 979 1373 996 ‚
1396 954 1434 989 fit
1458 959 1537 991 licet
1561 956 1667 990 multo
1690 959 1817 997 rarior,
1841 956 1930 998 quasi
1955 957 2064 988 omnia
2090 964 2123 985 e-

1104 1000 1232 1041 xempla
1268 1000 1357 1033 unici
1390 1003 1472 1033 renis
1504 999 1772 1041 comple&entem
1797 1020 1806 1036 ‚
1842 1000 1942 1032 solam
1982 996 2124 1039 ponebat

1106 1043 1298 1077 Riolanus.
1436 1043 1511 1082 Qa
1548 1044 1587 1076 de
1622 1051 1713 1084 parte
1759 1044 1948 1085 priusquam
1982 1041 2087 1074 dicam
2114 1061 2123 1074 ³

1105 1085 1309 1121 commodius
1333 1084 1374 1118 est
1398 1107 1407 1123 ‚
1433 1095 1469 1119 ut
1495 1084 1666 1119 secundam
1689 1084 1818 1120 classem
1841 1085 2011 1128 expediam
2039 1107 2048 1120 ‚
2085 1082 2124 1115 ad

1106 1141 1207 1173 quam
1230 1140 1336 1163 renem
1363 1139 1427 1161 non
1452 1138 1520 1162 tam
1542 1140 1602 1171 pro
1628 1128 1757 1162 duobus
1781 1127 1901 1162 saetam
1930 1152 1937 1165 ‚
1961 1138 2059 1171 quarn
2084 1137 2127 1159 ex

1108 1173 1235 1208 duobus
1259 1195 1268 1209 ,
1303 1170 1477 1206 referebam
1501 1196 1508 1203 .
1540 1172 1641 1211 Quod
1668 1174 1715 1205 ita
1739 1174 1878 1214 accipias
1904 1172 2001 1204 velim
2027 1180 2129 1209 ‚non

1108 1216 1201 1259 quasi
1219 1226 1373 1259 negarem
1398 1239 1406 1253 ,
1450 1218 1483 1249 in
1507 1215 1675 1249 nonnullis
1698 1214 1737 1248 de
1761 1215 1855 1257 supra
1880 1215 1985 1248 allatis
2020 1224 2130 1246 exem-

1112 1261 1174 1303 plis
1197 1271 1297 1293 unum
1321 1271 1360 1292 ex
1383 1259 1508 1293 duobus
1533 1259 1662 1292 renibus
1688 1258 1790 1292 videri
1816 1257 1939 1292 faelium
1959 1281 1971 1299 ,
1994 1267 2029 1291 ut
2054 1267 2131 1302 cun]

1112 1303 1235 1346 duplici
1261 1305 1293 1336 δε
1317 1304 1426 1345 pelvi,
1450 1306 1482 1336 &
1506 1313 1633 1336 uretere
1657 1302 1832 1336 instructus
1856 1312 1925 1336 erat
1941 1327 1948 1340 ‚
1976 1299 2131 1343 autquasi

1113 1346 1341 1381 contenderem
1366 1369 1376 1384 ,
1404 1357 1443 1378 ex
1465 1346 1594 1380 duobus
1629 1346 1760 1380 renibus
1783 1348 1841 1388 qui
1869 1348 2013 1389 primum
2036 1342 2134 1378 divisi

1111 1391 1211 1425 creati
1235 1389 1332 1423 essent
1355 1414 1364 1427 ,
1398 1389 1534 1423 alterum
1562 1389 1768 1431 postmodum
1793 1400 1869 1424 cum
1893 1391 2028 1434 altero?
2066 1398 2138 1420 cre·-

1120 1435 1222 1468 scente
1255 1433 1430 1475 embryone
1457 1455 1465 1470 ‚
1499 1433 1650 1467 coaluisse
1675 1457 1683 1467 .
1719 1432 1822 1467 Nihil
1847 1435 1937 1467 enim
1973 1430 2062 1466 aliud
2085 1429 2139 1464 hic

1120 1477 1201 1510 milii
1229 1477 1305 1509 volo
1328 1487 1428 1519 quam
1450 1476 1539 1518 quod
1557 1477 1657 1519 primi
1681 1476 1820 1510 obtutus
1832 1476 1960 1518 judicio
1985 1483 2140 1517 apparet·

1119 1523 1293 1562 Princeps,
1317 1529 1478 1560 quantum
1503 1522 1661 1559 memini,
1685 1520 1720 1553 id
1745 1520 1831 1553 vidit
1851 1520 1998 1564 Jacobus
2022 1518 2142 1554 Beren-

1117 1567 1223 1606 garius
1248 1562 1362 1606 (z).
1388 1564 1428 1595 In
1452 1562 1596 1605 quodam
1620 1573 1707 1595 renes
1730 1571 1840 1602 erant,
1866 1565 1974 1607 inquit
2005 1585 2015 1602 ‚
2038 1561 2141 1594 conti-

1114 1609 1169 1641 nui
1191 1619 1227 1640 ac
1243 1606 1271 1648 fi
1294 1605 1366 1650 efflet
1389 1615 1470 1638 unus
1492 1616 1544 1639 ren
1575 1619 1583 1639 :
1619 1607 1661 1640 Θ
1681 1604 1815 1639 hahebat
1838 1608 1914 1639 duas
1951 1617 2047 1639 venas
2064 1627 2073 1643 ‚
2100 1610 2144 1638 (5·

1118 1653 1194 1684 duas
1217 1651 1353 1683 arterias
1375 1649 1564 1692 emulgentes
1587 1672 1599 1688 ‚
1621 1649 1663 1681 ὅ)
1686 1649 1762 1681 duos
1784 1660 1876 1692 poros
1913 1650 2047 1683 urirides
2072 1657 2143 1681 cum

1120 1704 1178 1728 uno
1197 1693 1264 1736 solo
1285 1691 1449 1734 panniculo
1472 1692 1652 1725 involvente
1676 1704 1685 1724 .-
1710 1693 1763 1734 qui
1785 1693 1957 1735 occupabat
1980 1692 2046 1725 loca
2064 1691 2146 1733 soli-

1120 1745 1154 1770 ta
1181 1747 1306 1773 renum,
1331 1736 1375 1768 Θ
1395 1736 1491 1768 etiam
1515 1736 1651 1769 medium
1674 1735 1772 1777 dorfi‚
1799 1737 1879 1777 quod
1902 1737 1941 1776 est
1959 1737 1992 1769 in
2017 1735 2082 1769 loco
2094 1735 2146 1767 in.

1120 1788 1168 1813 ter
1195 1779 1335 1822 splenem
1361 1778 1403 1811 &
1436 1777 1531 1818 hepar
1554 1801 1562 1816 ,
1586 1788 1699 1819 parum
1722 1776 1808 1822 infra
1831 1790 1866 1812 ea
1889 1805 1898 1813 .
1936 1780 2062 1814 Eodem
2087 1777 2143 1812 ille

1120 1834 1200 1856 unus
1225 1834 1276 1855 ren
1303 1821 1423 1863 spec'tat
1449 1822 1489 1853 ab
1512 1821 1715 1855 Rondeletio
1739 1825 1749 1860 (
1774 1833 1792 1854 a
1818 1826 1828 1861 )
1853 1822 1939 1857 visus
1960 1847 1972 1863 ,
1996 1823 2050 1865 qui
2069 1819 2144 1864 for-

1119 1876 1169 1900 ma
1193 1865 1297 1898 lunari
1319 1872 1410 1903 erac,
1435 1863 1587 1898 ambobus
1608 1865 1761 1898 nimirum
1784 1866 1916 1901 renibus
1946 1866 2041 1910 siritu!
2067 1876 2142 1898 con-

1116 1909 1236 1951 junbiis
1261 1932 1269 1946 ‚
1300 1911 1331 1940 &
1354 1918 1453 1949 quem
1483 1920 1522 1942 ex
1549 1908 1674 1942 Doldio
1699 1907 1819 1942 sslafius
1843 1915 1853 1950 <
1879 1909 1898 1944 b
1920 1913 1935 1949 )
1970 1908 2105 1943 exhibet
2133 1931 2143 1945 π

1120 1957 1150 1986 δι
1174 1964 1272 1995 qoem
1297 1951 1458 1984 Riolanus
1481 1955 1494 1991 <
1520 1963 1535 1983 c
1558 1955 1568 1990 )
1596 1952 1635 1985 ab
1659 1951 1689 1985 se
1712 1953 1884 1987 inventum
1908 1953 2065 1988 describit
2085 1952 2143 1995 su-

1115 2006 1174 2038 pra
1191 1994 1318 2037 spinam
1341 1992 1530 2027 collocatum
1556 2021 1563 2029 .
1589 2021 1596 2029 .
1623 2021 1631 2029 .
1659 2021 1666 2028 .
1691 2006 1767 2029 cavo
1789 1996 1928 2040 deorsum
1951 2006 2099 2040 vergente
2125 2001 2145 2036 ,‘

1119 2038 1265 2072 soi-nibus
1282 2036 1407 2079 sursum
1430 2037 1564 2071 erefiis.
1585 2039 1655 2072 Nec
1679 2040 1745 2071 alio
1769 2042 1910 2075 attinere
1933 2040 2033 2074 credo
2056 2052 2143 2074 con-

1119 2082 1260 2123 speetum
1290 2093 1304 2112 a
1331 2080 1587 2115 Piccolhornino
1609 2086 1623 2125 (
1644 2083 1663 2114 d
1679 2082 1720 2126 )‚
1746 2082 1803 2116 nisi
1830 2085 1918 2128 quod
1943 2084 2140 2127 conjundifio

1117 2128 1201 2158 inter
1225 2125 1403 2166 superiores
1437 2134 1543 2165 partes
1565 2138 1678 2160 renum
1703 2125 1800 2160 fiebat
1821 2151 1833 2168 ,
1868 2138 1904 2162 ut
1927 2140 2001 2163 cum
2037 2125 2141 2168 tranf-

1115 2167 1224 2210 versus
1244 2179 1327 2200 venae
1350 2178 1432 2200 came
1458 2193 1467 2207 ,
1491 2169 1528 2203 <29⁸
1551 2170 1674 2203 arteriae
1697 2181 1813 2213 magnce
1836 2172 1999 2206 incubaress
2020 2196 2028 2212 ,
2065 2170 2139 2213 resi-

1115 2222 1167 2245 mu
1191 2211 1282 2244 illius
1306 2218 1400 2252 atque
1425 2209 1551 2253 sinuata
1569 2210 1675 2254 facies
1698 2213 1857 2256 deorsum,
1878 2215 1975 2257 gibba
1999 2225 2075 2249 vero
2088 2222 2140 2247 at-

1115 2265 1171 2297 que
1194 2264 1329 2288 connexa
1346 2253 1472 2331 sagum
1488 2254 1646 2296 speffbarec
1668 2268 1676 2289 .·
1710 2258 1839 2298 qualem
1863 2262 1895 2291 &
1932 2258 2038 2301 figura
2065 2283 2073 2298 ,
2105 2260 2139 2290 ὅ(

1115 2298 1220 2341 positu
1254 2301 1287 2330 in
1312 2308 1385 2329 mon
1417 2308 1453 2330 ro
1484 2299 1568 2332 vidit
1602 2299 1655 2332 111.
1689 2302 1906 2336 Winslozvius
1942 2303 1992 2345 (e
2016 2306 2027 2341 )
2053 2327 2059 2334 .
2098 2303 2135 2334 ln

1116 2342 1271 2384 exemplis
1304 2342 1427 2375 cacteris
1463 2353 1584 2375 cornua
1617 2352 1707 2376 erant
1731 2366 1742 2383 ,
1789 2346 1871 2379 ficut
1896 2347 1929 2377 in
1955 2346 2022 2379 illis
2047 2346 2137 2385 prio-

1116 2386 1206 2419 ribus
1229 2407 1239 2422 ,
1286 2384 1407 2419 sursum
1453 2385 1602 2419 conversa
1628 2411 1637 2425 ‚
1683 2396 1719 2419 ut
1766 2389 1801 2421 in
1846 2388 1913 2422 Th.
1966 2389 2137 2422 Bartholi-

1118 2430 1151 2461 ni
1196 2426 1279 2470 (f)
1303 2451 1313 2465 ‚
1356 2428 1523 2476 Stalpartii
1569 2433 1622 2472 (g
1644 2433 1654 2467 )
1683 2454 1692 2468 ,
1741 2432 1799 2475 qui
1845 2432 1931 2474 apud
1956 2433 2133 2467 Nuckium

1114 2474 1127 2511 (
1151 2471 1206 2510 h)
1251 2483 1385 2514 quoque
1420 2472 1523 2505 simile
1558 2472 1682 2515 aspexit
1709 2495 1719 2511 ,
1764 2477 1837 2509 Cel.
1873 2475 2001 2509 i-sall-eri
2026 2476 2072 2520 (i
2097 2481 2132 2514 )‚

1117 2516 1256 2549 Vernoii
1290 2516 1412 2554 (lq),
1461 2515 1596 2550 Petschii
1629 2515 1713 2559 (l)
1738 2539 1747 2554 ,
1793 2522 1823 2551 &
1860 2531 1897 2552 ne
1930 2519 1968 2552 de
2002 2519 2132 2553 Crasse-

1116 2558 1196 2592 ckio
1221 2581 1229 2596 ‚
1263 2561 1294 2591 &
1319 2558 1545 2602 Baechio-plus
1568 2561 1674 2593 dicam
1700 2582 1709 2597 ‚
1744 2573 1841 2603 quarn
1868 2563 1955 2604 quod
1981 2576 2018 2596 ex
2046 2565 2133 2596 Hal-

1115 2602 1183 2635 lero
1216 2603 1282 2643 (m
1308 2604 1321 2640 )·
1353 2601 1418 2636 scio
1441 2624 1450 2639 ‚
1483 2613 1597 2645 nempe
1628 2605 1766 2642 alterurn
1804 2606 1909 2650 vidisse
1959 2617 2059 2640 renem
2093 2619 2130 2641 cx

1115 2644 1234 2679 duobus
1257 2645 1408 2679 coalitum
1431 2670 1440 2685 ‚
1475 2647 1612 2680 alterum
1637 2647 1806 2692 meminiffe
1839 2651 1921 2687 renis
1945 2661 1982 2684 cx
2006 2651 2128 2684 dnobus

1115 2690 1241 2722 connati
1266 2712 1275 2725 ‚
1311 2698 1410 2733 utque
1434 2689 1471 2723 ad
1507 2690 1607 2724 Italos
1631 2692 1757 2724 redeam
1781 2705 1791 2728 ς
1837 2704 1924 2726 meus
1948 2696 2031 2727 olim
2077 2695 2129 2728 di-

1113 2732 1254 2775 scipulus
1282 2732 1337 2775 Jo.
1372 2734 1539 2767 Orontius
1573 2737 1725 2767 Azzariti
1759 2736 1886 2778 Apulus
1921 2738 1959 2771 ad
1986 2749 2034 2770 me
2069 2741 2126 2771 mi.

1114 2776 1151 2809 sit
1186 2780 1227 2809 A.
1255 2785 1346 2818 1721.
1371 2776 1622 2820 descriptionem
1649 2804 1657 2818 ‚
1694 2780 1725 2811 &
1748 2778 2002 2814 delineationem
2036 2784 2124 2816 unici

1113 2821 1195 2852 renis
1219 2846 1227 2861 ‚
1263 2821 1296 2852 in
1328 2831 1425 2861 quem
1449 2843 1458 2857 ‚
1493 2820 1629 2854 cadaver
1665 2820 1842 2855 humanum
1881 2824 2030 2858 Venetiis
2077 2826 2125 2859 se-

1112 2874 1186 2896 cans
1209 2886 1217 2901 ‚
1241 2863 1400 2896 inciderat
1425 2888 1433 2903 ,
1457 2876 1531 2897 cum
1555 2863 1805 2897 Bartholiniano
1831 2888 1840 2901 ‚
1873 2866 1910 2900 ad
1933 2880 2031 2911 quem
2056 2881 2125 2903 ma-

1111 2909 1198 2940 xime
1222 2907 1390 2941 accedebat
1415 2930 1427 2948 ,
1459 2907 1543 2941 haud
1568 2908 1731 2941 inutiliter
1755 2907 1944 2944 conferendi
1969 2924 1979 2950 3
2015 2923 2088 2945 nam
2113 2937 2121 2951 ‚

1112 2959 1227 2991 praeter
1249 2959 1361 2984 caetera
1386 2972 1398 2989 ,
1434 2951 1576 2984 indicare
1600 2950 1684 2993 posse
1711 2974 1718 2988 ,
1755 2952 1851 2986 credo
1877 2977 1886 2992 ,
1921 2956 2005 2989 unde
2029 2958 2122 2998 Sper-

1111 2996 1237 3027 rnaticae
1270 2994 1395 3027 arteriae
1427 2995 1593 3027 orirentur
1634 3004 1712 3037 quas
1746 2995 1953 3031 Bartliolinus
1998 2998 2121 3041 scripsit

1109 3037 1202 3071 fuisse
1245 3036 1347 3069 nullas
1371 3061 1378 3068 .
1423 3038 1523 3069 Anno
1568 3047 1673 3071 autem
1724 3048 1816 3081 1732.
1865 3042 2013 3076 Amicus·
2031 3043 2109 3077 dum

1109 3082 1230 3114 viveret
1255 3105 1263 3118 ‚
1311 3091 1398 3114 meus
1423 3102 1431 3115 ‚
1478 3081 1555 3113 alibi
1600 3093 1731 3123 quoque
1776 3083 1923 3118 laudatus
1949 3108 1958 3122 ,
2013 3086 2121 3121 Bona·

1108 3125 1213 3157 zolius
1255 3126 1270 3162 (
1300 3134 1319 3155 n
1353 3129 1364 3162 )
1410 3135 1520 3157 renem
1563 3125 1732 3168 proposuit
1780 3125 1918 3168 ejusdem
1960 3133 2084 3170 generis
2108 3149 2117 3155 -

1107 3169 1181 3210 Ego
1212 3166 1351 3215 denique
1378 3169 1418 3200 A.
1446 3177 1539 3210 1740.
1565 3172 1649 3202 circa
1676 3169 1817 3203 medium
1842 3173 2059 3205 Decembrem
2082 3174 2117 3207 in

1111 3211 1239 3245 sexenni
1262 3212 1367 3250 puella
1390 3212 1525 3251 inveni,
1547 3214 1577 3244 δι
1602 3214 1728 3246 cunetis
1755 3216 1811 3254 qui
1837 3214 1969 3248 aderant
1997 3240 2005 3254 ,
2032 3218 2117 3249 Prae-

1111 3254 1267 3288 stantibus
1295 3255 1400 3292 Viris,
1425 3257 1455 3287 &
1479 3256 1636 3290 Studiosis
1661 3256 1933 3293 Adulescentibus
1957 3258 1989 3290 in
2005 3258 2118 3292 Nosn-

1163 3318 1165 3321 -
1628 3299 1661 3332 G
1685 3310 1704 3341 g
1966 3304 2075 3335 comio

57 3384 2101 3404 *mmm

146 3443 155 3448 ”
194 3456 475 3517 ”esterna-aa
489 3456 593 3519 aaa
620 3456 652 3519 .5
666 3460 707 3520 *a

203 3489 218 3511 S
326 3518 331 3522 .
866 3501 889 3516 n.
908 3501 944 3522 ¹4·

200 3518 293 3573 {nilus-
311 3522 355 3542 cit.

166 3458 186 3578 υυυυ

224 3548 261 3583 qh.
280 3550 314 3573 N.
331 3550 361 3573 C.
378 3549 451 3573 eent.
470 3557 491 3578 9.
509 3550 568 3574 ΟΜ.
589 3553 625 3574 16.
686 3551 700 3580 (
716 3551 727 3576 i
742 3552 755 3580 )

208 3579 266 3603 Hist.
286 3581 359 3603 Anat.
379 3579 445 3603 hum.
462 3586 530 3608 torp.
550 3582 566 3604 l,
584 3584 607 3604 6.
625 3588 645 3605 c.
663 3588 702 3611 23.
762 3583 776 3612 (
792 3591 812 3606 »r

199 3609 263 3638 apud
281 3608 398 3643 Stehelin.
414 3610 439 3633 in
457 3612 571 3635 Teutam.
590 3611 658 3636 Med.
676 3612 712 3636 th.
730 3619 751 3637 1.

194 3647 214 3664 c.
231 3643 270 3663 26.
288 3645 331 3664 eit.
394 3641 408 3668 (
424 3645 434 3662 ι
451 3640 464 3668 )
480 3639 535 3665 vid.
554 3641 628 3670 Epist.
645 3649 685 3669 4ο.
704 3650 729 3666 n.
749 3649 784 3671 14.

207 3669 265 3699 lsag.
284 3670 312 3694 de
329 3671 405 3693 Anat.
425 3671 508 3695 Ventr.
526 3671 573 3695 Ins.
593 3672 633 3696 ubi
651 3673 680 3697 de
697 3672 786 3697 Renib.

823 3555 860 3612 ξε
877 3555 949 3578 Anat.
967 3554 983 3578 l.
1003 3562 1040 3584 ¹5-

182 3580 191 3607 s..

196 3701 315 3729 Anthrop.
332 3708 354 3723 c.
371 3700 414 3724 cit.
432 3704 469 3724 26.

349 3730 353 3734 ,
531 3702 545 3731 (
561 3702 577 3725 d
593 3703 605 3731 )
623 3705 640 3727 1.
658 3710 678 3727 a.
699 3703 806 3729 Praelest.
824 3706 898 3731 Anat.
915 3713 954 3731 22.

191 3733 262 3754 Cent.
283 3739 304 3755 2.
323 3731 380 3754 Hist.
402 3733 473 3755 Anat.
491 3740 528 3761 77.

592 3737 597 3761 l
615 3742 633 3761 g
654 3736 659 3761 l
677 3735 747 3758 Cent.
768 3742 786 3758 1.
803 3735 861 3759 Obs.
880 3744 922 3762 rar.
943 3736 1008 3760 Med.
1028 3745 1065 3766 50.

201 3763 342 3786 Comment-
361 3761 425 3784 Atad
453 3763 491 3786 se.
512 3764 599 3792 imper.
618 3764 736 3792 Paropos.
754 3766 827 3791 Tom.
845 3774 866 3795 3.

197 3793 338 3816 Comment.
357 3793 384 3815 de
403 3793 497 3817 Bonan.
518 3795 553 3817 Sc.
572 3795 644 3821 Aead.
663 3797 734 3833 ἶφι.
751 3803 772 3819 2.
792 3797 816 3819 P.
837 3804 856 3821 ι.

102 3458 124 3819 ἢΛν-ν-κΛΛΛΑηΛΛΛ

133 3798 150 3814 ³
131 3707 153 3783 >2⁶⁸⁶
133 3616 158 3697 μᾺ-ιι
139 3587 163 3602 3
137 3457 157 3572 wei-ns

166 3759 184 3818 vg)
164 3612 187 3751 ϋψυυν

850 3463 864 3492 c
880 3470 895 3485 u
911 3462 924 3491 )
942 3462 1002 3487 ibid.
1019 3462 1078 3487 oss.
1094 3471 1118 3493 ς.

776 3492 790 3521 c
806 3500 821 3515 a
836 3492 850 3521 )
1006 3495 1021 3523 (
1037 3493 1050 3517 b
1068 3493 1075 3523 )
1093 3495 1110 3517 ι.
1127 3501 1149 3522 ⁴·
1165 3494 1225 3518 0ss.
1242 3494 1309 3518 Med.
1326 3501 1346 3517 c.
1366 3495 1401 3523 38.

417 3516 427 3546 s
445 3526 457 3542 ε
473 3519 480 3546 i
497 3518 558 3543 ΟΜ·
575 3527 624 3544 var·
644 3527 684 3550 142
743 3522 812 3577 (ἐξ
828 3523 924 3547 Advers.
941 3526 1014 3548 Anat.
1033 3532 1056 3553 3.
1073 3523 1190 3549 Animad.
1208 3531 1245 3553 3²·
1264 3525 1287 3547 ἃ
1304 3524 1376 3553 Epist.
1394 3533 1433 3554 40.
1450 3533 1473 3549 n.
1492 3534 1529 3555 14.

855 3586 890 3609 De
906 3586 999 3609 Facult.
1018 3587 1091 3609 Anat.
1108 3584 1175 3610 Lest.
1192 3592 1213 3608 2.

814 3615 823 3645 (
844 3623 858 3644 q
878 3616 886 3643 )
903 3615 961 3639 ΟΜ.
981 3623 1017 3644 32-
1036 3615 1080 3639 eit.

848 3645 890 3672 (u
904 3646 918 3674 )
937 3645 994 3670 ebs.
1013 3654 1035 3675 3-
1053 3645 1094 3670 eit.

849 3676 863 3704 (
880 3684 895 3700 a
912 3679 922 3705 )
937 3677 1000 3705 apud
1017 3677 1136 3700 Schenek.
1153 3676 1212 3701 ΟΜ.
1229 3676 1269 3700 cit.
1286 3685 1308 3699 ι.

926 3767 937 3797 s·
954 3767 963 3791 l
979 3767 992 3796 )
1009 3768 1100 3797 Svllog.
1120 3769 1161 3792 cit.
1182 3767 1206 3798 §.
1224 3776 1261 3797 79.

1180 3465 1193 3493 (
1211 3471 1225 3487 x
1239 3463 1253 3492 )
1268 3462 1329 3492 apud
1346 3463 1425 3488 Rhoan.
1441 3464 1485 3489 cit.
1503 3465 1560 3490 ΟΜ.
1578 3471 1615 3495 3²·
1677 3465 1691 3495 (
1702 3470 1720 3496 y
1735 3466 1750 3495 )
1765 3465 1855 3496 opusc.
1873 3465 1966 3492 Pathol.
1983 3465 2043 3492 ΟΜ.
2058 3469 2099 3493 60.

1463 3496 1477 3524 (
1493 3503 1504 3519 c
1520 3497 1533 3524 )
1549 3495 1608 3521 ΟΜ.
1626 3496 1697 3521 Med.
1714 3496 1780 3521 chit.
1797 3504 1820 3521 c.
1837 3504 1875 3526 40.

1591 3528 1605 3557 (
1619 3534 1638 3557 ἔ
1654 3527 1668 3555 )
1683 3526 1742 3551 Obs.
1759 3535 1780 3557 3.
1798 3527 1842 3552 eit.

1397 3586 1402 3589 -
1438 3586 1442 3590 ⁴
1516 3557 1531 3586 (
1546 3556 1556 3580 Ι
1571 3557 1585 3587 )
1599 3557 1662 3586 apud
1680 3558 1799 3583 sthenek.
1815 3557 1879 3583 obs.
1890 3557 1934 3584 cit.
1951 3567 1974 3583 2.

1223 3614 1230 3619 ¹
1273 3585 1282 3612 (
1303 3593 1316 3609 ο
1330 3585 1345 3612 )
1359 3586 1478 3612 Trichias.
1495 3586 1584 3612 admit.
1600 3595 1655 3617 patt-
1672 3589 1712 3617 89.

1143 3615 1152 3644 (
1168 3623 1180 3639 r
1198 3618 1206 3644 )
1222 3623 1247 3639 in
1265 3616 1353 3648 necess.
1374 3616 1403 3640 ad
1421 3617 1505 3642 Boerh.
1523 3618 1603 3642 Meth.
1624 3618 1691 3643 stud.
1711 3618 1801 3643 Medie-
1818 3621 1845 3644 Ρ.
1864 3627 1887 3648 7.
1904 3620 1966 3646 seu.
1983 3629 2006 3650 4.
2024 3628 2045 3646 c.
2063 3627 2101 3651 14.

1157 3648 1168 3671 <
1183 3654 1198 3669 x
1216 3646 1222 3673 )
1242 3646 1312 3674 Epist.
1330 3654 1369 3676 ²5·
1387 3654 1413 3669 n.
1431 3656 1455 3675 4.
1518 3649 1562 3678 (y
1580 3649 1593 3676 )
1610 3648 1724 3673 Encheir.
1740 3650 1813 3673 Anat.
1829 3653 1846 3674 l.
1864 3659 1885 3674 2.
1902 3658 1923 3676 c.
1939 3651 1977 3676 28.

1375 3679 1388 3705 (
1402 3677 1416 3701 b
1433 3679 1447 3707 )
1461 3677 1504 3703 eit.
1521 3679 1630 3708 append.
1648 3680 1699 3709 fig.
1719 3687 1758 3709 13.

1105 3556 1115 3579 (
1131 3554 1149 3579 k
1168 3556 1176 3583 )
1193 3553 1301 3585 Phyfiol.
1317 3554 1334 3579 l.
1355 3562 1373 3578 ι.
1389 3562 1411 3579 e.
1429 3564 1454 3583 7.

1016 3707 1024 3733 (
1044 3715 1056 3730 e
1073 3707 1079 3735 )
1097 3708 1176 3731 Mem.
1193 3708 1223 3731 de
1239 3707 1340 3731 l’Acad.
1358 3709 1388 3731 R.
1405 3707 1447 3732 des
1463 3710 1500 3733 Si:⁴
1519 3711 1549 3733 Α.
1571 3716 1636 3738 ¹740-
1846 3717 1848 3719 ·

1127 3739 1141 3766 (
1159 3739 1173 3761 h
1190 3736 1280 3765 )1b}d.
1345 3738 1411 3766 (i)
1428 3739 1516 3767 opusc.
1537 3742 1608 3762 Anat.
1627 3741 1653 3763 P.
1673 3748 1694 3769 ς.
1713 3740 1776 3765 Tab.
1795 3744 1817 3765 6.
1835 3741 1886 3771 Fig.
1906 3750 1926 3771 9.

1326 3770 1339 3799 ς
1357 3776 1379 3791 m
1396 3769 1409 3797 )
1425 3770 1551 3795 Acceffion.
1569 3771 1598 3794 ad
1617 3770 1658 3794 cit.
1678 3778 1699 3795 c.
1721 3779 1755 3799 ¹4-
1773 3772 1846 3796 Meth
1872 3774 1936 3798 stud.
1956 3773 2047 3799 Medic.
