2498 4075
392 83 455 137 28

336 162 407 195 cito
430 160 518 194 enim
538 157 609 193 vasa
632 155 813 199 sanguifera
835 156 866 190 se
887 156 1076 190 contrahere
1099 165 1165 189 non
1188 155 1315 199 possunt
1341 180 1354 197 ,

334 215 373 240 ut
396 203 475 238 adeo
497 204 707 237 imminutum
731 201 915 244 sanguinem
942 201 1025 234 arere
1048 200 1242 246 centingant
1253 210 1353 241 quan-

335 258 409 282 tum
432 259 513 291 opus
538 246 580 280 est
601 255 638 280 ut
663 244 783 288 justum
806 246 840 277 in
874 253 1001 278 motum
1038 250 1150 285 agatur
1175 266 1186 280 ‚
1219 243 1351 277 orbatus

334 291 512 335 praesertim
536 300 650 332 magna
673 300 712 322 ex
736 298 824 330 parte
848 286 983 322 humore
1007 286 1084 326 su0,
1115 285 1254 330 ideoque
1287 297 1354 319 ma-

332 336 384 378 gis
407 333 544 370 resistens
559 356 567 371 ‚
591 344 629 367 ne
652 330 735 376 quid
757 331 863 366 dicam
885 330 924 364 de
947 328 1085 376 ejusdem
1120 329 1265 364 humoris
1297 340 1353 362 ne-

332 376 488 414 cessitate,
510 386 547 413 ut
572 385 744 418 prompte,
766 387 802 409 ac
824 376 885 408 rite
907 385 940 407 ea
965 376 1164 407 secernantur
1184 385 1200 406 a
1224 373 1353 414 sangui-

333 432 394 458 ne.
418 419 480 455 sine
504 419 621 462 quibus
644 421 712 452 vita
737 418 813 452 stare
835 428 898 450 non
923 415 1026 459 potest
1043 441 1056 458 ,
1087 427 1144 450 nec
1174 428 1313 460 quaeram
1339 440 1352 455 ‚

333 463 462 508 pejusne
484 464 588 505 igitur
610 462 672 503 fit,
695 462 750 496 ubi
774 461 812 495 de
835 461 984 502 ingenti,
1007 463 1040 493 &
1062 460 1158 494 celeri
1181 459 1285 493 evasis
1308 458 1355 493 ef-

333 507 459 543 fusione
483 516 617 549 agatur,
642 506 742 541 serum
766 504 890 542 solum,
915 515 953 537 an
966 503 1072 547 ipsum
1083 514 1213 546 quoque
1225 503 1354 545 sangui-

336 562 411 585 nem
434 549 525 584 simul
549 549 681 588 exiisse,
705 560 777 581 narn
800 547 855 581 etsi
878 549 996 587 citius,
1023 558 1058 581 ac
1079 546 1209 580 facilius
1232 557 1355 589 repara-

333 594 400 628 bile
423 593 524 629 serum
547 593 611 634 est3
637 593 762 634 sanguis
785 601 892 624 tamen
914 592 970 634 qui
995 601 1060 624 non
1083 589 1145 623 fine
1169 589 1227 622 seri
1251 590 1354 623 neces-

330 638 408 673 saria
432 639 581 680 portione
604 638 638 669 in
664 635 740 672 vasis
763 635 875 672 restet,
899 645 997 677 neque
1022 632 1252 667 secretionibus
1285 634 1353 667 ine-

330 691 405 726 ptus
428 681 494 722 est,
517 692 573 714 nec
597 680 698 722 magis
719 690 816 725 quam
840 686 954 716 antea,
978 675 1091 712 refistit
1115 677 1215 712 causis
1238 678 1272 709 in
1283 688 1354 710 mo-

329 735 401 761 tum
426 723 648 768 adigentibus..

372 781 404 811 9.
431 770 541 809 Atque
565 767 690 800 utinam
714 764 798 799 mihi
821 763 890 799 haec
916 765 1027 806 potius
1051 762 1247 806 disputando
1283 765 1352 807 agi-

328 822 417 849 tare,
441 822 537 853 quam
560 809 623 842 ulla
647 820 685 842 ex
709 818 797 851 parte
820 819 961 850 unquam
983 806 1167 850 contigisset
1190 809 1348 850 experiri.

329 854 388 891 Sed
413 855 454 888 A.
473 863 566 896 1733.
593 852 670 886 dum
692 860 880 894 permotus,
903 861 939 885 ut
953 862 1008 893 par
1020 860 1110 891 erat,
1134 852 1255 886 litteris
1267 853 1352 886 Am-

327 897 455 943 pliilimi
477 895 661 931 Cardinalis
684 896 857 930 Annibalis
889 894 1012 928 Albani
1038 920 1047 935 ‚
1080 893 1207 929 consilii
1243 895 1350 939 cujus-

327 943 401 976 dam
423 940 543 974 medici
569 938 659 973 causa
683 940 853 972 Porolivio
877 940 1064 976 Pisaurum,
1087 941 1120 972 δε
1144 939 1275 974 Pisauro
1288 942 1349 973 Fo-

326 986 484 1021 rolivium
508 985 642 1018 mutatis
666 981 705 1016 ad
726 984 927 1017 celeritatem
953 984 1042 1025 equis
1066 993 1127 1023 eo,
1151 985 1185 1016 &
1216 983 1311 1016 redeo
1335 1006 1345 1021 ,

325 1030 390 1063 alvi
413 1028 499 1063 fluxu
524 1038 626 1070 aqueo
648 1027 811 1070 corripior
834 1035 956 1067 tanto,
976 1035 1013 1060 ut
1036 1027 1121 1059 intra
1144 1025 1241 1060 horas
1265 1025 1347 1060 duo-

323 1073 426 1108 decim
461 1071 621 1115 egesserim
654 1070 752 1104 libras
773 1094 786 1112 ,
819 1071 1025 1110 minimum,
1059 1068 1217 1103 sexdecim
1254 1081 1341 1113 aquae

322 1114 560 1159 propemodum
584 1114 750 1156 limpidae.
775 1116 876 1149 Leves
900 1122 988 1147 erant
1011 1113 1159 1147 dolores:
1185 1124 1249 1146 non
1272 1124 1341 1147 cre-

321 1160 469 1193 berrimae
485 1184 494 1200 ‚
519 1157 570 1192 sed
594 1169 719 1200 magnae
742 1158 933 1201 egestiones.-
959 1169 1029 1201 quae
1053 1155 1159 1190 nescio
1173 1155 1342 1199 quemlia-

322 1204 436 1238 biturae
460 1199 588 1236 fuissent
614 1201 731 1239 finem,
758 1200 816 1235 nisi
840 1212 889 1234 me
911 1200 1058 1243 quaedam
1095 1199 1225 1235 molesta
1262 1212 1341 1235 nau-

321 1246 405 1282 seola
429 1242 664 1284 admonuisset,
688 1253 724 1278 ut
747 1244 863 1286 tepido
886 1244 954 1286 jure
977 1243 1088 1279 hausto
1112 1245 1271 1286 experirer
1282 1257 1340 1278 vo-

321 1290 473 1325 mitionis
496 1287 675 1324 auxilium.
700 1289 800 1331 Qae,
830 1286 886 1320 etsi
911 1287 950 1320 ad
974 1298 1042 1321 eam
1065 1288 1201 1321 minime
1226 1298 1340 1323 natura

319 1334 477 1377 proclivis
501 1332 569 1366 sum
583 1355 593 1371 ,
618 1340 766 1374 prompte
789 1331 869 1365 adeo
892 1329 1095 1374 feliciterque
1119 1330 1280 1373 succeffit,
1301 1342 1338 1367 ut

319 1376 475 1412 subviridi
501 1374 620 1417 rejecto
641 1375 831 1417 corpusculo
853 1373 943 1418 quod
966 1386 1102 1417 parvum
1134 1376 1237 1409 costae
1269 1376 1339 1410 her-

320 1421 367 1458 bae
392 1420 511 1457 folium
535 1418 724 1458 videbatur,
747 1417 838 1454 simul
864 1418 995 1459 nausea,
1018 1416 1110 1454 simul
1135 1419 1196 1451 alvi
1233 1420 1338 1454 fluxus

318 1465 455 1499 omnino
478 1463 742 1505 conquieverint.
769 1463 830 1497 Sed
853 1473 1001 1495 verumne
1024 1461 1144 1496 folium
1166 1461 1260 1504 esset,
1284 1467 1314 1496 ἃ
1330 1488 1340 1505 ,

319 1508 342 1543 fi
367 1516 457 1548 erat,
480 1506 634 1550 quando,
659 1514 713 1540 aut
737 1506 794 1539 ubi
821 1504 1026 1541 comedissem
1051 1529 1063 1546 ,
1096 1507 1238 1539 invenire
1271 1518 1338 1541 non

317 1561 488 1596 poteram,
512 1549 570 1583 nisi
594 1548 680 1584 forte
703 1550 737 1581 in
761 1550 837 1590 via,
859 1560 934 1583 cum
958 1549 1152 1593 quidpiam,
1174 1550 1337 1594 dumequi

319 1595 548 1633 mutabantur,
570 1595 641 1626 cito
655 1616 666 1632 ,
691 1601 728 1627 ut
750 1590 808 1630 fit,
833 1593 868 1625 in
891 1592 1066 1626 diversorio
1088 1605 1233 1636 caperem
1252 1618 1264 1634 ‚
1296 1596 1339 1629 il·

317 1639 375 1676 lud
397 1635 559 1681 quidquid
583 1645 671 1676 erat,
694 1646 760 1670 non
775 1636 1028 1671 animadversum
1040 1636 1192 1671 devoravi
1206 1662 1213 1669 .
1227 1639 1340 1680 Qan-

318 1692 357 1717 to
379 1690 486 1717 autem
511 1681 546 1713 in
570 1679 715 1722 periculo
738 1677 877 1716 fuerim,
902 1688 981 1713 tunc
1018 1681 1119 1723 magis
1151 1682 1301 1715 intellexi
1329 1705 1339 1722 ‚

316 1727 375 1762 ubi
399 1722 551 1768 postridie
576 1723 661 1757 mihi
685 1733 802 1764 corpus
823 1722 910 1764 vidi,
936 1725 968 1758 δε
993 1720 1110 1757 faciem
1136 1724 1339 1769 praesertim,

315 1782 352 1805 ac
377 1780 488 1804 manus
513 1767 600 1802 haud
623 1767 707 1802 secus
730 1765 918 1803 subsediffe,
942 1778 1038 1809 quarn
1073 1767 1112 1801 ab
1143 1766 1300 1802 diuturno
1328 1792 1338 1808 ,

316 1812 562 1858 gravissimoque
586 1812 727 1852 morbo,
749 1819 875 1845 tantam
897 1822 972 1844 vero
996 1812 1063 1843 oris
1080 1835 1093 1851 ‚
1127 1814 1160 1845 ὃ(
1194 1811 1338 1848 faucium

318 1856 506 1892 ariditatem
529 1854 629 1895 sensi,
665 1865 702 1890 ut
734 1856 881 1897 quamvis
916 1853 1094 1901 identidem
1126 1854 1301 1889 colluerem
1323 1880 1336 1897 ,

315 1901 401 1938 nihil
427 1899 636 1943 proficerem,
661 1910 778 1942 aquam
802 1908 907 1933 autern
932 1909 993 1940 qua
1029 1909 1095 1940 ejus
1140 1899 1185 1931 rei
1219 1902 1335 1941 ¹gratia

316 1946 391 1981 usus
415 1942 527 1983 efferri,
552 1954 626 1978 cum
662 1955 700 1978 ex
732 1953 787 1975 ore
810 1943 845 1975 in
870 1941 988 1984 pelvim
1014 1939 1161 1985 ejicerem
1180 1965 1189 1979 ,
1226 1942 1336 1977 subni-

317 2001 408 2033 gram
434 1990 467 2021 in
491 1987 562 2030 ipso
588 1998 644 2020 ore
668 1985 788 2021 fac‘tam
812 1984 1008 2027 speetarem.
1034 1986 1114 2019 Haec
1138 1996 1245 2020 aurem
1260 2009 1269 2024 ,
1304 1990 1336 2020 δέ

316 2032 465 2068 lassitudo
488 2031 570 2067 duos
593 2028 693 2064 tresve
719 2029 787 2063 dics
811 2031 855 2062 ita
880 2027 1057 2066 durarunt,
1083 2038 1118 2062 ut
1141 2028 1251 2063 sensim
1275 2031 1339 2064 mi-

315 2086 509 2112 nuerentur.
538 2073 597 2108 Sed
620 2072 758 2117 deje&us
780 2072 930 2107 ciborum
961 2070 1208 2116 cujusquemodi
1230 2097 1243 2114 ,
1274 2077 1307 2107 &
1332 2096 1341 2111 ,

316 2120 406 2164 quod
432 2122 465 2153 in
489 2128 578 2152 tanta
603 2117 755 2151 ariditate
779 2118 882 2159 magis
905 2116 1031 2150 mireris
1052 2138 1063 2154 ,
1099 2117 1198 2150 etiam
1232 2118 1343 2159 potio-

317 2175 396 2198 num
420 2164 583 2206 appetitus
608 2160 812 2205 perstiterunt
847 2160 1014 2202 aliquanto
1048 2159 1174 2194 diutius
1196 2184 1206 2200 ‚
1240 2160 1341 2194 donec

317 2207 397 2242 ass‘us
421 2206 542 2250 piscis,
564 2208 597 2239 &
621 2205 690 2238 vini
712 2202 878 2248 quoddam
901 2214 999 2245 genus
1024 2203 1133 2246 suapte
1145 2213 1257 2238 natura
1271 2203 1343 2238 sub-

318 2262 464 2286 amarum
489 2250 528 2283 ab
551 2246 718 2282 stomacho
728 2250 860 2291 appeti,
884 2249 915 2280 &
939 2246 1016 2280 bene
1039 2246 1116 2282 ferri
1127 2257 1236 2290 coepta
1249 2246 1340 2281 sunt,

317 2297 403 2333 Quae
425 2295 515 2329 volui
537 2294 647 2326 onmia
671 2293 795 2326 minute
819 2289 986 2334 persequi,
1009 2294 1042 2324 &
1066 2291 1103 2325 ad
1129 2300 1160 2324 te
1185 2290 1342 2331 scribere,

318 2341 441 2383 quippe
464 2348 530 2371 non
552 2336 591 2370 ab
616 2336 681 2369 alio
701 2343 854 2377 accepta,
878 2342 933 2366 aut
956 2334 992 2366 in
1015 2334 1081 2366 alio
1100 2333 1340 2374 animadversa,

319 2382 372 2418 sed
397 2393 414 2414 a
437 2393 487 2414 me
511 2381 545 2414 in
569 2390 618 2412 me
641 2378 713 2421 ipso
736 2386 902 2420 percepta,
924 2387 1044 2418 eaque,
1069 2377 1091 2410 fi
1113 2379 1228 2410 cuncta
1264 2377 1341 2409 dili-

318 2435 431 2471 genter
452 2423 649 2462 contuleris,
674 2420 758 2464 apud
781 2431 835 2453 eos
857 2420 913 2463 qui
936 2418 975 2452 de
1001 2419 1185 2453 Diarrhoeis
1210 2419 1341 2462 scripse-

320 2483 374 2508 re,
397 2470 505 2503 minus
527 2466 643 2507 obvia,
667 2476 705 2498 ne
728 2463 873 2501 Carolo,
896 2462 1026 2505 quidem
1052 2463 1165 2496 Pisone
1177 2474 1339 2506 excepto,

325 2515 384 2559 qui
405 2511 581 2556 perfeCZam
608 2509 703 2549 hujus
734 2506 892 2541 diarrhoeae
925 2509 938 2545 (
963 2505 1087 2549 aquosae
1107 2506 1123 2548 )
1157 2506 1339 2550 descriptio-

319 2569 390 2594 nem
412 2556 535 2589 dicitur
557 2551 664 2596 dedisse
686 2555 700 2591 (
724 2559 738 2585 t
762 2555 793 2590 ).
820 2551 870 2582 Ut
894 2551 979 2582 enini
1004 2559 1112 2584 toturn
1135 2573 1148 2590 ,
1181 2551 1272 2592 quod
1299 2549 1340 2582 fi-

319 2602 388 2635 mul
413 2603 534 2633 citatur
557 2620 570 2638 ,
602 2604 699 2639 caput
724 2596 865 2637 perlegas
890 2594 925 2627 de
949 2594 1113 2627 Diarrhoea
1150 2594 1258 2636 Scrofa
1292 2594 1343 2626 in-

320 2645 478 2687 scriptum
501 2646 549 2684 (u
566 2646 601 2684 )‚
625 2639 731 2675 casum
753 2649 850 2683 quem
873 2648 949 2672 cum
972 2648 1045 2670 meo
1067 2648 1252 2682 compares,
1277 2648 1342 2671 non

321 2690 459 2731 reperies
474 2713 481 2720 .

369 2743 417 2766 10.
440 2728 544 2772 Cujus
567 2728 589 2762 fi
614 2727 699 2762 forte
721 2723 828 2759 causas
852 2724 995 2767 quaeris,
1019 2724 1206 2766 primariam
1221 2724 1254 2757 in
1269 2734 1343 2757 ven-

320 2776 442 2810 triculo
465 2772 557 2808 fuisse
580 2773 696 2806 vides:
723 2779 778 2801 nec
803 2767 940 2808 dubita,
964 2768 1043 2810 quin
1070 2768 1162 2810 poffit
1194 2767 1233 2800 ab
1269 2768 1344 2801 irri-

320 2828 468 2854 tamento
490 2841 502 2857 ,
540 2814 753 2850 ventriculum
778 2811 958 2851 afficiente,
982 2821 1091 2845 motus
1116 2814 1148 2845 &
1170 2811 1340 2850 irritatio,

321 2863 406 2898 unde
430 2861 489 2895 seri
513 2859 662 2902 expreffio
685 2857 752 2896 est,
777 2854 814 2889 ad
838 2854 985 2889 :intestina
1010 2856 1201 2898 propagari.
1239 2855 1344 2897 Inspi-

321 2918 357 2940 ce
382 2917 446 2941 [31¹ae
471 2904 595 2938 caeteris
615 2904 674 2947 Jo.
698 2900 832 2935 Riolani
848 2923 860 2940 ‚
886 2906 1054 2942 parentem
1077 2899 1152 2933 dico
1176 2922 1185 2936 ,
1224 2898 1344 2931 Obser-

321 2951 490 2983 vationem
512 2971 525 2987 ,
556 2957 653 2989 quam
686 2944 740 2979 hic
773 2944 871 2976 etiam
917 2943 1011 2976 habes
1055 2943 1090 2975 in
1136 2940 1345 2985 Sepulchreto

321 2998 336 3036 (
356 3004 378 3028 x
399 2997 433 3033 ):
459 2992 647 3025 Matronam
669 2986 794 3021 videbis
817 2988 900 3019 intra
923 2985 1018 3019 horas
1042 2986 1172 3020 circiter
1194 2994 1347 3029 quatuor-

322 3038 428 3073 decim
451 3035 629 3070 extintff'cam
651 3030 885 3074 dejeffionibus
901 3028 1059 3071 fimilibus
1101 3041 1185 3072 aquae
1229 3029 1304 3063 albae
1326 3053 1339 3069 ,

323 3078 451 3123 chylosae
474 3080 598 3123 quidem
621 3100 633 3117 ,
650 3076 706 3119 sed
728 3074 852 3116 liquida
875 3085 908 3105 ea
932 3075 1023 3115 copia
1046 3082 1082 3106 ut
1105 3072 1248 3114 impleret
1272 3085 1339 3106 ma-

323 3135 417 3168 gnam
459 3122 580 3166 pelvim
624 3120 748 3162 quoties
772 3116 958 3159 dejiciebat,
978 3116 1103 3150 causam
1127 3125 1233 3150 autem
1256 3115 1337 3150 hanc

324 3167 382 3203 esse
406 3176 566 3210 repertam
590 3190 599 3205 ,
630 3160 846 3197 ventriculum
872 3161 904 3194 z‘n
920 3158 979 3200 suo
993 3159 1095 3204 fundo
1129 3160 1306 3194 ulceratum
1331 3185 1339 3193 .

460 3210 517 3243 Sed
551 3208 711 3243 undenam
745 3212 838 3238 tanta
879 3214 966 3245 aquae
1000 3202 1134 3247 copia?
1170 3203 1272 3240 Quod
1304 3203 1343 3237 ad

326 3265 435 3289 meum
457 3252 589 3296 quidem
614 3252 731 3284 attinet
753 3246 881 3285 casum,
905 3246 969 3279 hoc
995 3248 1136 3288 primum
1160 3246 1285 3284 dicam,
1307 3258 1342 3281 ea

326 3299 477 3342 proxima
499 3295 603 3331 aestate
626 3294 717 3330 usum
741 3290 798 3325 effe
822 3302 870 3324 me
895 3290 933 3324 ad
964 3291 1165 3330 temperanda
1197 3291 1342 3333 generosa

327 3343 384 3375 illa
406 3343 479 3374 vina
494 3363 506 3378 ,
528 3350 670 3383 quorum
693 3337 866 3371 dumtaxat
891 3333 985 3376 copia
1008 3333 1050 3366 est
1074 3335 1108 3366 in
1133 3346 1199 3367 mea
1234 3335 1341 3367 Patria

328 3397 367 3419 eo
397 3394 565 3429 ternpore,
589 3382 705 3426 majori
737 3390 834 3424 quarn
867 3389 927 3422 pro
958 3376 1185 3412 consuetudine
1207 3400 1217 3417 ,
1250 3389 1340 3420 aquae

923 79 1081 135 Liber
1115 77 1206 131 111.
1239 78 1325 132 De
1360 78 1568 132 Morbis
1601 78 1815 132 Ventris

1406 156 1582 199 portione,
1604 165 1696 196 cujus
1719 163 1792 206 pars
1814 158 1943 202 aliqua,
1969 159 2025 194 etfi
2047 169 2122 195 cum
2144 171 2184 194 eo
2218 162 2310 198 fluxu
2344 170 2420 196 cor-

1405 209 1513 241 reptus
1539 198 1629 248 sum,
1650 209 1778 241 egregie
1801 203 1904 236 valere
1927 204 2036 243 mihi,
2067 206 2102 237 &
2135 205 2208 239 aliis
2243 206 2385 243 ,videbar
2407 226 2420 241 2

1403 240 1532 292 fqrtass'e
1556 242 1723 291 aliquanto
1747 244 1818 292 plus
1841 256 1937 289 quam
1958 258 2039 289 opus
2062 245 2136 281 esset
2147 271 2160 289 ,
2183 249 2217 282 in
2239 251 2317 284 meis
2341 248 2413 283 sub-

1402 284 1512 319 stitisse
1536 284 1729 319 humoribus
1752 297 1901 329 poterat.
1934 289 2061 324 Deinde
2094 291 2136 324 iis
2171 293 2228 335 qui
2258 303 2331 326 ante
2364 293 2415 325 bi-

1404 329 1506 362 duum
1541 327 1783 378 praecesserant,
1806 333 1909 367 tribus
1944 333 2057 367 diebus
2076 357 2087 372 ,
2110 345 2211 378 eoque
2242 336 2313 379 ipso
2344 345 2415 378 quo

1405 373 1510 406 fluxus
1555 380 1658 414 coepit
1680 394 1691 410 ,
1737 385 1870 416 magnos
1904 375 1996 411 fuisse
2028 377 2145 412 imbres
2168 381 2201 412 δε
2225 390 2324 422 prope
2348 377 2416 412 affi-

1403 415 1507 465 duos,
1530 424 1567 449 ut
1592 415 1733 449 multum
1757 428 1846 460 aquae
1869 431 1908 454 ex
1931 413 2045 463 pluvio
2057 432 2125 454 aere
2146 421 2331 455 combibere
2341 421 2416 466 pul-

1405 459 1580 509 mon-ibus,
1603 461 1735 509 &toto
1778 472 1913 503 corpore
1957 465 2120 506 potuerim
2144 489 2152 497 .
2185 467 2337 508 Denique
2363 462 2418 498 'id

1405 502 1488 537 mihi
1512 500 1658 538 accidisse
1679 512 1809 537 ineunte
1832 506 1973 540 Ostobri
1995 522 2004 545 ;
2038 507 2145 542 vidisti
2169 517 2274 542 autem
2300 519 2434 552 requos.

1406 546 1437 580 sa
1462 546 1624 595 profluxia
1646 568 1659 587 ,
1691 558 1707 579 a
1731 547 1879 581 Willifio
1900 549 2058 592 descripta
2103 555 2161 593 (y
2184 555 2199 591 )
2220 565 2235 592 ¹,
2273 531 2305 585 «ᾗ
2329 547 2431 586 νίἀεὲ’

1404 602 1438 623 re
1462 598 1585 631 poteris
1605 588 1734 640 quod-a
1757 592 1890 625 Poterio
1913 593 2110 635 descriptum
2133 595 2276 629 indicavi
2300 598 2311 634 (
2335 606 2360 638 z
2380 598 2416 635 ),

1404 641 1560 682 autumno
1581 632 1750 676 contigisse
1770 657 1782 673 ,
1815 637 1848 668 δε
1871 646 1969 679 prope
1990 637 2074 671 idem
2098 639 2172 672 anni
2193 648 2319 681 tempus
2340 661 2354 678 ‚
2376 638 2419 670 il-

1404 676 1461 711 lud
1485 685 1584 726 etiam
1604 677 1698 720 ‚quod
1722 688 1738 710 a
1762 677 1925 712 Marcello
1948 682 2085 715 Donato
2113 685 2128 722 (
2149 694 2167 715 a
2189 685 2203 723 >
2226 704 2236 720 ,
2269 692 2327 715 nec
2350 681 2416 715 alio

1403 722 1467 755 tria
1513 731 1616 761 prima
1659 732 1730 763 quae
1774 732 1791 754 a
1837 722 1950 756 Pisone
1994 727 2008 764 (
2037 725 2057 758 b
2088 730 2102 766 )
2149 735 2370 759 memorantur
2403 747 2413 756 .

1401 764 1530 799 Scilicet
1552 775 1626 798 cum
1649 763 1833 807 refrigerari
1855 775 1907 798 aer
1929 767 2047 810 incipit
2066 793 2075 808 ,
2109 769 2137 802 is
2160 780 2275 813 aqueus
2298 769 2417 803 humor

1400 809 1459 852 qui
1482 819 1538 851 per
1559 807 1684 842 aestivos
1701 808 1829 858 'calores
1852 820 1868 841 e
1892 812 2087 853 corporibus
2109 823 2183 846 cum
2219 824 2276 855 per
2320 810 2417 846 sudo-

1402 865 1450 888 res
1475 877 1484 893 ,
1514 861 1587 886 tum
1610 862 1665 894 per
1697 852 1942 900 inconspicuam
1978 855 2241 897 perspirationem
2273 855 2415 890 ubertim

1401 895 1552 931 manabat
1574 919 1586 937 ,
1621 895 1776 929 retinetur
1817 907 1883 938 jam
1907 918 1917 934 ‚
1952 898 1985 930 &
2007 898 2046 932 ad
2070 910 2142 933 eum
2186 899 2315 933 additur
2347 910 2414 941 quo

1400 941 1496 975 certis
1518 939 1557 973 de
1581 938 1680 973 caufis
1704 947 1868 973 certorum
1890 939 2063 975 hominum
2086 953 2223 984 corpora
2247 953 2323 976 tunc
2344 954 2413 976 ma-

1398 986 1448 1027 gis
1472 982 1660 1024 abundant,
1684 991 1721 1016 ut
1745 984 1882 1017 minime
1908 984 2096 1018 mirandum
2119 984 2184 1025 sit,
2207 985 2261 1020 ubi
2284 986 2414 1020 accedat

1397 1026 1623 1062 intestinorum
1645 1028 1885 1061 irritamentum
1900 1051 1913 1068 ,
1931 1036 1968 1061 ut
1990 1028 2025 1060 in
2048 1039 2097 1062 me
2121 1028 2239 1062 acceffit
2261 1040 2336 1063 cum
2348 1040 2415 1062 ma-

1396 1084 1460 1116 gna
1483 1079 1632 1113 praeterea
1654 1070 1699 1103 ob
1720 1071 1922 1105 celerrimum
1944 1073 2029 1105 itum
2050 1094 2062 1112 ,
2096 1075 2128 1106 &
2154 1071 2294 1107 reditum
2318 1097 2328 1113 ,
2358 1079 2415 1107 nec

1397 1118 1449 1149 via
1471 1114 1583 1154 brevi,
1607 1116 1779 1157 corporis,
1803 1118 1835 1148 δε
1860 1114 2032 1149 humorum
2055 1115 2281 1158 concussione,
2314 1117 2414 1150 mini-

1396 1170 1472 1200 me,
1495 1159 1650 1201 inquam,
1673 1156 1712 1191 sit
1735 1158 1940 1199 mirandum,
1962 1157 1985 1191 fi
2018 1169 2250 1203 nonnunquam
2284 1159 2410 1194 accidat

1390 1203 1479 1246 quod
1502 1211 1580 1235 tunc
1603 1201 1709 1235 mihi.

1437 1258 1486 1280 11.
1511 1244 1617 1286 Qod
1638 1244 1660 1278 fi
1685 1244 1854 1288 pluribus,
1878 1256 1956 1289 quas
1979 1245 2101 1288 attigi,
2125 1244 2223 1280 causis
2247 1256 2313 1279 non
2335 1256 2414 1280 con-

1391 1301 1523 1330 tentus,
1547 1289 1643 1321 aliam
1668 1289 1797 1332 insuper
1831 1289 1973 1332 aliquam
2018 1288 2243 1332 inquirendam
2285 1298 2380 1332 putas
2401 1300 2415 1331 ‚⁴

1392 1336 1492 1370 satius
1514 1332 1551 1367 id
1573 1334 1657 1373 erit,
1680 1344 1776 1375 quam
1798 1331 1821 1367 fi
1845 1334 1879 1365 in
1903 1333 2032 1366 illarum
2056 1344 2118 1367 una
2143 1355 2154 1371 ,
2188 1342 2331 1376 tempore
2363 1334 2416 1366 vi-

1390 1380 1506 1412 delicet
1529 1378 1713 1411 autumnali
1736 1400 1746 1416 ,
1781 1376 2013 1419 acquiesceres.
2036 1376 2129 1411 Idem
2150 1378 2236 1411 enim
2260 1386 2408 1419 tempus,

1390 1423 1478 1457 idem
1505 1432 1623 1459 annus,
1658 1420 1767 1455 eadem
1810 1419 2024 1455 Londinenfis
2069 1420 2199 1455 Civitas
2245 1422 2415 1455 incruenta

1388 1467 1519 1510 quidem
1536 1491 1544 1503 ‚
1569 1469 1601 1498 δε
1624 1463 1798 1507 coniuncta
1820 1475 1895 1498 cum
1918 1464 2138 1503 torminibus,
2164 1465 2230 1498 alvi
2253 1463 2415 1508 profluvia

1388 1509 1558 1553 grassantia
1581 1519 1638 1552 per
1660 1508 1819 1550 populum
1846 1507 2008 1549 liabuere;
2030 1506 2081 1541 sed
2104 1509 2186 1542 adeo
2208 1516 2315 1541 tamen
2348 1507 2415 1543 dis-

1390 1554 1575 1596 crepantia,
1600 1561 1637 1586 ut
1659 1551 1681 1585 fi
1708 1550 1844 1584 Willifii
1877 1554 1892 1591 ζ
1915 1564 1930 1585 c
1951 1554 1988 1593 ),
2011 1553 2043 1585 &
2080 1551 2290 1594 Sydenhamii
2323 1553 2338 1589 (
2358 1552 2379 1585 d
2398 1555 2414 1593 )

1391 1597 1623 1640 descriptiones
1647 1597 1734 1628 inter
1757 1595 1785 1628 se
1818 1593 1963 1628 conferas
1989 1610 1998 1633 ς
2032 1595 2156 1629 mireris
2199 1595 2377 1638 plurimum
2400 1618 2414 1636 ‚

1390 1654 1465 1677 cum
1488 1640 1646 1684 profluvia
1669 1649 1802 1681 uterque
1850 1648 2014 1680 proponat
2047 1649 2118 1681 quae
2163 1648 2321 1674 autumno
2367 1639 2398 1672 A

1393 1689 1487 1728 1670.
1514 1682 1751 1716 Londinensem
1774 1682 1935 1727 populum
1958 1693 2134 1722 vexavere,
2158 1682 2292 1717 alterurn
2316 1693 2415 1724 aquo-

1384 1729 1446 1772 sa,
1470 1728 1608 1761 alterum
1630 1724 1752 1769 mucosa
1776 1723 1949 1758 describere
1972 1749 1985 1766 ,
2019 1735 2118 1767 neque
2163 1725 2257 1759 illurn
2305 1726 2414 1768 aliqua

1390 1772 1502 1806 saltem
1525 1768 1654 1803 mucosa
1679 1792 1692 1809 ,
1729 1768 1814 1803 hunc
1849 1768 1969 1811 aquosa
2003 1778 2256 1802 commemorare
2279 1792 2288 1802 .
2321 1768 2414 1812 Qid

1389 1827 1468 1858 ergo
1513 1811 1593 1847 est?
1627 1811 1791 1854 Equidem
1825 1810 2016 1846 crediderim
2038 1833 2048 1850 ,
2084 1812 2119 1845 in
2165 1812 2256 1846 Urbe
2277 1836 2290 1853 ,
2327 1813 2415 1856 siqua

1391 1860 1479 1896 alia,
1503 1866 1575 1892 tum
1598 1855 1808 1898 amplissima,
1831 1864 1902 1888 tum
1927 1854 2179 1897 frequentissima
2200 1857 2329 1901 utrique
2361 1868 2415 1890 ac-

1389 1901 1582 1945 cidiss‘mut
1617 1899 1705 1933 nulla
1739 1898 1805 1931 fere
1843 1899 1906 1931 alia
1932 1898 2092 1940 profluvia
2126 1899 2246 1935 viderit
2272 1925 2283 1941 ,
2316 1911 2413 1944 quain

1388 1958 1461 1988 quae
1485 1943 1670 1985 descripsit.
1695 1944 1878 1976 Diffi-imen
1902 1951 2010 1975 autem
2032 1942 2109 1976 inde
2130 1941 2241 1982 fuisse,
2266 1942 2354 1987 quod
2377 1956 2415 1978 ut

1389 1991 1423 2022 in
1447 1989 1545 2021 variis
1568 1998 1691 2028 magnae
1717 1986 1819 2020 Urbis
1844 1986 1989 2027 partibus
2012 1987 2101 2019 varia
2125 1985 2182 2020 effe
2206 1987 2414 2022 aerisconsti-

1392 2033 1484 2066 tutio
1500 2054 1508 2068 ,
1534 2042 1567 2064 ac
1593 2028 1722 2062 mistura
1746 2028 1877 2073 potest,
1901 2032 1933 2062 ὃς
1957 2030 2053 2063 variae
2085 2028 2260 2065 hominum
2292 2041 2376 2065 artes
2398 2056 2414 2073 ,

1392 2076 1519 2117 aliaque
1544 2072 1762 2116 ejuscemodi,
1795 2074 1841 2106 ita
1876 2073 1938 2105 alia
1972 2072 2141 2108 hominum
2168 2079 2310 2118 'corpora
2342 2075 2414 2110 sero

1395 2117 1625 2152 abundaverint
1649 2117 1751 2158 magis
1776 2115 1900 2155 fluido,
1925 2116 1986 2148 alia
2009 2127 2115 2161 autern
2153 2121 2256 2160 magis
2287 2119 2378 2153 lento
2398 2142 2412 2161 ,

1395 2175 1428 2197 ac
1455 2161 1588 2196 mucoso
1613 2173 1623 2199 3
1656 2169 1692 2193 ut
1716 2160 1792 2194 licet
1816 2170 1985 2193 commune
2009 2160 2080 2193 esset
2105 2162 2256 2196 omnibus
2289 2162 2328 2197 ad
2360 2165 2413 2196 in-

1395 2206 1508 2241 testina
1532 2206 1806 2243 irritamentum,
1839 2203 1923 2238 idem
1956 2213 2061 2236 tamen
2099 2203 2185 2239 haud
2219 2205 2292 2240 esset
2324 2207 2413 2251 quod

1395 2252 1428 2283 in
1455 2249 1607 2283 omnibus
1630 2249 1886 2291 exprimeretur.
2022 2248 2121 2290 Qod
2145 2248 2168 2282 fi
2192 2261 2325 2291 mucus,
2357 2260 2413 2286 aut

1394 2294 1497 2326 serum
1521 2293 1632 2324 colore
1656 2294 1756 2325 etiam
1780 2291 1912 2325 subinde
1936 2291 2046 2334 aliquo
2070 2291 2192 2326 infecta
2216 2303 2343 2336 egerant
2368 2300 2385 2328 τ’
2400 2318 2414 2337 ,

1392 2335 1454 2370 sive
1480 2335 1565 2370 hunc
1589 2335 1664 2368 bilis
1689 2334 1784 2368 addat
1808 2357 1818 2372 ,
1852 2334 1914 2368 five
1936 2336 1983 2367 ita
2008 2346 2062 2377 per
2084 2335 2114 2368 se
2138 2337 2315 2377 prodeant,
2363 2340 2415 2373 lu.

1392 2391 1440 2413 res
1463 2379 1528 2423 jam
1552 2378 1609 2412 diu
1633 2378 1705 2411 sunt
1741 2378 1864 2411 Medici
1890 2403 1900 2418 ,
1946 2378 2004 2420 qui
2049 2380 2234 2422 Anglorurn
2279 2382 2414 2417 illorum

1392 2423 1575 2464 exemplum
1598 2421 1719 2462 secuti,
1743 2421 1844 2455 modo
1867 2420 2002 2458 crebrae,
2029 2431 2085 2455 nec
2108 2421 2171 2456 fine
2193 2424 2314 2458 acerbis
2341 2435 2414 2459 tor-

1391 2467 1533 2500 minibus
1556 2464 1618 2498 fint
1641 2465 1836 2507 dejeetiones
1863 2491 1870 2504 ,
1903 2465 2037 2498 minime
2070 2465 2221 2500 dubitent
2252 2469 2412 2511 profluvia

1390 2508 1549 2552 ejusmodi
1573 2532 1585 2548 ,
1617 2508 1764 2551 quamvis
1786 2509 1956 2541 incruenta
1978 2531 1991 2548 ,
2013 2508 2208 2550 dysenterias
2231 2512 2408 2555 appellare.

1393 2555 1447 2587 Sic
1471 2552 1630 2591 memini,
1654 2560 1729 2585 cum
1751 2551 1908 2584 Bononiae
1931 2551 2011 2584 olim
2035 2551 2202 2594 degerem,
2232 2555 2411 2598 cpidemica

1392 2595 1574 2631 istiusmodi
1599 2595 1761 2642 profluvia
1786 2606 1857 2637 quae
1881 2595 2022 2628 Mutinae
2045 2595 2285 2640 grassabantur,
2319 2600 2411 2636 fuisse

1394 2653 1411 2675 a
1435 2639 1673 2674 Mutinensibus
1696 2637 1835 2672 Medicis
1859 2638 2067 2679 Dysenrerias
2090 2642 2232 2675 vocitata
2255 2643 2289 2676 in
2320 2644 2410 2679 litte-

1395 2685 1438 2717 ris
1461 2695 1538 2727 quas
1560 2681 1740 2719 dabantad
1765 2681 2002 2719 Bononienses,
2025 2681 2077 2716 his
2101 2683 2192 2717 illam
2216 2687 2411 2730 appellatio-

1396 2739 1467 2762 nem
1491 2725 1578 2760 haud
1601 2724 1882 2768 improbantibus.
1908 2726 2027 2768 Quales
2049 2737 2114 2769 prae
2138 2731 2264 2763 caeteris
2288 2731 2412 2768 litteras

1395 2770 1479 2814 apud
1502 2770 1711 2803 Albertinum
1736 2769 1877 2812 legebam
1892 2791 1902 2806 ,
1925 2770 2030 2803 missas
2054 2770 2094 2803 ab
2125 2783 2163 2804 eo
2209 2785 2302 2816 quem
2346 2778 2410 2813 tibi

1395 2816 1471 2848 alias
1492 2817 1506 2853 <
1530 2826 1545 2848 e
1565 2817 1578 2854 )
1603 2812 1751 2854 laudavi,
1769 2815 1825 2859 Jo.
1852 2813 2018 2848 Francisco
2042 2813 2278 2856 Bernardonio,
2305 2820 2410 2855 iniis.

1395 2869 1457 2901 que
1479 2859 1563 2891 inter
1584 2857 1660 2891 alias
1684 2856 1851 2890 historiam
1864 2854 1917 2889 liic
1930 2857 2063 2890 minime
2082 2861 2410 2907 praetermittendam,

1396 2903 1518 2944 quippe
1543 2912 1618 2934 cum
1640 2898 1827 2933 dissecffione
1849 2899 2074 2942 conjunctam.
2098 2904 2184 2937 Cum
2207 2905 2291 2938 enim
2302 2908 2346 2941 ob
2358 2921 2409 2942 ea-

1397 2946 1471 2978 dem
1493 2957 1564 2987 quae
1585 2946 1619 2976 in
1652 2942 1882 2984 dysentericis,
1908 2945 2046 2977 tormina
2070 2943 2209 2989 suspicio
2231 2958 2302 2983 orta
2334 2952 2410 2987 esset

1398 2988 1561 3032 sanguinis
1587 2987 1643 3022 sub
1655 2988 1726 3021 aliis
1736 2987 1901 3021 coloribus
1912 2986 2125 3024 delitescentis
2138 3003 2149 3029 5
2174 2991 2408 3031 Bernardonius

1396 3043 1452 3075 per
1476 3041 1646 3066 anatomen
1668 3031 1775 3065 voluit
1797 3041 1864 3063 eam
1890 3042 1942 3066 aur
1967 3033 2105 3073 tollere,
2129 3044 2185 3068 auc
2218 3040 2412 3081 comproba-

1388 3087 1421 3122 re
1437 3100 1444 3107 .
1470 3077 1556 3109 Rem
1581 3084 1708 3114 autem,
1728 3083 1765 3108 ut
1788 3073 1920 3116 praesens
1944 3087 2071 3119 quoque
2094 3075 2178 3112 mihi
2201 3079 2306 3124 postea
2328 3095 2409 3119 con-

1388 3118 1560 3159 firmabat,
1584 3118 1622 3151 ad
1646 3117 1730 3151 hunc
1755 3118 1887 3152 modum
1911 3119 2055 3153 invenit.

1440 3174 1489 3197 12.
1517 3162 1789 3202 SACERDOS,
1815 3162 1876 3194 alvi
1901 3163 2063 3204 profluvio
2085 3164 2233 3201 laborans
2257 3193 2270 3209 ‚
2302 3172 2408 3206 varios

1393 3217 1468 3241 cum
1493 3206 1654 3239 acerrimis
1678 3206 1902 3239 intestinorum
1927 3204 2091 3243 doloribus
2125 3207 2274 3246 humores
2304 3226 2408 3257 egere-

1393 3249 1469 3290 bat,
1493 3251 1527 3282 in
1550 3249 1667 3292 quibus
1690 3257 1796 3282 tamen
1831 3261 1886 3282 nec
1919 3249 2080 3293 sanguinei
2107 3277 2116 3292 ,
2154 3264 2210 3287 nec
2243 3258 2407 3298 purulenti

1394 3296 1541 3336 apparuit
1563 3293 1758 3336 quidquam.
1793 3295 1823 3327 Is
1853 3293 1981 3327 decimo
2026 3298 2126 3330 tertio
2171 3299 2256 3333 obiit
2300 3302 2406 3337 morbi

1393 3336 1445 3370 die
1469 3362 1476 3369 .
1614 3337 1886 3370 INTESTINA
1911 3339 2018 3371 omnia
2040 3339 2236 3383 diligenter,
2271 3355 2330 3377 nec
2361 3344 2407 3379 se-

1392 3381 1455 3415 mel
1469 3403 1481 3421 ,
1505 3381 1592 3414 intus
1615 3379 1824 3423 perlustrata,
1847 3380 2004 3425 nusquam
2016 3383 2191 3420 erosionem
2205 3386 2327 3429 ullam,
2351 3399 2406 3423 ne-

2284 3431 2363 3466 dum

342 3534 2405 3558 *mm—mm„

442 3619 453 3649 )
467 3617 520 3642 Vid.
537 3619 679 3643 commem.
696 3617 781 3642 Litter.
799 3617 828 3642 A.
848 3623 914 3647 1734.
930 3616 1008 3642 Hebd.
1025 3625 1065 3646 4²-
1083 3616 1134 3649 post
1150 3624 1217 3641 num.
1236 3615 1285 3639 111.
1337 3645 1341 3649 .

449 3647 541 3708 {sest
559 3656 595 3673 10.
614 3647 669 3673 Obs
695 3650 730 3672 18.
793 3647 803 3675 (
818 3655 835 3677 y
851 3648 865 3676 )
881 3648 962 3676 supra,
982 3656 1005 3672 n.
1021 3650 1046 3672 8.
1110 3650 1122 3674 (
1136 3655 1154 3675 z
1170 3648 1183 3675 )
1212 3647 1228 3675 (
1243 3654 1259 3668 a
1274 3646 1288 3674 )
1306 3645 1367 3670 Ibid.

389 3619 398 3648 (
415 3626 425 3643 ι

390 3651 437 3710 ἒξ
482 3678 543 3705 Obf.
559 3679 630 3704 Med.
647 3677 711 3704 circa
726 3677 812 3703 Moxb.
825 3680 896 3703 Acut.
914 3677 974 3703 sest.
991 3687 1013 3708 4·
1031 3686 1051 3704 e.
1068 3686 1092 3709 3.
1158 3679 1172 3707 (
1187 3685 1199 3702 e
1214 3678 1228 3707 )
1244 3675 1308 3706 Epist

1310 3693 1316 3700 .
1333 3685 1370 3707 ²3-

1345 3616 1359 3645 (
1374 3625 1390 3641 u
1405 3617 1419 3646 )
1436 3617 1537 3642 observ.
1555 3617 1583 3642 de
1600 3617 1726 3646 praetervis.
1743 3619 1834 3646 bassen.
1850 3620 1950 3645 Morbis
1965 3623 1996 3646 ab
2011 3624 2081 3652 Aqua
2097 3623 2157 3648 ortis
2175 3624 2234 3649 Sest.
2251 3634 2273 3656 4.
2291 3634 2313 3651 c.
2331 3634 2354 3653 ι.

1390 3686 1405 3703 n
1430 3650 1444 3705 ξ
1461 3648 1474 3673 b
1491 3652 1503 3677 >
1520 3655 1541 3673 c.
1559 3655 1580 3672 1.
1597 3647 1655 3672 ibid.
1672 3649 1714 3674 cit.
1731 3658 1754 3674 n.
1776 3660 1797 3680 9.

1859 3656 1871 3680 (
1887 3659 1898 3675 ε
1913 3652 1926 3680 )
1945 3653 2002 3681 Vid.
2020 3660 2042 3678 c.
2063 3654 2104 3678 cit.
2121 3654 2189 3684 supra
2204 3656 2233 3680 ad
2251 3665 2276 3681 n.
2293 3659 2317 3682 8.
