2498 4075
353 154 367 160 ,
418 98 512 153 194

931 83 1086 137 Liber
1117 84 1207 139 111.
1243 89 1322 139 De
1358 85 1565 139 Morbi-s
1597 85 1810 138 Ventris

353 169 396 205 sic
418 169 542 208 invitus
562 170 743 209 crederem,
767 169 924 212 Meryum
938 190 948 206 ,
969 171 1000 201 &
1015 166 1246 207 Waltherum,
1266 181 1357 212 egre.
1401 164 1510 207 fiiculi
1532 166 1707 207 dcflentione
1721 191 1729 199 .
1754 168 1865 209 Atque
1887 175 1924 202 ut
1947 167 2101 202 craffioris
2123 168 2213 203 faecae
2234 168 2301 213 ejus
2324 170 2417 210 tuni*

351 215 425 256 gios
451 213 671 253 Proseetores,
695 215 728 247 in
752 214 823 247 aliis
853 212 1000 251 herniis;
1023 221 1124 256 neque
1149 216 1237 247 enim
1260 213 1299 246 de
1323 225 1360 245 0-

354 257 484 295 mnibus
507 257 743 299 loquebantur3
766 268 841 293 cum
865 264 954 290 tanta
977 253 1022 288 usi
1044 253 1166 301 suerint
1188 257 1360 298 diligentia

352 302 388 334 in
412 312 446 338 ea
470 302 725 344 perquisitione,
750 312 821 342 quae
846 300 874 333 se
899 297 1010 334 vidisse
1034 307 1124 339 ajunt
1146 320 1161 338 ,
1194 299 1359 343 pervidere

352 354 420 382 non
444 341 582 387 potuisse
597 368 605 376 .
630 344 856 380 Veruntamen
871 363 881 378 ‚
906 351 941 376 ut
966 340 1046 377 hanc
1069 342 1190 376 interea
1221 353 1357 377 contro-

354 387 489 426 versiam
514 386 700 428 seponamus
718 411 726 426 ,
749 386 823 421 satis
847 385 887 419 est
911 385 1133 426 exemplorum
1156 387 1189 418 in
1212 388 1251 419 iis
1267 387 1358 423 tuni-

351 432 398 466 cis
419 441 498 470 quas
520 431 553 462 in
577 428 700 463 herniis
723 440 834 465 ornnes
858 428 1038 470 agnoscunt
1061 450 1071 466 ‚
1110 428 1194 463 unde
1218 439 1324 472 pateat
1347 455 1357 470 ,

351 473 517 515 quomodo
539 484 577 509 ex
602 473 731 508 illarum
758 471 955 515 potiffimum
970 471 1060 504 aneta
1085 472 1287 508 craffitudine
1308 483 1358 506 te-

351 516 505 554 sticulus,
528 517 586 557 qui
611 526 675 549 non
698 517 743 549 ita
768 515 832 556 ipse
856 515 1053 553 extumuerit
1080 536 1089 551 ,
1124 518 1159 548 in
1183 516 1359 553 immanem

351 569 513 597 tumorem
537 558 706 598 ,excrevisse
731 559 898 592 videatur.
1034 557 1235 593 Observatio
1247 560 1288 596 est
1313 562 1359 593 al·

355 611 425 637 tera
450 601 590 645 ejusdem
615 602 777 640 Waltheri
793 626 802 642 ,
826 604 859 635 in
884 601 995 638 iisdem
1017 602 1110 639 Aeris
1132 604 1145 640 <
1168 600 1181 637 l
1204 605 1215 640 )
1238 613 1359 646 propo-

350 644 433 688 fita,
455 657 520 689 qua
544 646 685 685 scrotum
706 667 716 683 ,
751 648 782 678 δι
805 647 895 687 penis
921 644 1048 679 tumida
1073 645 1152 680 adeo
1172 643 1361 680 describun-

351 697 427 727 tur,
451 691 488 722 u't
510 689 563 724 hic
588 689 627 724 ad
650 700 751 732 genua
766 709 776 725 2
800 687 978 725 illudinfra
993 699 1094 730 genua
1119 688 1148 721 se
1159 689 1362 731 extenderet,

350 732 521 771 craffitudo
546 743 652 769 autern
675 733 842 774 utriusque
866 734 894 765 ei
919 732 1121 775 longitudini
1134 731 1358 773 responderet.

353 777 465 821 Quam
490 776 529 810 ad
550 775 823 811 Observationern
843 776 966 809 nullam
989 776 1123 808 memini
1157 775 1266 817 legisse
1289 788 1361 818 quae

352 821 484 863 propius
507 820 636 854 accedat
659 830 756 861 quarn
780 830 816 855 ea
839 829 910 861 quae
934 820 977 854 A.
992 828 1085 859 1755.
1100 819 1261 860 Syracusis
1274 819 1363 854 missa

351 862 390 895 ad
414 873 464 901 me
486 863 555 903 est,
578 863 667 905 typis
690 862 868 904 exscripta,
892 865 923 898 &
948 862 1082 904 publico
1093 863 1250 898 Civitatis
1276 864 1363 897 testia

350 906 465 939 monio
487 905 700 940 confirmata.
726 905 785 938 Sed
808 905 874 939 haec
893 906 926 939 in
943 905 1070 938 vivente
1093 905 1245 945 homine3
1268 908 1362 945 Wal-

349 948 496 988 theriana
520 959 627 983 antem
650 950 749 987 etiam
772 950 806 982 in
831 958 962 982 mortuo
988 948 1099 983 habita
1122 949 1166 982 est
1191 974 1199 982 .
1237 952 1274 983 In
1299 949 1361 984 hoc

348 993 471 1034 igitur,
497 992 647 1028 instituto
669 994 838 1030 examine,
862 995 946 1026 cutis
973 992 1071 1026 scroti
1094 992 1196 1034 triplo
1218 993 1360 1029 craffior.

347 1036 472 1071 cellulae
497 1045 606 1075 autem
619 1036 674 1070 sub
698 1037 753 1071 illa
778 1038 920 1073 adnatae,
944 1037 1093 1078 interque
1112 1036 1274 1070 testiculos
1289 1047 1361 1077 per-

347 1088 480 1122 gentes,
503 1080 580 1114 adeo
602 1079 744 1116 distentae
767 1092 783 1113 a
797 1081 903 1116 tenaci
926 1079 1063 1116 humore
1086 1089 1261 1122 compertae
1275 1079 1357 1117 sunt,

347 1131 384 1156 ut
408 1124 529 1157 molem
552 1125 665 1159 inertis
688 1125 794 1157 carnis
818 1122 1081 1166 repraesentarent
1107 1149 1118 1164 ‚
1151 1124 1205 1157 cui
1230 1123 1357 1164 pondus

347 1169 487 1203 tumoris
508 1169 630 1207 totius,
654 1167 810 1203 librarum
834 1167 987 1201 videlicet
1023 1165 1124 1203 ferme
1155 1167 1355 1209 quadragin-

346 1219 403 1249 ta,
427 1210 624 1252 potissimum
649 1211 759 1245 deberi
782 1210 973 1249 videbatur.
999 1211 1100 1247 Erant
1113 1211 1242 1252 quidem
1268 1209 1355 1243 testi.-

346 1253 412 1286 culi
435 1255 638 1290 naturalibus
663 1255 768 1289 multo
794 1254 949 1296 majores,
973 1255 1095 1297 quippe
1118 1252 1264 1288 craffiore
1294 1250 1356 1286 Alfi

345 1296 485 1338 buginea
508 1299 618 1332 tunica
642 1296 835 1336 humorem,
860 1301 891 1332 &
924 1299 1045 1340 tophos
1079 1296 1355 1341 comprehenden-

346 1349 401 1381 te,
424 1348 459 1379 ut
483 1342 538 1374 vix
562 1351 634 1383 pars
657 1343 795 1382 exigua,
818 1353 917 1385 eaque
941 1343 974 1374 in
1000 1342 1102 1378 altero
1114 1341 1283 1378 dumtaxat
1307 1341 1353 1374 12-

344 1393 412 1418 tere
435 1384 558 1419 tubulis
582 1383 768 1418 tenuiffimis
792 1386 1026 1429 relinqueretur
1048 1407 1062 1427 ,
1093 1386 1151 1422 qui
1184 1385 1352 1427 propriam

349 1427 440 1466 testis
463 1427 671 1462 substantiam
696 1427 822 1467 faciunt
845 1454 854 1462 .
889 1427 950 1466 Sed
986 1428 1053 1464 haec
1087 1429 1274 1471 quantulam
1297 1427 1352 1462 de-

345 1483 436 1510 mum
458 1473 597 1511 universi
620 1473 758 1509 tumoris
782 1481 904 1516 partem
929 1471 1086 1508 efficerent
1102 1498 1111 1513 ,
1136 1472 1210 1505 satis
1232 1471 1357 1507 intelli,

344 1518 413 1560 gis„
439 1516 556 1559 ltaque
581 1516 680 1556 scite,
701 1524 739 1550 ut
763 1515 863 1556 solet‘,
889 1516 953 1559 Vir
977 1515 1251 1553 Praestantilfimus
1274 1515 1357 1548 Hei-

346 1561 443 1599 sserus
467 1564 476 1604 (
500 1570 533 1594 m
554 1562 567 1598 )
590 1569 752 1594 tumorem
770 1558 856 1597 hunc
879 1559 985 1602 ipsum
1010 1559 1111 1595 scroti
1134 1560 1356 1603 potiusquam

346 1604 490 1639 testiculi
503 1625 511 1640 ‚
536 1601 643 1644 fuisse„
654 1602 792 1644 censuit,
805 1614 863 1637 nec
874 1604 967 1639 aliter
979 1602 1018 1637 de
1029 1603 1179 1640 maximis
1193 1603 1263 1635 aliis
1276 1610 1357 1644 quoa.

346 1660 419 1684 rum
430 1644 576 1683 dissectio
587 1657 652 1680 non
665 1646 810 1681 habetur,
823 1648 1029 1685 existimavit,
1042 1658 1125 1689 quos
1138 1648 1225 1680 inter
1236 1646 1297 1680 ille
1310 1646 1355 1679 est

345 1693 503 1727 librarum
527 1690 692 1733 sexaginta
717 1712 726 1727 ‚
761 1699 956 1723 memoratus
979 1691 1011 1723 in
1038 1691 1149 1730 Regiae
1172 1688 1356 1725 Parifienfis

343 1735 530 1773 Academiae
558 1735 772 1770 Scientiarum
786 1732 931 1769 Historia
955 1733 1009 1777 (n
1032 1737 1064 1773 ).
1089 1732 1240 1766 Noverat
1262 1733 1355 1774 quip-

347 1792 386 1823 pe
409 1780 474 1813 Vir
497 1777 787 1811 Exercitatiffirnus
812 1776 828 1820 (
847 1776 919 1820 o),
945 1776 995 1809 vel
1008 1776 1042 1809 in
1067 1775 1261 1817 hydrocele,
1276 1785 1359 1819 prae-

345 1823 454 1858 sertim
479 1822 630 1862 antiqua,
655 1821 877 1857 testiculorum
903 1822 1049 1858 tunicas,
1075 1821 1278 1862 &praecipue
1289 1818 1358 1854 dar-

345 1876 412 1901 tum
433 1891 443 1907 ‚
465 1865 507 1897 Θ*
528 1864 705 1906 vaginalem
738 1864 902 1896 admodum
929 1863 1008 1905 saepe
1031 1860 1145 1905 craffas.
1166 1862 1252 1897 reddi
1274 1884 1286 1901 ,
1319 1868 1356 1896 ut

344 1909 588 1945 crassitudinem
613 1919 737 1950 aequare
749 1908 870 1940 viderit
894 1907 1024 1949 quinque
1046 1906 1098 1941 vel
1112 1905 1354 1947 sexlinearum,

344 1955 388 1989 (ἓν
409 1953 486 1996 quod
508 1952 652 1987 excedir:
674 1952 889 1994 quamobrem
913 1950 1064 1988 monuit,
1087 1947 1282 1990 triangulari
1305 1949 1357 1980 in-

348 1997 517 2034 strumenti
543 1998 630 2038 apice
651 1994 831 2037 plerumque
854 2003 912 2026 non
934 1993 990 2036 mli
1014 1991 1192 2036 difficillime
1210 1986 1356 2040 perfora-i

345 2043 397 2081 ri,
420 2040 558 2081 ideoque
581 2042 592 2078 (
616 2049 638 2081 p
661 2042 674 2080 )
697 2037 935 2079 apicemsillum
958 2047 1016 2069 non
1038 2036 1133 2069 nimis
1157 2036 1220 2069 cito
1243 2035 1297 2078 effe
1308 2044 1355 2066 re-

347 2082 531 2119 trahendum
556 2104 565 2120 ,
600 2083 671 2125 quia
695 2081 776 2117 alias
801 2081 911 2113 tunicae
944 2089 1002 2113 non
1029 2076 1195 2121 perforatae
1229 2080 1320 2127 effen?
1343 2100 1351 2111 .

347 2129 442 2165 Quin
480 2127 576 2159 etiam
610 2128 644 2158 in
679 2124 837 2159 sarcocele
870 2132 996 2165 quanto
1018 2122 1203 2164 Albuginea
1238 2131 1350 2157 tunica

346 2171 473 2206 craffior
496 2167 575 2208 fiat,
600 2169 694 2203 nobis
718 2167 813 2204 facile
835 2166 1074 2207 conjiciendum
1099 2165 1252 2207 reliquit,
1277 2175 1352 2198 cum

347 2215 515 2260 postquam
538 2210 630 2248 illam
653 2212 798 2250 tunicam
821 2210 975 2247 incideret
999 2222 1034 2242 ea
1060 2209 1112 2252 spe
1134 2205 1209 2243 fore
1232 2218 1267 2243 ut
1301 2219 1357 2241 va...

347 2259 432 2294 leuia
455 2255 584 2290 seminis
608 2267 723 2297 magna
745 2277 754 2292 ‚
789 2257 821 2288 &
857 2255 949 2290 valde
978 2252 1114 2290 distenta
1137 2260 1322 2294 apparerent
1346 2275 1355 2289 ‚

347 2313 427 2346 <eque
446 2309 548 2342 parva
571 2300 696 2337 invenit
720 2305 756 2331 ut
779 2297 811 2331 in
828 2296 904 2339 fimo
929 2300 972 2331 &⁵
995 2295 1135 2333 naturali
1156 2294 1291 2344 testiculo
1312 2293 1358 2336 es-

342 2347 378 2392 se
393 2345 518 2390 solent,
541 2343 573 2378 id
595 2343 674 2387 quod
695 2342 871 2378 mirandum.
885 2366 894 2382 ,
916 2341 1050 2386 inquit,
1073 2337 1137 2373 fuit
1160 2349 1192 2372 m
1206 2347 1297 2374 tanta
1310 2346 1357 2371 te-

1409 221 1454 242 cae
1480 209 1566 243 aliud
1588 209 1702 243 habeas
1728 211 1931 253 exemplum3
1955 211 2076 252 inspice
2099 211 2174 246 offei
2199 212 2276 247 faeti
2299 213 2418 247 huma-

1411 254 1444 285 ni
1467 251 1557 289 testis
1583 254 1711 287 iconem
1735 253 1823 287 illam
1845 266 1941 297 quam
1965 252 2116 289 exhibuit
2139 255 2413 291 C1.Reinholdus

1409 298 1592 338 W‘agnerus
1616 300 1629 336 (
1652 309 1670 339 q
1693 300 1726 336 ).
1752 299 1840 331 Cum
1865 299 2007 335 videris,
2031 309 2158 340 quanto
2180 298 2287 343 major
2318 309 2415 334 natu-

1408 340 1467 372 rali
1491 340 1641 375 testiculo
1663 341 1717 373 ille
1740 339 1863 381 fuerit;
1886 350 1956 375 tum
1980 342 2220 380 animadverte,
2244 342 2416 385 ejusdum-

1409 392 1498 418 taxat
1515 381 1731 459 ῃιρεῖἳείενη,
1756 384 1885 427 craffitie
1903 395 2008 428 pbennae
2031 385 2231 426 columbinae,
2258 388 2291 419 in
2311 397 2344 419 os
2356 385 2416 418 du-

1408 425 1556 467 riffimum
1579 438 1595 457 a
1619 424 1704 471 iiffe,
1728 430 1868 462 exterius
1883 429 2064 464 tuberculis
2086 428 2180 462 offeis
2203 429 2260 472 pisi
2283 429 2416 472 magni-

1410 466 1522 503 tudine
1547 468 1709 511 asperum,
1733 471 1821 505 intus
1844 483 1921 505 vero
1944 473 2046 511 laeve,
2070 484 2134 515 qua
2155 473 2351 506 mediocrem
2365 483 2418 505 ca-

1410 523 1500 545 veam
1522 513 1814 556 comprehendebat
1836 516 1892 549 ubi
1915 514 2066 549 latitabat
2088 516 2220 559 materia
2241 513 2416 559 gelatinofiz

1404 554 1534 598 seminis
1557 558 1716 598 corrupti.
1740 558 1869 592 Scilicet
1892 559 1977 592 testis
1988 558 2186 596 substantia,
2206 560 2288 592 olim
2312 558 2417 592 inclu-

1410 598 1464 637 sa,
1488 600 1572 633 nulla
1600 598 1666 642 jam
1690 610 1778 639 erat,
1802 600 1983 643 superficies
1995 602 2096 641 ossea,
2120 601 2225 637 craffae
2248 601 2340 637 faecae
2354 602 2416 635 Al-

1410 642 1556 684 bugineae
1580 644 1698 677 tunicae
1722 644 1897 678 debebatur
1914 670 1926 682 r.

1457 697 1510 730 43.
1536 688 1661 721 Verum
1685 696 1720 722 ut
1743 688 1791 723 hae
1816 689 1952 724 Litterae
1976 688 2198 731 superioribus
2220 712 2232 729 ,
2256 686 2414 731 quemad-

1411 734 1544 766 modum
1569 731 1724 772 promisi,
1752 732 1916 765 breviores
1927 731 2013 771 fint3
2037 734 2096 766 alia
2110 733 2149 767 de
2159 732 2302 771 hernus,
2324 735 2354 767 &
2368 741 2417 765 te-

1413 775 1535 808 sticulis
1558 772 1619 810 huc
1644 775 1756 809 addere
1781 774 1984 819 supersedeo,
2010 787 2049 810 ne
2072 776 2111 811 de
2134 776 2250 810 horum
2284 775 2415 817 quidem

1412 818 1525 852 dolore
1547 818 1725 861 quidquam
1749 817 1950 862 adjecturus,
1974 820 2035 853 nifi
2059 830 2093 854 ut
2105 819 2357 854 Observationes
2368 819 2416 852 le-

1412 873 1489 904 gas,
1513 872 1591 905 quas¹
1614 862 1707 902 supra
1732 866 1742 901 (
1766 866 1817 939 νη)
1839 863 1981 896 indicavi
1997 887 2006 903 ,
2029 861 2085 897 Cl.
2110 863 2268 897 -Virorum
2291 885 2300 900 ,
2325 864 2356 895 &
2378 863 2416 895 in

1412 906 1532 947 quibus
1554 905 1703 938 dolorem
1728 904 1776 939 fui
1806 918 1843 942 e,
1868 906 2012 940 invenies
2037 918 2048 947 ‚·
2084 907 2118 940 in
2140 907 2284 950 pluribus
2308 914 2415 939 autem

1411 951 1574 987 invenies;
1597 948 1764 992 quomodo
1789 948 1817 982 se
1841 949 1992 983 habuerit
2014 950 2103 985 testis
2125 972 2135 987 ,
2158 952 2303 984 attendas
2326 974 2333 983 .
2365 951 2416 981 Si-

1411 995 1479 1027 mul
1503 1004 1542 1027 ex
1567 1003 1630 1028 una
1653 1003 1760 1026 earum
1782 1004 1854 1035 quae
1879 993 2019 1026 Heisteri
2043 992 2084 1027 est
2105 993 2188 1036 (s)
2211 1016 2220 1030 ‚
2245 992 2338 1027 facile
2359 1004 2416 1026 co-

1410 1037 1566 1079 gnosces,
1589 1047 1652 1078 qua
1677 1037 1802 1069 ratione
1828 1047 1891 1074 non
1918 1036 2015 1077 modo
2037 1036 2070 1069 in
2095 1044 2179 1078 aegro
2203 1035 2357 1072 illo,›sed
2381 1037 2415 1069 in

1411 1080 1512 1115 altero
1535 1080 1632 1113 etiam
1655 1091 1751 1123 quem
1776 1078 1932 1114 describit
1957 1079 2162 1122 Sproegelius
2185 1079 2267 1122 (t)
2289 1104 2298 1118 ,
2319 1079 2416 1113 dolo-

1407 1134 1456 1157 res
1479 1136 1495 1157 ε.
1519 1123 1664 1158 testiculo
1677 1123 1713 1156 ad
1738 1122 2016 1168 lumbospoffent
2040 1123 2230 1165 propagari.
2259 1123 2329 1157 Nec
2355 1122 2417 1156 alia

1409 1166 1551 1208 adjicio,
1577 1168 1724 1208 quamvis
1746 1165 1785 1200 de
1809 1166 2050 1203 Testiculorum
2074 1167 2199 1201 Dolore
2223 1166 2329 1199 Sefflo
2341 1177 2418 1210 pro-

1408 1211 1496 1247 xima
1520 1210 1721 1251 Sepulchreti
1744 1210 1898 1252 inscripta
1922 1209 1981 1242 sit.
2006 1210 2190 1244 Totaenim
2214 1210 2270 1243 vix
2291 1209 2418 1243 duassi-

1408 1255 1475 1288 mul
1499 1264 1573 1289 cum
1596 1253 1734 1287 Scholiis
1757 1252 2037 1298 paginasimplet‚
2058 1253 2091 1285 in
2115 1264 2230 1295 eaque,
2257 1261 2292 1287 ut
2316 1254 2418 1287 omit-

1404 1307 1472 1333 tam
1496 1297 1769 1332 Observationem
1791 1298 1855 1330 IV.
1879 1296 2009 1330 fortasse
2031 1307 2071 1329 ex
2093 1297 2121 1329 I.
2146 1295 2340 1339 compendio
2362 1306 2418 1329 or-

1405 1351 1496 1378 tam3
1520 1350 1605 1376 certe
1629 1341 1673 1372 V.
1699 1349 1736 1377 ut
1761 1341 1905 1375 Bonetus
1926 1339 1992 1381 ipse
2016 1338 2137 1373 fatetur
2165 1364 2174 1380 ‚
2197 1351 2234 1375 ex
2257 1345 2285 1374 §.
2312 1351 2342 1374 2.
2367 1351 2418 1373 re-

1404 1386 1507 1427 petita
1530 1385 1573 1419 est
1597 1385 1706 1419 XXII.
1734 1384 1986 1423 observationis
2010 1383 2168 1422 Sectionis
2203 1383 2379 1424 superioris
2405 1405 2416 1420 ‚

1403 1428 1612 1464 Scholiorum
1634 1438 1761 1466 autem,
1785 1428 1874 1472 quod
1897 1438 1962 1461 non
1987 1426 2108 1460 fatetur
2126 1449 2135 1463 ,
2159 1427 2196 1461 ad
2220 1425 2302 1460 Obs.
2326 1427 2417 1460 illam

1409 1473 1438 1506 I.
1460 1483 1531 1514 pars
1555 1474 1683 1516 aliqua,
1706 1472 1805 1507 etiam
1829 1472 1885 1506 ubi
1910 1471 2302 1513 sanguinisCirculationi
2327 1481 2419 1513 aper-

1407 1516 1521 1553 tiffime
1545 1515 1731 1552 adversatur
1754 1537 1763 1551 ‚
1785 1514 1849 1558 jam
1866 1513 2028 1559 *adoptata
2052 1514 2091 1547 ab
2115 1514 2186 1556 ipso
2211 1513 2316 1557 fuerat
2341 1536 2354 1553 ,
2385 1515 2418 1546 &

1408 1561 1554 1602 apposita
1577 1560 1615 1595 ad
1638 1561 1711 1601 §.3.
1734 1559 1815 1593 Obs.
1826 1560 1915 1591 XXI.
1940 1557 2083 1599 ejusdem
2108 1557 2281 1598 superioris
2293 1557 2419 1604 Sectio-

1406 1606 1481 1643 nis,
1506 1612 1544 1638 ut
1566 1602 1688 1639 Scholii
1713 1612 1836 1644 partem
1861 1601 2097 1637 observationi
2120 1602 2165 1634 II.
2192 1601 2246 1635 hic
2270 1601 2414 1645 subjicit,

1406 1657 1503 1689 quam
1528 1647 1596 1681 illic
1622 1645 1796 1688 subjecerat
1811 1645 2145 1685 Observationixx„
2162 1645 2219 1678 Sed
2243 1645 2311 1679 illic
2334 1655 2419 1686 quo-

1406 1702 1469 1731 que
1492 1700 1557 1723 non
1581 1699 1648 1730 tam
1673 1690 1791 1724 mirum
1816 1689 1879 1729 est,
1902 1687 2146 1728 Observatione
2167 1689 2293 1722 XXIII.
2318 1689 2419 1722 itera-

1408 1741 1481 1766 tum
1504 1732 1561 1766 ess‘e
1583 1732 1673 1775 quod
1696 1737 1768 1771 §.³.
1793 1732 1878 1767 Obs,
1901 1733 1978 1764 XV.
2004 1730 2144 1772 positum
2168 1730 2295 1770 fuerat,
2320 1742 2418 1771 quam

1407 1777 1440 1810 in
1464 1784 1526 1811 una
1553 1777 1725 1817 eademque
1746 1777 1864 1819 pagina
1886 1774 1972 1809 idem
1996 1776 2028 1807 in
2053 1776 2157 1817 prima
2182 1785 2272 1817 parte
2295 1774 2418 1807 Scholii

1407 1818 1447 1853 ad
1470 1824 1499 1858 ς.
1516 1830 1545 1852 2.
1571 1819 1655 1853 Obs.
1668 1820 1780 1853 XXII.
1805 1818 1935 1856 rescribi
1957 1816 2046 1859 quod
2070 1818 2225 1858 scriptum
2238 1817 2337 1851 modo
2349 1815 2421 1850 fue-

1407 1871 1458 1898 rat
1481 1863 1514 1896 in
1539 1860 1674 1898 secunda
1698 1862 1819 1898 Scholii
1844 1871 1936 1905 parte
1959 1861 1997 1894 ad
2019 1866 2047 1899 §.
2076 1871 2103 1894 1.
2127 1861 2245 1904 Neque
2269 1859 2378 1897 dicas,
2402 1871 2420 1892 a

1407 1916 1458 1941 me
1482 1907 1603 1950 pariter
1625 1908 1659 1940 in
1684 1905 1743 1944 hac
1754 1905 1903 1948 Epistola
1926 1906 2065 1946 repetita
2089 1903 2149 1939 esse
2160 1905 2274 1948 plura,
2298 1903 2419 1947 quaein

1406 1950 1502 1993 aliis,
1525 1949 1613 1988 mea,
1639 1959 1694 1985 aut
1718 1948 1880 1985 Valsalvae
1903 1948 2070 1981 observata
2107 1959 2236 1982 narrans
2260 1971 2269 1987 ,
2301 1957 2421 1989 propo-

1404 1991 1529 2027 sueram
1544 2017 1551 2024 .
1576 1994 1677 2028 Aliud
1701 1994 1787 2027 enirn
1810 1994 1855 2026 est*
1875 2003 1946 2034 quae
1957 1990 2022 2032 jam
2034 1991 2109 2026 satis
2133 1991 2216 2024 dic'ia
2241 1991 2334 2029 sunt,
2358 1992 2419 2023 ire-

1405 2047 1496 2073 rare,
1521 2036 1608 2071 aliud
1632 2047 1704 2083 quae
1727 2048 1765 2071 ne
1788 2035 1898 2079 paffim
1922 2035 2180 2077 discerperentur
2202 2033 2420 2068 Observation-

1404 2089 1457 2114 nes
1472 2100 1482 2114 ‚
1507 2079 1585 2113 alibi
1609 2080 1648 2113 ad
1672 2078 1755 2121 ipsas
1779 2078 1949 2121 explendas
1972 2078 2093 2112 tradita
2111 2077 2180 2111 sunt
2195 2100 2203 2115 ,
2227 2077 2419 2111 summatim

1402 2121 1635 2167 perstringere,
1658 2131 1694 2157 ut
1708 2122 1962 2165 opportuniore,
1987 2120 2322 2164 quemadmodiimibi
2345 2132 2421 2163 pro-

1405 2163 1534 2199 missum
1557 2166 1637 2210 saepe
1662 2165 1764 2202 fuerat
1777 2189 1790 2207 ,
1813 2168 1886 2200 loco
1901 2165 2155 2207 perpendantur.
2173 2165 2304 2199 Morem
2316 2163 2419 2206 hunc,

1405 2217 1459 2246 te,
1486 2218 1521 2244 ut
1546 2208 1668 2249 sperare
1695 2209 1809 2250 juvat,
1834 2210 1994 2254 probante
2019 2233 2029 2249 ,
2065 2207 2261 2242 servabimus
2287 2222 2297 2246 ς
2322 2208 2418 2243 illum

1410 2263 1507 2291 vero,
1534 2264 1629 2294 quem
1642 2251 1727 2286 haud
1750 2252 1937 2290 dubitamus
1959 2264 1975 2285 a
1997 2261 2029 2287 te
2052 2263 2183 2295 quoque
2208 2254 2315 2286 minus
2339 2264 2415 2295 pro-

1408 2296 1502 2339 bari,
1524 2305 1590 2330 nori
1616 2296 1806 2339 sequemur.
1852 2297 1958 2331 Vale.

387 2533 892 2605 EPISTOLA
938 2530 2081 2597 ANATOMICO-MEDICA
2138 2533 2370 2597 XLIV·

949 2658 1127 2723 Verba
1160 2666 1298 2721 fiunt
1331 2667 1396 2720 de
1433 2665 1803 2720 Gonorrhoea=

458 2821 534 2855 TSI
558 2816 653 2864 pauci
665 2814 751 2851 forte
763 2815 823 2850 sint
836 2808 1028 2863 'Anatomici
1046 2822 1068 2861 *a
1089 2810 1209 2862 quibus
1220 2820 1272 2846 tor
1285 2810 1359 2845 fue-

353 2819 560 2930 E'rint‚
585 2870 667 2908 quot
692 2872 709 2894 a
733 2872 806 2900 me,
830 2856 969 2895 urethrae
992 2855 1100 2889 viriles
1121 2853 1259 2890 disse&ae
1282 2879 1294 2895 ‚
1325 2857 1356 2887 &

475 2908 647 2947 diligenter
670 2904 890 2946 perlustratae3
913 2911 1022 2935 tamen
1046 2908 1099 2933 aut
1124 2899 1237 2948 rarius·
1258 2909 1357 2942 quam

355 2953 454 2995 vulgo
476 2944 656 2985 existimant
676 2970 687 2986 ‚
718 2947 936 2981 luculentiora
961 2945 995 2976 in
1018 2955 1055 2976 eo
1079 2941 1181 2976 canali
1206 2944 1286 2991 vitia
1311 2953 1368 2976 oc-

355 3002 492 3030 currunt
526 3005 597 3037 quae
619 2991 839 3033 contagiosam
861 2986 1108 3024 Gonorrhoeam
1132 2994 1332 3032 comitentur
1345 3007 1366 3034 ι,

358 3049 413 3073 aut
436 3036 543 3072 nescio
572 3035 639 3078 quo
662 3035 734 3068 casu
756 3032 879 3067 factum
902 3032 943 3065 est
968 3053 985 3069 „
1010 3041 1085 3064 cum
1108 3040 1243 3079 magnus
1264 3026 1371 3063 homi-

357 3093 435 3116 num
458 3078 725 3115 hacinfee'torum
747 3076 784 3111 sit
808 3086 980 3115 numerus,
1001 3075 1057 3107 illa
1079 3085 1139 3116 ego
1153 3074 1232 3106 vitia
1243 3072 1372 3105 tamlu-

357 3125 483 3160 culentn
506 3125 562 3158 vix
584 3131 747 3164 unquam,
773 3130 827 3154 aut
849 3130 887 3152 ne
912 3119 968 3151 vix
990 3118 1121 3160 quidem
1132 3115 1374 3164 conspexerim..

360 3167 453 3208 Quid
476 3165 633 3201 Valsalvae
656 3163 829 3202 acciderit,
852 3164 992 3204 ignor03
1017 3172 1118 3203 neque
1140 3161 1225 3194 enim
1250 3158 1377 3201 scriptis

363 3211 527 3247 mandavit
541 3208 652 3252 siquid
676 3207 762 3242 forte
783 3207 870 3240 iniis
883 3206 1076 3247 invenitqui
1090 3214 1164 3238 cum
1186 3203 1370 3236 laborarent

362 3269 401 3292 eo
425 3255 567 3292 morbo,
590 3249 799 3286 decesserant.
819 3248 916 3285 Quid
950 3249 1019 3281 aliis
1061 3248 1261 3290 contigerit,
1285 3245 1370 3287 legi.

364 3301 450 3339 Qae
474 3308 551 3330 vero
576 3295 643 3337 ipse
667 3294 823 3331 viderim,
848 3301 903 3326 aut
928 3303 992 3324 nou
1016 3290 1152 3324 viderim
1180 3314 1189 3329 ,
1221 3300 1303 3323 nunc
1332 3300 1372 3323 eo

363 3343 476 3376 ordine
491 3339 528 3374 ad
541 3350 571 3373 te
586 3338 737 3378 scribam,
752 3347 787 3372 ut
798 3338 838 3370 ab
851 3336 974 3370 extimo
998 3334 1135 3368 urethrae
1145 3332 1375 3382 orificio-inci-

364 3387 476 3429 piens,
501 3385 539 3418 ad
562 3383 717 3417 intimum
742 3381 830 3424 quod
854 3380 892 3414 ad
917 3378 1050 3411 vesicam
1073 3377 1139 3415 est,
1165 3386 1348 3419 perveniam
1366 3399 1373 3407 .

411 3440 440 3463 2.
464 3428 554 3462 Cum
577 3423 825 3460 inAdversariis
849 3427 859 3462 (
883 3433 902 3455 a
924 3423 938 3460 )
958 3421 1063 3454 causas
1077 3421 1221 3463 protuli,
1237 3430 1301 3469 ‘cur
1313 3421 1374 3468 pri.

372 3485 423 3509 ma
445 3469 651 3516 gonorrhoeae
675 3468 844 3502 virulentae
868 3465 952 3501 sedes
975 3464 1138 3499 videretur
1161 3462 1246 3497 mihi
1269 3472 1303 3495 in
1338 3464 1377 3495 iis

1407 2809 1625 2853 potiffimurn,
1649 2807 1919 2851 quosdetexeram
1933 2834 1942 2850 ,
1964 2808 2145 2855 majoribus
2168 2810 2307 2846 urethrae
2330 2819 2426 2847 cana*

1409 2854 1518 2889 liculis
1541 2853 1707 2888 statuenda
1731 2877 1740 2892 ‚
1774 2853 1858 2885 inter
1881 2865 1930 2886 eas
1951 2853 2059 2890 causas
2093 2853 2175 2887 hanc
2200 2865 2265 2888 non
2292 2856 2384 2890 omisi
2408 2879 2422 2897 ‚

1414 2897 1503 2939 quod
1527 2908 1566 2932 ex
1588 2898 1629 2930 iis
1653 2896 1813 2940 praecipue
1833 2897 2044 2936 canaliculis‚
2067 2897 2214 2939 maligno
2235 2899 2351 2935 habitu
2372 2899 2426 2933 su-

1418 2941 1526 2983 scepto
1546 2940 1711 2979 irritatis,
1736 2941 1906 2981 provenire
1930 2941 1957 2972 is
1979 2939 2098 2974 humor
2122 2939 2291 2985 poffetqui
2319 2939 2427 2984 primo

1421 2985 1490 3027 ejus
1513 2984 1621 3017 morbi
1647 2992 1790 3025 tempore
1810 2993 1848 3015 ex
1870 2982 1999 3017 urethra
2013 2982 2090 3017 solet
2103 2983 2281 3019 destillare,
2305 2986 2427 3029 Neque

1422 3030 1510 3062 enim
1534 3039 1643 3061 verum
1667 3025 1709 3061 est
1733 3025 1860 3065 semen,
1884 3036 1920 3059 ut
1943 3029 2146 3069 comparatio
2169 3039 2242 3062 cum
2269 3029 2333 3063 hoc
2367 3031 2429 3063 do-

1423 3073 1492 3106 cuit
1515 3068 1688 3113 aliquando
1712 3068 1761 3101 vel
1783 3069 1857 3102 illos
1879 3071 1963 3110 ipsos
1984 3093 1997 3110 ‚
2027 3072 2085 3113 qui
2109 3071 2320 3113 improbanda
2354 3074 2431 3114 opi-

1425 3117 1524 3148 nione
1547 3113 1689 3152 seducti,
1714 3121 1748 3145 ut
1771 3112 1921 3146 morbum
1946 3114 2135 3155 abigerent,
2158 3126 2304 3150 venerem
2318 3116 2430 3158 saepius

1425 3157 1633 3193 exercebant:
1656 3156 1744 3201 quod
1767 3165 1803 3189 ut
1826 3156 1866 3189 ab
1890 3156 2004 3191 iisdem
2026 3158 2133 3200 accepi
2155 3180 2165 3196 ‚
2199 3158 2241 3192 fic
2266 3162 2366 3195 etiam
2389 3160 2430 3194 ab

1426 3203 1496 3236 aliis
1519 3202 1641 3235 certior
1665 3201 1880 3241 saepenumero
1903 3200 2007 3235 faetus
2029 3199 2099 3235 sum
2115 3226 2124 3241 ,
2146 3213 2185 3235 eo
2207 3204 2319 3244 primo
2343 3212 2429 3237 tem-

1423 3257 1499 3288 pore
1525 3243 1658 3278 necdum
1682 3242 1786 3276 ullum
1810 3242 1869 3276 effe
1891 3244 1925 3276 in
1949 3245 2089 3286 perinaeo
2113 3246 2283 3279 molestum
2305 3245 2427 3281 sensum

1424 3291 1481 3332 qui
1507 3289 1602 3321 altius
1624 3284 1815 3320 descendisse
1840 3287 1981 3325 vitium,
2004 3287 2147 3322 indicet.
2172 3288 2291 3331 Neque
2325 3288 2430 3323 rursus

1424 3332 1458 3366 id
1481 3331 1569 3374 quod
1594 3341 1669 3364 tunc
1692 3328 1828 3367 defluit,
1851 3336 1962 3365 verum
1987 3329 2031 3363 est
2055 3342 2131 3372 pus,
2156 3343 2230 3366 cum
2241 3333 2335 3368 dolor
2355 3343 2430 3365 nec-

1425 3376 1503 3410 dum
1526 3376 1552 3407 is
1575 3373 1614 3407 sit
1649 3373 1705 3415 qui
1741 3371 1921 3407 erofionem
1946 3372 2101 3417 significet
2125 3399 2134 3415 ,
2168 3387 2269 3418 neque
2303 3376 2429 3417 sangui-

1427 3421 1477 3452 nis
1501 3418 1564 3451 ulla
1590 3416 1693 3450 adhuc
1719 3415 1767 3449 vel
1792 3417 1944 3450 levissima
1969 3419 2134 3457 ῑίηᾶυῑει,
2163 3419 2280 3453 nedum
2303 3421 2431 3461 guttula

1429 3461 1613 3507 apparuerit
1639 3485 1648 3496 .
1684 3460 1816 3501 Qibus
1838 3472 1921 3494 nunc
1955 3460 2069 3495 addere
2091 3484 2103 3502 ,
2137 3463 2256 3505 opinor
2278 3461 2432 3537 ‚Sliceret
2467 3480 2469 3482 ·

2318 3515 2389 3539 um-

383 3593 2428 3615 w

468 3672 506 3701 1)
522 3674 553 3697 Α.
572 3680 641 3703 ¹⁷²5·
659 3672 699 3697 M.
717 3670 851 3694 Novembr.
866 3676 922 3694 curn
938 3666 1002 3692 Τώ-
1021 3676 1041 3697 5.
1058 3666 1112 3696 Fig.
1127 3674 1150 3691 1.

463 3711 475 3726 ο
495 3705 502 3731 )
518 3703 613 3727 Differt.
630 3703 658 3726 de
675 3701 812 3731 Hydrocele
828 3708 852 3725 n.
872 3707 909 3729 32.
971 3698 985 3725 (
1001 3704 1016 3726 ρ
1031 3699 1044 3726 )
1062 3706 1084 3731 n.
1106 3700 1144 3728 3⁶·

462 3739 473 3756 t
488 3732 502 3762 2
519 3734 579 3757 ΟΜ.
595 3733 656 3757 ibid.
672 3732 715 3757 cit.
734 3732 758 3761 ᾗ.
777 3738 812 3761 5¹·
874 3731 889 3759 (
905 3736 920 3753 a
937 3727 946 3758 )
963 3729 1007 3752 lv.
1026 3730 1110 3753 Amm.
1125 3736 1146 3757 9·

431 3672 454 3763 ντΛΛ

1215 3665 1222 3692 (
1240 3673 1263 3688 m
1279 3664 1292 3692 )
1308 3663 1401 3688 Dissert.
1418 3663 1447 3688 de
1464 3661 1586 3687 Sarcocele
1605 3661 1625 3691 §.
1644 3664 1682 3689 36·

1206 3697 1221 3726 (
1237 3694 1280 3725 a)
1300 3696 1362 3724 ἱρὴ.
1379 3696 1414 3719 N.
1431 3695 1460 3719 c.
1479 3696 1551 3718 cent.
1570 3699 1590 3716 ι.
1609 3692 1667 3716 obs.
1686 3698 1722 3721 30.

1744 3662 1751 3690 (
1770 3670 1785 3685 n
1803 3661 1811 3692 )
1829 3662 1859 3686 A.
1883 3669 1949 3691 ¹7¹¹·
1967 3661 2026 3686 Obs.
2053 3664 2125 3687 Anat.
2143 3670 2164 3687 ῐ.

1783 3693 1797 3720 ζ
1813 3700 1825 3715 r
1840 3691 1848 3721 l
1865 3699 1889 3716 n.
1906 3693 1944 3719 38·
2007 3694 2015 3722 (
2030 3692 2073 3722 s)
2092 3693 2187 3718 Differ-c.
2204 3693 2237 3717 ibi
2255 3693 2297 3717 cit.
2317 3694 2339 3724 §-
2359 3703 2397 3724 3ο-
