2498 4075
470 200 627 270 Epist.
666 199 826 255 Anat„
859 199 1070 254 Medica
1104 196 1252 252 Ll‘xf
1288 197 1408 250 Art.
1445 213 1518 259 ις.
1550 197 1607 254 ,δε
1642 198 1719 250 16.

60 277 228 318 a'bicans‚
246 280 292 315 ⁷&
315 280 414 314 omnis
437 278 691 322 inflammation&
714 288 821 320 expers
841 274 908 323 fuit
922 302 931 311 .
954 279 1078 312 innul-

65 325 100 357 lo
125 332 228 357 autern
252 337 290 358 ex
313 336 354 357 iis
377 334 447 366 quae
470 321 616 356 dissecuit
641 320 830 355 Nicholsius
853 323 922 363 (y)
946 323 1074 356 nilam-

63 374 115 400 tm
140 367 385 401 ,Ji-mbraaarum
407 364 612 408 inflammatio
634 365 846 407 conspicienda
883 373 951 398 erac
975 378 986 404 5
1021 365 1073 400 sed

65 408 190 452 fluido,
212 412 315 454 qualis
338 413 371 444 δε
392 411 426 442 in
451 408 512 442 fele
533 409 710 451 Sproegelii
735 408 801 442 fuit
825 430 838 447 ,
860 407 961 442 fluido
985 433 997 449 ‚
1023 411 1075 442 in-

63 463 184 495 quam,
207 456 353 493 sanguine
377 452 518 487 distentae
543 460 628 483 venae
653 464 660 484 :
697 450 785 495 quod
811 450 929 484 adnoto
955 477 963 490 ,
997 454 1075 495 quia

64 505 165 538 neque
188 499 221 531 in
242 493 379 542 quatuor
403 496 503 530 modo
522 496 784 529 commemoratis
807 506 846 528 ex
865 495 1077 537 Sepulchreto

64 542 256 576 animalibus
275 542 362 576 vullus
385 541 419 573 in
442 539 589 581 sanguine
612 549 744 580 grumus
759 538 847 577 fuit;
867 540 945 582 quin
966 549 1078 574 eorum

64 582 163 617 alicui
187 590 198 625 (
222 597 246 628 z
265 589 281 627 )
305 586 422 628 pariter
444 594 478 616 ac
500 584 534 614 in
557 581 717 624 proposita
740 582 872 616 muliere
894 584 907 621 (
931 585 973 622 a)
995 606 1008 623 ‚
1042 584 1075 617 in

65 628 165 660 cordis
188 628 375 662 ventriculis
396 626 476 660 nihil
485 626 606 668 omnino
621 624 978 668 sangainissupererat.v
1000 627 1074 659 Cae-

62 679 169 705 terum
193 683 257 704 non
278 671 386 704 eadem
411 671 445 702 in
466 668 615 702 omnibus
637 669 754 711 quibus
777 667 862 702 idem
878 679 913 701 ac
935 679 1073 711 quatuor

62 714 154 753 illis,
176 725 333 749 venenum
360 712 532 756 piaebitum
560 711 664 745 fuerat
688 736 699 753 ‚
721 714 851 746 inventa
875 710 945 746 sunt
970 724 978 745 :
1004 714 1073 746 imo

62 758 97 790 in
122 758 266 799 pluribus
291 756 462 790 ventriculi
499 755 739 795 inflammati05
762 765 799 790 ut
822 755 926 789 minus
950 756 1010 789 tibi
1027 755 1073 789 es-

61 800 94 834 se
118 802 238 837 mirum
259 802 369 836 debeat
386 826 394 841 2
417 798 441 832 fi
463 797 595 833 eandem
618 801 651 833 in
677 800 833 842 proximis
857 798 965 832 saltem
998 801 1079 832 inte-

61 844 178 885 stinis,
201 855 256 880 aut
279 846 312 878 in
336 843 386 878 his
409 842 530 882 simul,
552 845 585 877 δε
609 844 643 876 in
669 843 848 877 ventriculo
872 843 1013 876 extitisse
1038 843 1077 876 ab

61 889 130 921 alio
150 889 260 932 aliquo
282 900 320 922 ex
343 885 576 930 vegetabilibus
601 897 743 927 veneno,
767 885 934 929 produffls
956 886 1076 920 duabus

64 929 211 966 historiis
234 931 411 965 recentibus
433 928 614 964 ostendam.
649 929 757 963 Solani
791 939 885 972 quem
918 928 1076 963 furiosum

62 977 209 1008 vocitant
224 999 237 1016 ‚
258 976 361 1010 baccae
382 985 456 1008 cum
480 972 678 1016 perniciosos
703 973 779 1007 alias
815 970 943 1007 effeetus
965 998 975 1014 ,
1007 982 1077 1007 tum

64 1020 205 1053 maxime
228 1021 262 1052 in
284 1018 425 1061 puellulo
447 1016 632 1051 ediderunt:
658 1028 752 1059 quem
776 1018 860 1050 intra
886 1015 982 1051 horas
1014 1028 1077 1050 non

63 1063 184 1096 multas
206 1061 393 1096 miserandis
416 1061 523 1094 modis
547 1071 749 1104 peremptum
772 1083 785 1100 ,
817 1071 890 1093 cum
922 1062 987 1094 Vir
1017 1060 1071 1093 Cl-

67 1105 263 1141 Schreckius
286 1104 351 1146 (b)
373 1103 554 1143 inciderem
578 1103 683 1139 vidit,
710 1105 792 1137 inter
816 1113 928 1137 caetera
952 1128 966 1145 ,
984 1102 1078 1148 Jeju-

64 1158 168 1191 num‚
188 1152 221 1183 &
244 1149 524 1185 Golon.intestina
546 1147 640 1182 valde
662 1147 878 1181 inflammata.
904 1149 1008 1190 Fungi
1022 1159 1077 1181 au-

66 1201 154 1231 tem,
176 1195 209 1226 δε
234 1194 426 1226 nominatim
450 1203 488 1224 ex
511 1203 544 1225 ea
566 1190 666 1234 specie
689 1198 784 1234 quarn
812 1191 1010 1225 Vaillantius
1035 1189 1076 1224 fic

67 1236 247 1280 designavit
270 1240 396 1278 fungus
418 1235 522 1269 media
544 1235 768 1279 magnitudinis
792 1233 1079 1275 totus.alhus‚an-

65 1282 117 1314 nis
142 1279 359 1322 superioribus
383 1289 481 1322 prope
506 1280 669 1312 Lutetiam
693 1277 883 1312 Parisiorum
904 1276 939 1311 id
964 1289 1081 1320 prope-

66 1324 201 1358 modum
225 1322 365 1357 fecerunt
390 1321 477 1366 quod
503 1323 639 1363 Romae,
662 1322 739 1355 dum
776 1321 923 1355 scriberet
960 1321 1082 1356 Plinius

68 1369 132 1411 (c)
158 1366 296 1400 fecerant
311 1390 319 1404 ‚
345 1376 379 1400 ut
395 1365 558 1409 familiam
580 1365 816 1405 interimerent5
851 1363 908 1398 nisi
933 1374 1043 1399 natura
1068 1388 1080 1406 ,

66 1412 191 1447 auxilio
213 1409 321 1453 adjuta
345 1410 549 1452 Experientis
572 1409 695 1442 Medici
721 1409 898 1442 Monnierii
915 1409 979 1449 (d)
993 1434 1001 1449 ,
1024 1410 1082 1451 qui

67 1455 286 1498 symptomata
308 1454 417 1487 omnia
441 1452 635 1495 diligenter,
658 1455 690 1485 &
714 1451 826 1486 ordine
848 1451 1022 1492 describit,
1044 1453 1082 1485 de

68 1499 120 1532 sex
143 1500 200 1542 qui
222 1498 451 1536 comederant,
473 1499 614 1538 quinque
637 1492 796 1529 servasset.
822 1494 911 1528 Idem
937 1497 1084 1538 Virginis

67 1554 139 1584 quae
164 1553 225 1575 una
248 1543 395 1575 omnium
420 1539 532 1574 servari
555 1550 619 1572 non
643 1540 752 1581 potuit
771 1562 783 1579 ‚
814 1537 945 1572 cadaver
978 1539 1084 1582 perlu-

66 1586 186 1623 strans,
209 1586 375 1627 inter-alia
400 1584 492 1626 plura
513 1594 585 1626 quae
609 1581 692 1625 apud
716 1583 820 1625 ipsum
846 1582 968 1615 videbis
996 1609 1004 1622 ,
1046 1585 1081 1616 in

67 1630 247 1664 ventriculo
269 1631 355 1662 circa
378 1628 527 1670 pylorum
551 1626 697 1669 quaedam
732 1627 999 1660 inflammationis
1032 1628 1083 1660 in·

69 1672 156 1707 dicia
181 1696 191 1711 ‚
228 1674 418 1708 Duodenum
442 1680 549 1703 autem
571 1670 755 1703 intestinum
790 1669 866 1703 vasis
899 1671 1082 1703 tunicarum

65 1718 203 1751 omnino
229 1715 378 1757 sanguine
401 1711 548 1753 refertis,
583 1714 740 1752 interius,
772 1722 885 1755 praeter
908 1714 988 1746 leves
1023 1714 1082 1747 ali-

65 1768 148 1802 quot
169 1760 430 1796 excoriationes,
456 1757 623 1799 purpureis
647 1756 781 1791 maculis
804 1756 1013 1797 diffinistum,
1048 1759 1082 1790 in

65 1804 185 1837 summa
208 1802 443 1837 inflammatum
466 1798 697 1843 deprehendit.
831 1801 903 1843 Ego
942 1811 1018 1833 vero
1052 1803 1085 1834 &

66 1847 313 1885 intestinorum,
338 1848 370 1878 δε
394 1844 567 1876 ventriculi
593 1843 886 1877 inflammationem
911 1855 926 1875 a
951 1853 1083 1886 vegeta.

67 1890 130 1924 bil-i
155 1888 410 1924 medicamento,
436 1886 488 1920 sed
514 1881 656 1926 acriori,
678 1898 779 1930 eoque
802 1886 963 1920 interdum
978 1889 1085 1929 perni-

63 1934 147 1967 ciem
171 1931 256 1967 haud
280 1932 364 1966 secus
389 1941 422 1963 ac
435 1940 610 1970 venenum,
633 1929 785 1963 afferente
805 1954 817 1971 ,
840 1930 981 1964 elleboro
993 1932 1086 1975 nigro

63 1976 233 2011 indutffam
256 1974 405 2018 conspexi
421 1999 430 2007 .
457 1975 506 2007 Ita
530 1983 634 2007 autem
659 1984 704 2006 res
728 1974 758 2007 se
782 1972 918 2008 habuit.

113 2030 162 2063 15.
187 2020 292 2059 VIR,
315 2017 405 2060 cujus
430 2017 503 2049 anni
517 2017 573 2057 ‚si
598 2028 636 2049 ex
658 2015 739 2050 facie
781 2017 946 2052 aestimares
966 2041 975 2056 ,
1010 2028 1084 2051 nec-

65 2064 146 2099 dum
169 2064 404 2106 quinquaginta
427 2060 485 2095 esse
510 2060 723 2101 videbantur,
745 2062 882 2104 Corpore
905 2060 983 2095 bene
1005 2073 1083 2095 con-

64 2108 232 2143 formato,
257 2105 463 2147 subpinguis‚
486 2104 593 2136 colore
608 2104 782 2142 laudabili,
798 2106 944 2146 quamvis
968 2104 1006 2139 ad
1029 2103 1083 2138 fu-

65 2151 155 2185 scum
177 2159 350 2192 vergente,
372 2148 499 2190 capillis
523 2157 633 2181 autem
649 2173 656 2186 ‚
694 2150 726 2181 &
751 2148 846 2181 barba
872 2148 973 2190 nigris
997 2172 1008 2189 ‚
1042 2148 1085 2181 ob

64 2194 218 2229 delirium
239 2192 404 2235 quoddam
426 2191 696 2227 melancholicum
719 2192 754 2224 in
786 2190 993 2225 Nosocomio
1026 2203 1084 2224 cu-

64 2247 150 2272 ratus
164 2263 172 2277 ,
198 2236 382 2279 propediem
406 2245 474 2268 erat
494 2232 702 2274 discessurus,
724 2245 799 2268 cum
811 2235 989 2268 extraetum
998 2234 1085 2269 sum-

68 2281 130 2326 psit
145 2304 153 2319 ,
179 2279 269 2321 quod
292 2288 408 2313 vocant
423 2301 431 2315 ‚
455 2277 589 2310 ellebori
613 2279 722 2319 nigri.
748 2276 845 2311 Unde
867 2278 940 2312 alvo
965 2278 1083 2318 soluta,

66 2326 157 2368 plura
180 2322 315 2364 dejecit.
342 2321 401 2356 Sed
424 2333 498 2356 cum
524 2320 601 2354 mali
625 2320 709 2354 nihil
733 2321 978 2364 expe&aretu1·;
1015 2323 1086 2365 pri-

69 2381 121 2403 ma
144 2368 239 2400 noete
253 2390 265 2406 ‚
287 2366 322 2400 id
345 2366 388 2400 est
411 2365 544 2408 septima
558 2389 568 2403 ,
592 2375 629 2398 an
653 2365 765 2400 οξὲανει
788 2376 828 2399 ex
848 2376 917 2408 quo
939 2365 973 2399 id
998 2364 1084 2400 sum-

66 2412 190 2455 pserat,
215 2410 314 2449 hora,
340 2410 506 2448 vomitus,
529 2411 562 2441 δε
587 2409 704 2441 ventris
729 2406 1083 2451 doloresingruerunt.

69 2456 157 2497 Qae
182 2464 282 2494 mox,
304 2452 413 2488 calido
437 2450 547 2486 hausto
568 2450 716 2493 jusculo,
743 2451 808 2485 visa
833 2451 907 2486 sunt
926 2455 1084 2496 conquie-

70 2498 153 2532 scere
176 2499 261 2531 circa
285 2496 400 2532 horam
424 2496 528 2529 nostis
551 2495 719 2529 secundam
740 2520 747 2527 .
781 2496 928 2538 Qinfflz
962 2497 1082 2530 iterum

65 2544 266 2580 extiterunt‚·
288 2542 467 2581 iterumque
491 2540 596 2574 minui
619 2538 684 2574 visa
708 2538 780 2572 sunt
805 2541 851 2572 ita
865 2543 994 2573 ut“ante
1016 2539 1084 2573 sex-

69 2594 138 2620 tam
174 2585 296 2622 >leffium
329 2593 476 2627 peteret.-
500 2584 626 2617 vomitu
649 2591 757 2616 autem
789 2582 873 2617 nihil
900 2581 1050 2625 rejecerat
1073 2605 1083 2620 ,

66 2628 128 2663 nisi
173 2629 330 2662 materiaer
361 2638 400 2661 ex
431 2625 533 2660 viridi
568 2624 655 2669 quasi
688 2625 897 2669 nigrescentis
931 2635 1087 2669 quantum

65 2674 155 2714 duo,
179 2679 233 2707 aut
256 2672 318 2705 tria
340 2669 520 2704 cochlearia
544 2670 710 2703 continere
735 2667 928 2711 potuissent.
952 2670 1083 2705 cubans

66 2716 227 2759 quiescere
247 2714 331 2749 visus
353 2713 417 2756 est;
439 2722 523 2747 certe
545 2713 667 2747 nullam
690 2723 800 2747 vocem
825 2713 965 2746 indicem
988 2713 1083 2746 dolo-

68 2761 114 2793 ris
136 2758 238 2793 edidit
253 2783 261 2798 ‚
283 2769 383 2801 quarn
405 2758 440 2790 in
463 2757 621 2799 proximis
656 2756 783 2793 lcstulis
817 2757 970 2791 cubantes
1002 2758 1082 2799 aegri

69 2802 247 2836 audiverint
270 2802 278 2832 '.
315 2802 407 2835 Hora
430 2809 558 2835 tantum
591 2800 705 2834 oftava
737 2799 830 2835 sonus
854 2801 988 2845 quidam
1011 2823 1023 2840 ,
1045 2811 1084 2835 ex

72 2845 141 2887 ejus
164 2856 220 2879 ore
244 2841 370 2881 emissus
394 2866 406 2882 ,
439 2854 455 2877 a
479 2843 635 2878 ministris
659 2842 784 2879 auditus
808 2843 851 2878 est
877 2856 884 2876 :
920 2842 959 2878 ad
990 2855 1085 2886 quem

71 2895 270 2924 accurrentes
286 2912 294 2926 ,
317 2885 484 2921 hominem
506 2885 571 2930 jam
592 2895 757 2921 mortuum
768 2888 954 2922 invenerunt
969 2911 977 2919 .
1002 2887 1085 2924 Quae

71 2932 179 2972 mihi,
202 2933 243 2966 iis
266 2930 352 2964 forte
375 2930 507 2969 diebus,
531 2940 641 2971 nempe
663 2931 748 2962 circa
771 2930 912 2965 medium
947 2933 1086 2968 Decem-

74 2977 163 3011 brem
185 2977 227 3009 A.
254 2984 347 3018 1747.
369 2975 405 3006 in
427 2972 823 3011 NosocornioAnatomen
833 2974 963 3009 docenti
978 2997 988 3013 ‚
1012 2985 1085 3010 cum

74 3019 171 3054 essent
195 3018 316 3056 relata;
337 3015 465 3059 quaelivi
491 3017 630 3059 primum
651 3017 766 3060 ,quale
803 3016 942 3051 ellebori
979 3027 1085 3051 extra-

76 3065 189 3103 Ctum,
209 3070 429 3105 quantumque
456 3059 645 3103 sumpsisset.
681 3061 839 3104 Comperi
862 3070 969 3095 autem
1002 3060 1085 3096 idem

77 3106 166 3150 quod
210 3106 282 3138 aliis
313 3102 383 3137 dari
425 3103 472 3137 ibi
504 3102 638 3139 solitum
668 3103 742 3138 esset
763 3127 775 3144 ,
807 3103 955 3139 videlicet
989 3116 1006 3137 e
1038 3116 1086 3138 re-

78 3160 152 3183 cens
182 3147 294 3182 evulsis
315 3170 325 3186 ‚
357 3145 555 3190 contusisque
578 3146 739 3180 radicibus
764 3146 903 3190 simplici
928 3160 1009 3192 aqua
1031 3160 1085 3192 pa-

79 3203 210 3231 raturn3
235 3190 375 3234 pondere
398 3198 502 3226 autem
525 3189 762 3225 semidrachrnae
785 3190 942 3234 sumpsisse
965 3215 978 3232 ‚
1009 3201 1084 3229 cum

79 3236 214 3279 persaepe
237 3235 369 3278 quidem
391 3232 430 3266 ad
455 3232 591 3275 scrupuli
616 3235 738 3276 pondus
752 3257 760 3271 ‚
782 3235 944 3269 interdum
975 3244 1083 3270 tamen

79 3280 121 3313 iis
132 3289 269 3323 quorum
279 3278 368 3314 alvus
378 3287 440 3309 non
452 3275 544 3311 facile
556 3277 693 3311 solvitur
704 3301 715 3317 ,
726 3278 811 3311 ultra
820 3277 1083 3314 semidrachmam

79 3322 144 3356 fine
163 3323 230 3356 ulia
250 3333 334 3357 noxa
356 3319 558 3360 exhiberetur
581 3346 589 3353 .
619 3323 716 3355 Tunc
752 3331 858 3356 autem
891 3324 1046 3366 quaerenti
1069 3347 1083 3363 ,

81 3376 160 3399 num
183 3366 270 3400 aliud
294 3373 442 3409 praeterea
463 3364 549 3407 quod
571 3376 682 3399 nocere
707 3364 832 3410 posset,
865 3364 968 3400 homo
998 3378 1082 3400 acce.

81 3408 174 3455 pisset
185 3432 197 3450 ,
221 3406 403 3453 responsum
424 3405 490 3448 est,
512 3408 582 3445 imo
604 3409 639 3443 in
660 3421 699 3443 eo
730 3408 865 3454 peccasse
897 3404 984 3454 quod
1022 3421 1085 3447 non

1129 274 1293 318 accepisset
1331 276 1440 309 omnia
1472 287 1548 320 ‚quae
1571 274 1704 309 debeoar
1718 298 1727 307 .
1762 272 1934 321 Nimirum
1957 279 2074 320 quibus
2095 275 2134 311 id.

1126 322 1308 354 extrasturn
1330 320 1464 359 darent,
1489 329 1562 359 eos,
1586 317 1648 352 hoc
1671 317 1824 360 sumpto,
1858 318 1960 352 serum
1993 320 2101 354 bibere
2122 330 2134 352 -ε

1125 375 1189 397 non
1211 362 1323 398 bibisse
1347 373 1451 397 autem
1476 362 1561 396 hunc
1576 388 1586 402 ,
1609 361 1678 404 post
1701 372 1768 405 ejus
1791 362 1929 407 mortens
1954 361 2010 396 esse
2025 362 2138 406 cogni-

1125 416 1221 447 tum,
1243 407 1289 440 ibi
1315 406 1462 441 videlicet
1487 414 1614 449 reperto
1635 405 1726 443 sero,
1759 405 1813 439 ubi
1837 406 1975 448 positum
2006 405 2138 446 ,fuerat²

1128 460 1165 485 ut
1189 449 1351 484 hauriret.
1377 451 1441 484 His
1463 450 1508 482 ita
1532 451 1687 492 perceptis
1710 472 1718 488 ,
1754 447 2098 494 duodequadragesima
2120 463 2140 486 a

1130 504 1232 527 morte
1256 495 1334 528 hora
1359 494 1530 527 seffionem
1563 492 1688 535 aggressi
1717 492 1825 527 sumus
1848 518 1856 525 .
1991 493 2141 528 CADA-

1130 539 1268 571 VERIS
1292 539 1424 571 artubus
1449 537 1581 570 minime
1604 535 1718 578 rigidis
1741 537 1982 575 animadversis,
2017 538 2142 573 Venter

1127 590 1252 623 apertus
1277 581 1335 615 est.
1361 579 1587 626 Ventriculum
1602 605 1609 618 ᾖ
1633 583 1665 612 &
1687 581 1835 614 intestina
1858 581 1908 614 vel
1935 581 2074 616 exterius
2084 581 2141 617 hic

1124 625 1193 658 illic
1216 625 1412 658 inflammata
1436 624 1677 666 conspeximus3
1714 634 1746 657 ut
1780 636 1865 664 cnm·
1890 625 1993 659 Ileum
2017 625 2142 659 intesti-

1126 678 1204 701 num
1226 669 1303 701 alibi
1326 667 1403 711 justa
1428 666 1522 703 esset,
1546 667 1625 699 alibi
1648 665 1733 709 justo
1758 666 1896 711 majori,
1928 680 1982 702 aut
2018 671 2142 705 minori

1125 712 1322 749 latitudine;
1346 712 1400 745 ubi
1425 722 1526 754 aequo·
1541 710 1700 751 angustius
1723 720 1810 753 erat,
1833 712 1879 745 ibi
1904 722 2066 754 pertenues
2089 722 2143 748 tu-

1131 756 1233 795 nicae,
1258 759 1289 788 ὃ(
1313 755 1376 789 fine
1400 755 1467 789 ullo
1490 753 1602 786 rubore
1623 778 1633 794 ‚
1679 753 1767 787 alibi⁴
1803 765 1908 789 autem
1955 755 2144 790 rubicundis

1132 798 1216 831 striis
1238 798 1396 832 distinestae
1420 798 1651 840 s'pestarentur.
1676 799 1766 830 Tum
1789 798 1991 839 ventriculo,
2015 802 2146 833 &inte—

1133 841 1223 876 stinis
1245 842 1393 876 omnibus
1417 852 1496 884 aqua
1520 838 1658 874 immissa
1681 841 1799 875 ablutis
1815 865 1826 880 ,
1850 842 2075 885 &adapertis‚
2103 842 2145 881 il,

1128 885 1195 919 lum
1218 897 1292 920 cum
1315 897 1432 919 annexa
1455 884 1537 927 gulae
1562 883 1719 927 particula
1753 897 1866 929 magna
1901 897 1941 920 ex
1972 895 2061 928 parte
2093 887 2147 919 in'-

1129 929 1351 969 flammatum,
1376 940 1392 962 a
1415 928 1546 962 sinistris
1570 937 1698 967 tamen,
1725 939 1789 962 non
1814 942 1830 968 a
1853 928 1997 970 dextris,
2020 931 2145 963 inveni-

1129 984 1226 1011 mus5
1250 972 1396 1006 intestina
1422 982 1528 1005 autem
1550 970 1605 1004 hic
1630 972 1725 1012 illic,
1755 971 1796 1005 sic
1834 981 1942 1007 tamen
1965 983 2005 1007 ut
2039 974 2146 1008 minus

1129 1017 1206 1049 levis
1228 1018 1262 1049 in
1288 1015 1480 1055 Tenuibus‚
1503 1026 1600 1058 quam
1624 1015 1795 1049 inCraffis
1818 1016 1890 1050 esset
1914 1017 2146 1059 inflammatio,

1129 1060 1153 1094 si
1177 1060 1317 1094 Refium
1340 1060 1481 1102 excipias
1496 1084 1505 1098 ‚
1530 1060 1563 1091 in
1585 1070 1650 1101 quo
1674 1057 1774 1102 spatia
1793 1059 1943 1102 quaedam
1965 1062 2055 1104 aeque
2079 1072 2148 1095 ma-

1129 1103 1265 1142 nifesto,
1287 1110 1325 1137 'ac
1348 1103 1564 1142 ventriculus,
1588 1111 1675 1135 erant
1699 1102 1900 1138 inflammata
1925 1129 1932 1136 .
1969 1105 2147 1148 Nusquam

1128 1157 1234 1180 tamen
1258 1147 1292 1179 in
1315 1146 1462 1191 cadavere
1484 1145 1547 1179 hoc
1572 1154 1645 1178 toto
1668 1145 2148 1193 vehemensff'apparuitinflam-

1130 1193 1249 1224 matio.
1275 1191 1357 1223 Lien
1381 1201 1475 1231 :equo
1499 1189 1594 1232 paulo
1619 1200 1745 1231 major,
1765 1188 1799 1224 &
1819 1189 1896 1225 sima
1933 1203 1995 1235 qua
2027 1191 2149 1226 videli-

1128 1244 1179 1268 cet
1202 1234 1355 1276 tangebat
1379 1231 1616 1269 v'entriculum,
1640 1231 1720 1268 facie
1744 1233 1834 1266 roseo
1870 1236 1978 1268 colore
2003 1257 2012 1273 ,
2058 1245 2150 1271 totus

1131 1287 1238 1313 autem
1260 1276 1338 1310 adeo
1361 1276 1472 1314 laxus,
1498 1284 1532 1310 ut
1563 1273 1687 1310 disse6H
1719 1277 1873 1311 interiora
1898 1289 1984 1321 >pene
2018 1278 2151 1318 difflue-

1132 1331 1219 1356 rent.
1245 1322 1284 1355 In
1305 1320 1443 1363 jecinore
1467 1319 1551 1354 nihil
1574 1318 1782 1353 adnotatione
1805 1320 1963 1364 dignum,
1997 1322 2056 1356 nisi
2082 1321 2152 1358 for-

1133 1375 1165 1399 te
1188 1365 1263 1399 bilis
1285 1365 1397 1405 color,
1419 1365 1500 1408 qui‘,
1526 1372 1561 1398 ut
1585 1374 1640 1406 per
1674 1362 1817 1399 veficulae·
1852 1366 1977 1400 tunicas
2009 1366 2148 1410 transpi-

1133 1409 1301 1448 debatur,
1326 1420 1364 1441 ex
1387 1407 1483 1442 viridi
1507 1407 1643 1450 pallidus
1666 1407 1858 1451 apparebat.
1998 1411 2151 1448 Thorace

1134 1453 1309 1496 adaperto,
1331 1453 1497 1494 pulmones
1521 1451 1587 1485 sani
1612 1474 1621 1489 ‚
1646 1454 1679 1485 &
1704 1450 1846 1495 undique
1870 1452 1967 1489 soluti
1992 1466 2000 1486 :
2048 1455 2151 1497 neque

1134 1508 1191 1531 cor
1216 1522 1226 1534 ,
1259 1505 1313 1528 aut
1332 1495 1406 1542 yasa
1433 1496 1553 1538 Magna
1575 1494 1752 1538 quidquam
1775 1495 1912 1530 habuere
1934 1496 2025 1540 quod
2050 1498 2152 1532 adno-

1135 1551 1257 1578 tarem,
1284 1539 1343 1572 nisl
1366 1539 1453 1581 quod
1476 1541 1510 1571 in
1536 1539 1586 1572 his
1609 1549 1719 1580 parum
1743 1537 1928 1581 sanguinis,
1953 1542 1986 1574 in
2009 1541 2070 1575 illo
2094 1543 2150 1575 vix

1136 1582 1261 1627 aliquid
1285 1581 1349 1617 fuit
1372 1582 1451 1616 levis
1473 1583 1685 1615 concretionis
1710 1583 1892 1625 polyposae.
2069 1586 2153 1618 Cra-

1133 1629 1225 1661 nium
1250 1638 1323 1660 cum
1360 1625 1519 1660 secaretur
1538 1649 1550 1666 ,
1579 1635 1713 1667 paucum
1747 1625 2025 1669 sanguinolentum
2049 1627 2152 1662 serum

1134 1671 1298 1706 defluxit.-
1322 1669 1501 1713 paucusque
1525 1680 1603 1703 mox
1627 1667 1752 1710 sanguis
1775 1670 1809 1702 in
1843 1670 1959 1711 Crassae
1995 1673 2152 1714 meningis

1136 1714 1285 1751 Sinibns‚
1312 1715 1345 1746 ἅτ
1368 1712 1544 1755 majoribus
1568 1723 1623 1754 per
1648 1714 1796 1747 Tenuern
1821 1717 1918 1748 ramis
1941 1713 1983 1749 est
2007 1715 2152 1750 animad-

1134 1757 1254 1791 versus.
1280 1756 1480 1797 Cerebrum,
1503 1755 1592 1799 quod
1616 1756 1650 1788 in
1674 1766 1711 1788 eo
1736 1758 1792 1799 qui
1816 1758 2060 1793 melancholico
2097 1758 2153 1793 de-

1133 1802 1215 1834 lirio
1238 1798 1403 1834 laboraffct
1429 1811 1445 1832 a
1468 1802 1577 1842 primo
1599 1800 1735 1832 miratus
1760 1799 1849 1840 sum,
1872 1802 1980 1836 laxum
2004 1802 2153 1843 adeo,ut

1135 1856 1209 1878 cum
1231 1844 1359 1880 dextere
1383 1852 1569 1885 exemptum
1591 1842 1692 1879 esset,
1716 1844 1749 1875 in
1773 1844 1939 1889 mensaque
1973 1847 2153 1882 anatomici,

1134 1886 1317 1930 ,depositum
1331 1913 1339 1926 ,
1359 1888 1522 1921 continuo
1546 1886 1652 1929 ipsum
1675 1886 2004 1931 hemisphaeriorum,
2025 1900 2151 1925 exn-01·-

1136 1931 1205 1966 sum
1227 1930 1480 1970 collabentium,
1513 1929 1638 1972 pondus
1673 1928 1858 1965 distraxerit
1884 1928 2014 1976 ‘partem
2049 1933 2151 1978 poste-

1138 1973 1399 2013 rioremCallosi
1423 1973 1581 2015 Corporis
1602 1996 1615 2014 ‚
1647 1984 1706 2007 nec
1739 1983 1848 2009 tamen
1884 1977 1924 2010 ab
1956 1977 2054 2012 obitu
2085 1978 2152 2012 dies

1136 2029 1207 2053 tum
1231 2019 1298 2052 er'at
1324 2017 1447 2052 sextus.
1473 2018 1521 2051 Ea
1543 2017 1710 2051 distraetio
1733 2028 1797 2052 non
1820 2019 1990 2062 prohibuit
2022 2023 2056 2055 in
2079 2023 2152 2055 reli-

1137 2074 1198 2105 qua
1230 2061 1392 2104 superiore
1417 2085 1429 2102 ,
1468 2072 1539 2104 quae
1563 2062 1687 2104 integra
1711 2070 1799 2102 erat,
1835 2062 1971 2108 ejusdem
1994 2066 2151 2109 Corporis

1135 2107 1216 2140 facie
1239 2105 1334 2139 illum
1358 2104 1530 2148 perspicere
1553 2104 1741 2139 fasciculum
1769 2107 1830 2151 ⁴qui
1854 2119 1908 2151 per
1940 2109 2085 2143 medium
2108 2109 2153 2143 se-

1134 2149 1275 2184 cundum
1298 2148 1538 2191 longitudinem
1560 2159 1644 2183 extat
1662 2172 1670 2188 ‚
1696 2149 1780 2185 nihil
1797 2150 1843 2184 'ab
1865 2163 1903 2184 eo
1924 2152 2013 2195 quod
2039 2154 2118 2188 solet
2139 2176 2154 2194 ,

1135 2192 1372 2235 discrepantem
1397 2216 1405 2224 .
1450 2192 1533 2226 Mox
1556 2192 1745 2235 persecando
1773 2194 1960 2234 cerebrum,
1978 2207 2084 2240 »neque
2117 2198 2153 2231 ih

1135 2236 1270 2271 vasculis
1292 2248 1364 2280 quae
1389 2247 1442 2278 per
1477 2235 1684 2270 medullarem
1715 2236 1921 2273 substantiam
1952 2239 2118 2275 ducuntur
2139 2265 2153 2283 ‚

1135 2291 1235 2322 neque
1257 2281 1291 2313 in
1327 2278 1550 2313 Choroidibus
1584 2278 1731 2323 plexibus
1764 2280 1900 2316 defuisse
1933 2282 2118 2327 sanguinem
2141 2307 2153 2323 ‚

1136 2324 1205 2357 vidi
1231 2335 1241 2362 ;
1275 2322 1329 2358 sed
1351 2322 1482 2357 eandem
1506 2323 1623 2366 ubique
1645 2323 1813 2358 laxitatem
1836 2326 2046 2361 animadverti
2072 2351 2084 2368 ,
2114 2337 2154 2363 ut

1135 2368 1169 2402 in
1192 2366 1347 2402 cerebello
1368 2377 1516 2409 quoque,
1547 2366 1779 2410 &Oblongata
1800 2369 1961 2411 medulla,
1986 2373 2018 2404 ἃ
2042 2372 2075 2405 in
2099 2373 2155 2405 Pi-

1134 2411 1218 2444 neali
1250 2410 1318 2453 ipsa
1350 2409 1501 2453 glandula
1525 2434 1538 2452 ,
1568 2422 1638 2454 quae
1670 2409 1775 2455 major
1808 2416 1920 2456 potius
1954 2437 1964 2452 ‚
2007 2417 2062 2448 &n
2082 2415 2156 2458 glo-

1135 2452 1242 2488 bofior
1273 2455 1424 2497 apparuit
1447 2477 1456 2492 ‚
1489 2466 1585 2497 quam
1618 2453 1786 2489 consuevit
1810 2479 1820 2487 .
1854 2459 1893 2492 In
1923 2466 2013 2491 tanta
2047 2468 2155 2495 autem

1134 2507 1320 2533 caeterarum
1353 2498 1495 2540 partium
1528 2498 1662 2532 laxitate
1695 2500 1842 2534 mirabile
1877 2499 1943 2536 fuit
1976 2524 1986 2541 ,
2028 2503 2155 2537 lacunar

1136 2540 1225 2584 quod
1258 2540 1458 2586 dexterum„
1490 2539 1711 2585 sinistrumque
1743 2545 1913 2579 ventriculi
1961 2547 2051 2580 tertii
2098 2558 2156 2589 pa-

1135 2586 1252 2662 getem
1282 2585 1369 2621 inter
1402 2584 1432 2620 se
1474 2584 1643 2632 conjungit
1667 2610 1680 2630 ,
1724 2588 1858 2623 minime
1902 2586 2002 2624 fuisse
2044 2588 2156 2626 distra-

1177 2640 1231 2662 um
1256 2652 1265 2661 .
1438 2648 1445 2650 >

1186 2674 1236 2704 16,
1263 2672 1315 2705 Ex
1341 2672 1498 2715 postrema
1520 2672 1662 2708 historiae
1685 2673 1779 2720 hujus
1803 2685 1890 2719 parte
1911 2676 2044 2712 haberes
2066 2677 2157 2721 quod

1137 2715 1335 2758 exceptionis
1357 2716 1430 2749 loco
1452 2716 1491 2750 ad
1514 2717 1570 2751 illa
1594 2717 1740 2757 adderes,
1765 2731 1835 2762 quae
1861 2720 1899 2753 de
1932 2720 2061 2755 cerebro
2106 2729 2156 2755 et-

1138 2760 1204 2792 iam
1228 2757 1457 2793 melancholice
1479 2759 1687 2795 delirantium
1719 2762 1798 2795 alias
1820 2765 1835 2802 (
1856 2774 1871 2796 e
1892 2767 1907 2804 )
1941 2764 1981 2798 ad
2011 2772 2042 2796 te
2077 2764 2155 2799 scri-

1134 2802 1273 2845 psimus5
1297 2801 1355 2835 nisi
1378 2803 1480 2836 homo
1504 2812 1575 2836 ante
1596 2805 1726 2837 obitum
1746 2804 1812 2849 jam
1841 2805 1936 2843 sanus
1970 2807 2032 2841 esse
2063 2807 2153 2842 vide-

1134 2855 1222 2881 retur
1249 2870 1256 2878 .
1291 2847 1343 2881 Ex
1367 2847 1486 2890 reliqua
1510 2856 1616 2881 autem
1640 2846 1734 2883 habes
1756 2848 1835 2890 quid
1858 2861 1876 2883 a
1909 2851 2004 2892 nigro
2038 2851 2155 2884 ellebo-

1135 2900 1174 2923 ro
1196 2888 1366 2932 aliquando
1389 2889 1536 2930 accidat‚
1558 2893 1593 2923 &c
1616 2891 1649 2923 in
1686 2893 1867 2927 ventriculo
1888 2916 1900 2933 ,
1930 2892 2155 2938 intestinisque

1136 2934 1340 2967 inveniatur.
1363 2934 1525 2975 Scriptum
1549 2933 1592 2967 est
1613 2933 1740 2976 quidem
1764 2936 1803 2968 ab
1826 2937 2012 2977 nonnullis,
2035 2940 2068 2971 &
2094 2948 2154 2972 no-

1135 2978 1287 3011 minatim
1310 2988 1326 3009 a
1349 2976 1534 3011 Guillelmo
1557 2976 1707 3012 Fabricio
1730 2977 1817 3022 (f)
1855 2990 1918 3013 non
1940 2980 2040 3015 modo
2062 2980 2154 3024 quod

1134 3021 1254 3063 legerat
1277 3043 1289 3059 ‚
1322 3020 1446 3054 Virum
1481 3021 1661 3063 Principem
1687 3020 1861 3062 pharmaco
1893 3045 1902 3061 ,
1934 3036 1973 3058 ex
2007 3024 2154 3058 elleboro

1135 3066 1231 3107 nigro
1255 3070 1386 3106 parato,
1412 3066 1643 3106 interemptum
1667 3062 1785 3104 fuisse,
1808 3078 1919 3101 verum
1942 3070 2044 3102 etiam
2063 3067 2154 3111 quod

1135 3107 1201 3151 ipse
1225 3106 1437 3148 meminerat,
1458 3108 1643 3142 Matronam
1666 3119 1806 3152 corpore
1830 3110 1904 3145 satis
1927 3112 2065 3148 validam
2100 3113 2151 3148 in-

1135 3160 1184 3184 tra
1215 3150 1266 3184 sex
1300 3150 1392 3185 horas
1426 3161 1586 3185 mortuam
1617 3151 1680 3186 csse
1713 3163 1753 3185 ex
1782 3164 1851 3196 qno
1874 3154 2079 3188 devoraverat
2103 3155 2154 3197 pi-

1136 3195 1216 3229 lulas
1258 3195 1410 3236 capitales
1433 3218 1443 3233 ‚
1494 3194 1611 3237 quibus
1644 3194 1796 3229 nonnihil
1831 3198 1967 3232 extracti
2009 3195 2152 3240 ejusdem

1135 3238 1264 3271 ellebori
1298 3236 1466 3273 admistum
1488 3237 1605 3274 ,fuerat
1640 3251 1651 3278 ς
1687 3237 1814 3272 tametsi
1851 3241 1905 3273 vix
1938 3242 2101 3274 vomitum
2139 3266 2151 3283 ,

1135 3284 1170 3316 &
1199 3280 1410 3324 dejectionem
1443 3282 1491 3315 bis
1524 3292 1688 3316 moverant
1714 3294 1723 3315 ε
1754 3293 1852 3326 quam
1871 3293 2038 3328 utramque
2061 3296 2153 3318 mor-

1135 3335 1201 3359 tem
1233 3335 1297 3357 non
1329 3324 1387 3367 ipsi
1421 3326 1563 3359 elleboro
1596 3350 1606 3365 ,
1649 3334 1702 3358 aut
1737 3326 1804 3370 ejus
1836 3327 1984 3361 extratsto
2030 3353 2040 3367 ,
2085 3339 2153 3371 quo

1136 3367 1310 3403 felicissime
1344 3370 1377 3401 in
1409 3368 1437 3402 se
1470 3368 1541 3410 ipso
1564 3392 1575 3408 ‚
1609 3367 1724 3402 nedum
1760 3371 1793 3405 in
1830 3370 1902 3404 aliis
1927 3395 1936 3411 ,
1966 3370 2037 3405 usus
2060 3380 2148 3411 erat,

1136 3410 1189 3448 sed
1223 3413 1470 3456 praeparantium
1502 3412 1710 3456 negligentiae
1745 3434 1758 3453 ,
1790 3422 1844 3447 aut
1881 3415 2055 3457 imperitiae
2100 3425 2154 3448 ac·

1457 3485 1463 3486 s
2056 3467 2108 3493 Ce-

92 3586 2144 3609 mmmm

113 3673 122 3679 —
143 3691 160 3719 ί
177 3696 191 3718 ν
209 3690 291 3718 >apua
306 3689 392 3715 Mead.
410 3692 434 3715 in
452 3689 561 3720 append.
577 3689 644 3720 supra
662 3693 692 3717 ad
709 3700 733 3717 n.
752 3698 775 3720 ⁹-
791 3691 834 3717 cit.

140 3724 155 3750 (
169 3721 182 3745 b
199 3721 211 3749 )
227 3723 366 3745 commem.
382 3722 471 3748 Liner.
490 3726 521 3745 Α.
538 3728 608 3751 ¹⁷43·
624 3722 703 3748 Hebes.
720 3724 744 3747 8.
762 3729 788 3745 n.
804 3731 828 3750 4.

140 3753 155 3781 ζ
169 3761 181 3780 e
201 3753 209 3782 )
226 3751 297 3783 Epist.
314 3754 338 3778 8.
358 3759 386 3779 n.
404 3760 442 3785 24·
504 3750 546 3783 [J
564 3755 576 3780 )
592 3751 706 3783 Respons.
724 3752 754 3779 ad
771 3751 874 3785 Doring.

896 3695 910 3724 (
927 3701 947 3723 τ.
960 3694 974 3723 )
991 3693 1050 3720 obs.
1067 3701 1091 3728 s,-
1107 3693 1152 3719 eit.
1169 3694 1230 3721 nist.
1251 3703 1270 3720 ι.
1332 3696 1347 3726 (
1363 3702 1379 3719 a

893 3725 955 3754 (c)
973 3727 1033 3752 Nat.
1049 3723 1110 3750 Hist.
1127 3725 1144 3750 1.
1162 3730 1299 3757 >mc-13.
1359 3725 1368 3756 (

1386 3694 1409 3751 a)
1423 3702 1530 3758 s'ivii'm.
1548 3728 1578 3756 de
1594 3726 1611 3753 ι’
1622 3726 1698 3755 And.
1712 3726 1746 3754 R.
1762 3725 1803 3766 iles
1818 3726 1858 3756 Se.
1873 3728 1905 3755 A.
1925 3731 1998 3761 επεν
