2498 4075
442 226 592 294 Epist.
628 225 789 281 Anat.
822 213 1036 282 Medica
1074 224 1243 281 XLIL
1280 225 1402 280 Art.
1422 227 1670 289 28.&292

39 300 139 343 longo
161 299 234 344 post
255 312 398 349 tempore
422 304 593 349 placuisse,
614 306 660 339 ita
684 307 717 338 in
741 308 837 340 altera
860 317 1043 349 proponen—

37 345 100 385 da,
121 356 192 387 quae
216 349 322 381 multo
346 349 449 390 plures
464 349 578 382 habuit
602 348 746 389 affeclas,
769 361 833 383 non
848 350 942 383 facile
965 351 1041 383 imi-

37 388 171 422 tandus.
197 390 313 433 Neque
336 394 421 424 enim
446 392 499 425 hic
522 392 561 425 de
585 394 674 425 tenui
698 393 804 435 aliqua
829 405 887 426 acu
911 395 1040 434 agitur,

37 432 89 465 sed
112 431 151 464 de
173 433 276 471 crassis
303 458 313 472 ‚
350 435 449 468 altero
474 434 607 477 persaepe
639 445 785 469 extremo
809 438 887 469 bene
919 437 1040 478 capita-

36 477 79 508 tis
102 492 116 514 ,ν
146 475 245 508 altero
269 478 430 510 interdum
454 490 518 511 non
558 480 606 511 ita
630 481 730 512 acutis
754 504 763 519 ‚
788 478 909 521 semper
934 489 1039 513 autem

35 519 103 560 (in
126 517 191 552 istis
213 519 286 553 dico
310 532 381 563 quae
407 521 580 562 deglutitas
604 521 644 554 ab
656 522 683 555 se
706 521 817 564 ajunt,
842 522 1038 564 pudibundis

36 562 230 603 Virginibus
252 567 266 603 >
298 563 385 606 quafi
409 563 446 596 de
480 564 632 597 industri-a
658 566 793 599 vesicam
821 567 1005 608 petentibus
1028 587 1038 602 ‚

35 615 135 646 neque
158 606 198 639 iis
208 609 359 648 praeviis,
382 609 411 638 &
434 609 667 641 comitantibus
678 608 864 646 doloribus,
890 621 924 643 ac
949 608 1037 650 sym-

36 650 237 690 ptomatibus
259 662 332 692 quae
356 660 426 689 res,
449 652 478 682 &
502 650 655 693 ejusmodi
682 652 733 685 via
758 652 902 693 posceret
926 675 933 682 .
970 654 1037 684 Ita·

33 702 95 732 que
119 695 222 725 rarior
244 716 254 731 ,
290 703 374 739 nunc
397 690 505 727 saltem
526 719 534 732 ‚
558 694 622 727 haec
646 694 728 736 apud
752 696 913 729 doctiores
937 695 1038 727 Italos

32 734 204 770 credulitas
226 736 289 775 est,
313 746 402 776 cnjus
427 738 459 768 in
485 738 670 780 regionibus
693 737 883 781 quibusdam
896 738 965 771 aliis
990 749 1037 771 re-

35 786 132 810 tentae
167 779 217 811 vel
251 780 283 811 in
308 779 471 812 nonnullis
504 782 641 823 egregiis
665 781 756 814 libris
787 781 907 814 indicia
943 781 1037 814 video

32 831 98 854 non
122 820 277 855 obscura·
305 823 580 864 Relinquebatur,
605 833 641 857 ut
665 835 729 856 non
749 825 847 857 modo
872 836 963 865 acus,
987 822 1038 857 sed

34 874 148 897 acuum
170 875 300 907 quoque
325 865 451 898 thecam
469 891 477 906 ,
514 878 612 909 quam
636 868 789 900 aciarium
815 877 931 901 vocant
954 889 964 905 ,
988 879 1039 900 ea-

17 909 105 941 'dem
129 908 310 942 tradutPtam
334 910 386 942 via
420 911 741 944 comminiscerentur
761 933 770 947 ,
803 912 933 953 quando
968 922 1038 943 eam

33 963 71 983 <x
96 950 193 984 vesica
216 952 345 986 etruscae
370 954 483 995 puellae
508 954 654 996 praestans
677 953 742 985 Vir
766 953 942 987 Benevolus
977 954 1042 993 (k)

0 998 2 1004 '
33 996 64 1027 se
88 992 203 1028 scribit
227 995 394 1028 exemisse.
419 997 486 1029 Hic
509 998 626 1030 iterum
652 995 757 1029 forsan
782 997 913 1030 moleste
938 995 1039 1033 feres,

34 1038 123 1071 ltalae
147 1039 258 1080 puellae
292 1051 408 1072 noxam
435 1051 513 1079 pene
544 1039 769 1073 incredibilem
793 1041 912 1082 attingi
940 1063 947 1070 .
972 1041 1040 1073 Ve-

31 1092 103 1115 rum
126 1080 177 1115 fac
196 1083 285 1124 ‚legas
309 1095 380 1125 quae
405 1083 444 1117 ad
469 1084 606 1116 Platneri
631 1083 878 1116 Institutionum
899 1081 1039 1116 Chirur-

33 1126 94 1168 giae
128 1126 156 1166 §.
185 1134 276 1167 1359.
303 1130 313 1165 (
336 1126 382 1165 l)
415 1126 486 1160 sunt
519 1127 703 1162 adnotata;
736 1137 813 1159 num
848 1127 950 1168 prima
983 1126 1038 1159 illa

32 1170 133 1202 suerit
157 1180 228 1211 quae
252 1169 284 1202 id
310 1170 423 1202 molita
446 1169 502 1205 sit,
526 1170 688 1210 intelliges
710 1193 718 1202 .
753 1171 912 1203 Attamen
938 1168 959 1201 si
985 1171 1037 1203 via

32 1212 88 1245 illa
122 1211 302 1246 Alexandri
327 1211 493 1246 Benediffi
526 1212 570 1245 usi
604 1212 699 1246 essent
733 1213 770 1246 ad
795 1224 867 1247 acus
900 1212 1036 1255 alicujus

30 1254 200 1289 transitum
232 1255 457 1298 explicandum
480 1266 545 1288 non
569 1256 609 1301 ⁴in
641 1255 833 1289 muliebrem
853 1254 999 1289 ¹vesicam
1024 1279 1034 1294 ‚

31 1300 65 1331 in
97 1309 193 1341 quam
218 1298 415 1332 extrinsecus
450 1299 641 1340 perbrevis,
673 1301 704 1332 &
736 1299 900 1342 expeditus
933 1300 1036 1333 aditus

30 1351 118 1386 patet
138 1365 151 1382 ,
186 1341 238 1377 sed
262 1345 296 1376 in
320 1342 445 1376 virilem
467 1365 477 1380 ,
509 1344 542 1375 in
567 1354 665 1384 quam
701 1343 806 1376 multo
829 1343 979 1384 longior,
1004 1346 1036 1377 δε

30 1385 208 1423 flexuosus3
233 1385 386 1419 libentius
407 1408 417 1423 ‚
452 1395 488 1419 ut
511 1386 588 1419 alibi
614 1386 715 1428 (m)
741 1385 847 1427 scripsi
871 1411 880 1425 ‚
905 1387 938 1418 in
962 1388 1036 1428 qui-

16 1429 167 1463 'busdam
190 1429 365 1471 praesertim
388 1428 530 1469 casibus,
553 1430 714 1462 crederem
739 1454 747 1462 .
782 1429 883 1468 Quod
907 1430 1036 1463 utinam

30 1475 65 1506 in
87 1471 290 1515 eopoffem,
314 1484 409 1515 quem
431 1473 493 1505 tibi
516 1473 664 1514 protinus
679 1472 901 1515 perscribam:
929 1474 1035 1506 minus

29 1515 159 1559 questus
182 1515 351 1554 essem,·&
374 1514 478 1550 adhuc
502 1525 670 1557 quererer,
695 1525 821 1558 quanto
845 1527 892 1548 res
915 1519 1036 1550 certior

30 1559 74 1595 est
99 1580 109 1596 ‚
144 1569 236 1593 tanto
259 1559 316 1593 elie
339 1559 377 1592 ad
402 1558 648 1601 intelligendum
671 1557 907 1592 difficiliorem.

74 1603 389 1638 2⁴8.„RUSTICUS
413 1613 573 1636 annorum
607 1601 822 1645 quadraginta
843 1624 855 1641 ‚
888 1613 905 1635 a
936 1603 1037 1644 longo

30 1646 96 1690 jam
121 1657 267 1687 tempore
289 1646 378 1688 gravi
402 1647 503 1678 urinae
535 1644 725 1679 difficultate
748 1645 919 1679 laborabat
941 1659 949 1680 :
983 1657 1037 1679 ne-

28 1702 92 1730 que
114 1690 158 1723 ob
182 1689 264 1723 hanc
289 1698 394 1722 tamen
418 1709 427 1725 ,
461 1687 511 1722 sed
532 1688 576 1722 ob
610 1687 707 1722 scroti
731 1688 1004 1722 exulcerationem
1028 1713 1037 1729 ,

3 1765 7 1770 ,
29 1736 61 1767 &
82 1731 203 1766 febrem
235 1733 275 1765 iriv
296 1732 533 1765 Nosocomium
565 1730 627 1765 hoc
653 1733 741 1765 venit
776 1742 841 1764 uno
865 1743 1036 1775 antequam

30 1785 237 1815 moreretur,
259 1775 364 1809 mense
386 1799 395 1808 .
428 1775 485 1815 Ad
506 1773 627 1808 febrem
653 1777 805 1822 primurn.
819 1773 888 1809 fusa
913 1777 1001 1809 alvus
1024 1799 1038 1816 ,

29 1821 144 1862 deinde
169 1819 316 1853 adstricta
338 1841 348 1855 ,
379 1820 410 1851 &
437 1818 553 1851 macies
585 1819 618 1850 in
641 1819 707 1852 dies
743 1828 847 1859 major
880 1819 1003 1853 acceffit
1028 1844 1039 1859 ‚

29 1878 93 1909 qua
112 1864 155 1898 ad
179 1863 341 1897 summum
366 1862 538 1903 perducta,
562 1864 591 1894 ἃ
615 1861 696 1895 facie
719 1861 898 1896 cachefflca
922 1862 1004 1895 fasta
1026 1885 1038 1902 ,
1060 1865 1063 1867 ’

29 1908 222 1951 urgentibus
257 1906 398 1947 antiquis
424 1904 462 1939 ad
496 1904 631 1938 vesicam
655 1907 852 1939 cruciatibus
875 1904 1039 1939 confectus

30 1953 75 1986 est
94 1977 103 1987 .
137 1951 239 1984 Morti
262 1948 328 1992 jam
353 1949 520 1989 proximus
553 1959 667 1991 cupere
691 1948 724 1983 id
747 1949 834 1990 quod
857 1950 950 1991 pauci
974 1948 1040 1991 ejus

30 1996 125 2030 sortis
148 1994 293 2027 homines
318 1991 419 2025 solent
437 2014 450 2031 ,
485 1990 569 2024 visus
592 1993 638 2025 est
659 2014 668 2028 ,
693 2001 728 2025 ut
750 1991 912 2026 diuturnae
937 1994 1038 2025 inole-

29 2040 229 2080 stilsimaeque
253 2035 392 2078 dysuriae
416 2033 507 2068 causa
533 2046 588 2076 per
612 2046 782 2070 anatomen
806 2045 1005 2078 quaereretur
1029 2061 1038 2070 .

29 2084 147 2125 Itaque
171 2082 373 2122 Chirurgum
398 2077 562 2121 appellat,
587 2081 678 2122 eique
701 2080 825 2121 aperit,
849 2078 877 2113 se
901 2079 958 2112 sibi
984 2091 1041 2112 an—

30 2137 63 2160 te
87 2126 257 2159 biennium
282 2134 373 2157 acum
398 2122 552 2155 crinalem
576 2134 613 2155 ex
637 2122 801 2155 orichalco
824 2123 856 2154 in
872 2122 1039 2156 urethram

30 2168 220 2209 immisisse,
243 2179 314 2211 quae
340 2177 417 2199 num
442 2163 555 2198 deinde
579 2163 763 2203 excidisset,
790 2176 828 2197 an
853 2165 1012 2199 restitisset
1028 2190 1039 2205 ,

29 2215 123 2258 juxta
146 2209 359 2255 ignoravisse,
383 2211 413 2242 δε
438 2207 542 2242 adhuc
564 2209 732 2250 ignorare.
757 2208 832 2249 Qa
858 2218 962 2242 autem
987 2219 1055 2253 ra-¹

30 2260 143 2295 tione,
166 2258 197 2289 &
219 2266 276 2289 cur
299 2250 499 2291 immisisset,
524 2253 656 2285 reticuit
679 2277 688 2291 ‚
711 2262 768 2284 nec
793 2250 974 2293 Chirurgus
998 2253 1040 2284 ab

28 2300 163 2336 homine
187 2299 253 2341 jam
277 2298 439 2329 moriente
461 2316 470 2330 ‚
493 2298 523 2327 &
547 2306 620 2329 cum
644 2295 765 2337 pudore
789 2294 873 2338 quasi
898 2295 1039 2337 quodam

30 2358 63 2379 ca
89 2352 239 2377 narrante
263 2339 411 2381 quaefivit
435 2363 443 2371 .
469 2339 548 2372 Haec
573 2350 646 2372 cum
672 2338 752 2371 mihi
777 2338 932 2372 retulisset
960 2348 1039 2372 tunc

27 2389 114 2423 forte
147 2387 208 2420 alia
233 2394 303 2419 tum
337 2382 509 2416 secundum
531 2404 540 2419 ‚
576 2392 645 2415 tum
671 2391 788 2422 praeter
821 2389 968 2415 naturam
1001 2383 1036 2415 in

20 2430 230 2466 Nosocomio
254 2426 432 2461 ostendenti
449 2449 458 2464 ,
482 2425 638 2458 continuo
663 2422 769 2457 afferri
783 2425 918 2459 cadaver
944 2424 1036 2467 juffi,

22 2477 106 2511 hane
130 2474 254 2512 etiam,
276 2481 372 2513 quam
389 2471 525 2502 'brevem
551 2468 741 2507 credebam,
766 2469 803 2502 ad
828 2479 956 2502 caeteras
972 2469 1035 2502 sta-

22 2522 85 2553 tim
109 2517 279 2551 additurus
302 2511 551 2555 perquisitiones
577 2536 584 2542 .
620 2513 662 2544 Et
686 2514 841 2554 quoniam
878 2524 969 2546 acum
995 2512 1033 2546 ad

23 2561 164 2597 urethrae
196 2558 323 2592 flexum
346 2552 466 2589 haehffe
488 2577 497 2593 ,
531 2564 585 2588 aut
609 2554 630 2587 si
656 2555 742 2588 sorte
767 2555 871 2597 postea
895 2555 1033 2589 excidis-

24 2607 69 2641 set
89 2628 107 2643 ‚.
132 2613 282 2646 magnam
308 2600 355 2633 ibi
378 2598 483 2632 labem
506 2595 665 2640 reliquisse
684 2598 909 2633 existimabam
933 2610 944 2637 5
969 2601 1035 2641 pri-

27 2660 120 2684 mum
143 2646 291 2681 omnium
313 2643 480 2677 urethram
504 2643 581 2675 illuc
606 2642 704 2685 usque
727 2643 834 2676 censui
860 2642 1033 2677 secundum

28 2690 271 2734 longitudinem
304 2685 361 2721 esse
386 2685 609 2729 aperiendam.
744 2685 943 2720 SCROTO
968 2688 1034 2729 igi..

28 2747 106 2776 tur,
130 2733 218 2777 quod
244 2732 283 2765 ab
307 2732 381 2764 lotii
405 2755 413 2770 ‚
447 2740 483 2763 ut
506 2731 624 2772 opinor
647 2754 656 2770 ‚
679 2728 846 2763 stillicidio
870 2730 1034 2763 exulcera-

29 2790 102 2814 tum
126 2778 229 2811 adhuc
254 2784 341 2813 erat,
366 2773 468 2807 inciso
490 2796 500 2811 ‚
535 2785 608 2806 cum
634 2773 725 2806 testes
747 2785 841 2816 aequo
865 2773 999 2814 majores
1022 2795 1032 2810 ,

28 2826 187 2866 planeque
210 2818 329 2852 tumidi
351 2817 536 2851 viderentur
557 2830 565 2853 3
599 2814 692 2850 facile
716 2818 893 2860 apparuit,
919 2816 951 2849 id
976 2816 1034 2850 esse

30 2879 47 2900 a
72 2867 195 2900 tunicis
217 2861 436 2900 crassioribus,
460 2860 603 2902 albisque
627 2858 743 2897 faeti„
769 2871 834 2892 non
860 2872 874 2892 a
898 2859 1033 2893 distenta

29 2911 163 2944 illorum
198 2905 370 2939 substantia
394 2928 400 2935 .
433 2904 517 2944 Qae
542 2925 550 2940 ,
584 2901 640 2936 etsi
666 2903 836 2944 Vaginalis
860 2905 970 2936 tunica
995 2903 1034 2937 ad

29 2953 248 2995 Albugineam
275 2946 381 2990 paffim
404 2946 607 2983 adhaerebat,
631 2945 670 2979 sic
695 2946 769 2979 satis
794 2947 864 2980 sana
888 2945 972 2985 fuit,
997 2959 1033 2981 ea

29 3007 122 3041 parte
145 3002 276 3036 excepta
300 3002 437 3033 quacum
461 2989 595 3024 inferior
617 2990 820 3022 connectitur
833 2989 1033 3033 epididymi-

28 3041 78 3075 dis
101 3039 217 3082 globus
239 3051 248 3074 3
280 3034 347 3068 liaec
369 3034 458 3068 enim
483 3034 650 3080 purulenta
674 3042 765 3066 erant
786 3057 794 3071 ‚
818 3036 849 3066 δε.
873 3035 1032 3075 nigrican-

28 3085 96 3118 tia.‘
122 3083 219 3115 Tunc
243 3077 372 3113 urethra
398 3078 437 3110 ab
460 3086 590 3111 externo
614 3088 679 3117 eius
691 3075 820 3109 orificio
846 3086 1030 3118 per.totam

30 3127 119 3170 penis
141 3122 331 3159 inferiorem
354 3120 467 3154 faeiem
483 3145 493 3160 ,
517 3123 547 3153 &
572 3121 746 3161 perinaeum
771 3118 916 3161 adaperta
937 3144 949 3161 ,
981 3123 1031 3154 in-

29 3172 144 3205 timam
168 3167 235 3211 ejus
257 3167 401 3199 tunicam
426 3175 527 3206 neque
550 3164 767 3197 exulceratam
790 3184 798 3199 ‚
823 3174 923 3205 neque
945 3167 1030 3198 cica-

28 3213 181 3247 tricosam
202 3235 213 3250 ,
245 3221 347 3251 neque
371 3208 536 3241 rubentem
558 3217 569 3244 3
593 3209 660 3239 imo
685 3207 897 3246 albicantem,
919 3210 950 3241 &
974 3209 1031 3241 lae-

30 3268 103 3290 vem
127 3256 267 3297 ubique,
290 3250 526 3286 craffiusculam
547 3258 655 3283 tamen
679 3248 796 3283 saetam
820 3252 950 3284 inveni.
976 3253 1028 3286 Sic

29 3301 86 3334 ubi
109 3295 367 3334 intellexissem.,
400 3294 435 3327 ad
461 3294 613 3327 ulteriora
648 3292 706 3327 esse
731 3295 827 3326 nobis
861 3294 1027 3328 transeun-

28 3343 129 3380 dum3
156 3342 294 3383 reliquas
316 3348 427 3372 omnes
441 3336 548 3370 Partes
569 3347 639 3378 quae
652 3336 689 3369 ad
713 3338 838 3370 urinam
863 3339 1002 3371 attinent
1016 3364 1026 3379 ‚

28 3384 155 3420 extrahi
179 3384 337 3417 continuo
360 3380 448 3422 juffi.
473 3381 553 3413 Erat
579 3381 678 3413 vesica
702 3378 766 3413 fine
792 3380 881 3413 urina
903 3404 912 3420 ‚
944 3383 975 3414 δι
1000 3383 1033 3416 in

28 3430 57 3463 se
80 3427 272 3466 contrada,
295 3425 444 3458 abnormi
468 3432 574 3455 autern
598 3422 700 3465 figura
721 3448 729 3457 .
765 3423 855 3457 Nam
883 3424 920 3458 ad
947 3426 1032 3459 sum-

29 3484 119 3507 mum
140 3472 312 3505 dexterum
338 3469 420 3500 latus
443 3466 641 3512 excrescebat
665 3467 697 3499 in
713 3466 905 3508 quadratum
929 3480 1031 3511 quen-

26 3516 101 3550 dam
125 3516 249 3549 saccum
265 3511 481 3547 mediocrem,
507 3520 570 3551 jam
595 3509 848 3552 nigrescentem.
872 3511 939 3546 Hic
951 3513 1031 3555 quid

27 3558 102 3593 esset
124 3583 135 3597 ,
169 3561 199 3592 δι
222 3554 303 3598 quid
325 3555 504 3588 contineret
528 3575 537 3591 ‚
564 3554 713 3594 apparuit
735 3555 908 3591 omnibus,
930 3556 1030 3590 incisa

23 3603 65 3637 ab
89 3603 247 3635 anteriore
269 3597 351 3632 facie
374 3598 515 3640 primum
541 3593 685 3637 suprema
708 3621 716 3635 ‚
739 3608 814 3638 quae
835 3598 1030 3640 inspicienda

114 3643 279 3686 Morgagni
291 3642 325 3674 de
340 3641 406 3675 Sed.
421 3641 461 3673 Θ
472 3638 559 3681 Caufi
572 3638 675 3673 Morb.
694 3640 852 3680 Tom.11.

1934 227 2026 289 169

1095 303 1253 344 restabat,
1278 305 1415 338 urethrae
1440 312 1553 347 parte,
1572 314 1645 338 tum
1668 302 1735 345 ipsa
1759 300 1884 336 vesica.
1908 301 1953 335 Et
1977 303 2011 334 in
2034 303 2090 336 illa

1093 348 1227 390 quidem
1252 347 1390 382 urethrae
1413 358 1500 389 parte
1524 346 1621 388 usque
1645 346 1682 380 ad
1701 346 1892 380 Seminalem
1915 354 2019 378 totam
2038 356 2091 378 ca-

1095 392 1281 428 runculam,
1306 402 1378 433 quae
1403 391 1535 433 strigosa
1558 399 1627 423 erat
1649 414 1657 428 ‚
1682 388 1737 422 suo
1759 398 1866 423 tamen
1890 387 1958 421 sinu
1982 387 2093 421 secun-

1092 438 1170 468 dum
1194 443 1341 468 naturam
1365 434 1495 476 praedita
1516 457 1526 472 ‚
1560 433 1665 467 nihilo
1690 433 1758 474 plus
1783 433 1857 466 vitii
1880 431 2092 473 deprehendi-

1092 489 1162 511 mus
1182 500 1191 515 ,
1229 489 1324 520 quain
1350 478 1383 509 in
1416 476 1543 511 dissecta
1566 486 1656 510 antea
1692 476 1817 517 reliqua
1841 474 1974 510 urethra
1994 498 2002 507 .
2029 472 2094 507 Sed

1088 522 1248 554 continuo
1272 520 1365 563 supra
1387 521 1620 558 carunculam,
1646 530 1710 553 non
1723 518 1872 552 Prostatae
1895 516 2015 555 modo,
2040 514 2092 550 sed

1088 567 1120 597 δε
1146 564 1253 597 veficae
1275 564 1414 605 interior
1438 562 1532 596 facies
1556 562 1700 597 universa
1722 563 1867 596 occurrit
1889 561 2092 597 exulcerata,

1087 609 1117 640 δι
1152 606 1280 642 subalba
1303 606 1442 650 quadam
1474 605 1560 649 quasi
1592 604 1719 640 eschara
1750 605 1892 638 obdueta
1911 629 1918 637 .
1952 605 2092 637 Tunicae

1090 660 1197 683 autem
1222 649 1329 690 veficae
1349 673 1361 690 ‚
1394 650 1483 692 quod
1507 650 1640 684 secando
1675 648 1778 682 fuerat
1812 646 2090 685 animadversum,

1087 693 1194 726 craffae
1217 692 1307 727 fac'tae
1331 703 1420 726 erant
1446 718 1455 733 ,
1490 696 1521 726 δι’
1544 693 1578 724 in
1602 700 1692 735 parte
1716 690 1845 732 lividae,
1871 702 1905 723 ac
1929 691 2095 731 nigrican-

1091 747 1156 775 tes,
1185 738 1218 769 in
1242 747 1331 780 parte
1355 736 1432 769 albae
1453 758 1462 774 ,
1485 738 1516 768 δι
1538 736 1625 777 quasi
1650 734 1836 768 scirrhosae.
1863 734 1978 775 Neque
2002 735 2095 766 aliter

1089 781 1116 812 is
1139 780 1242 813 saccus
1268 780 1295 814 se
1317 780 1475 816 habebat,
1499 779 1537 813 de
1562 790 1628 821 quo
1640 778 1739 811 modo
1761 776 1885 811 dietum
1907 777 1973 815 est,
1997 777 2096 818 quip-

1090 834 1129 866 pe
1152 833 1218 856 non
1243 823 1344 857 solum
1368 822 1496 856 orificio
1520 833 1609 864 aeque
1633 833 1667 855 ac
1690 821 1757 864 ipse
1778 843 1787 860 ‚
1811 820 1918 862 amplo
1941 829 2016 852 cum
2040 830 2098 852 ve-

1090 865 1150 899 sica
1175 869 1416 900 communicans
1438 891 1447 906 ,
1482 864 1534 898 sed
1558 876 1596 898 ex
1619 864 1716 906 hujus
1746 864 1898 898 omnibus
1930 859 2096 909 produdftis

1089 911 1208 942 tunicis
1230 909 1333 944 sacius
1353 935 1361 944 .
1387 910 1465 943 Erat
1488 910 1574 942 intra
1598 908 1700 950 ipsum
1723 906 1864 942 calculus
1884 932 1894 947 ‚
1930 909 2019 939 nucis
2043 917 2096 948 Ju-

1088 953 1216 994 glandis
1240 953 1434 991 mediocris,
1461 952 1511 984 vel
1537 952 1645 994 potius
1672 962 1778 994 parvae
1792 948 2038 995 magnitudine,
2061 950 2095 981 &

1090 996 1312 1038 quadantenus
1336 997 1434 1030 etiam
1460 994 1566 1028 forma
1588 1019 1597 1035 ‚
1621 994 1758 1040 humore
1782 994 1930 1028 albumen
1955 991 2097 1026 referen-

1090 1046 1122 1071 te
1146 1050 1209 1072 non
1234 1040 1338 1072 multo
1362 1040 1507 1072 oblitus:
1533 1050 1571 1071 ex
1594 1048 1687 1079 cuius
1710 1039 1831 1075 latere,
1856 1045 2000 1070 extremo
2019 1036 2099 1069 alte-

1089 1084 1119 1115 ri
1145 1084 1297 1124 propiore
1318 1104 1328 1118 ,
1361 1093 1432 1115 acus
1455 1081 1511 1115 illa
1535 1082 1664 1120 exibat,
1688 1081 1958 1125 prominebatque
1982 1080 2020 1113 ad
2045 1078 2098 1112 di-

1089 1126 1178 1168 gitos
1200 1124 1394 1158 transversos
1417 1125 1498 1158 duos
1518 1147 1527 1161 ,
1565 1132 1654 1165 parte
1686 1123 1736 1158 sui
1772 1125 1896 1166 reliqua
1918 1146 1927 1161 ‚
1962 1134 2032 1164 quae
2058 1120 2098 1156 ad

1089 1168 1271 1210 capitulum
1295 1169 1454 1209 spectabat
1474 1190 1483 1205 ,
1519 1169 1604 1200 intra
1627 1167 1787 1200 calculum
1812 1168 1895 1206 alte,
1919 1165 2097 1198 firmiffime

1087 1222 1197 1249 certe,
1221 1210 1349 1245 condita
1364 1236 1373 1251 ‚
1398 1221 1434 1245 ut
1448 1211 1590 1253 digitum
1603 1209 1814 1244 transversum
1839 1211 1974 1243 alterum
1988 1219 2101 1250 aequa-

1086 1267 1122 1289 re
1147 1277 1157 1292 ,
1190 1258 1220 1288 &
1244 1253 1376 1289 fortaffe
1401 1257 1496 1288 etiam
1522 1253 1665 1296 superare
1700 1253 1785 1296 posle
1809 1254 1970 1287 videretur
1992 1277 2000 1286 .
2035 1253 2099 1286 Sed

1089 1310 1160 1341 pars
1193 1298 1248 1332 illa
1271 1299 1369 1332 altera
1400 1310 1472 1342 quae
1497 1298 1536 1331 ad
1569 1297 1733 1340 cuspidem
1755 1317 1765 1334 ‚
1799 1307 1933 1339 eamque
1958 1295 2099 1329 aeutiffi-

1087 1353 1195 1379 mam,
1222 1342 1427 1384 pertinebat,
1449 1341 1616 1374 refflffima
1642 1366 1651 1381 ,
1683 1341 1804 1383 quippe
1829 1350 1863 1374 ut
1888 1342 1922 1373 in
1946 1351 2003 1373 acu
2026 1350 2100 1382 quae

1090 1398 1129 1419 ex
1154 1386 1353 1419 firmioribus
1376 1385 1442 1425 est,
1465 1395 1567 1427 neque
1590 1396 1628 1417 ex
1652 1384 1855 1417 tenuioribus
1870 1409 1879 1424 ‚
1903 1391 2031 1420 tantum
2043 1394 2101 1416 ex-

1089 1440 1139 1463 tra
1162 1429 1243 1462 sacci
1266 1429 1429 1462 orificium
1452 1427 1598 1461 deorsum
1625 1439 1663 1460 ex
1686 1427 1824 1470 obliquo
1848 1426 2102 1467 sedernittebat‚

1089 1483 1126 1506 ut
1148 1474 1182 1504 in
1206 1474 1308 1508 imum
1332 1473 1506 1505 commetae
1531 1472 1641 1504 vesicae
1665 1471 1826 1504 sinistrum
1861 1470 1942 1504 latus
1967 1480 2102 1504 acumen

1089 1515 1238 1558 infigeret
1263 1538 1273 1553 ‚
1307 1513 1388 1549 unde
1413 1515 1504 1548 nullo
1539 1515 1672 1556 negotio
1696 1514 1877 1547 extractum
1911 1516 1954 1548 est
1979 1539 1987 1547 .
2020 1513 2103 1549 Quo

1090 1570 1170 1593 tunc
1194 1557 1267 1592 esset
1292 1558 1430 1601 pondere
1455 1558 1596 1591 calculus
1615 1581 1623 1596 ‚
1649 1568 1712 1589 non
1726 1556 1855 1599 quaefivi
1871 1570 1881 1589 .·
1904 1568 1977 1590 cum
1991 1567 2102 1591 autem

1091 1614 1269 1645 quaei·erem
1293 1604 1432 1643 septimo
1458 1601 1625 1643 postquam
1651 1607 1793 1641 repertus
1814 1600 1858 1633 est
1881 1612 1985 1640 anno,
2010 1600 2103 1634 fimul

1092 1647 1169 1680 cum
1193 1657 1250 1679 acu
1272 1644 1440 1679 drachmas
1463 1644 1537 1677 duas
1558 1669 1567 1683 ‚
1592 1643 1796 1685 totidemque
1821 1642 1986 1685 scrupulos
2011 1643 2105 1686 supe-

1093 1689 1187 1723 rabat
1222 1690 1329 1731 granis
1351 1688 1458 1722 decem
1480 1710 1493 1727 ,
1525 1684 1589 1721 five
1614 1687 1715 1720 mavis
1735 1708 1745 1724 ‚
1778 1697 1814 1733 ut
1839 1687 1892 1721 liic
1929 1686 1958 1721 se
1984 1687 2105 1722 habent:

1092 1732 1216 1767 medica
1241 1731 1404 1774 pondera,
1430 1730 1678 1772 semiscrupulo.
1704 1729 1897 1765 Subslavurn
1913 1741 2021 1764 autem
2046 1732 2105 1766 ubi

1094 1777 1268 1812 asservavi,
1292 1774 1441 1817 deposuit
1466 1774 1653 1815 pulverem;
1672 1774 1719 1813 ,est
1744 1775 1829 1807 enim
1851 1774 2021 1818 superficie
2035 1787 2101 1809 non

1092 1820 1189 1857 laevi,
1213 1830 1314 1860 eaque
1338 1819 1477 1850 maxima
1500 1829 1536 1850 ex
1561 1828 1650 1857 parte
1676 1817 1714 1850 ad
1738 1817 1832 1850 illum
1856 1819 2002 1852 colorem
2035 1831 2104 1853 ver-

1093 1873 1191 1906 gente
1212 1887 1220 1895 .
1252 1863 1419 1895 Caeterum
1443 1863 1476 1894 in
1511 1860 1610 1906 vesica
1633 1870 1798 1894 ureterum
1829 1862 1954 1895 oris-icia
1993 1864 2103 1897 multo

1091 1918 1191 1947 quarn
1216 1905 1338 1942 solent,
1363 1913 1454 1937 erant
1479 1915 1626 1945 majora:
1651 1914 1793 1938 ureteres
1816 1915 1924 1939 autem
1948 1907 2104 1946 latiores,

1091 1953 1124 1983 ὃ(
1150 1960 1225 1991 pure
1250 1948 1329 1981 adeo
1351 1947 1504 1984 distenti,
1529 1956 1565 1981 ut
1590 1948 1711 1980 alicubi
1734 1947 1971 1983 crassitudinem
1994 1961 2104 1992 aequa-

1092 2002 1165 2028 rent
1190 1992 1341 2034 pollicis.
1368 1992 1411 2024 Et
1435 2002 1522 2025 renes
1547 2002 1677 2033 quoque
1700 1991 1832 2025 fuerunt
1844 1995 2105 2036 aequotamplio-

1093 2048 1163 2072 res,
1190 2039 1220 2068 δέ
1243 2035 1386 2077 turgidi:
1412 2034 1524 2076 pallidi
1559 2036 1698 2068 exterius
1720 2046 1731 2073 3
1767 2036 1854 2069 intus
1879 2048 1983 2070 autem
2009 2038 2105 2071 semi-

1094 2089 1224 2122 putres,
1249 2081 1278 2110 δι
1303 2089 1380 2121 pure
1401 2079 1530 2111 cinereo
1554 2077 1725 2111 scatentes.
1750 2078 1888 2122 Reliqua
1913 2083 1947 2114 in
1965 2083 2104 2116 cadave-

1093 2123 1333 2172 re-exarninare
1367 2133 1424 2156 nec
1445 2133 1526 2165 opus
1548 2121 1700 2165 credidi,
1732 2133 1789 2157 nec
1813 2133 1869 2167 per
1901 2128 2028 2168 ternpus
2060 2127 2103 2161 11-

1091 2176 1183 2199 cuit.
1839 2188 1841 2191 ,
1911 2184 1913 2188 ,

1139 2220 1188 2250 29.
1214 2211 1336 2243 Raram
1358 2208 1462 2252 hane,
1485 2214 1537 2257 &2
1561 2210 1583 2246 si
1610 2221 1730 2247 attente
1752 2215 1862 2248 omnia
1897 2214 2070 2258 perpendas
2093 2241 2106 2258 ,

1094 2251 1287 2295 singularem
1319 2253 1447 2288 fortasse
1471 2254 1743 2291 Observationem
1770 2280 1780 2295 ‚
1816 2258 2012 2301 inspectante
2037 2258 2102 2294 fre-

1093 2297 1295 2338 quentiffima
1319 2297 1545 2332 Studiosorum
1561 2299 1754 2341 Juvenum5
1772 2302 2020 2345 Dostorumque
2045 2315 2102 2337 co-

1092 2349 1171 2372 rona
1194 2340 1292 2374 habui
1318 2341 1382 2373 IV.
1409 2342 1482 2375 Kal.
1507 2344 1699 2377 Decembres
1723 2346 1764 2378 A.
1793 2353 1886 2388 1742.
1911 2347 2001 2386 cujus
2014 2346 2108 2382 summ

1091 2394 1177 2417 mam
1202 2384 1366 2423 Quinffili
1391 2385 1496 2419 mense
1519 2386 1717 2428 insequentis
1741 2390 1815 2421 anni
1842 2390 1896 2423 Cl.
1923 2390 2008 2423 Viro
2023 2391 2099 2425 Mo-

1088 2427 1191 2462 rando
1224 2439 1277 2470 per
1311 2427 1434 2461 litteras
1465 2428 1677 2471 significavi:
1710 2432 1767 2473 qui
1805 2443 1879 2465 cum
1905 2434 2009 2475 Regia
2042 2436 2097 2470 illa

1086 2470 1334 2513 Chirurgorum
1368 2470 1542 2515 Academia
1568 2473 1607 2506 ab
1641 2473 1669 2506 se
1693 2477 1970 2509 communicatam
2003 2477 2062 2512 esse
2088 2503 2099 2519 ,

1085 2524 1144 2546 nec
1167 2513 1206 2547 de
1230 2514 1291 2547 hoc
1315 2514 1452 2557 amplius
1482 2516 1662 2558 quidquam
1687 2517 1775 2560 quod
1812 2519 1849 2553 ad
1868 2531 1924 2553 sne
1947 2532 2100 2563 pervene-

1084 2558 1129 2590 rit
1145 2581 1157 2597 ,
1182 2555 1341 2599 rescripsit
1360 2581 1368 2588 .
1405 2558 1617 2600 significandi
1642 2570 1749 2594 autem
1774 2563 1865 2596 causa
1889 2562 1994 2598 fuerat
2017 2590 2027 2605 ,
2060 2578 2099 2601 ut

1085 2597 1110 2633 fi
1134 2599 1221 2634 forte
1246 2601 1386 2634 Lutetiae
1411 2603 1444 2635 in
1469 2603 1563 2636 Urbe
1591 2603 1802 2638 multitudine
1826 2605 2000 2641 hominum
2021 2632 2029 2647 ‚
2064 2613 2097 2644 δε

1086 2654 1162 2677 cum
1186 2643 1326 2678 scientiis
1351 2644 1446 2684 aliis,
1470 2656 1539 2692 tum
1564 2656 1631 2680 arte
1655 2649 1687 2681 in
1714 2650 1826 2690 primis
1849 2651 2093 2689 exsecandical-

1085 2687 1177 2721 culos
1193 2688 1408 2727 >celeberrima
1433 2714 1443 2729 ‚
1475 2688 1713 2731 ejusdemmodi
1737 2703 1785 2724 res
1803 2704 1806 2708 ’
1821 2693 2003 2733 accidisset3
2027 2709 2096 2730 cer-

1085 2732 1153 2763 tior
1176 2731 1284 2765 fierem
1299 2754 1308 2769 ,
1333 2734 1364 2765 &
1387 2744 1450 2775 qua
1476 2734 1644 2768 rationeid
1668 2733 1885 2777 fieripotuiffe
1909 2739 2094 2781 crederent,

1085 2785 1150 2807 non
1173 2777 1379 2822 ignora-rem.
1405 2776 1648 2817 Ejusdemmodi
1672 2789 1739 2811 rem
1762 2789 1835 2812 cum
1860 2782 1936 2814 dico
1958 2807 1967 2822 ,
2001 2781 2094 2819 acum

1085 2818 1238 2860 intelligo
1262 2819 1406 2861 ejusdem
1430 2820 1666 2861 longitudinis,
1691 2820 1904 2857 firmitudinis
1924 2851 1934 2865 ,
1959 2829 2094 2862 rectitu-

1085 2862 1192 2898 dinis,
1217 2874 1252 2895 ac
1276 2862 1380 2895 nostra
1403 2863 1463 2899 est3
1489 2875 1590 2906 neque
1615 2865 1699 2897 enim
1724 2865 1929 2908 breviorem,
1953 2880 2007 2904 aut
2031 2871 2094 2904 fle-

1084 2904 1183 2952 :5ilem
1205 2918 1292 2948 aeque
1327 2907 1446 2952 mirum
1469 2904 1545 2940 esset
1579 2918 1632 2949 per
1658 2910 1754 2940 maris
1786 2909 1949 2945 urethram
1975 2915 2008 2946 in
2036 2926 2091 2948 ve-

1084 2948 1179 2981 sicam
1216 2948 1390 2991 pervenisse
1421 2973 1428 2980 .
1471 2951 1624 2991 Legeram
1657 2950 1789 2993 quidem
1823 2954 1903 2995 apud
1947 2959 2092 2993 Paraeum

1084 2992 1138 3033 (n
1162 2995 1198 3032 ),
1219 2993 1378 3025 calculum
1401 3005 1416 3025 e
1439 2993 1526 3025 virili
1552 2993 1651 3027 vesica
1676 2998 1862 3037 exemptum
1886 3019 1895 3035 ‚
1927 3001 2017 3033 nucfs
2042 3001 2091 3040 ju-

1079 3034 1206 3077 glandis
1229 3033 1383 3077 craffitie‚
1406 3036 1438 3068 in
1461 3046 1519 3077 quo
1542 3037 1642 3070 medio
1665 3048 1739 3070 acus
1761 3040 1790 3071 ei
1811 3038 1904 3080 plane
1928 3043 2088 3086 quasuto-

1083 3088 1131 3110 res
1146 3078 1236 3121 suere
1252 3078 1354 3121 solent
1373 3101 1384 3118 ‚
1401 3077 1518 3119 similis
1540 3080 1667 3121 depasta
1690 3080 1847 3122 visebatur
1870 3108 1876 3116 .
1915 3086 2039 3121 Verum
2064 3089 2088 3123 fi

1081 3122 1167 3155 intra
1189 3122 1347 3155 calculum
1370 3121 1525 3161 condita;
1548 3124 1679 3157 brevior
1701 3133 1769 3157 erat
1792 3149 1801 3164 ,
1825 3138 1919 3168 quam
1945 3132 2050 3164 nostra
2077 3145 2090 3165 .-

1081 3165 1105 3213 ᾗ
1129 3177 1144 3197 e
1167 3165 1293 3198 calculo
1316 3166 1500 3206 prominens
1521 3179 1530 3203 ;
1554 3179 1616 3209 qua
1640 3177 1748 3201 tamen
1773 3168 1847 3202 esset
1880 3172 2087 3213 longitudine

1080 3218 1288 3250 ignoramus.
1314 3208 1482 3242 Utralibet
1514 3220 1621 3244 autem
1646 3212 1772 3244 ratione
1805 3210 1901 3245 fucrit
1922 3226 1933 3253 3
1967 3220 2086 3250 nonni-

1080 3249 1126 3283 hil
1161 3250 1244 3286 flexa
1267 3250 1342 3284 esset
1364 3274 1374 3290 ‚
1408 3263 1447 3285 an
1473 3254 1556 3287 resta
1580 3268 1589 3292 ς
1624 3255 1657 3287 in
1681 3255 1793 3296 primis
1827 3267 1904 3289 vero
1927 3269 2003 3293 num
2030 3271 2085 3303 per

1077 3294 1243 3329 urethram
1268 3294 1431 3335 subiisset,
1456 3296 1612 3332 nescimus
1635 3323 1642 3330 .
1668 3298 1753 3330 Aliae
1778 3299 1864 3332 enirn
1887 3299 1945 3334 esse
1969 3312 2086 3344 potue-

1077 3348 1153 3387 runt
1188 3340 1248 3371 viae
1279 3339 1349 3371 acui
1384 3338 1561 3380 praesertim
1595 3341 1845 3382 non'capitatae
1867 3365 1880 3382 ,
1916 3356 1971 3387 per
2003 3358 2083 3388 quas

1086 3391 1119 3413 in
1157 3384 1289 3415 vesicam
1322 3380 1470 3416 transiret
1491 3408 1499 3416 .
1530 3386 1580 3417 Sic
1614 3394 1706 3416 acum
1738 3384 1874 3419 similem
1897 3408 1907 3424 ‚
1941 3385 1966 3421 fi'
1999 3391 2083 3424 recte

1085 3428 1216 3458 memini
1243 3451 1251 3465 ‚
1286 3426 1371 3458 Tab.
1396 3436 1448 3467 30.
1472 3439 1489 3460 a
1520 3429 1573 3460 Cl.
1597 3425 1800 3460 Cheseldeno
1832 3434 1842 3468 (
1868 3431 1918 3472 o)
1952 3430 2088 3465 exhibi-

1083 3478 1150 3503 tam
1171 3492 1180 3507 ‚
1214 3470 1297 3502 circa
1322 3480 1420 3511 quam
1454 3480 1634 3503 accreverat
1656 3470 1795 3504 calculus
1828 3483 1845 3504 e
1869 3475 1958 3514 pueri
1983 3472 2082 3511 vesica

1081 3513 1200 3546 excisus
1214 3537 1223 3552 ,
1246 3511 1454 3545 Doffiffiintss
1465 3513 1529 3546 Vir
1542 3512 1690 3546 Meadius
1701 3513 1825 3546 censuit
1836 3527 1890 3556 per
1901 3519 2080 3558 perinaeum

1081 3554 1208 3589 subiiffe
1221 3569 1241 3602 :¹
1255 3558 1286 3587 &
1300 3554 1510 3589 Vallisnerius
1521 3560 1583 3597 (p)
1596 3555 1814 3598 suspicabatur
1828 3579 1837 3595 ,
1863 3561 2084 3597 ramusculum

1080 3609 1176 3634 certae
1188 3597 1351 3641 cujusdam
1364 3599 1482 3641 plantae
1492 3610 1588 3642 quem
1598 3600 1683 3675 ίᾷῑτει
1695 3599 1853 3636 calculum
1865 3602 1973 3637 veficae
1985 3616 2082 3645 apru-

1964 3658 2036 3689 gnae

25 3725 2087 3754 62-—-———*—-——·———-·——-——-——-d——-—-—'f-———--————-———-

87 3796 103 3824 (
116 3792 133 3817 k
150 3793 163 3820 )
179 3794 271 3818 Offerv.
288 3801 327 3821 φ..
389 3792 404 3821 (
419 3791 429 3814 1
447 3789 453 3818 1
471 3794 521 3814 not.
538 3789 568 3813 b.
738 3820 743 3824 -

85 3825 96 3856 ξ
111 3831 127 3855 p
144 3823 158 3854 )
173 3826 252 3855 opere
267 3823 343 3849 Tom.
360 3829 383 3849 1.
401 3824 429 3848 Ρ.
443 3824 465 3847 6.
483 3819 547 3846 neila
563 3822 658 3847 Lettera
673 3822 697 3845 al
714 3822 814 3858 Gmffl'

629 3790 643 3819 (
659 3798 683 3814 m
703 3789 711 3820 )
728 3789 850 3825 Adversar.
867 3799 888 3823 3.
904 3791 1019 3818 Animad.
1036 3795 1076 3822 36·

1135 3792 1150 3823 (
1165 3799 1181 3817 n
1198 3793 1208 3823 )
1224 3793 1298 3823 oper.
1315 3791 1333 3817 1.
1350 3798 1389 3822 ²⁴·
1407 3798 1430 3818 c.
1449 3798 1487 3822 19-
1549 3792 1564 3822 (
1579 3800 1591 3817 o
1607 3792 1621 3822 )
1637 3792 1691 3820 The
1706 3793 1780 3822 Anat.
1798 3793 1826 3820 of
1839 3794 1880 3822 the
1895 3794 1964 3823 hum.
1976 3795 2053 3827 body.
