2498 4075
435 168 532 241 '336

371 293 490 327 scabies
511 288 730 323 remediorum
762 299 823 329 ope
847 289 885 322 ad
907 298 1015 323 cutem
1039 289 1231 330 pellentium
1255 291 1366 325 rediis-

369 335 442 374 set,
466 335 573 368 urinas
596 330 746 364 sanorum
770 330 885 367 similes
909 332 1143 370 excernebant,
1165 335 1283 369 iterum
1307 347 1366 369 au-

365 386 433 412 tem
457 373 674 411 retrocedente
698 373 800 410 scabie
814 396 824 412 ‚
846 383 901 407 aut
924 375 1028 410 denuo
1052 385 1262 418 erumpente,
1284 378 1366 413 hanc

365 423 563 463 reciprocam
578 418 611 450 in
624 417 725 450 urinis
738 419 951 452 mutationem
964 418 1169 453 ostendebant
1182 444 1190 450 .
1205 422 1282 459 Quo
1295 433 1364 455 ma-

363 467 416 507 gis
428 462 576 497 Medicus
588 459 643 493 ille
653 460 930 502 cautiffimusquae
943 461 1035 504 supra
1049 463 1166 502 attuli,
1177 463 1363 506 Hippocra-

364 510 408 542 tis
421 504 578 547 exempla,
589 505 620 537 &
634 502 774 537 Ballonii
786 503 917 538 consilia
928 504 1044 539 diserte
1057 504 1181 541 secutus
1194 531 1203 546 ‚
1226 506 1363 543 scabiem

364 560 430 584 non
453 548 547 582 omni
570 556 715 587 tempore
739 549 833 582 unius
856 549 940 582 cutis
962 550 1113 583 morbum
1136 547 1214 589 esse,
1237 550 1362 584 intelli-

365 594 485 636 gebat,
510 589 646 631 ideoque
663 588 744 632 solis
767 592 880 633 topicis
902 592 991 625 illam
1016 591 1160 635 semper,
1184 594 1215 624 δι
1238 592 1301 627 fine
1311 595 1362 628 di-

366 636 515 670 scrimine
540 632 679 675 abigere,
704 643 780 674 opus
801 632 976 676 periculosae
994 634 1122 676 plenum
1144 635 1214 669 aleae
1247 639 1359 671 merito

362 678 512 714 censebat
535 674 617 719 (f)‘
648 677 849 711 Ramazzino
873 678 1040 711 Medicum
1053 680 1189 711 alterum
1211 679 1289 713 adde
1303 693 1359 714 ex-

362 721 629 767 perientiffimum
645 744 655 759 ‚
680 719 917 755 Hoffmannum
940 724 1027 763 (g),
1051 722 1183 755 remedia
1212 720 1359 766 hujusce-

363 767 454 801 modi
479 764 586 799 morbi
609 769 735 796 externa
770 765 802 798 in
823 763 983 805 postremis
1005 764 1206 797 collocantem
1228 789 1239 805 ,
1270 768 1358 808 prius

361 820 469 844 autem
487 806 652 850 sanguinis
675 807 717 838 &¹
740 805 902 840 humorum
925 805 1050 851 maffizm
1072 808 1234 850 viscidam,
1245 820 1358 850 acrem,

362 858 543 894 corruptam
566 847 681 882 debitis
703 848 835 883 internis
858 851 1064 892 corrigentem
1087 876 1095 884 .
1127 850 1258 885 Scilicet
1283 853 1360 886 mis.

361 895 433 930 sum
457 897 490 928 in
512 891 667 935 ejusmodi
693 893 815 926 morbis
828 891 1014 934 sanguinem
1037 901 1104 927 tam
1127 893 1277 935 vzscidum
1292 918 1302 933 ‚
1318 897 1360 929 ὠ

360 940 394 973 in
417 935 578 980 coagulum
602 934 685 977 quafi
693 934 855 978 densatum
878 936 1115 979 deprehendere
1137 938 1359 980 consueverat,

358 992 395 1017 ut
418 981 475 1015 vix
494 977 590 1022 posset
605 977 768 1020 separari.

404 1026 433 1058 8.
459 1025 507 1057 At
533 1022 643 1059 enim,
666 1022 775 1064 inquis
790 1048 801 1064 ,
824 1033 926 1066 neque
949 1024 1128 1066 retropulsa
1154 1023 1257 1059 scabie
1281 1024 1362 1059 sem-

359 1080 417 1112 per
441 1068 569 1110 nigrum
592 1064 708 1098 lotium
725 1087 733 1102 ‚
759 1077 860 1109 neque
883 1067 918 1099 in
931 1065 1078 1101 scabiofis
1088 1067 1360 1104 omnibusistius-

358 1112 451 1147 modi
475 1109 661 1152 sanguinem
674 1108 819 1143 videmus
833 1133 842 1150 ,
865 1109 1013 1153 measque
1026 1110 1106 1145 mihi
1118 1110 1258 1154 objicis,
1282 1114 1359 1146 alias

359 1155 426 1196 (h)
449 1155 488 1189 ad
512 1163 543 1187 te
568 1152 723 1195 scriptas,
747 1152 1022 1187 Observationes:
1054 1155 1142 1197 quasl
1167 1165 1246 1188 vero
1269 1158 1361 1199 opti-

359 1211 450 1233 mum
474 1197 539 1240 ipse
561 1198 595 1229 in
619 1195 763 1229 scabiosis
789 1196 973 1239 sanguinem
1005 1196 1235 1238 observassem,
1259 1209 1361 1242 neque

358 1245 451 1277 aliter
475 1243 508 1274 in
533 1240 603 1273 aliis
628 1248 838 1282 peccantem,
863 1249 916 1273 aut
940 1239 1027 1282 quasi
1051 1241 1085 1273 in
1108 1241 1207 1274 variis
1222 1263 1232 1279 ,
1258 1253 1293 1276 ut
1310 1254 1362 1276 va.

357 1289 405 1320 ria
429 1285 471 1320 est
495 1282 613 1317 scabies
632 1306 643 1322 ,
677 1284 773 1316 variae
795 1281 854 1316 esse
880 1293 943 1315 non
968 1282 1093 1325 possent
1118 1283 1281 1327 sanguinis
1303 1297 1363 1319 no-

359 1341 428 1371 xae,
451 1328 575 1361 variive
599 1337 757 1359 noxarum
780 1325 916 1367 gradus,
940 1335 994 1360 aut
1009 1348 1018 1364 ,
1041 1326 1130 1369 quod
1161 1328 1361 1369 potiffirnum

359 1373 528 1411 attendas,
551 1369 650 1403 velim
664 1394 674 1409 ‚
694 1368 783 1411 quasi
813 1368 900 1403 aliud
923 1369 988 1402 tibi
1011 1370 1244 1405 ostendendum
1262 1371 1378 1406 susce-·

357 1414 496 1461 pissem,
518 1424 616 1457 quam
641 1414 774 1447 minime
797 1422 907 1446 tutum
930 1411 990 1446 esse
1014 1414 1156 1457 negle&a
1169 1416 1293 1448 interna
1304 1427 1360 1449 cu-

356 1462 506 1498 ratione,
533 1457 669 1492 scabiem
693 1467 759 1490 non
783 1465 946 1490 recentem
969 1466 1099 1491 externa
1111 1457 1279 1492 dumtaxat
1290 1460 1359 1493 abi-

356 1516 431 1548 gere
447 1529 455 1535 .
478 1505 579 1536 Certe
605 1509 712 1535 autem
737 1512 812 1534 cum
836 1501 868 1533 in
892 1499 1041 1541 pluribus
1064 1499 1240 1543 scabiosis,
1263 1500 1357 1545 sicuti

360 1549 523 1586 aliorum,
548 1545 676 1586 meique
700 1543 797 1586 ipfius
821 1543 1077 1578 Observationes
1100 1543 1278 1584 testantur,
1293 1557 1358 1579 non

358 1603 455 1626 omne
479 1590 598 1623 vitium
623 1588 657 1620 in
680 1596 754 1621 cute
779 1585 840 1627 fit;
865 1587 1033 1631 quomodo
1056 1597 1167 1622 tutum
1190 1588 1250 1623 esse
1265 1589 1359 1631 poffit

357 1638 392 1669 in
415 1635 566 1669 omnibus
588 1632 768 1674 promiscue
791 1641 898 1666 cutem
923 1631 1053 1670 sanare,
1075 1633 1231 1666 interiora
1255 1634 1358 1675 negli-

358 1677 460 1722 gere?
481 1686 622 1720 quorum
646 1676 840 1717 expurgatio
865 1674 887 1707 fi
912 1685 976 1708 non
1001 1675 1035 1707 in
1059 1676 1212 1716 omnibus
1231 1698 1240 1714 ‚
1267 1687 1299 1710 at
1322 1677 1356 1710 in

359 1726 401 1757 iis
426 1721 538 1756 saltem
561 1728 702 1762 quorum
726 1717 884 1751 naturalia
906 1716 1066 1751 emissaria
1089 1729 1154 1752 non
1186 1731 1278 1763 aeque
1301 1732 1357 1761 pa-

357 1776 450 1807 tent,
475 1776 529 1807 per
551 1761 765 1797 exulceratam
788 1769 896 1795 cutem
920 1772 959 1794 ex
971 1770 1062 1803 parte
1074 1761 1194 1801 fiebat,
1219 1772 1274 1797 aut
1286 1763 1358 1797 fieri

357 1820 444 1846 certe
471 1814 621 1852 poterat.
646 1804 740 1847 Quid
764 1804 831 1839 dici
855 1802 895 1838 ad
918 1803 985 1838 haec
998 1804 1125 1847 potest?
1151 1806 1262 1847 Illud,
1285 1808 1358 1850 opi-

359 1866 445 1895 nor,
468 1862 532 1886 non
556 1846 657 1883 deeffe
681 1848 829 1883 Medicus
852 1848 910 1890 qui
933 1857 1045 1882 contra
1071 1847 1251 1891 testentur,
1274 1851 1363 1893 quod

357 1910 416 1933 nos
440 1905 549 1931 tutum
572 1892 651 1930 esse,
676 1902 829 1935 negamus
850 1913 861 1930 ,
894 1892 928 1925 id
952 1891 1012 1926 sibi
1038 1893 1217 1935 promiscue
1240 1894 1274 1926 in
1298 1893 1363 1927 sca-

357 1942 452 1978 bioso
475 1938 645 1983 quolibet,
671 1935 810 1969 feliciter
832 1935 954 1978 semper
977 1960 986 1975 ‚
1024 1937 1055 1968 &
1080 1934 1144 1970 fine
1178 1937 1247 1970 ullo
1269 1936 1359 1979 quod

359 1984 545 2022 insecutum
570 1981 631 2018 fir,
653 1978 851 2014 detrimento
876 1977 1064 2013 succeffiffe.
1090 1980 1217 2014 Verum
1242 1989 1278 2015 ut
1302 1991 1360 2014 nos

360 2042 472 2068 eorum
496 2025 752 2060 Observationes
774 2024 809 2056 in
833 2022 972 2056 dubium
1007 2033 1071 2055 non
1097 2034 1248 2057 vocamus
1270 2036 1279 2057 :
1313 2025 1360 2058 ita

361 2084 494 2119 aequum
519 2069 580 2104 effe
595 2094 605 2109 ,
626 2066 788 2101 credimus
802 2091 813 2108 ,
834 2076 871 2100 ut
894 2065 955 2109 ipsi
978 2065 1100 2099 nostras
1115 2092 1125 2107 ,
1148 2069 1179 2100 &
1203 2076 1256 2100 tot
1280 2068 1362 2100 alio-

360 2130 433 2156 rum
457 2115 685 2152 Medicorum,
708 2121 786 2154 quas
810 2109 901 2153 supra
932 2114 942 2149 (
964 2109 977 2142 ι’
1000 2112 1015 2149 )
1044 2109 1260 2144 indicavimus
1285 2134 1295 2150 ‚
1327 2111 1361 2143 in

361 2163 500 2199 dubium
525 2169 563 2192 ne
586 2163 726 2189 vocent.
750 2153 804 2188 Ad
828 2163 907 2195 quas
930 2152 1023 2187 addes
1046 2153 1240 2188 Hoffmanni
1274 2157 1288 2193 <
1310 2153 1364 2195 k)

364 2209 466 2245 alias,
489 2204 521 2236 &
544 2201 683 2235 aliorum
705 2199 763 2240 qui
786 2196 825 2231 ab
848 2195 921 2246 ipso
944 2195 1118 2230 laudantur
1141 2200 1154 2236 (
1176 2198 1188 2231 l
1210 2201 1224 2237 )
1243 2222 1250 2228 .
1275 2198 1364 2237 Qi-

365 2253 447 2289 bus,
472 2250 502 2281 &
527 2247 597 2279 aliis
620 2252 698 2285 quas
722 2241 818 2274 sciens
841 2248 985 2277 omitto,
1010 2248 1094 2288 quot
1109 2262 1119 2278 ,
1144 2244 1281 2284 &quam
1294 2252 1367 2284 gra.

365 2297 422 2329 via
445 2291 529 2327 mala
550 2287 592 2323 sic
615 2286 759 2319 aba&am
774 2283 912 2318 scabiem
923 2282 1029 2316 secuta
1052 2283 1137 2321 sint,
1161 2281 1366 2320 manifestum

365 2339 403 2374 fit
449 2339 481 2370 δε
502 2332 590 2376 quod
614 2328 847 2372 consequitur,
869 2327 908 2361 de
930 2337 966 2360 ea
990 2328 1160 2361 curatione
1175 2339 1273 2369 quam
1288 2329 1364 2362 alias

367 2362 469 2417 alium
490 2372 634 2412 habuisse
656 2373 801 2412 exitum,
826 2371 970 2409 constat,
992 2369 1072 2413 quid
1105 2369 1299 2406 tutissimum
1325 2370 1363 2407 fit

365 2424 576 2462 constituere.

409 2482 443 2511 9.
468 2465 635 2509 Qoniam
660 2468 767 2495 autem
790 2457 937 2493 adversus
962 2457 1099 2493 scabiem
1122 2457 1257 2502 sulphur
1279 2460 1364 2496 inter

368 2522 484 2549 caetera
507 2511 541 2542 in
565 2507 622 2541 usu
646 2505 712 2543 est,
735 2504 774 2538 de
800 2514 838 2536 eo
861 2502 1066 2546 peculiariter
1090 2501 1244 2536 nonnulla
1269 2501 1365 2536 adde-

368 2568 461 2593 mus.
486 2551 636 2586 Exterius
657 2548 789 2591 quidem
812 2548 846 2578 in
871 2546 1045 2588 unguentis
1063 2570 1071 2584 ‚
1095 2545 1273 2579 lotionibus
1298 2569 1310 2586 ,
1332 2550 1365 2579 δε

370 2598 504 2635 indufiis
526 2595 628 2629 etiam
652 2591 847 2627 adhibetur,
871 2589 935 2621 sive
958 2588 1026 2630 ejus
1047 2588 1232 2629 suffitione,
1256 2598 1291 2622 ut
1315 2588 1365 2623 su-

370 2656 426 2689 pra
449 2642 529 2682 (m)
553 2634 830 2672 commemoravi,
853 2630 916 2664 five
940 2633 1049 2674 potius
1071 2631 1318 2665 decoffioneita
1330 2642 1367 2667 ut

369 2686 477 2731 postea
503 2681 541 2717 ad
564 2681 664 2714 solem
679 2702 688 2718 ,
711 2686 767 2711 aut
789 2677 900 2718 ignem
925 2674 1141 2712 exsiccentur,
1166 2674 1332 2709 medicatis
1354 2699 1366 2716 ,

367 2741 464 2775 quem
480 2749 489 2765 ‚
513 2733 548 2760 ut
560 2723 762 2761 faciliorem,
784 2717 933 2753 &multo
956 2719 1206 2761 elegantiorem,
1230 2719 1364 2753 modum

370 2774 482 2810 laudat
503 2767 756 2804 Willifius(n)3
778 2773 963 2805 quanquam
985 2773 1023 2794 an
1040 2761 1106 2803 fine
1126 2761 1208 2795 malo
1218 2762 1363 2800 odore‚ut

373 2822 419 2854 ait
471 2811 597 2858 prorsus
620 2809 681 2847 sit,
704 2807 843 2842 dubito.
870 2805 1010 2839 Interius
1033 2815 1138 2838 autem
1162 2804 1365 2840 aliteraMe-

374 2841 477 2897 dicis,
502 2857 582 2890 alter
607 2867 622 2888 a
646 2852 746 2894 vulgo
770 2851 803 2883 in
829 2843 922 2882 usum
934 2846 1092 2882 trahitur.
1119 2849 1163 2881 Et
1174 2848 1211 2882 de
1224 2849 1280 2883 usu
1291 2851 1364 2892 qui-

373 2906 448 2940 dem
470 2909 603 2935 externo
628 2897 702 2929 alias
726 2891 915 2937 proband0‚
940 2891 1016 2925 alias
1039 2891 1257 2934 improbando
1290 2893 1365 2926 satis

372 2949 526 2983 hafienus
549 2941 674 2975 diGtum
699 2939 764 2972 est.
787 2936 887 2969 Nunc
912 2936 1043 2978 accipe,
1066 2935 1233 2977 quomodo
1257 2936 1369 2977 vulgus

372 2994 408 3026 in
432 2990 491 3023 hac
513 2984 643 3028 quidem
667 2982 813 3016 Civitate
836 2979 970 3012 interius
995 2977 1139 3013 adversus
1159 2978 1294 3013 scabiem
1307 2979 1369 3014 sul-

373 3034 476 3078 phure
500 3038 609 3063 utatur
623 3050 632 3064 ,
654 3029 684 3059 δι
707 3036 778 3067 quae
802 3021 877 3056 inde
900 3033 1130 3063 nonnunquam
1141 3022 1285 3057 accidant
1299 3035 1369 3055 mo-

374 3076 492 3112 lemae,
514 3075 666 3105 &noxae.
692 3066 852 3108 Sulphur,
876 3067 910 3099 in
924 3065 1086 3108 pulverem
1113 3067 1367 3107 comminutum,

375 3123 412 3155 in
434 3121 549 3153 vinum
571 3111 750 3155 conjiciunt
775 3120 838 3142 non
862 3108 1019 3149 rubrum,
1043 3108 1199 3152 simulque
1222 3121 1295 3144 curn
1319 3111 1368 3142 vi-

373 3176 418 3199 no
443 3168 555 3206 potant
570 3181 578 3190 0
604 3153 885 3190 Adulescentulam
898 3161 1004 3186 autem
1016 3163 1075 3194 ego
1087 3155 1162 3186 novi
1175 3175 1185 3191 ‚
1212 3164 1282 3196 quae
1295 3164 1370 3187 cum

375 3203 572 3248 sumpsisset,
599 3211 675 3233 mox
697 3207 821 3231 tantam
845 3196 957 3237 capitis
982 3196 1203 3231 turbationem
1241 3195 1334 3229 senfit
1358 3221 1368 3236 ,

374 3261 413 3285 ut
437 3249 497 3283 sibi
520 3255 597 3279 tunc
621 3240 708 3286 quasi
732 3240 826 3274 stulta
850 3238 933 3272 fasta
957 3239 1015 3272 esse
1038 3238 1220 3279 videretur,
1244 3240 1369 3273 ventri-

375 3294 442 3328 culi
459 3315 467 3330 ,
493 3290 629 3332 opinor.
656 3284 840 3318 irritatione
864 3280 901 3314 ad
925 3282 1089 3315 cerebrum
1114 3285 1273 3316 continuo
1295 3294 1369 3325 pro-

375 3345 490 3380 pagata
514 3331 597 3366 haud
622 3329 712 3363 aliter
736 3339 769 3360 ac
793 3326 863 3368 opii
887 3325 953 3358 vim
978 3324 1196 3360 Boerhaavius
1220 3329 1282 3366 (ο)
1305 3337 1371 3358 non

373 3378 544 3416 dubitabat
569 3384 657 3416 agere
681 3372 757 3405 dum
779 3371 811 3403 in
836 3369 1015 3402 ventriculo
1039 3370 1135 3402 etiam
1159 3379 1230 3403 tum
1252 3369 1373 3406 estme-

373 3435 438 3468 que
463 3431 551 3463 egere
574 3419 668 3459 longa
692 3415 748 3448 illa
772 3424 826 3455 per
849 3410 1023 3457 chyliferos
1044 3412 1157 3445 duetus
1181 3415 1233 3445 via
1255 3425 1264 3449 3
1298 3423 1371 3445 nam

374 3476 486 3502 canem
509 3462 567 3507 qui
591 3472 629 3493 ex
651 3459 805 3492 devorato
826 3458 905 3497 opio
929 3465 995 3497 jam
1018 3454 1082 3488 fere
1104 3455 1345 3489 convellebatur
1362 3479 1372 3495 ,

376 3521 451 3544 cum
473 3502 633 3541 incidisset
649 3525 658 3541 ‚
682 3502 796 3545 opium
820 3499 965 3533 adhucin
989 3498 1171 3532 ventriculo
1183 3500 1346 3532 invenerat
1361 3525 1369 3533 .

375 3555 558 3592 Utcunque
580 3548 614 3581 id
636 3545 704 3585 σῆς
727 3543 902 3587 sulphurin
915 3541 1132 3614 ventriffiulum
1152 3542 1255 3585 ipsum
1267 3553 1372 3584 agere,

661 168 818 223 Liber
851 167 939 222 tv,
978 168 1055 220 De
1088 167 1298 225 Morbis
1323 167 1679 238 ChIrurgiciS,
1708 171 1764 224 δε
1787 167 2192 224 'Universalibus

370 250 480 283 urinas
502 246 654 288 nigras&
676 243 866 289 fuliginosas
881 245 1074 283 reddebant,
1099 246 1383 291 iidemquessum,

1418 245 1441 279 fi
1466 258 1530 280 non
1554 258 1592 281 ex
1615 256 1769 290 utraque,
1792 248 1952 282 continuo
1963 246 2025 280 huc
2035 246 2239 281 adscribenda
2253 271 2265 287 ,
2287 246 2408 282 Obici-¹

1416 292 1546 324 vatione
1557 313 1569 330 ‚
1594 299 1626 323 at
1638 299 1721 324 certe
1735 301 1774 323 ex
1787 291 1882 325 altera
1894 289 2063 333 cognosces
2073 311 2083 328 ‚
2110 299 2163 323 aut
2174 289 2381 333 suspicaberis
2396 317 2404 326 .

1466 344 1516 366 10.
1544 333 1731 367 MULIER
1754 344 1852 367 annos
1875 344 1947 368 nata
1971 332 2009 366 ad
2032 333 2243 375 quadraginta
2261 355 2270 371 ,
2294 336 2371 369 vino
2393 357 2407 375 ,

1420 379 1451 411 &
1472 375 1600 410 tabacco
1624 377 1728 418 magis
1748 375 1874 416 dedita,
1898 388 1995 420 quarn
2019 376 2186 410 mulierem
2209 376 2357 418 deceret,
2377 381 2410 411 &

1420 420 1476 454 diu
1500 419 1629 463 quidem
1653 419 1764 462 bajulo
1787 429 1886 462 nupta
1901 444 1912 459 ‚
1935 419 2068 453 robusto
2080 420 2173 457 viro,
2199 418 2250 454 sed
2272 431 2342 462 quae
2354 433 2410 463 pe-

1415 470 1540 505 pererat
1563 474 1748 504 nunquam,
1771 473 1845 497 curn
1869 463 1907 498 ad
1931 462 2066 497 scabiem
2077 473 2174 505 quam
2186 473 2411 502 contraxerat,

1417 505 1609 548 abigendam
1636 505 1769 548 sulphur
1792 509 1823 538 in
1848 508 1925 541 vino
1949 517 2014 539 non
2038 505 2131 540 semel
2155 506 2283 540 bibisset
2305 528 2316 544 ,
2351 518 2410 540 no-

1414 549 1535 582 viffime
1558 559 1665 586 autem
1689 549 1804 590 majori
1826 551 1938 592 copia5
1963 560 2041 582 mox
2062 550 2167 591 coepit
2190 551 2271 583 male
2281 546 2412 589 habere,

1413 603 1470 626 nec
1496 592 1591 626 semel
1614 593 1742 626 vomuit
1762 614 1772 630 ,
1807 593 1936 635 citoque
1960 591 2200 626 Nosocomium
2237 592 2319 626 adiit
2341 591 2414 635 jam,
2436 622 2439 626 .

1413 635 1601 670 febricitans
1618 660 1626 675 ,
1648 634 1739 678 pulsu
1762 634 1861 672 duro,
1886 639 1917 669 &
1940 637 2112 670 contracto
2135 658 2145 674 ,
2177 638 2209 669 &
2233 636 2271 670 de
2295 646 2411 677 magna

1411 690 1547 720 querens
1570 679 1790 721 respirationis
1813 678 1958 721 angustia
1972 703 1979 710 .
2001 678 2224 715 Quamobrem
2247 679 2361 713 datum
2374 691 2414 713 o-

1412 722 1498 755 leum
1521 734 1559 756 ex
1579 722 1728 757 dulcibus
1752 723 1930 763 amygdalis
1953 733 2058 755 recens
2070 722 2244 765 expressum
2261 748 2270 762 ,
2295 721 2411 755 &san-

1410 766 1482 807 guis
1493 766 1535 799 est
1560 765 1666 799 missus
1689 790 1698 800 .
1717 764 1890 799 ‘Postridie
1914 776 1988 799 cum
2013 766 2064 799 vel
2087 765 2190 807 major
2211 764 2286 799 ess‘et
2310 775 2414 806 angu-

1411 809 1469 841 stia
1494 809 1733 851 respirationis,
1757 808 1866 841 missus
1889 808 1934 841 est
1957 810 2097 842 iterum:
2125 808 2280 852 fuitque,
2306 817 2343 842 ut
2356 808 2412 841 he-

1409 850 1546 890 stemus,
1572 851 1667 886 firmo
1679 851 1840 895 densoque
1852 849 2085 892 craffamento,
2110 852 2198 886 nulla
2220 861 2328 885 tamen
2340 862 2415 885 cru.

1411 894 1457 928 sta
1480 895 1642 929 obducto.
1667 895 1775 929 Laetis
1798 905 1926 937 quoque
1941 920 1949 935 ‚
1975 895 2082 928 audita
2095 895 2203 929 morbi
2217 895 2322 931 causa,
2336 906 2415 937 cya-

1410 938 1462 971 thi
1484 937 1553 973 dati
1578 937 1650 972 sunt
1673 938 1757 972 duo.
1782 940 1841 971 Sed
1864 937 2020 972 crescente
2042 938 2098 971 illa
2123 937 2263 981 spirandi
2274 938 2415 973 difficul-

1411 991 1499 1022 tate,
1523 985 1554 1016 &
1579 981 1754 1015 manifestis
1778 981 1967 1022 urgentibus
1991 990 2118 1015 artuum
2132 982 2411 1019 convulsionibus,

1412 1026 1617 1067 languidiore
1641 1024 1728 1059 fano
1751 1024 1868 1067 pulsu,¹
1891 1033 2020 1059 mortua
2045 1024 2087 1059 est
2109 1025 2156 1058 ita
2180 1034 2216 1059 ut
2240 1034 2330 1060 totus
2363 1027 2415 1058 in-

1410 1077 1460 1102 tra
1483 1068 1692 1111 quatriduum
1715 1069 1845 1102 circiter
1868 1067 2060 1108 inchoatus,
2084 1070 2116 1102 8<
2138 1067 2251 1102 finitus
2274 1067 2311 1101 fit
2324 1080 2413 1102 mor-

1411 1112 1491 1145 bus.
1621 1110 1898 1145 CADAVERIS
1924 1112 2043 1149 sectio,
2067 1122 2132 1145 non
2145 1120 2181 1145 ut
2208 1114 2323 1146 mortis
2337 1124 2416 1145 cau-

1413 1155 1477 1187 sam
1501 1154 1727 1189 tantummodo
1749 1155 1943 1197 inquirerem
1965 1177 1976 1195 ,
1999 1154 2050 1188 sed
2082 1164 2119 1189 ut
2143 1156 2319 1189 Anatomes
2345 1156 2414 1190 stu—

1413 1197 1522 1231 diosos
1544 1200 1643 1232 etiam
1667 1197 1848 1236 erudirem,
1872 1199 2035 1231 eratenim
2057 1207 2217 1233 extremus
2228 1197 2326 1231 ferme
2337 1200 2413 1232 No-

1413 1241 1543 1276 vember
1566 1242 1605 1273 A.
1635 1251 1729 1284 17443
1754 1241 1877 1275 ibidem
1902 1241 2062 1283 trigesima
2086 1253 2102 1274 a
2126 1251 2229 1276 morte
2256 1241 2336 1276 hora
2360 1244 2412 1275 in-

1413 1284 1524 1318 stituta
1547 1283 1612 1317 est.
1637 1285 1729 1318 Bono
1751 1283 1869 1319 habitu
1890 1293 1955 1318 erat
1979 1296 2115 1327 corpu53
2139 1284 2187 1318 sed
2201 1286 2283 1318 cutis
2309 1285 2416 1319 hicil-

1413 1329 1455 1363 lic
1480 1329 1604 1361 minuta
1627 1325 1730 1361 scabie
1753 1328 1859 1362 foeda.
1886 1328 2058 1362 Abdomen
2082 1337 2189 1362 autem
2213 1329 2375 1363 tumidum
2400 1342 2411 1365 3

1414 1382 1516 1414 neque
1540 1371 1573 1405 id
1601 1382 1617 1403 a
1640 1373 1741 1405 nimia
1765 1370 1985 1414 pinguedine;
2007 1371 2073 1405 haec
2096 1373 2182 1405 enim
2206 1372 2412 1406 utconditio.

1413 1427 1451 1449 ne
1474 1423 1540 1447 erat
1563 1415 1712 1457 optima,
1737 1414 1777 1448 sic
1802 1417 1832 1448 &
1855 1416 1950 1456 copia
1976 1423 2042 1447 erat
2065 1415 2148 1457 justa
2170 1426 2180 1453 3
2205 1427 2308 1458 neque
2330 1417 2409 1449 item

1411 1460 1452 1492 ab
1474 1469 1564 1500 aquae
1589 1458 1799 1491 multitudine
1825 1460 1859 1492 in
1883 1459 2005 1492 ventris
2028 1469 2141 1492 cavum
2165 1458 2270 1492 effusae
2295 1472 2304 1491 e
2337 1469 2410 1502 quae

1411 1503 1465 1536 etsi
1491 1511 1555 1534 non
1579 1501 1760 1543 pauciffima
1784 1512 1872 1538 erat3
1898 1514 1986 1535 extra
2010 1502 2131 1544 pelvim
2155 1512 2259 1536 tamen
2273 1514 2339 1536 non
2357 1513 2414 1544 ap-

1411 1544 1560 1588 parebat.
1588 1545 1709 1578 Verum
1733 1547 1764 1578 &
1786 1546 2005 1586 ventriculum,
2030 1548 2060 1578 ὃ(
2083 1546 2209 1579 Tenuia
2232 1547 2380 1580 intestina
2402 1568 2414 1584 ,

1409 1591 1438 1622 &
1463 1587 1572 1621 Colon
1597 1587 1635 1622 ad
1659 1598 1794 1630 magnos
1816 1589 1958 1627 tra3us;
1982 1588 2062 1622 alibi
2085 1590 2172 1623 enim
2197 1598 2251 1623 aut
2276 1599 2406 1623 natura-

1409 1633 1471 1666 lem
1495 1630 1699 1664 latitudinem
1722 1630 1886 1672 servabat,
1910 1641 1984 1673 aut,
2006 1631 2095 1675 quod
2121 1632 2291 1666 sinisterius
2304 1644 2406 1675 prope

1409 1676 1627 1710 ventriculum
1653 1674 1940 1710 animadvertimus
1964 1700 1975 1716 ,
1996 1676 2203 1710 contra6tum
2227 1677 2405 1718 plurimum

1407 1728 1500 1758 erat,·
1523 1717 1738 1759 distentaipsa
1750 1729 1841 1759 aere,
1862 1719 2018 1753 abdomen
2030 1718 2262 1754 distenderant.
2286 1719 2414 1753 Omen-

1407 1772 1479 1797 tum
1504 1762 1591 1796 nulla
1616 1761 1765 1795 intestina
1787 1762 1938 1804 tegebat,
1960 1763 2082 1804 quippe
2104 1761 2226 1795 sursum
2239 1761 2408 1804 rejesturm

1415 1817 1454 1841 an
1480 1807 1676 1844 retracocum3
1702 1805 1807 1848 ipsum
1832 1808 1945 1847 enim,
1967 1807 1998 1838 &
2023 1804 2231 1848 superiorilla
2256 1806 2412 1839 mesocoli

1414 1861 1486 1893 pars
1508 1861 1580 1892 quae
1604 1847 1817 1882 transversum
1841 1850 1918 1884 Coli
1944 1849 2082 1883 &afrum
2105 1847 2282 1887 sustentat,
2307 1849 2415 1892 rigida

1416 1903 1525 1933 erant,
1549 1896 1580 1926 δε
1602 1893 1793 1926 rubentibus
1817 1893 1951 1926 maculis
1973 1892 2028 1927 hic
2050 1892 2119 1926 illic
2143 1917 2154 1933 ,
2178 1903 2194 1925 a
2216 1901 2310 1935 tergo
2334 1903 2416 1934 prae-

1414 1937 1553 1975 sertim,
1575 1935 1721 1970 distineta
1745 1961 1753 1969 .
1792 1937 1829 1969 In
1851 1938 2012 1969 exteriore
2034 1935 2206 1970 ventriculi
2236 1935 2319 1969 facie
2341 1936 2421 1970 vasa

1411 1979 1592 2022 {anguifera
1616 1979 1711 2021 paulo
1734 1989 1826 2012 erant
1849 1979 2029 2021 turgidiora
2043 2003 2051 2012 .
2073 1980 2181 2013 Facies
2204 1989 2311 2021 autern
2333 1980 2417 2013 inte-

1412 2024 1481 2057 rior
1504 2034 1567 2066 qua
1590 2021 1708 2056 fundus
1732 2022 1795 2063 jam
1819 2025 1952 2065 propius
1977 2022 2015 2056 ad
2039 2022 2416 2068 pyloriAntrum‘acce-

1413 2066 1511 2100 debat
1527 2090 1536 2106 ,
1561 2076 1665 2099 aream
1689 2066 1831 2100 ostendit
1857 2066 1976 2101 circuli
2000 2064 2125 2103 forma,
2147 2076 2241 2108 cujus
2260 2065 2416 2101 diameter

1414 2110 1595 2152 digitorum
1619 2117 1686 2142 erat
1709 2112 1839 2143 circiter
1862 2119 2002 2152 quatuor
2028 2108 2282 2143 transversorum
2298 2135 2307 2144 .
2330 2111 2412 2144 Eam

1415 2164 1520 2187 aream
1544 2153 1583 2185 ab
1608 2152 1728 2195 reliqua
1754 2153 1929 2187 ventriculi
1953 2151 2117 2195 superficie
2141 2152 2209 2186 haec
2231 2152 2409 2196 distingue-

1415 2196 1494 2231 bant
1517 2194 1606 2238 quod
1630 2198 1735 2230 minus
1759 2197 1847 2230 laevis
1869 2195 2139 2240 erat‚minusque
2163 2196 2289 2235 nitida,
2314 2198 2416 2240 magis

1417 2251 1524 2274 autem
1549 2238 1677 2276 albida,
1701 2243 1731 2272 δι
1754 2239 1886 2274 vasculis
1911 2238 2098 2282 sanguiferis
2119 2261 2129 2277 ‚
2161 2240 2248 2282 quasi
2273 2240 2312 2274 ab
2334 2241 2418 2283 inje-

1416 2285 1523 2317 &ione
1549 2283 1804 2324 nigricantibus,
1827 2284 1983 2326 praedita,
2007 2294 2080 2317 curn
2105 2283 2182 2317 alibi
2205 2283 2305 2317 laevor
2324 2308 2333 2324 ,
2366 2286 2417 2317 ni-

1416 2336 1497 2367 tor,
1522 2328 1627 2360 minus
1651 2326 1740 2360 albus
1751 2328 1842 2361 color
1867 2329 1986 2370 ubique
1997 2326 2281 2369 conspicerentur,
2305 2327 2422 2362 vasqu

1415 2371 1445 2404 la
1469 2381 1575 2404 autem
1600 2369 1662 2403 fere
1686 2370 1794 2408 nulla,
1819 2371 1937 2405 nedum
1961 2381 2023 2404 non
2048 2370 2090 2404 sic
2114 2370 2251 2413 expressa
2277 2379 2330 2405 aut
2366 2374 2416 2404 ni-

1414 2415 1591 2456 gricantia3
1614 2422 1652 2447 ut
1672 2414 1799 2448 evidens
1823 2412 1896 2448 esset
1917 2414 2088 2454 omnibus,
2112 2423 2270 2456 quantum
2293 2416 2417 2448 areail-

1415 2459 1446 2490 la
1470 2467 1540 2491 tota
1563 2457 1714 2500 patebat,
1739 2466 1866 2492 tantum
1889 2457 1927 2492 de
1950 2460 2068 2492 intima
2091 2458 2217 2491 lamella
2243 2459 2413 2492 ventriculi

1417 2499 1511 2534 fuiffe
1534 2500 1679 2534 erosum.
1704 2501 1776 2534 Nec
1801 2510 1914 2543 praeter
1937 2500 2023 2542 hoc,
2046 2513 2084 2535 ne
2109 2502 2142 2534 in
2168 2502 2320 2544 proximo
2341 2503 2414 2544 qui-

1414 2544 1487 2576 dem
1510 2543 1709 2586 oesophago,
1731 2553 1785 2577 aut
1809 2545 1988 2585 intestinis,
2012 2544 2189 2587 quidquam
2214 2545 2415 2578 animadver-

1414 2595 1479 2620 tere
1504 2589 1596 2630 potui
1619 2587 1708 2630 quod
1731 2586 1908 2622 erosionem
1928 2610 1941 2628 ,
1974 2597 2028 2621 aut
2051 2588 2342 2621 inflammationem
2375 2587 2415 2621 si-

1417 2630 1588 2672 gnificaret
1604 2656 1611 2665 .
1637 2632 1716 2664 Erat
1740 2630 1794 2665 hic
1816 2631 2017 2665 ventriculus
2040 2639 2077 2664 ut
2095 2642 2189 2673 aequo
2201 2631 2351 2673 amplior,
2366 2632 2414 2665 ita

1416 2673 1479 2708 fine
1503 2676 1592 2717 rugis
1616 2675 1710 2709 ullis,
1735 2675 1910 2716 parietibus
1934 2683 2038 2707 autem
2060 2673 2150 2708 valde
2174 2674 2325 2708 tenuibus
2351 2686 2360 2707 :
2383 2677 2415 2708 &

1416 2718 1525 2751 annuli
1548 2717 1654 2760 pylori
1677 2717 1732 2749 vix
1755 2716 1915 2751 indicium
1938 2716 2070 2760 aliquod
2093 2717 2250 2751 retinebat
2275 2744 2283 2751 .
2318 2718 2415 2754 Quo-

1415 2772 1486 2794 rum
1512 2760 1594 2801 hoc,
1616 2759 1638 2793 si
1664 2770 1729 2793 non
1753 2772 1770 2794 a
1792 2759 2002 2803 primordiis,
2024 2762 2055 2793 &
2078 2761 2117 2794 ab
2142 2760 2204 2794 alia
2229 2761 2334 2804 aliqua
2358 2772 2414 2793 an-

1415 2804 1558 2847 tiquiore
1580 2802 1704 2837 laefione
1729 2802 1846 2842 fuerit3
1870 2813 1981 2837 caetera
2006 2803 2061 2836 illa
2084 2805 2223 2844 crebris,
2247 2813 2283 2838 ut
2305 2806 2339 2837 in
2360 2804 2414 2837 bi-

1416 2849 1489 2881 baci
1512 2849 1643 2882 muliere
1661 2869 1671 2884 ,
1693 2846 1963 2887 distentionibus,
1986 2849 2017 2879 &
2041 2858 2169 2889 nuperae
2192 2847 2290 2881 etiam
2313 2847 2352 2881 ab
2364 2849 2414 2879 in-

1419 2891 1506 2926 cluso
1530 2902 1599 2925 aere
1622 2890 1840 2925 debebantur.
1865 2891 1950 2929 Quae
1972 2892 2004 2923 in
2028 2899 2138 2925 ventre
2162 2890 2315 2925 adnotavi
2342 2891 2413 2924 reli-

1421 2947 1484 2978 qua
1498 2962 1507 2978 ,
1529 2935 1591 2969 huc
1604 2934 1735 2968 redeunt
1750 2936 1764 2967 .’
1776 2934 1936 2978 Jecinoris
1948 2932 2084 2967 vesicula
2107 2933 2265 2968 subsidens
2281 2946 2414 2977 paucam

1420 2979 1608 3013 continebat
1631 2979 1752 3012 bilem.
1778 2980 1880 3012 Renes
1903 2977 1969 3010 laxi
1993 2986 2081 3010 erant
2101 3001 2111 3009 .
2135 2978 2267 3012 Arteria
2291 2978 2414 3020 Magna

1419 3023 1602 3064 angustior.
1629 3025 1719 3055 Tum
1743 3020 1912 3055 muliebria
1926 3042 1936 3057 ,
1960 3028 1996 3053 ut
2018 3021 2051 3052 in
2065 3019 2199 3061 foemina
2212 3020 2413 3059 infoecunda,

1417 3066 1608 3107 diligentius
1632 3065 1754 3106 inspexi
1769 3063 1994 3107 atqueincidi.
2018 3063 2128 3099 Testes
2153 3074 2244 3098 erant
2269 3065 2318 3098 vel
2343 3075 2414 3099 ma..

1418 3111 1466 3151 gis
1490 3120 1587 3152 quam
1609 3120 1646 3142 ea
1669 3109 1788 3142 soleant
1811 3116 1929 3148 aetate,
1951 3109 2042 3150 parvi
2066 3109 2097 3142 &
2121 3108 2244 3151 strigosi
2267 3132 2275 3140 .
2302 3108 2354 3141 Ex
2376 3108 2414 3141 si-

1420 3153 1522 3185 nistro
1546 3152 1694 3194 hydatis,
1720 3151 1804 3184 acini
1827 3161 1897 3184 uvas
1909 3151 2081 3185 mediocris
2093 3151 2334 3194 magnitudine,
2358 3159 2415 3184 to-

1421 3204 1453 3228 ta
1478 3196 1639 3230 exstabat.
1665 3196 1788 3228 uterus
1809 3193 2013 3227 dextrorsum
2035 3195 2228 3232 inclinatus,
2252 3198 2282 3228 &
2311 3193 2415 3228 fundo

1419 3243 1528 3280 potius
1552 3250 1651 3281 parvo
1674 3250 1682 3271 :
1706 3249 1772 3281 quo
1796 3239 1895 3280 magis
1917 3237 2123 3272 adnotatione
2145 3238 2241 3280 digna
2266 3246 2331 3270 erat
2346 3249 2415 3271 cer-

1420 3285 1521 3320 vicis,
1547 3282 1584 3316 ad
1606 3283 1709 3315 imum
1733 3280 1910 3322 praesertim
1926 3306 1935 3323 ‚
1970 3279 2073 3323 major
2106 3293 2204 3324 quam
2227 3283 2378 3315 convenit
2398 3306 2408 3321 ,

1421 3326 1591 3360 crassitudo
1614 3350 1623 3366 ‚
1646 3327 1678 3358 δε
1700 3335 1826 3358 coronae
1849 3324 1943 3367 ipsius
1965 3336 2028 3367 qua
2051 3325 2194 3368 cingitur
2216 3326 2299 3358 uteri
2322 3324 2412 3357 oscu-

1424 3370 1512 3407 lum,
1536 3379 1670 3412 parvum
1693 3368 1746 3401 hic
1765 3393 1773 3407 ,
1797 3378 1833 3401 ut
1858 3370 1892 3401 in
1916 3368 2097 3411 virginibus
2119 3392 2130 3409 ,
2154 3370 2185 3400 &
2207 3368 2319 3401 circuli
2344 3366 2411 3400 for-

1425 3424 1476 3446 ma
1499 3438 1506 3444 .
1540 3414 1590 3446 Ex
1624 3412 1685 3445 hoc
1709 3411 1845 3445 stillabat
1868 3412 1986 3445 humor
2009 3411 2118 3445 colore
2163 3412 2237 3444 laeti
2269 3410 2377 3444 similis
2399 3431 2409 3447 ‚

1422 3466 1525 3498 neque
1547 3467 1585 3488 eo
1609 3454 1744 3488 fluidior
1767 3477 1778 3493 ,
1812 3466 1869 3488 nec
1893 3455 2011 3489 foetens
2036 3480 2046 3495 ,
2082 3455 2174 3497 copia
2200 3466 2262 3488 non
2287 3451 2410 3496 prorsus

1422 3500 1536 3540 exigua
1560 3510 1570 3536 3
1594 3508 1629 3531 ut
1653 3497 1766 3531 mulier
1789 3496 1896 3532 fluore
1928 3500 2012 3532 uteri
2043 3495 2195 3531 laborasse
2220 3497 2377 3531 videretur
2400 3520 2411 3529 .

1421 3543 1527 3584 Cujus
1551 3540 1778 3584 scaturiginem
1802 3541 1894 3576 fuisse
1918 3542 2065 3576 altiorem
2088 3543 2154 3574 ima
2177 3542 2302 3574 cervice
2314 3561 2330 3585 ,Ι
2348 3537 2411 3572 hu-

2319 3592 2368 3622 Jus

415 3638 2352 3660 W

443 3708 476 3760 st

467 3775 480 3790 0

436 3708 445 3733 s
519 3707 579 3732 ibid.

441 3749 445 3761 ι.
561 3745 584 3759 ².

440 3769 450 3797 s

597 3714 619 3732 η.
639 3707 676 3731 ²8.

522 3745 536 3759 n
601 3745 623 3765 3.
657 3754 663 3760 .

521 3767 626 3791 Praeless.

640 3746 654 3764 7

642 3775 655 3790 ὃ

488 3708 505 3796 νυν

725 3740 738 3767 (
756 3736 771 3760 k
791 3735 799 3763 )
818 3734 839 3764 §.
858 3742 895 3764 ις.
914 3735 981 3764 supra
997 3735 1026 3759 ad
1041 3743 1065 3760 n.
1081 3743 1105 3764 7-
1121 3735 1164 3759 cit.

657 3767 670 3791 d
688 3768 765 3793 instit,
783 3767 808 3796 §.
824 3767 878 3796 8572.

1403 3719 1408 3725 .
1426 3708 1462 3731 ις.
1479 3700 1502 3725 8:
1517 3700 1542 3725 in
1561 3699 1619 3724 thes.
1637 3701 1760 3731 patholog.
1779 3700 1804 3731 ᾖ.
1820 3706 1861 3728 19-

739 3708 754 3736 (
768 3715 786 3735 g
805 3705 812 3734 )
829 3710 851 3727 c.
869 3710 890 3732 ς.
906 3704 972 3733 supra
987 3703 1015 3728 ad
1032 3712 1056 3728 n.
1071 3706 1094 3728 6.
1110 3703 1153 3728 cit.
1170 3704 1195 3729 in
1211 3702 1285 3728 metb.
1304 3701 1366 3736 med.
1387 3702 1401 3732 §
1536 3732 1541 3735 j
1562 3731 1567 3734 .
1625 3731 1630 3736 .

1226 3733 1236 3763 (
1251 3733 1261 3756 t
1279 3733 1293 3761 )
1308 3740 1334 3757 in
1349 3733 1408 3758 thes.
1425 3731 1518 3761 pathos.
1535 3730 1591 3756 ibid.
1610 3736 1651 3757 eit.
1668 3732 1693 3762 §.
1712 3734 1747 3758 18.

1921 3702 1936 3730 (
1953 3702 1967 3725 h
1982 3701 1997 3731 )
2014 3699 2087 3729 Epist.
2103 3708 2142 3729 49-
2159 3707 2184 3724 n.
2200 3704 2238 3726 ις.

1810 3732 1824 3761 (
1839 3738 1864 3755 m
1879 3729 1894 3759 2
1910 3738 1965 3763 n.3.
2027 3732 2035 3759 (
2048 3731 2218 3761 uJPharmae.
2231 3726 2407 3758 Kar-8355,
