2498 4075
349 241 518 309 Epist.
554 242 718 296 Anat.
758 241 973 294 Medica
1007 236 1272 291 XXXIX.
1311 236 1425 287 Art.
1458 251 1505 300 9.
1542 252 1613 286 ιο.
1645 237 1700 287 ὄζ
1732 250 1799 285 11.

59 319 353 358 Observationibus
379 349 388 364 ,
413 335 428 356 a
452 322 635 356 tumoribus
658 321 752 362 hujus
775 320 895 362 generis
919 319 944 350 ii
967 317 1058 352 dolo-

55 377 104 398 res
128 365 252 399 induffl
275 378 339 400 non
363 374 583 400 memorantur
606 376 618 404 ‚¹
648 366 682 397 in
705 365 775 396 aliis
807 362 960 396 credibile
983 360 1024 394 est
1048 382 1057 397 ‚

52 408 203 442 intestina
227 421 317 452 aeque
340 407 515 452 compressa
538 420 602 441 non
627 406 720 441 fuisse
746 431 754 445 ,
788 407 821 438 in
846 406 915 438 aliis
950 413 1056 438 autem

37 455 119 485 'non
142 462 232 494 aeque
255 462 311 486 aut
335 464 439 494 acres,
463 462 516 485 aut
540 452 657 484 multas
681 448 945 484 faeceshabuisse:
968 447 1056 489 quod

53 496 205 529 ultimum
228 495 266 528 de
291 497 424 529 muliere
449 494 625 536 praesertim
648 493 752 528 credes
776 514 784 529 ³
820 492 911 533 cujus
935 491 1056 524 mesen-

53 539 196 577 terium,
221 548 257 571 ut
282 539 365 581 apud
386 539 558 571 Coiterum
580 540 593 575 (
616 548 631 570 e
653 542 666 577 )
691 536 813 569 videbis
838 555 847 571 ‚
878 544 944 567 erat
980 533 1053 576 qui*-

55 582 127 615 dem
151 591 187 614 ex
210 581 343 621 multis,
366 580 460 623 iisque
476 581 560 623 satis
582 581 702 622 magnis
720 578 852 622 scirrhis
875 576 1051 618 conflatum,

55 623 124 667 ipsa
150 633 256 657 autem
279 628 335 658 vix
359 624 480 665 aliquid
504 632 630 665 poterat
655 623 703 655 vel
727 621 887 665 liquidum
913 620 1054 661 degluti-

54 679 110 701 re.
132 667 184 701 Sic
208 668 283 701 alias
307 668 450 709 aliquas,
475 666 497 699 si
522 677 586 699 non
610 665 751 701 easdem.
775 660 927 698 subfuisse
949 663 1057 695 causas

56 712 157 745 etiam
179 712 212 743 in
236 710 427 752 quibusdam
451 707 851 747 mesenteriiabsceffibus‚
875 708 979 743 dices;
1003 718 1055 739 ne-

55 766 120 796 que
143 756 233 787 enim
256 765 365 787 omnes
389 755 526 795 legimus
548 764 622 786 cum
647 752 818 785 doloribus
840 749 1057 794 conjunstos.

56 799 229 831 Cruciatus
252 797 382 839 quidem
408 796 488 838 apud
522 795 658 830 eundem
682 795 859 828 Auctorem
891 792 939 834 (f
961 796 974 832 )
997 804 1062 825 me-

55 850 225 875 morantur
249 841 283 872 in
308 840 415 882 magni
440 838 590 873 abscessus
612 837 847 879 descriptione;
872 837 920 870 sed
944 837 999 877 qui
1025 834 1063 868 ad

56 883 225 918 reddendae
250 883 350 916 urinae
374 882 621 921 difficultatem,
647 885 678 914 δι
703 879 742 913 ad
766 881 828 913 alia
850 891 921 921 quae
946 890 1064 921 propo-

58 937 198 963 nuntur,
223 918 429 959 inconi’moda
453 925 564 958 referri
589 923 714 968 possunt
729 947 738 962 ,
762 934 835 957 cum
857 924 896 955 de
920 924 1063 959 ventris,

58 969 338 1004 &intestinorum
372 968 543 1003 doloribus
576 968 663 1001 nulla
702 968 826 1000 mentio
858 964 1027 1005 injiciatur
1051 988 1058 995 .

57 1013 148 1050 Quin
161 1013 307 1045 Donatus
330 1012 384 1055 (g
406 1015 420 1052 )
442 1012 713 1045 Observationem
737 1009 862 1051 profert
887 1008 975 1041 suam
999 1019 1064 1040 non

58 1055 232 1089 mediocris
255 1054 429 1092 abscessus,
455 1056 607 1089 utmulta
630 1053 814 1088 ostendebat
839 1051 1064 1093 sanguinolen-

54 1110 88 1134 ta
111 1103 142 1132 &
164 1100 336 1141 purulenta
358 1098 479 1141 dejeeta
503 1098 658 1134 materia,
682 1100 713 1130 δι
738 1097 827 1130 ulcus
850 1094 1015 1128 sordidum
1028 1094 1065 1126 ad

58 1141 227 1185 spithamae
251 1143 493 1185 longitudinem
516 1144 552 1175 in
577 1141 768 1174 mesenterio
792 1139 939 1172 relietum
955 1160 963 1174 ‚
990 1149 1063 1170 cum

56 1196 165 1220 tamen
190 1185 343 1228 in.longa
366 1185 583 1227 aegrotatione
607 1184 694 1217 nulla
717 1193 860 1226 unquam
884 1204 893 1219 ‚
927 1180 984 1214 nili
1010 1193 1064 1214 ex-

59 1240 165 1264 tremo
188 1228 241 1261 die
257 1253 266 1269 ‚
290 1228 398 1262 audita
421 1228 498 1262 esset
521 1227 559 1261 de
583 1228 696 1261 dolore
718 1226 846 1269 querela
862 1249 870 1258 .
893 1225 952 1258 Sed
980 1224 1062 1257 mul-

58 1283 95 1306 to
126 1283 227 1314 quam
262 1282 383 1305 caeterae
406 1295 418 1311 ‚
450 1272 633 1305 mirabilior
665 1269 709 1304 est
732 1270 869 1303 Hearnii
894 1267 1029 1302 historia
1051 1291 1064 1308 ,

57 1326 153 1358 quarn
177 1316 212 1348 in
235 1316 384 1349 Sestione
406 1315 464 1348 hac
489 1315 581 1349 XXI.
608 1311 810 1357 Sepulchreti
834 1312 923 1354 (h)
947 1311 1063 1344 babes.

59 1361 99 1393 In
122 1370 157 1392 ea
179 1369 253 1392 cum
279 1359 403 1401 reliqua
435 1358 658 1392 describantur
680 1381 690 1397 ,
723 1367 760 1390 ne
794 1366 894 1389 unum
932 1355 1064 1397 quidem

59 1402 196 1436 verbum
221 1401 263 1436 est
285 1403 323 1435 de
349 1403 468 1436 ventris
489 1403 621 1436 dolore.
648 1402 730 1440 Quae
752 1411 800 1433 res
824 1409 888 1434 non
913 1407 977 1431 tam
1001 1400 1064 1430 rni-

58 1457 94 1480 ra
116 1445 159 1479 est
183 1455 314 1486 propter
337 1444 508 1480 duodecim
531 1469 541 1483 ‚
573 1454 628 1478 aut
653 1455 691 1476 eo
715 1442 852 1486 amplius
875 1441 972 1474 libras
997 1453 1067 1475 ma-

58 1490 149 1523 teriae
174 1487 285 1522 fluidae
308 1500 379 1531 quae
403 1491 437 1521 in
460 1490 587 1531 triplici
611 1497 740 1521 tumore
752 1494 819 1519 erat
835 1511 842 1525 ‚
867 1497 963 1526 quam
990 1496 1066 1527 pro-

59 1543 131 1576 pter
154 1531 291 1565 universi
319 1534 455 1566 tumoris
479 1532 626 1575 pondus,
652 1530 748 1564 libras
764 1540 892 1571 aequans
919 1530 1067 1561 Suecicas

57 1577 294 1618 quinquaginta
316 1577 459 1618 quinque
474 1599 486 1616 ,
509 1578 540 1607 Rc
566 1574 666 1608 sedem
690 1585 761 1615 quae
785 1582 892 1605 totum
916 1570 980 1605 fere
1004 1583 1069 1604 me-

60 1619 189 1653 senterii
214 1619 352 1661 spatium
375 1628 440 1652 erat
458 1643 465 1650 .
490 1619 567 1651 Huc
591 1617 674 1651 illud
699 1615 817 1649 accedit
841 1614 930 1656 quod
955 1624 1066 1648 tumor

60 1663 220 1696 intestinis
243 1663 329 1694 arete
361 1662 593 1695 annetflebatur
614 1685 624 1700 ‚
657 1669 692 1693 ut
717 1672 733 1693 a
757 1657 922 1692 Duodeno
946 1657 983 1691 ad
1008 1659 1068 1691 Ilei

60 1706 239 1744 medium,
264 1702 349 1747 quasi
373 1716 447 1738 cum
468 1705 518 1737 his
542 1706 574 1737 in
599 1714 701 1737 unum
724 1700 871 1735 coivisset
886 1722 896 1737 ,
926 1700 988 1734 sine
1014 1713 1069 1735 ru-

62 1753 176 1792 ptione
200 1746 336 1788 separari
361 1759 425 1781 non
451 1747 575 1789 posset,
601 1750 632 1780 ὃ(
655 1746 745 1790 quod
769 1746 845 1787 cegri
870 1743 1032 1790 defiderio
1057 1769 1068 1784 ‚

58 1794 179 1836 quippe
203 1790 344 1828 affiduo,
368 1793 399 1823 δεῖ
423 1789 523 1824 ferme
546 1791 663 1824 canino
687 1790 834 1831 appetitu
859 1789 963 1821 alterii
979 1810 987 1823 ‚
1013 1789 1068 1820 vix

58 1835 235 1869 sufficiebat
261 1833 496 1876 assumptorum
520 1835 612 1875 copia
639 1846 648 1865 :
683 1842 719 1867 ut
743 1842 846 1875 neque
878 1842 977 1873 pauca
1015 1832 1069 1864 bic

59 1887 257 1912 recrementa
273 1901 281 1917 ,
303 1888 404 1918 neque
429 1877 579 1910 intestina
604 1888 669 1910 non
692 1873 868 1915 compressa
892 1875 984 1908 liceat
1006 1887 1068 1916 >po-

55 1934 131 1956 nere
154 1944 165 1962 ,
189 1920 239 1954 sed
262 1922 400 1954 omnino
426 1920 487 1952 alia
511 1923 673 1963 quaepiam
696 1918 789 1953 causa
813 1918 851 1950 sit
875 1919 913 1950 ab
938 1930 978 1951 eo
1015 1929 1071 1951 ex-

58 1964 236 2008 cogitanda
258 1965 315 2006 qui
340 1965 501 1997 rationem
525 1965 606 1996 velit
630 1962 760 1997 reddere
797 1961 978 1995 absentium
1011 1960 1071 1995 do-

61 2009 173 2042 lorum
188 2033 196 2048 ‚
224 2007 256 2041 id
279 2008 368 2049 quod
393 2005 477 2040 infra
501 2006 547 2048 (i
570 2009 579 2044 )
602 2006 705 2040 facere
730 2005 923 2039 conabimur
940 2028 947 2035 .
973 2004 1074 2038 Nunc

58 2054 146 2086 enim
171 2052 240 2084 aliae
263 2051 295 2082 in
320 2050 439 2094 quibus
463 2060 528 2082 non
542 2050 694 2086 aberant,
722 2049 976 2082 Observationes
1001 2047 1075 2081 sunt

64 2093 246 2133 indica-ndae
264 2117 272 2132 ,
293 2105 372 2136 quas
397 2093 612 2135 Sepulchreto
635 2093 727 2135 poffis
762 2091 898 2133 adjicere
923 2116 929 2123 .
966 2091 1075 2124 Dolaei

132 2139 150 2181 )
175 2137 216 2171 est
241 2149 301 2170 una
325 2161 334 2176 ,
373 2139 407 2170 in
431 2148 495 2179 qua
519 2146 628 2169 tumor
652 2137 820 2177 aliquanto
845 2137 951 2168 minor
975 2146 1074 2176 quarn

61 2196 78 2217 a
102 2181 254 2215 Valsalva
279 2184 289 2218 ξ
314 2179 361 2222 l)
385 2175 563 2221 descriptus
581 2201 590 2215 ‚
614 2180 769 2213 struetura
794 2189 900 2212 autem
927 2188 992 2209 non
1017 2178 1075 2210 ab·

59 2225 183 2265 fimili,
206 2235 281 2257 cum
304 2223 384 2259 diris
410 2222 625 2261 tenfionibus‚
650 2222 846 2264 molestoque
871 2220 959 2253 sensu
983 2220 1071 2261 quasi

62 2270 131 2304 vivi
155 2270 189 2301 in
214 2275 326 2299 ventre
349 2266 458 2300 catelli
483 2267 669 2304 alerentur,
692 2265 884 2306 conjunctus
908 2272 994 2299 erat3
1020 2263 1071 2297 sed

61 2322 175 2349 tumor
200 2323 216 2343 a
242 2308 435 2344 mesenterio
458 2308 588 2350 quidem
599 2308 787 2345 oriebatur3
811 2318 960 2342 caeterum
974 2307 1077 2340 variis

66 2355 144 2389 locis
168 2352 322 2392 intestinis
347 2351 492 2386 tenuibus
516 2360 583 2385 erat
604 2352 713 2396 affixus
730 2376 739 2392 ,
763 2354 858 2384 immo
882 2349 1024 2388 intestina
1048 2352 1078 2382 i-

59 2398 116 2441 fsa
142 2396 229 2432 illius
245 2395 450 2438 substantiam
475 2394 673 2437 permeabant
696 2420 704 2427 .
740 2395 854 2427 Altera
878 2393 1077 2426 Observatio

66 2439 242 2475 Verdrieszi
265 2443 278 2478 (
301 2439 367 2481 m)
392 2437 456 2475 est,
480 2440 537 2481 qui
563 2438 631 2479 post
656 2439 776 2470 ventris
789 2439 931 2471 tormina
955 2435 1077 2470 mesen-

64 2486 182 2518 terium
206 2491 313 2516 totum
331 2480 608 2522 steatomatosum‚
632 2492 687 2514 nec
712 2480 774 2514 fine
799 2481 923 2522 ingenti
957 2479 1077 2514 absces-

65 2528 122 2566 [υς
146 2538 178 2560 at
201 2525 294 2559 simul
318 2524 466 2566 intestina
489 2524 572 2557 arete
596 2525 729 2557 invicem
752 2523 932 2557 cohaerentia
956 2535 1075 2565 propo.

65 2573 139 2605 nit.
166 2571 282 2603 Tertia
306 2568 431 2602 Laubii
457 2567 510 2610 (n
531 2571 545 2607 )
569 2567 611 2600 est
635 2569 667 2600 in
692 2579 731 2600 eo
752 2570 809 2609 qui
836 2567 957 2600 ventris
981 2566 1078 2599 dolo-

62 2615 152 2648 ribus
176 2611 266 2646 valde
291 2612 431 2645 molestis
454 2609 683 2647 conflictatus,
708 2611 875 2644 tubercula
898 2611 931 2643 in
956 2609 1079 2644 mesen-

60 2660 151 2702 terio
173 2655 307 2699 quidem
332 2655 468 2692 habuit5
493 2653 543 2687 sed
570 2655 765 2687 &intestina
791 2654 951 2688 similibus
977 2654 1081 2696 pluri-

48 2702 126 2734 ‘'rnis
150 2699 334 2736 abscessibus
350 2697 575 2739 steatomatofis
599 2697 782 2731 scatebant.
807 2700 937 2731 Contra
964 2699 997 2730 in
1022 2709 1081 2729 no-

65 2743 221 2778 bilisfimo
232 2743 366 2776 Comite
391 2740 616 2775 mesenterium
641 2751 749 2775 totum
774 2741 970 2785 pinguedine
995 2742 1081 2773 mul-

69 2792 103 2821 'ta
126 2785 283 2820 scirrhosa
307 2786 433 2819 sebacea
455 2784 598 2818 obsitum
622 2808 635 2824 ,
668 2788 699 2817 δε
722 2786 856 2818 tormina
892 2794 999 2817 tamen
1024 2784 1075 2816 de-

63 2828 159 2876 fuisse
174 2855 181 2869 ,
207 2829 375 2862 adnotavit
398 2828 578 2862 Goekelius
601 2831 688 2866 (ο)-
710 2830 823 2872 Itaque
847 2852 855 2866 ‚
881 2837 917 2861 ut
941 2829 1077 2860 conclu-

69 2876 144 2908 dam
169 2884 179 2910 3
203 2873 237 2905 in
263 2872 428 2914 produb'ds
453 2884 517 2904 non
540 2873 701 2905 Veterum
726 2873 824 2905 modo
847 2894 856 2908 ‚
881 2871 929 2904 scd
956 2874 985 2903 δι’
1013 2872 1077 2904 Re-

69 2918 251 2951 centiorum
273 2913 562 2949 Observationibus
588 2923 641 2948 aut
664 2914 757 2947 dolor
782 2927 846 2947 non
863 2916 981 2957 legitur
1004 2925 1079 2947 cum

69 2972 198 2996 tumore
222 2957 403 2992 mesenterii
426 2958 642 3000 conjunc‘iun
665 2967 719 2991 aut
742 2959 766 2991 fi
790 2960 932 2999 legitur,
957 2969 1020 2990 non
1045 2957 1079 2990 in

71 3003 262 3038 mesenterio
286 3001 393 3043 potius
415 3002 484 3043 ipso
498 3027 507 3042 ‚
530 3013 626 3044 quam
641 3002 674 3034 in
686 3003 846 3036 intestinis
860 3000 974 3040 futss'e,
996 3013 1074 3033 con-

72 3048 133 3082 stat
149 3071 156 3078 .
183 3044 360 3087 Minusque
384 3045 507 3078 constat
531 3046 564 3077 in
583 3045 640 3089 Jo.
662 3044 799 3079 Sculteti
824 3045 979 3084 historia,
1002 3056 1074 3085 quae

72 3094 108 3126 in
133 3088 343 3133 Sepulchreto
367 3092 419 3129 (p
444 3091 454 3126 )
479 3090 575 3121 ctiam
599 3098 687 3122 extat
713 3103 721 3126 3
756 3100 858 3130 neque
891 3090 979 3121 enim
1003 3088 1076 3120 satis

75 3143 205 3178 apparet
220 3155 229 3170 ,
254 3132 375 3164 ventris
397 3133 668 3165 cruciatusextra
692 3132 839 3165 intestina
864 3129 976 3164 fuisse:
1000 3133 1030 3163 δι
1055 3129 1076 3163 si

77 3186 265 3220 appareret3
289 3186 366 3208 cum
391 3175 541 3207 acerrima
558 3198 567 3213 ,
590 3186 662 3216 quae
687 3176 720 3208 in
745 3175 798 3208 sex
822 3175 1003 3207 mesenterii
1030 3184 1081 3208 tu—

76 3220 222 3256 moribus
236 3219 298 3252 fuit
309 3241 319 3257 ,
345 3218 476 3251 materia
491 3228 601 3250 omnes
615 3219 800 3252 lumborum
823 3219 983 3250 vertebras
999 3219 1083 3251 mul-

77 3275 151 3298 tum
174 3263 300 3296 dicatur
324 3260 511 3298 corrosisse5
535 3272 598 3293 non
620 3262 735 3295 deeffet
749 3261 1009 3295 Observationes
1021 3273 1084 3294 0:ae-

77 3318 160 3342 teras
185 3305 426 3340 attendentibus
449 3303 544 3336 altera
568 3314 655 3338 extra
682 3305 907 3339 mesenterium
932 3314 986 3337 aut
1020 3305 1081 3336 do-

76 3353 184 3388 lorum
200 3373 209 3389 ‚
234 3360 288 3382 aut
311 3348 449 3391 originis
471 3346 621 3380 dolorum
645 3348 750 3382 sedes:
774 3359 809 3382 ut
832 3357 915 3383 certe
939 3358 1002 3381 non
1025 3347 1082 3381 de·-

79 3396 122 3430 est
147 3396 180 3427 in
206 3406 243 3426 eo
265 3391 355 3434 quod
379 3390 546 3433 sequitur,
569 3394 739 3435 exemplo.

123 3451 152 3480 9.
181 3436 414 3471 MULIER
432 3434 509 3466 EM
533 3444 689 3469 annorum
713 3434 957 3477 duodetriginta
989 3434 1086 3467 dolo-

81 3494 128 3516 res
152 3483 185 3514 in
211 3489 321 3513 ventre
345 3499 354 3515 ‚
386 3488 460 3511 cum
485 3478 547 3509 levi
571 3479 733 3511 interdurn
757 3475 915 3512 febricula
944 3477 1086 3519 >conjun-

82 3527 152 3567 ἂί,
175 3535 229 3566 per
253 3522 499 3565 quadriennium
520 3531 711 3554 vexaverant
736 3533 743 3553 :
776 3522 904 3555 tandem
939 3520 1085 3555 saeviores

170 3566 335 3609 Morgagni
346 3569 380 3598 cte
392 3563 458 3598 Sed.
477 3564 615 3607 &Caufi
630 3563 903 3599 Morb-Tom.11.

241 3751 300 3776 Obs.
320 3754 396 3775 Anat.

459 3750 473 3778 (
484 3750 500 3779 f
516 3748 524 3777 )
540 3749 605 3774 Ibid.
667 3751 711 3780 (g
729 3748 736 3778 )
753 3757 775 3774 c.
792 3759 817 3780 7.
835 3754 908 3783 paulo
924 3757 981 3777 ante
996 3752 1038 3776 cit.

1949 248 2003 281 12

1111 316 1188 350 faffi
1203 339 1214 356 ,
1237 327 1252 348 e
1276 316 1359 348 vivis
1392 315 1586 349 sustulerunt
1610 338 1618 346 .
1750 313 1781 343 C
1796 313 1826 345 A
1839 312 1910 345 DA
1924 311 1957 344 V
1971 311 1999 343 E
2011 252 2043 343 ῗὶ
2057 312 2071 343 I
2085 312 2103 344 S

1110 359 1282 393 Abdomen
1306 359 1427 391 nullam
1451 359 1590 391 exterius
1612 353 1805 393 tensionem,
1830 365 1900 397 quse
1924 356 1958 387 in
1990 353 2107 385 viven-

1111 414 1143 436 te
1164 404 1248 436 circa
1272 402 1490 435 umbilicalem
1515 400 1681 441 regionem
1705 397 1807 430 fuerat
1832 422 1841 437 ,
1874 396 1939 439 jam
1961 396 2104 428 ostende-

1105 447 1181 480 bat.
1206 445 1259 478 Ad
1283 444 1461 479 mesenterii
1485 453 1589 477 tamen
1613 451 1761 475 centrum
1784 441 1849 474 duo
1873 450 1962 473 erant
1995 448 2105 471 tumo-

1106 501 1172 523 res.
1197 491 1351 527 Quorum
1376 490 1453 521 alter
1475 488 1530 519 ovi
1555 483 1690 519 anserini
1715 484 1940 525 magnitudine
1966 504 1975 520 ‚
2000 493 2107 515 renem

1106 534 1211 567 versus
1232 532 1401 564 dexterum
1425 531 1574 572 vergebat
1597 552 1606 566 ,
1641 531 1728 561 intus
1760 528 1955 560 exulceratus
1979 550 1988 565 ‚
2022 525 2106 558 nibil

1104 586 1212 611 tamen
1235 576 1403 608 continens
1426 572 1610 614 purulenti:
1636 572 1714 605 alter
1737 581 1814 603 vero
1838 571 1942 603 multo
1965 577 2031 603 erat
2045 580 2110 601 ma·

1106 622 1179 665 jor.
1200 620 1290 652 Nam
1309 620 1345 650 ssc
1369 618 1407 650 ad
1431 615 1594 649 sinistrum
1618 615 1770 658 pergebat
1795 623 1902 646 renem
1927 636 1935 651 ‚
1958 611 2000 646 fic
2024 612 2108 644 inter

1110 663 1204 706 hujus
1238 662 1431 695 exteriorem
1454 681 1464 696 ,
1507 659 1761 699 interioremque
1793 657 1936 689 tunicam
1970 657 1998 688 {e
2033 655 2111 687 insi-

1106 717 1206 743 nuans
1230 729 1238 744 ‚
1265 715 1298 739 ut
1325 715 1431 737 renem
1456 711 1564 735 totum
1587 709 1799 742 contegeret,
1822 710 1878 741 nec
1903 700 1961 731 nisi
1987 697 2111 730 summo

1110 762 1184 787 cum
1207 749 1316 781 labore
1340 748 1380 780 ab
1403 745 1513 780 eodem
1538 743 1640 787 posset
1662 744 1755 777 evelli
1776 754 1788 783 ,-
1820 745 1850 775 &
1882 742 1920 775 acl
1954 752 1990 774 os
2014 741 2111 781 usque

1113 794 1207 838 pubis
1230 790 1370 833 ejusdem
1393 790 1501 823 lateris
1524 787 1552 821 se
1576 788 1789 823 extendebat,
1813 784 2015 818 crassitudine
2038 785 2113 825 qui·

1113 835 1247 871 busdam
1271 836 1304 867 in
1327 833 1406 866 locis
1429 832 1531 871 duos,
1555 831 1591 864 in
1614 832 1683 864 aliis
1706 840 1768 861 tres
1801 829 1924 870 digitos
1955 838 2113 870 aequans.

1116 882 1183 914 Hic
1207 881 1313 920 primo
1337 876 1460 919 aspeQu
1482 884 1670 908 concretum
1706 873 1889 914 sanguinem
1922 870 2081 903 referebat
2105 895 2113 901 .

1117 924 1176 957 Sed
1201 932 1290 955 totus
1313 918 1544 959 firmis‚·datis
1568 930 1584 950 a
1608 918 1785 959 peritonaeo
1809 938 1817 951 ‚
1844 915 2037 948 membranis
2062 925 2117 946 ve-

1117 967 1292 1001 stiebatur:
1316 976 1354 996 ex
1377 962 1551 996 substantia
1577 971 1683 994 autem
1706 960 1871 993 constabat
1894 981 1907 998 ,
1941 958 2054 990 multis
2077 958 2112 989 in

1115 1011 1220 1049 locis,
1243 1008 1399 1041 fibrarum
1423 1016 1608 1039 carucarum
1632 1004 1793 1037 simillima
1817 1027 1826 1041 ,
1860 1002 1918 1046 nisi
1951 1002 2039 1039 quod
2063 1000 2117 1033 hic

1116 1062 1205 1087 erant
1229 1050 1357 1083 infecitae
1382 1049 1490 1082 colore
1515 1057 1606 1084 atr0‚
1631 1050 1661 1080 ὃ(
1684 1046 1802 1079 alicubi
1826 1045 1903 1078 laxae
1928 1044 2004 1077 adeo
2017 1052 2119 1083 erant,

1116 1106 1152 1130 ut
1176 1102 1345 1130 concretus
1368 1090 1497 1133 sanguis
1522 1090 1729 1124 viderentur.

1164 1149 1214 1172 10.
1241 1138 1272 1171 Si
1298 1158 1307 1174 ,
1340 1144 1375 1168 ut
1399 1134 1542 1176 suspicor
1566 1156 1578 1172 ,
1615 1134 1658 1165 ita
1685 1145 1744 1174 pro
1767 1142 1857 1166 certo
1881 1132 2029 1166 haberem
2055 1154 2066 1170 ,
2101 1141 2118 1162 a

1114 1181 1270 1217 Valsalva
1295 1180 1468 1213 etiamtum
1493 1176 1690 1210 adolescente
1712 1176 1856 1209 habitam
1881 1174 1939 1209 effe
1961 1173 2124 1207 disseetio-

1116 1238 1223 1266 nem,·
1256 1223 1351 1257 facile
1382 1224 1415 1254 in
1448 1231 1576 1255 tumore
1609 1219 1671 1254 hoc
1704 1220 1804 1252 altero
1842 1217 2029 1259 aneurysma
2064 1217 2122 1247 ali-

1115 1269 1204 1313 quod
1228 1267 1422 1309 descriptum
1447 1264 1606 1298 crederem
1630 1288 1638 1297 .
1674 1261 1734 1296 Sed
1767 1272 1802 1296 ut
1826 1263 1912 1295 nihil
1937 1259 2023 1294 aliud
2050 1258 2123 1293 fue—

1118 1316 1161 1347 rit
1186 1336 1196 1351 ‚
1221 1323 1319 1355 quam
1342 1308 1429 1351 quod
1454 1318 1533 1340 tunc
1558 1307 1616 1349 ipsi
1651 1306 1758 1339 visum
1782 1306 1825 1339 est
1850 1328 1859 1344 ‚
1892 1316 1972 1339 unus
2004 1302 2125 1335 videli-

1116 1367 1168 1391 cet
1192 1368 1231 1389 ex
1254 1356 1295 1388 iis
1318 1352 1356 1387 de
1380 1351 1500 1394 quibus
1522 1350 1576 1384 hic
1600 1351 1707 1392 agitur
1731 1373 1742 1390 ‚
1775 1349 1954 1384 mesenterii
1979 1356 2090 1379 tumor
2114 1359 2125 1382 ς,

1117 1410 1202 1434 certe
1226 1397 1266 1432 ad
1289 1396 1408 1440 pubem
1433 1396 1532 1437 usque
1556 1412 1569 1434 ‚-
1597 1397 1627 1426 δε
1652 1395 1689 1427 ad
1712 1392 1880 1427 dexterum
1915 1389 2127 1432 operiendum

1116 1456 1226 1477 renem
1250 1439 1416 1475 extendere
1442 1437 1469 1471 se
1494 1449 1556 1470 non
1582 1438 1713 1479 potuit,
1738 1437 1818 1479 quin
1843 1444 1970 1477 urgeret
1993 1456 2002 1470 ‚
2035 1444 2129 1466 com-

1118 1489 1334 1530 primeretque
1357 1481 1506 1516 intestina
1521 1505 1530 1519 ‚
1552 1492 1607 1513 nec
1632 1481 1717 1513 inter
1741 1481 1823 1513 renis
1847 1480 1932 1512 illius
1955 1478 2076 1511 tunicas
2099 1474 2130 1507 se

1118 1531 1302 1565 insinuare,
1326 1529 1358 1559 δε
1383 1525 1420 1558 acl
1444 1524 1558 1557 harum
1583 1524 1748 1566 propriam
1774 1546 1786 1562 ,
1820 1533 1989 1564 renemque
2023 1519 2130 1561 ipsum

1122 1577 1203 1607 arete
1229 1572 1308 1607 adeo
1331 1569 1361 1603 se
1385 1567 1512 1609 affigere
1546 1568 1626 1607 quin
1660 1567 1772 1607 longas
1808 1565 1984 1606 gravesque
2008 1571 2131 1596 crearet

1121 1618 1283 1651 molestias
1308 1636 1317 1652 ‚
1344 1623 1416 1654 quae
1439 1609 1565 1643 tametsi
1590 1608 1629 1642 ad
1653 1620 1723 1642 eam
1749 1608 1851 1642 sedem
1878 1610 2056 1643 attineant3
2082 1617 2131 1638 ta-

1121 1673 1195 1694 men
1218 1669 1317 1704 quam
1341 1656 1421 1697 saepe
1443 1654 1481 1688 ad
1504 1652 1653 1686 intestina
1676 1651 1707 1685 se
1729 1652 1920 1689 extendant,
1948 1661 2047 1692 utque
2072 1649 2131 1683 hm

1123 1716 1195 1740 rum
1220 1703 1330 1746 potius
1356 1724 1366 1739 ‚
1389 1708 1488 1740 quam
1513 1697 1595 1729 renis
1610 1717 1618 1733 ‚
1642 1694 1769 1729 dolores
1793 1695 1881 1729 haud
1903 1706 1974 1727 raro
1998 1695 2058 1726 effe
2083 1695 2134 1725 vi-

1120 1748 1276 1786 deantur,
1302 1743 1432 1776 minime
1455 1742 1605 1780 ignoras.
1633 1741 1758 1772 interea
1782 1739 1886 1772 nolim
1908 1737 2017 1772 credas
2033 1762 2041 1775 ‚
2062 1749 2131 1770 earn

1121 1791 1204 1825 mibi
1228 1787 1421 1823 sententiam
1446 1783 1504 1816 esie
1529 1807 1536 1820 ‚
1560 1791 1595 1815 ut
1621 1783 1728 1815 nullus
1752 1781 1808 1815 effe
1835 1781 1928 1823 poffit
1953 1781 2136 1813 mesenterii

1120 1845 1230 1868 tumor
1253 1832 1310 1875 qui
1336 1829 1418 1862 sedes
1442 1825 1506 1869 ipse
1528 1826 1650 1858 doloris
1675 1824 1732 1858 lit:
1756 1834 1885 1858 tantum
1909 1825 2006 1858 velim
2035 1850 2043 1863 ‚
2069 1836 2135 1857 nori

1123 1880 1217 1911 aliter
1252 1874 1389 1915 accipias
1410 1872 1520 1904 omnia
1552 1881 1622 1915 quae
1657 1880 1672 1900 a
1709 1880 1758 1902 me
1793 1868 1944 1902 haetenus
1978 1867 2136 1909 produfita

1122 1922 1220 1960 sunt,
1244 1929 1337 1959 atque
1363 1913 1601 1949 animadversa,
1624 1923 1721 1953 quam
1748 1921 1783 1944 ut
1808 1911 1905 1951 scias,
1931 1912 2052 1945 nullam
2076 1911 2139 1943 effe

1123 1977 1162 1999 ex
1184 1973 1237 1996 tot
1254 1957 1551 1994 observationibus
1575 1956 1658 1990 unde
1684 1956 1814 1999 liquido
1839 1964 2013 1999 appareat,
2036 1957 2067 1988 in
2083 1965 2138 1988 tu-

1131 2018 1221 2042 more
1246 2005 1318 2047 ipso
1342 2003 1488 2037 dolorem
1511 1999 1623 2034 fuisse.

1164 2061 1227 2093 ¹11.
1254 2048 1357 2091 Qod
1382 2047 1453 2080 sane
1477 2045 1598 2091 mirum
1619 2043 1664 2091 ‘est
1688 2043 1749 2078 five
1774 2055 1946 2079 nervorum
1985 2042 2135 2077 mesente-

1129 2097 1169 2128 rii
1194 2094 1324 2137 copiam
1347 2090 1488 2133 speeies,
1511 2088 1574 2121 sive
1598 2099 1664 2129 ejus
1698 2089 1924 2129 glandularum
1957 2089 2101 2122 officium
2128 2112 2139 2118 μ

1129 2142 1166 2172 In
1194 2138 1340 2171 mammis
1364 2135 1449 2167 enim
1473 2133 1570 2174 longe
1595 2132 1703 2164 minor
1727 2134 1939 2174 proportione
1962 2132 2041 2165 inest
2065 2142 2138 2164 ncr-

1127 2193 1244 2215 vorum
1268 2189 1442 2212 numerus.-
1464 2186 1601 2218 quarum
1634 2176 1794 2217 glandulae
1831 2186 1974 2210 tumores
2009 2176 2030 2208 si
2063 2187 2139 2208 crum

1124 2229 1247 2258 ciarum
1271 2223 1343 2256 ideo
1368 2218 1599 2253 ac'erbiffimum
1625 2217 1796 2259 afferrent,
1820 2220 1908 2262 quod
1930 2217 2042 2259 chylus
2064 2230 2136 2251 cm-

1124 2270 1181 2302 dus
1205 2293 1214 2307 ‚
1251 2267 1291 2299 ad
1311 2275 1429 2298 acorem
1450 2263 1681 2304 concipiendum
1704 2270 1794 2304 aptus
1821 2287 1830 2302 ‚
1865 2263 1897 2295 in
1928 2262 2009 2296 alias
2028 2269 2141 2303 ertec

1127 2309 1326 2354 glandizlosas
1349 2309 1396 2341 ita
1419 2306 1513 2339 crude
1532 2304 1699 2347 &copiose
1714 2328 1723 2343 ‚
1746 2316 1780 2340 ut
1805 2307 1839 2339 in
1863 2317 2039 2343 mammas,
2062 2315 2138 2338 con„

1130 2364 1252 2387 currere
1275 2363 1331 2385 non
1352 2350 1478 2392 potesl5
1514 2349 1584 2382 sane
1608 2351 1715 2383 multo
1748 2352 1849 2392 magis
1884 2351 1919 2383 in
1952 2349 2136 2384 mesentcrii

1128 2397 1312 2431 tumoribus
1334 2394 1429 2427 dolor
1452 2392 1578 2426 saeviret
1601 2396 1615 2433 ζ
1635 2396 1729 2435 cujus
1752 2394 1920 2435 glandulas
1946 2418 1953 2433 ,
1980 2406 2053 2428 cum
2079 2393 2135 2425 5¹2³]

1128 2439 1252 2482 scripsit
1275 2462 1284 2478 ‚
1312 2448 1376 2471 non
1400 2436 1526 2470 videtur
1551 2435 1719 2470 attendiffe
1744 2438 1808 2470 Vir
1834 2439 1994 2480 Doctus)
2017 2438 2139 2480 quippe

1126 2487 1160 2517 in
1184 2483 1272 2526 quod
1297 2482 1412 2522 chylus
1433 2477 1574 2514 confluit
1600 2483 1630 2511 &
1654 2481 1780 2518 omnis,
1805 2484 1836 2514 &
1861 2482 1965 2514 multo
1981 2481 2110 2515 crudior
2127 2506 2135 2512 .

1126 2528 1222 2562 Dilui
1246 2528 1281 2559 in
1305 2524 1495 2557 mesenterio
1519 2523 1671 2565 lympha,
1696 2522 1815 2557 diceres
1843 2550 1851 2564 ‚
1877 2537 1977 2567 eoque
2002 2537 2135 2567 prome-

1126 2572 1160 2604 di
1183 2571 1341 2608 ulterius,
1365 2578 1451 2607 non,
1471 2577 1506 2600 ut
1531 2568 1565 2598 in
1591 2568 1759 2607 mammis,
1784 2570 1979 2606 immorari3
2002 2564 2133 2602 nifi'm,

1130 2625 1204 2648 mor
1227 2612 1294 2656 ipse
1316 2612 1475 2652 incipiens
1498 2613 1529 2644 δε
1553 2610 1695 2652 lymphae
1713 2636 1721 2650 ,
1742 2616 1771 2644 δέ
1795 2612 1893 2654 chylo
1917 2624 2074 2646 remoram
2089 2612 2135 2645 isa-

1130 2667 1237 2694 ceree,
1263 2667 1339 2689 mox
1364 2655 1453 2687 illam
1476 2677 1488 2694 ,
1520 2655 1677 2686 nimirum
1701 2658 1881 2688 tenuiorem
1907 2679 1915 2693 ‚
1952 2657 2133 2698 praeterlabi

1131 2701 1246 2734 sineret
1263 2722 1272 2737 ,
1295 2697 1431 2740 chylum
1457 2699 1629 2731 retineret.
1656 2700 1707 2730 An
1734 2700 1834 2739 igitur
1858 2699 1971 2736 dolor,
1997 2712 2070 2733 cum
2095 2699 2133 2733 ad

1131 2743 1358 2777 mesenterium
1382 2742 1517 2775 attineat
1544 2766 1553 2781 ,
1589 2744 1620 2773 in
1645 2741 1805 2775 intestinis
1838 2743 1966 2776 videtur
1983 2769 1992 2782 ,
2029 2745 2134 2777 nervis

1130 2790 1187 2830 qui
1212 2787 1249 2820 ad
1274 2786 1340 2820 haec
1366 2785 1502 2821 tendunt
1526 2806 1537 2822 ‚
1560 2785 1768 2825 compuncftis
1794 2808 1802 2823 ,
1837 2797 1901 2818 non
1926 2786 2013 2820 secus
2037 2798 2135 2829 atque

1129 2833 1164 2864 in
1187 2838 1355 2873 amputato
1381 2828 1444 2871 jam
1470 2828 1545 2869 pede
1571 2826 1586 2859 ,3
1617 2830 1669 2859 An
1694 2826 1811 2862 humor
1844 2830 1901 2870 qui
1927 2830 2018 2871 poffit
2041 2841 2132 2863 com-

1131 2886 1271 2917 pungere
1296 2898 1306 2913 ,
1338 2884 1402 2904 non
1425 2871 1580 2903 omnibus
1604 2870 1680 2902 inest
1705 2871 1885 2905 mesenterii
1910 2874 2095 2906 tumoribus
2120 2877 2131 2905 ?

1131 2920 1184 2950 An
1208 2915 1401 2960 quibusdam
1424 2914 1762 2947 horuminesthumor
1784 2918 1840 2957 qui
1866 2927 2038 2950 nervorum
2064 2921 2134 2949 ien-

1132 2961 1219 2998 sum,
1246 2959 1405 2997 laxando,
1428 2957 1557 2990 hebetet
1581 2954 1597 2988 ξ
1620 2958 1672 2989 An
1696 2959 1860 2991 interdum
1883 2970 2049 2994 tumorum
2074 2962 2133 2992 dn-

1124 3006 1202 3038 ritie
1226 3002 1395 3044 intercepti
1421 3001 1509 3033 nervi
1532 2999 1616 3033 haud
1639 3000 1729 3034 aliter
1745 3009 1840 3045 atque
1851 3003 1891 3035 ab
1915 3002 2035 3043 injefto
2062 3007 2134 3035 vin-

1126 3049 1222 3086 culo,
1244 3044 1399 3080 sentiendi
1425 3046 1547 3077 muneri
1572 3045 1709 3085 impares
1732 3044 1836 3079 fiunt?
1862 3047 1920 3080 Sed
1934 3047 1994 3079 hoc
2019 3047 2134 3088 pofitt),

1129 3090 1212 3124 illud
1236 3089 1342 3133 postea
1367 3099 1430 3120 non
1464 3086 1622 3134 intelliges
1646 3108 1655 3123 ,
1686 3089 1854 3130 quomodo
1877 3091 2020 3123 Laubius
2045 3094 2056 3129 (
2080 3103 2097 3132 q
2121 3094 2135 3128 )

1131 3135 1213 3168 circa
1236 3131 1420 3166 umbilicum
1442 3138 1576 3163 tormina
1588 3129 1755 3164 adnotavit
1770 3155 1779 3170 ‚
1805 3144 1877 3166 cum
1901 3132 2134 3176 absceffiisslea.

1134 3175 1301 3217 iomatosus
1320 3174 1419 3216 pugni
1441 3173 1548 3206 virilis
1571 3175 1812 3216 magnitudinem
1831 3175 1996 3217 superans,
2023 3177 2134 3215 durus,

1134 3220 1307 3261 compactus
1332 3218 1362 3249 in
1384 3224 1475 3257 parte
1505 3216 1616 3257 postica
1647 3216 1821 3259 mesenterii
1846 3243 1857 3258 ,
1891 3217 1945 3250 ubi
1980 3218 2134 3251 vertebris

1136 3261 1328 3295 lnmbaribus
1350 3259 1525 3293 annectitur
1546 3282 1557 3298 ‚
1587 3260 1664 3300 fisus
1684 3282 1693 3297 ,
1726 3261 1799 3304 rasa
1822 3261 1940 3302 majora
1963 3260 2052 3293 illins
2075 3260 2135 3294 leci

1132 3305 1353 3338 circumdaret.
1378 3304 1427 3336 Sic
1452 3305 1537 3336 enim
1561 3303 1688 3336 videtur
1711 3304 1877 3346 impositos
1900 3304 1939 3336 iis
1964 3304 2044 3336 vasis
2064 3315 2138 3338 ner-

1135 3360 1191 3381 vos
1214 3371 1225 3387 ,
1250 3346 1473 3380 mesenterium
1498 3367 1508 3384 ,
1530 3349 1561 3379 &
1585 3346 1730 3379 intestina
1755 3348 1895 3380 adituros
1920 3369 1928 3383 ‚
1960 3348 2135 3389 intercipe-

1137 3405 1168 3425 re
1187 3415 1194 3429 ,
1220 3395 1250 3423 e&
1276 3401 1415 3433 premere
1438 3388 1599 3422 debuisse.
1623 3389 1683 3423 Fac
1706 3391 1807 3430 igitur
1830 3390 1916 3424 aliud
1941 3390 2073 3431 aliquod*
2098 3393 2136 3426 ad

1136 3435 1357 3476 idsexcogites
1381 3455 1389 3470 ,
1413 3442 1526 3466 caetera
1552 3442 1656 3465 autem
1679 3444 1749 3473 quae
1773 3434 1871 3467 modo
1895 3434 2013 3473 attigi,
2036 3433 2135 3475 dispi-

1138 3479 1201 3512 cias
1226 3500 1234 3515 ‚
1278 3475 1429 3518 aliudque
1473 3475 1510 3508 ad
1555 3476 1631 3509 alias
1667 3475 1918 3510 Observationes
1954 3488 2137 3512 accommo-

1137 3521 1209 3555 des.
1237 3521 1386 3558 Quarum
1410 3518 1553 3556 nullam,
1576 3529 1685 3552 earum
1708 3519 1840 3561 quidem
1861 3530 1938 3563 quas
1963 3530 2020 3551 nos
2032 3529 2138 3555 atten-

1614 3561 1681 3601 (ζ
1691 3571 1710 3594 2
1968 3562 2074 3597 dimus
2087 3588 2099 3606 ‚

1485 3668 1514 3675 ι..

1101 3752 1116 3780 (
1132 3750 1146 3772 h
1162 3747 1171 3779 )
1189 3751 1246 3774 Obs.
1265 3753 1301 3778 36.
1321 3749 1339 3778 §.
1361 3757 1380 3773 1.

145 3755 160 3810 ‹c
176 3752 224 3811 2³)
239 3782 298 3811 Eph.
315 3784 349 3806 N.
366 3782 394 3805 c.
411 3782 470 3804 Dec.
486 3789 508 3810 3*
528 3781 556 3803 Α.
575 3788 593 3807 s.
611 3782 632 3804 ac
650 3784 672 3804 ⁶.
689 3779 746 3815 obs.
765 3783 818 3812 25'8.
880 3785 894 3813 ς
911 3784 920 3806 ι
937 3783 944 3808 l
962 3791 986 3806 n.
995 3791 1016 3806 2.
1078 3781 1092 3810 (
1107 3789 1131 3803 »m
1148 3783 1159 3806 >
1176 3746 1545 3811 aethre.Tou-1.1.(gb‘s.)87n.⁴
1565 3759 1600 3776 ¹¹'

147 3814 334 3873 ἳοὲζῖοᾶιῇηὲῑ
347 3814 469 3866 {orii-'mit
487 3809 730 3867 glbs-bffoffbgt’amc·
750 3818 772 3835 ²-
835 3815 849 3844 (
864 3823 876 3838 o
892 3814 906 3842 )
923 3814 981 3842 Eph.
1001 3814 1033 3836 Ν.
1049 3813 1076 3836 c.
1096 3814 1166 3835 cent.
1183 3815 1206 3835 ⁶.
1223 3812 1281 3836 obs.
1301 3817 1337 3839 94.
1399 3813 1408 3834 (
1426 3817 1443 3840 p
1459 3814 1467 3841 )
1485 3812 1502 3836 1.
1522 3821 1542 3842 3.
1560 3813 1584 3837 s.
1603 3820 1639 3840 η.
1658 3808 1713 3835 obs.
1734 3816 1769 3838 30.
1788 3808 1808 3838 §.
1829 3817 1862 3833 η.
