2498 4075
489 251 647 316 Epist·
686 251 844 305 Anat.
877 252 1090 306 Medica
1125 252 1322 308 LXVIi.
1351 254 1470 307 Art.
1503 269 1577 323 13.
1598 254 1746 317 &14-

109 327 333 364 excrescentiae
355 329 410 367 isti
434 326 608 370 aliquando
631 328 841 364 tribuendum
856 349 866 367 ‚
888 337 927 361 ne
950 328 1008 371 ipsi
1031 327 1106 372 qui-

105 372 177 404 dem
202 371 292 407 fuisse
316 376 486 416 ignotum·
1040 415 1047 421 ι

153 425 202 457 13-
226 418 276 451 De
302 417 445 450 minimis
470 425 576 449 autem
600 416 709 449 vesicae
732 415 894 458 glandulis
915 414 993 457 quid
1017 413 1104 449 vide·

105 460 193 498 rim,
216 463 247 493 &
269 462 350 500 quid
364 461 496 493 sentiam
513 483 526 499 ‚
549 470 566 491 a
587 470 637 492 me
662 459 740 492 alibi
769 459 786 502 (
806 459 818 492 i
842 461 853 498 )
876 457 1104 499 scriptumest.

106 503 159 536 De
182 500 315 537 sacculis
340 512 445 536 autem
468 502 553 542 illis,
578 500 660 542 five,
684 511 719 535 ut
745 503 879 538 vocavi,
904 501 1010 536 veficae
1033 500 1105 535 her-

104 546 170 578 niis
192 568 201 584 ,
240 558 259 580 a
282 558 332 581 me
364 546 540 579 observatis
564 547 597 578 in
622 546 699 579 areis
720 557 798 588 quas
821 544 960 588 ejusdem
995 545 1106 579 lacerti

105 588 257 623 ambiunt
272 615 281 629 ‚
305 602 343 623 ex
367 591 508 629 tunicis,
531 590 642 622 nimiae
664 588 828 622 interdum
861 589 961 630 copiae
991 590 1107 623 retenti

103 632 179 665 lotii
202 633 411 673 cedentibus,
435 641 560 675 quanto
574 631 637 674 jam
650 642 739 666 antea
762 643 908 675 tempore
930 631 999 666 haec
1020 630 1109 675 ipsa,

105 677 138 707 &
169 686 237 714 Quo
270 676 355 710 libro
392 676 545 709 ediderim
571 701 580 715 ,
611 676 686 709 satis
710 675 865 719 superque
901 687 917 708 a
950 687 999 709 me
1040 675 1106 708 suit

109 718 222 751 XLII.
247 719 391 762 Epistola
416 723 430 759 (
451 719 470 759 l<
490 723 504 759 )
526 720 732 759 indicatum,
756 720 811 752 ubi
848 720 946 752 etiam
968 719 1007 752 de
1039 720 1107 752 cal-

105 761 193 794 culis
214 775 279 797 non
305 775 404 806 pauca
427 763 524 801 dixi,
548 764 632 796 intra
655 773 708 795 eos
733 762 872 796 sacculos
896 761 1107 803 comprehen-

103 806 170 846 fis,
193 809 225 840 &
256 807 294 841 de
318 809 358 839 iis
390 818 461 848 quae
495 805 569 839 inde
602 806 684 839 oriri
719 805 847 847 possunt
870 830 880 845 ‚
911 805 1104 839 lithotomo-

107 859 181 881 rum
213 849 455 892 deceptionibus
479 874 487 883 .
522 849 579 882 Ob
602 850 635 882 id
665 849 767 890 ipsum
803 858 909 883 autem
941 847 1008 882 haec
1033 871 1042 885 ‚
1074 850 1106 880 &

106 902 182 934 quae
207 892 404 937 sequuntur,
426 894 491 927 tibi
523 903 766 932 commemoro,
788 903 901 936 nempe
924 893 1000 934 quia
1023 914 1033 931 ‚
1069 899 1104 924 ut

106 938 150 969 xie
175 935 232 972 illa
255 937 351 972 uvula
367 960 377 977 ,
398 938 445 970 ita
468 937 566 970 etiam
589 936 627 970 de
650 934 700 968 his
722 936 792 969 aliis
814 947 885 979 quae
909 936 947 969 ad
972 945 1023 973 te,
1049 943 1103 968 aut

108 977 149 1011 ad
172 980 252 1013 alios
274 981 411 1015 scribens
425 1002 433 1017 ‚
458 978 620 1014 interdum
643 977 732 1021 posui
745 1002 764 1026 ,ι
781 978 901 1013 necesse
935 978 1058 1018 haben,
1080 978 1102 1012 si

107 1032 180 1055 non
205 1024 324 1062 multa,
350 1032 384 1058 at
408 1035 563 1066 perpauca
578 1023 690 1057 saltem
713 1022 847 1065 adjicere
869 1033 939 1066 quae
964 1025 1029 1056 veri
1041 1022 1104 1055 stu-

109 1065 206 1100 dium
228 1069 321 1109 cogit
344 1068 436 1101 simul
459 1079 492 1100 ea
517 1067 712 1110 speetanteni
735 1077 806 1109 quae
828 1066 883 1099 illa
905 1066 944 1099 de
974 1065 1069 1099 uvula
1093 1087 1103 1103 ,

108 1111 141 1141 &
164 1110 203 1143 de
226 1110 327 1144 vefica
351 1120 451 1153 nuper
474 1111 560 1153 legi,
585 1113 616 1144 δε
650 1121 721 1152 quae
756 1110 795 1143 de
825 1109 884 1143 hac
918 1109 997 1142 olim
1032 1119 1106 1142 cum

107 1153 196 1194 apud
220 1153 385 1196 plerosque
410 1154 645 1193 Anatomicos,
668 1162 739 1186 tuin
763 1152 845 1195 apud
868 1164 940 1186 eum
968 1152 1107 1194 legeram

106 1197 167 1237 qui
191 1197 312 1232 multos
336 1197 568 1236 antecellebat,
591 1197 744 1231 Amicum
769 1208 874 1230 meum
899 1197 1107 1242 Santorinuin

105 1238 168 1271 illo
191 1239 262 1281 ipso
295 1241 400 1282 capite
422 1242 461 1273 Χ.
486 1239 573 1283 quod
597 1241 693 1282 paulo
716 1249 788 1274 ante
810 1239 978 1274 laudabam
993 1265 1000 1273 .
1026 1240 1106 1281 Ejus

106 1282 236 1323 igitur,
258 1286 289 1317 δι
311 1294 504 1318 caeterorum
526 1283 774 1326 descriptiones,
799 1293 853 1318 aut
875 1284 1105 1318 delineationes

106 1324 264 1360 fibrarum
277 1327 381 1362 vesicae
394 1338 583 1361 carnearuni
596 1326 785 1365 attenderis,
808 1338 844 1361 ac
867 1338 942 1362 cum
965 1328 1005 1360 iis
1027 1337 1106 1360 con-

108 1366 213 1402 ferens
244 1382 316 1413 quae
347 1371 412 1413 ipse
446 1372 572 1404 ultimis
604 1374 645 1404 A.
672 1380 763 1414 17²5·
787 1371 900 1413 primis
924 1380 1032 1405 autem
1055 1371 1107 1403 in-

107 1411 269 1453 sequentis
302 1415 376 1448 anni
401 1413 557 1448 mensibus
580 1413 688 1448 videre
709 1422 877 1456 potueram
902 1418 913 1454 (
935 1415 947 1448 l
969 1418 1003 1455 2,
1025 1413 1107 1448 illud

109 1456 270 1498 praecipue
294 1458 475 1500 intelligere
511 1456 595 1491 visus
630 1457 697 1492 sum
723 1480 733 1496 ,
768 1467 891 1492 tantam
916 1458 975 1492 esle
998 1458 1032 1492 iri
1054 1469 1107 1491 ea-

107 1509 182 1532 rum
204 1499 360 1535 fibrarum
392 1500 604 1543 dispositione
640 1501 844 1540 varietatem,
870 1511 908 1535 ue
937 1501 975 1536 ad
1008 1512 1105 1536 unam

105 1551 229 1577 certam
243 1566 253 1582 ‚
275 1544 533 1587 constantemque
555 1544 801 1587 descriptionem
823 1545 927 1587 redigi
951 1556 1015 1578 non
1032 1545 1104 1587 pos-

106 1584 189 1619 sint.
214 1588 329 1630 Itaque
362 1599 427 1621 non
462 1587 552 1622 valde
586 1587 691 1630 postea
724 1590 858 1623 miratus
890 1589 959 1622 sum
982 1611 993 1627 ‚
1025 1599 1102 1622 cum

103 1630 141 1661 in
177 1630 316 1665 aliorum
349 1635 502 1664 variantes
527 1633 638 1664 Icones
668 1632 794 1669 incidi,
817 1642 853 1666 ut
885 1642 961 1674 puta
986 1630 1104 1674 speeta-

106 1673 135 1704 ti
169 1673 246 1706 Viri
281 1674 444 1708 Gulielmi
464 1675 576 1717 Rutty
606 1674 728 1716 (m),
763 1684 816 1708 aut
848 1686 921 1709 cum
946 1675 1103 1709 Illustrem

106 1716 287 1750 Anatomes
320 1717 532 1751 Profefforem
566 1717 723 1752 Albinum
749 1718 837 1761 (n)
861 1718 901 1753 de
936 1731 975 1753 eo
1007 1730 1102 1760 quem

104 1759 213 1800 pingit
235 1781 245 1796 ‚
283 1759 390 1795 vesicae
424 1761 568 1794 musculo
592 1786 601 1800 ,
633 1761 672 1794 ab
694 1761 811 1795 offibus
847 1762 941 1805 pubis
971 1762 1100 1796 nascen-

101 1811 137 1836 te
156 1824 167 1839 ‚
208 1803 300 1845 seque
332 1815 387 1846 per
417 1803 607 1837 inferiorern
638 1804 748 1838 vesicae
779 1815 902 1851 partem
935 1805 1023 1849 quasi
1067 1808 1100 1839 in

107 1845 326 1880 transversum
358 1847 568 1885 extendente,
591 1849 622 1880 δι
644 1848 766 1881 caeteris
787 1859 856 1890 ejus
879 1848 968 1884 fibris
999 1851 1104 1883 conti-

46 1926 49 1929 Ι
103 1898 225 1922 nuante
239 1915 250 1929 ‚
273 1901 402 1924 monere
426 1890 662 1932 animadverti,
680 1901 805 1932 perraro
827 1893 955 1926 sibiesse
979 1893 1102 1927 visum.

103 1932 169 1966 sed
190 1944 293 1976 neque
316 1935 450 1971 miratus
466 1933 607 1972 fueram,
629 1946 702 1968 cum
715 1946 817 1975 anno,
841 1937 980 1979 opinor,
1006 1945 1098 1979 1731.

102 1976 356 2020 descriptionem
378 1978 513 2021 legerem
525 1977 599 2020 Joh.
616 1978 787 2011 Wilhelmi
806 1980 968 2014 Albreckt
993 1983 1043 2023 (o
1060 1980 1100 2021 )‚

104 2031 202 2062 quam
227 2029 330 2054 totam
367 2020 421 2055 bic
453 2021 514 2054 tibi
545 2020 719 2055 describam
743 2032 874 2064 oportet
898 2034 962 2057 non
987 2024 1031 2057 ob
1044 2035 1099 2056 va-

100 2065 252 2097 rietatem
266 2065 388 2103 modo,
411 2063 464 2098 sed
487 2065 588 2098 etiam
611 2065 656 2098 ob
701 2065 782 2099 illud
824 2067 913 2109 quod
955 2067 1101 2102 adversus

101 2115 294 2142 caeterorum
317 2110 587 2142 Anatomicorum
634 2108 825 2142 sententiam
847 2132 858 2148 ,
891 2110 1100 2145 eonsuetudi-

100 2160 242 2193 nemque
287 2151 458 2195 proposuit
481 2174 490 2183 .
533 2154 569 2183 In
602 2150 698 2194 Vefica
735 2153 879 2186 Urinaria
915 2153 1024 2194 robusti
1045 2153 1100 2187 ho.

100 2194 201 2226 minis
225 2205 279 2235 per
314 2194 493 2237 syphonem
525 2193 640 2228 Wolfii
681 2198 912 2231 Anatomicum
949 2197 1007 2240 sex
1051 2197 1100 2230 di-

96 2235 306 2280 stincfliffimas
336 2238 553 2282 separavimus
586 2238 711 2271 tunicas
742 2264 751 2277 ,
795 2250 860 2282 quae
887 2250 945 2282 pro
977 2240 1100 2283 triplici

100 2278 280 2313 membrana
303 2281 341 2314 ab
364 2280 569 2314 Authoribus
590 2281 684 2324 vulgo
706 2280 858 2316 habentur
879 2307 887 2315 .
917 2288 1022 2330 ,Quam
1042 2293 1098 2317 ve-

101 2333 137 2355 ro
159 2322 363 2365 muscularem
400 2323 560 2366 appellant
583 2349 593 2365 ,
628 2334 687 2357 non
717 2326 806 2359 video
830 2350 839 2366 ‚
871 2337 929 2370 quo
955 2327 1027 2369 jure
1048 2328 1096 2361 in-

99 2373 152 2398 ter
186 2366 311 2399 tunicas
352 2365 463 2410 referri
500 2366 591 2410 poffit
611 2392 620 2399 .
662 2368 760 2401 Fibrae
791 2370 873 2403 enim
905 2370 1091 2412 musculares

93 2409 129 2442 in
172 2419 266 2443 unam
300 2412 480 2445 continuam
523 2410 731 2444 membranam
775 2422 834 2445 non
869 2421 978 2447 coeunt
998 2439 1006 2454 ‚
1035 2414 1093 2458 sed

91 2450 164 2484 hinc
187 2452 256 2486 inde
289 2453 418 2488 collebiae
441 2452 532 2493 instar
555 2451 731 2497 fasciarum
760 2465 856 2489 unum
878 2457 1012 2500 digitum
1045 2457 1092 2491 la-

90 2502 198 2528 tarum
221 2518 235 2535 ,
268 2496 320 2530 vel
350 2497 446 2531 etiam
477 2497 684 2540 angustiarum
707 2521 717 2537 ,
747 2498 878 2541 veficam
899 2500 1092 2542 amplefiun-

93 2545 147 2570 tur
170 2560 180 2575 ,
210 2538 276 2580 fine
306 2541 409 2573 ordine
424 2538 487 2581 sibi
510 2548 699 2581 occurrunt,
723 2543 765 2575 Θ
800 2543 839 2576 ad
871 2541 1007 2585 diversos
1037 2553 1094 2577 an-

90 2580 183 2623 gulos
200 2581 236 2623 se
259 2585 392 2617 invicem
418 2581 562 2624 secantes
584 2584 616 2617 in
649 2583 833 2618 membranis
855 2586 915 2620 vel·
929 2589 1009 2620 circa
1031 2588 1094 2621 col-

92 2623 181 2662 lum,
206 2624 258 2658 vel
279 2626 360 2660 circa
383 2627 482 2670 ipsam
505 2626 714 2668 sphiniierem
746 2629 955 2663 terminantur
979 2655 987 2663 .
1021 2632 1094 2674 Ego

94 2678 175 2700 vero
208 2669 390 2703 Aubtorum
425 2671 583 2704 neminem
615 2672 671 2713 qui
703 2682 829 2705 carneas
855 2672 963 2707 veficae
997 2673 1093 2709 fibras

94 2709 182 2744 haud
208 2710 302 2746 semel
324 2725 357 2746 ea
382 2725 444 2756 qua
467 2724 524 2755 par
546 2713 611 2751 est,
635 2715 760 2748 ratione
796 2713 1004 2758 quaesiverit,
1026 2729 1091 2753 non

93 2752 233 2794 fidisse,
257 2756 378 2796 credo,
401 2757 570 2791 interstitia
605 2769 676 2799 quae
700 2759 783 2792 inter
807 2761 838 2792 se
869 2760 1057 2803 relinquunt
1078 2786 1092 2804 ‚

96 2795 287 2840 eosdemque
322 2809 488 2841 propterea
509 2825 519 2840 ,
552 2798 575 2833 si
609 2800 694 2835 forte
726 2804 921 2846 interrogati
965 2804 1060 2846 essent
1083 2828 1094 2845 ‚

99 2840 264 2882 possentne
295 2854 336 2875 ese
358 2843 447 2877 fibrae
468 2843 511 2877 sic
533 2844 616 2876 inter
639 2843 667 2877 se
689 2847 880 2888 implicitae,
903 2856 938 2881 ut
971 2859 1058 2882 areas
1079 2873 1093 2891 ‚

95 2885 374 2960 auemadmodum
397 2888 432 2920 in
465 2886 667 2920 Adversariis
690 2890 780 2931 (p)
804 2890 966 2933 designavi
997 2894 1098 2927 inter-

125 2928 183 2960 itia
207 2928 284 2967 illa,
309 2929 608 2973 comprehendant,
633 2931 815 2972 possentne,
840 2935 992 2977 inquam,
1018 2940 1096 2970 reti-

95 2970 217 3004 culatis
240 2971 373 3005 musculi
397 2975 528 3007 nomine
552 2975 727 3016 appellari3
751 2987 816 3009 non
853 2979 958 3012 minus
993 2979 1097 3013 liben-

58 3045 69 3048 ,
97 3022 146 3046 ter
171 3013 381 3049 affirmaturos
403 3014 516 3055 fuisse,
542 3019 712 3056 existimo,
737 3030 834 3061 quam
869 3021 1006 3056 musculi
1030 3025 1097 3057 uri-

95 3068 144 3090 nae
180 3057 390 3097 Detrusoris,
417 3069 472 3093 aut
505 3072 603 3102 quam
636 3062 848 3097 musculosam
882 3075 1013 3108 propter
1044 3078 1093 3100 eas

94 3099 194 3134 fibras
229 3112 383 3135 vocarunt
406 3104 496 3137 illam
521 3104 630 3138 vesicae
655 3106 895 3146 membranam,
918 3120 989 3151 quae
1012 3110 1092 3152 ipsas

94 3141 158 3190 sibi
193 3144 379 3191 impositas,
401 3155 455 3180 aut
492 3149 681 3182 intertextas
704 3150 833 3184 haberet
856 3174 866 3190 ,
901 3150 1020 3195 suoque
1041 3155 1091 3187 in-

94 3188 235 3229 terjeetu
266 3199 478 3231 conjungeret
511 3191 596 3224 inter
629 3191 659 3225 se
682 3215 691 3224 .
728 3194 828 3227 Vides
854 3196 956 3237 igitur
981 3221 992 3237 ‚
1025 3208 1092 3239 quo

94 3229 184 3265 sensu
216 3242 290 3264 cum
314 3235 436 3265 caeteri's
460 3243 520 3275 ego
545 3246 673 3278 quoque
699 3239 938 3276 membranam,
962 3249 1015 3273 aut
1037 3250 1092 3275 tu-

94 3275 201 3308 nicam
233 3274 395 3309 carnosam
417 3276 578 3317 dixerim,
603 3289 656 3313 aut
679 3280 909 3319 musculosam
934 3293 1007 3316 cum
1030 3295 1090 3317 cae-

94 3319 195 3354 teris,
231 3320 365 3360 inquam
389 3344 396 3351 .
433 3319 499 3352 Etsi
535 3322 619 3354 enim
643 3323 669 3355 is
692 3334 789 3365 quem
822 3336 922 3367 nuper
946 3338 1088 3360 moeren-

93 3369 140 3393 tes
173 3360 334 3402 amisimus
358 3387 368 3401 ,
399 3364 451 3396 Cl.
477 3364 640 3398 Fantonus
662 3368 716 3408 (q
738 3370 750 3405 )
776 3368 893 3409 viginti
927 3379 998 3402 ante
1028 3371 1087 3403 Al-

92 3404 266 3438 brechtum
291 3407 382 3439 annis
412 3408 450 3439 de
484 3407 595 3441 iisdem
620 3408 710 3442 fibris
732 3432 744 3449 ‚
778 3411 947 3454 eademque
979 3413 1086 3447 veiicae

92 3448 278 3481 membrana
300 3448 367 3482 haec
402 3448 527 3491 scripsit
539 3473 550 3489 ‚
572 3453 593 3481 C
596 3451 760 3493 ompletam
783 3464 855 3488 vero
876 3455 1085 3490 membranam

91 3490 137 3524 lm
155 3490 242 3534 fibrae
264 3491 390 3526 minime
411 3490 593 3535 efformant3
615 3495 737 3537 extensa
758 3497 839 3531 enim
861 3498 958 3540 vesica
968 3522 982 3540 ,
1003 3499 1083 3534 mul-

178 3536 344 3577 Morgagnz·
357 3536 392 3568 de
405 3535 472 3568 Sed.
485 3537 527 3570 Θ·
537 3536 622 3578 Caus.
634 3537 736 3572 Morb.
748 3540 849 3574 Tom.
862 3542 908 3575 ΙΙ.

1998 265 2089 318 435

1157 334 1226 359 tum
1246 325 1390 367 dastrafiae
1412 327 1450 361 ab
1472 327 1608 364 invicem
1630 327 1828 365 occurrunt&
1860 337 1925 369 non
1953 333 2084 371 negavit
2108 334 2158 364 tae*

1157 379 1253 409 men,
1275 381 1371 413 quam
1409 371 1497 405 fibrae
1531 381 1595 404 non
1629 372 1797 414 complent
1832 372 1997 410 tunicam,
2023 373 2156 415 interje-

1157 414 1243 447 etam
1276 414 1350 456 ipsis
1385 415 1604 448 membranam
1638 416 1821 456 complere.
1848 412 1919 450 Nec
1952 426 2050 457 porro
2079 427 2156 450 cum

1156 455 1224 490 haec
1256 459 1413 491 continuo
1447 457 1583 499 subjecit
1606 482 1615 498 ‚
1650 460 1728 491 unde
1759 458 1870 493 lotium
1899 468 1956 500 per
1985 458 2157 493 intervalla

1156 510 1264 533 earum
1287 499 1441 535 fibrarum
1464 499 1625 545 efflueret,
1649 502 1683 535 ni
1703 502 1838 535 exterior
1871 502 2048 536 membrana
2084 503 2159 535 den-

1151 541 1246 585 fitate
1278 542 1427 583 obstaret,
1453 545 1596 578 interiori
1617 546 1796 587 quandoque
1833 544 1916 589 erosa
1939 559 1949 583 3
1983 556 2039 580 nec
2061 567 2074 584 ,
2106 547 2159 578 in—

1157 596 1276 628 quam,
1302 597 1466 628 propterea
1499 585 1617 621 necesse
1639 587 1682 621 est
1705 587 1746 621 fic
1770 589 1969 631 intelligere,
1992 588 2078 633 quasi
2102 588 2161 622 illa

1161 629 1349 668 intervalla,
1374 628 1396 663 fi
1422 642 1487 664 non
1509 629 1626 670 densa,
1648 633 1680 664 &
1718 631 1832 671 firma,
1856 642 1889 665 at
1921 635 2009 670 tenui
2043 632 2159 666 saltem

1160 672 1344 706 membrana
1369 675 1549 716 compleri,
1581 674 1730 708 noluisset
1748 696 1759 712 ‚
1782 676 1959 717 praesertim
1991 688 2065 711 cum
2098 677 2159 710 do-

1159 719 1283 754 cuerit,
1309 716 1522 751 nihilominus
1554 727 1591 752 ex
1613 716 1716 751 tribus
1737 720 1878 760 componi
1908 721 2039 765 vesicam
2070 720 2160 753 tuni-

1159 759 1225 798 cis,
1249 769 1378 802 quarum
1402 762 1585 794 exteriorem
1607 760 1809 802 peritonaeum
1844 761 1987 806 effbrmat
2010 787 2019 803 ‚
2056 763 2159 797 media

1158 803 1282 846 carnosa
1306 802 1367 842 est,
1390 804 1502 837 intima
1526 813 1637 837 nervca
1660 814 1699 838 ex
1720 805 1858 839 candidis
1874 805 1970 849 fibris
1994 803 2159 850 denfiffime

1156 853 1264 879 texta„

1203 898 1250 932 14.
1285 891 1332 923 At
1367 890 1550 924 membrana
1573 911 1583 928 ,
1617 890 1725 934 inquis
1748 912 1758 929 ,
1791 891 1854 927 sive
1887 896 1995 930 tunica
2027 896 2061 930 in
2091 893 2160 928 illis

1155 932 1335 967 interstitiis
1369 935 1456 968 nulla
1489 933 1531 969 est
1550 957 1562 967 ⁷.
1593 933 1649 967 Tu
1676 944 1752 968 vero
1774 934 1827 969 dic
1841 959 1854 977 ‚
1886 939 2019 981 quaeso,
2041 938 2124 973 milii
2145 960 2159 977 ‚

1156 975 1323 1015 credisne,
1347 975 1370 1010 fi
1393 977 1478 1011 nulla
1491 974 1589 1018 esset,
1612 977 1645 1011 id
1657 976 1795 1017 summos
1815 981 1901 1014 inter
1924 982 2159 1018 VeteresAiia-

1157 1020 1296 1053 tomicos
1320 1030 1384 1053 non
1408 1019 1499 1054 fuisse
1522 1021 1711 1062 agnituros?
1734 1022 1948 1060 Graviffimus
1979 1036 2087 1068 certe,
2110 1027 2159 1060 fi-

1156 1066 1228 1105 quis
1260 1064 1339 1097 alius
1363 1085 1372 1101 ‚
1404 1067 1436 1097 &
1472 1063 1751 1106 perspicacissimus
1795 1067 1881 1101 inter
1917 1082 1969 1104 eos
1990 1070 2055 1105 fuit
2087 1070 2159 1105 Eu-

1158 1105 1295 1140 itachius
1320 1132 1330 1148 ,
1363 1118 1459 1149 quern
1494 1106 1750 1141 animadvertisse
1796 1110 1973 1152 interstitia
2018 1114 2075 1147 illa
2107 1112 2158 1147 sa-

1159 1151 1201 1183 tis
1234 1148 1387 1193 superque
1429 1149 1568 1184 ostendit
1603 1152 1720 1193 Figura
1743 1173 1755 1191 ‚
1798 1156 1903 1194 qualis
1948 1169 1983 1192 ea
2028 1168 2157 1200 cunque

1159 1193 1201 1226 est
1222 1216 1233 1232 ‚
1272 1205 1370 1236 quam
1402 1194 1489 1227 vides
1533 1193 1591 1227 sub
1623 1205 1757 1227 numero
1781 1196 1865 1232 VII.
1899 1201 1932 1233 in
1965 1201 2061 1243 ipsius
2084 1202 2160 1235 Ta·-

1157 1236 1233 1271 bula
1264 1237 1344 1271 XII.
1378 1237 1522 1271 exhiberi
1545 1263 1552 1270 .
1586 1237 1679 1270 Num
1704 1249 1872 1281 propterea
1895 1255 1911 1276 e
1935 1247 2055 1279 tunicis
2077 1242 2161 1278 vesp·

1156 1291 1200 1315 tae
1223 1280 1305 1314 hanc
1327 1281 1366 1315 de
1387 1293 1450 1328 qua
1473 1281 1664 1328 loquimur,
1682 1281 1838 1318 exclusit?
1863 1286 1936 1320 Imo
1960 1299 2036 1323 vero
2058 1288 2160 1322 diser-

1158 1334 1188 1359 te
1211 1322 1280 1358 haec
1306 1323 1430 1367 scripsit
1453 1328 1467 1365 (
1488 1335 1503 1357 r
1524 1329 1537 1363 )
1562 1336 1570 1358 :
1603 1324 1705 1368 vesicae
1735 1328 1861 1369 propria
1894 1332 2002 1365 tunica
2032 1332 2161 1376 gemina

1157 1367 1196 1409 esi
1216 1393 1227 1410 ,
1260 1367 1435 1410 obtinetque
1468 1368 1602 1414 exterior
1637 1372 1649 1407 ζ
1683 1367 1722 1401 de
1755 1380 1818 1412 qua
1851 1371 1906 1408 hic
1940 1375 2043 1408 sermo
2076 1377 2119 1410 est
2144 1380 2163 1417 )

1150 1410 1252 1455 fibras
1274 1410 1453 1454 conspicuas
1475 1409 1587 1453 craffas
1610 1408 1721 1454 acfere
1742 1423 1869 1449 carneas
1882 1441 1890 1456 ‚
1917 1428 1982 1459 quae
2004 1419 2078 1454 adeo
2099 1429 2162 1453 va-

1150 1455 1209 1488 iriae
1241 1454 1481 1498 quoquoversum
1512 1453 1737 1493 distribuuntur
1758 1478 1768 1495 ‚
1806 1460 2055 1495 ut·intuemihus
2078 1462 2162 1497 mul..

1155 1506 1260 1532 tarum
1282 1500 1461 1532 tunicarum
1475 1496 1609 1540 speciem
1633 1496 1742 1533 habere
1762 1501 1952 1538 videantur.
1976 1505 2023 1540 At
2047 1508 2133 1540 enim
2148 1530 2160 1545 ‚

1154 1543 1262 1585 inquis
1279 1564 1288 1581 ,
1311 1542 1500 1578 cellulosam
1534 1542 1652 1579 telam,
1676 1550 1712 1575 ut
1745 1543 1880 1580 Veteres
1903 1548 1981 1591 alii,
2007 1561 2021 1583 a
2055 1561 2162 1586 mem..

1155 1585 1253 1619 brana
1288 1597 1350 1620 non
1382 1583 1639 1621 internoscebat.
1663 1584 1755 1619 Nolo
1778 1585 1832 1622 hic
1856 1590 1962 1626 dicere
1984 1614 1995 1631 ‚
2026 1595 2164 1630 consue-

1155 1628 1231 1664 visse
1254 1629 1328 1663 illos
1361 1641 1408 1664 res
1441 1630 1565 1674 magis,
1591 1638 1627 1662 ut
1651 1629 1686 1660 in
1720 1640 1855 1672 corpore
1886 1633 2031 1670 humano
2064 1640 2161 1673 inve-

1154 1674 1309 1712 niuntur,
1336 1672 1494 1716 spefflre,
1529 1682 1628 1717 quam
1661 1672 1717 1706 ubi
1748 1684 1851 1708 aerem
1887 1679 1939 1716 vi,
1966 1688 2003 1713 ut
2036 1682 2160 1716 Albre·

1153 1715 1267 1753 chtus,
1292 1725 1344 1750 aut
1380 1729 1497 1762 aquam
1529 1715 1698 1760 impuleris
1719 1739 1731 1757 2
1765 1719 1800 1751 in
1823 1730 1895 1761 quae
1918 1721 2122 1765 resolvantur
2145 1748 2157 1763 ‚

1156 1761 1344 1799 attendere,
1370 1771 1550 1804 quaerentes
1587 1760 1763 1802 videlicet,
1785 1762 1894 1805 quales
1918 1766 1959 1799 ab
1980 1776 2107 1807 natus-ag
2130 1770 2160 1803 i.-

1156 1802 1233 1847 psa‚
1255 1806 1285 1836 &
1309 1815 1409 1847 quare
1441 1806 1486 1838 ita
1510 1816 1545 1839 ut
1570 1816 1624 1848 per
1647 1805 1677 1838 se
1699 1816 1879 1843 occurrunt
1894 1830 1904 1847 2
1928 1808 1991 1844 sint
2027 1811 2122 1847 fafiae
2144 1825 2158 1854 ;

1153 1857 1394 1893 non-quonam
1428 1850 1575 1883 artificiis
1610 1849 1819 1891 redigantur.
1845 1854 1931 1887 Satis
1953 1854 1998 1889 est
2022 1854 2157 1897 dicam,

1153 1891 1324 1925 Eximium
1355 1890 1418 1926 hoc
1450 1902 1596 1935 tempore
1636 1894 1874 1931 Anatomicum
1921 1899 2155 1936 Winslowium

1150 1934 1233 1977 (s)
1256 1946 1330 1968 cum
1353 1938 1479 1979 egregie
1503 1934 1625 1975 nosset,
1650 1935 1761 1972 vesicae
1784 1952 1912 1976 carneas
1935 1943 2035 1978 fibi-as
2067 1944 2158 1979 inter

1151 1980 1180 2012 se
1203 1979 1291 2024 neffl·
1309 1989 1364 2021 per
1396 1990 1521 2014 textum
1545 1980 1755 2019 cellulosum,
1778 1984 1914 2030 ideoque
1938 1987 2071 2031 separari
2083 1988 2158 2031 pos-

1151 2023 1182 2055 se
1203 2020 1368 2064 artificiqfe
1399 2035 1459 2066 ope
1492 2025 1571 2057 aeris
1596 2024 1747 2063 immiffi;
1771 2027 1835 2062 sine
1867 2032 1932 2065 ulla
1966 2042 2072 2068 tamen
2096 2035 2157 2069 du-

1150 2066 1311 2099 bitatione
1353 2066 1434 2100 hanc
1476 2067 1691 2102 musculosam
1722 2073 1845 2106 caeteris
1880 2075 1988 2110 veiicae
2029 2078 2153 2114 tunicis

1152 2109 1369 2143 annumerasse
1399 2111 1643 2151 membranam,
1667 2115 1766 2154 probe
1798 2116 1983 2156 conscium,
2016 2121 2038 2154 si
2076 2125 2156 2166 quia

1152 2152 1367 2202 membranae,
1389 2154 1556 2198 pluresque
1586 2165 1689 2202 partes
1722 2157 1833 2194 eodem
1866 2162 2008 2198 artificio
2031 2177 2156 2206 queunt

1151 2206 1184 2229 in
1207 2195 1395 2231 cellulosum
1428 2207 1554 2232 textum
1578 2202 1699 2241 magis,
1723 2212 1777 2237 aut
1802 2206 1909 2240 minus
1942 2208 2151 2247 manifestum

1149 2238 1290 2281 resolvi,
1315 2241 1380 2273 alio
1404 2240 1561 2283 debeant,
1584 2254 1620 2277 ac
1654 2245 1774 2289 semper
1806 2248 2042 2286 consueverunt
2059 2277 2068 2292 ,
2095 2267 2157 2290 vo-

1148 2283 1264 2317 cabulo
1299 2284 1478 2327 appellari;
1499 2287 1604 2320 multo
1634 2286 1712 2324 hinc
1748 2291 1904 2333 majorem
1928 2295 1961 2327 in
1985 2292 2158 2334 Anatome‘

1148 2326 1310 2376 tradenda·
1332 2328 1552 2364 confusionem
1573 2352 1584 2368 ,
1618 2342 1715 2374 quam
1749 2336 1955 2379 utilitatem,
1979 2341 2147 2379 inveetum

1142 2372 1186 2404 iri
1207 2396 1216 2405 .
1251 2372 1377 2413 Utique
1407 2372 1430 2406 si
1464 2384 1545 2407 nunc
1569 2375 1762 2418 imponenda
1786 2379 1886 2414 essent
1921 2385 2053 2418 nomina
2077 2399 2152 2430 (με

1143 2414 1319 2464 Facultatis
1343 2415 1441 2458 hujus
1465 2419 1632 2458 Parentes,
1665 2431 1720 2454 aut
1751 2424 1809 2462 qui
1841 2426 1923 2459 olim
1959 2439 2114 2467 auxerant
2151 2446 2154 2449 ·

1143 2460 1243 2500 primi
1279 2459 1479 2502 imposuere,
1503 2471 1568 2495 non
1590 2461 1734 2502 dubito,
1757 2467 1837 2510 quin
1861 2470 1951 2509 plura
1977 2460 2154 2513 excooiffl:

1143 2503 1171 2535 ri
1197 2500 1318 2543 possent
1341 2505 1474 2538 meliora
1492 2530 1502 2545 ,
1524 2506 1555 2538 δε
1579 2518 1653 2542 cum
1679 2519 1755 2542 vero
1778 2514 1882 2556 magis
1905 2505 2122 2558 congrueii’tia
2141 2547 2154 2556 .

1144 2546 1204 2580 Sed
1228 2545 1353 2589 praestat
1370 2573 1380 2588 ‚
1402 2549 1540 2591 opinor,
1566 2561 1677 2584 verum
1712 2554 1817 2595 postea
1852 2560 2110 2599 animadversum
2135 2589 2150 2607 ,

1145 2591 1259 2623 docere
1275 2614 1283 2630 ‚
1309 2600 1413 2624 vetera
1446 2601 1573 2635 autem,
1596 2597 1627 2628 δι
1651 2594 1765 2632 usitata
1802 2603 1958 2637 vocabula
1994 2609 2129 2644 retinere

1145 2635 1197 2666 Sic
1227 2633 1334 2668 cordis
1357 2635 1480 2669 venosis
1512 2637 1648 2672 orificiis
1672 2652 1768 2684 quae,
1791 2646 1824 2677 δε
1846 2648 1972 2689 qualis,
1998 2653 2028 2683 δε
2052 2636 2153 2695 quam·

1145 2677 1232 2711 varie
1267 2676 1305 2712 ad
1339 2679 1444 2712 imum
1476 2679 1579 2715 divisa
1610 2685 1797 2720 membrana
1832 2689 2025 2734 subjiciatur
2046 2719 2055 2736 ,
2090 2711 2153 2742 op-

1139 2731 1281 2764 portune
1313 2722 1437 2757 tradere
1470 2734 1535 2758 non
1567 2728 1709 2765 omitt0;
1733 2729 1785 2764 sed
1818 2744 1892 2768 cum
1919 2748 1934 2769 a
1969 2738 2058 2772 Viris
2094 2742 2154 2776 So-

1146 2764 1318 2799 lertiffimis
1340 2777 1441 2817 nuper
1462 2768 1611 2810 imposita
1635 2774 1767 2807 nomina
1792 2777 1883 2811 valde
1905 2780 2058 2824 probem,
2084 2786 2151 2828 ipse

1145 2818 1255 2858 tamen
1284 2809 1521 2860 Tricuspidurn
1536 2834 1547 2849 ‚
1570 2815 1601 2846 &
1624 2814 1816 2859 Mitralissun'i,
1840 2823 2045 2860 valvulamm
2068 2838 2150 2864 con-

1146 2853 1241 2886 suetis
1275 2853 1458 2888 nominibus
1483 2856 1532 2888 uti
1556 2866 1678 2900 pergo,
1702 2862 1734 2893 &
1757 2861 1949 2905 dexterum,
1971 2868 2153 2908 sinistrum-

1146 2908 1210 2938 que
1244 2897 1350 2929 cordis
1374 2898 1589 2933 ventriculum
1615 2910 1709 2936 tanto
1732 2906 1887 2943 libentius
1908 2910 2015 2946 dicere
2060 2919 2151 2958 quod

1146 2940 1277 2973 illorum
1301 2939 1399 2982 aliqui
1423 2940 1538 2975 diserte
1561 2942 1727 2986 fatentur,
1751 2949 1802 2988 se,
1828 2963 1903 2987 curn
1928 2967 1981 2989 eos
2003 2937 2149 3001 cl’esigna-

1147 2995 1180 3017 re
1202 2985 1295 3015 novis
1328 2984 1398 3017 aliis
1422 2986 1693 3028 appellationibus
1716 2994 1920 3035 maluissent,
1955 2999 1994 3033 ab
2017 3003 2149 3038 audito·

1147 3027 1237 3059 ribus
1256 3026 1319 3075 'vel
1344 3026 1422 3061 bene
1445 3029 1560 3063 Doffls
1593 3041 1658 3065 non
1684 3032 1774 3070 fuisse
1799 3040 2006 3077 intelleflos.
2029 3045 2086 3080 Sed
2111 3057 2148 3083 ut

1144 3070 1321 3102 intentioni
1345 3068 1421 3104 huic
1444 3083 1522 3106 meae
1546 3095 1555 3110 ‚
1591 3073 1613 3106 si
1650 3086 1716 3111 non
1751 3081 1877 3117 laudem
1902 3107 1910 3121 ,
1955 3096 1987 3119 at
2021 3091 2147 3127 veniam

1143 3113 1252 3160 saltem
1276 3124 1339 3146 non
1365 3113 1422 3148 else
1444 3116 1620 3158 negandam
1644 3119 1757 3163 spero,
1781 3127 1826 3160 ita
1850 3127 1931 3162 hanc
1956 3130 2053 3164 etiam
2078 3132 2148 3176 spc-

1145 3168 1206 3196 ro,
1229 3158 1250 3189 si
1277 3155 1454 3191 Prostatam
1478 3159 1576 3193 ausim
1593 3187 1603 3201 ,
1626 3167 1902 3205 quemadmodum
1942 3173 2069 3212 vidisti,
2091 3177 2145 3211 in-

1144 3208 1193 3234 ter
1223 3199 1388 3242 glandulas
1408 3201 1515 3251 adhuc
1547 3203 1685 3248 referre,
1707 3213 1795 3251 quod
1821 3224 1885 3248 non
1920 3218 2021 3251 modo
2050 3229 2147 3255 eaete..

1143 3254 1216 3279 ros,
1240 3242 1289 3294 sssd
1322 3244 1370 3277 vel
1404 3244 1489 3286 ¹Ps0⁵
1522 3249 1578 3289 <11¹5
1602 3250 1762 3291 glandulis
1785 3255 1906 3290 bellurn
1932 3259 2119 3298 indixerant
2140 3272 2145 3281 ¹

1140 3289 1171 3319 ἃ
1203 3285 1331 3325 fecisse,
1355 3290 1385 3320 &
1419 3286 1546 3330 facere,
1570 3292 1702 3333 ignorat
1734 3307 1853 3332 nemo.
1880 3301 1950 3345 Qui
1985 3289 2142 3343 nimii-un}

1139 3328 1193 3362 etfi
1227 3341 1292 3363 non
1326 3342 1436 3381 omnes
1469 3334 1621 3369 Prostatae
1650 3348 1754 3379 partes
1784 3341 1977 3379 secernendo
2000 3370 2009 3384 ‚
2045 3349 2143 3385 asser-

1139 3373 1305 3415 vandoque
1317 3375 1579 3420 peculiariipfius
1592 3378 1724 3414 humori
1738 3393 1827 3426 aptas
1844 3386 1901 3421 esse
1923 3389 2032 3431 posse,
2059 3392 2144 3429 scie-

1138 3415 1214 3465 bant
1225 3428 1238 3455 ,-
1248 3427 1286 3449 ex
1298 3417 1394 3459 hujus
1406 3427 1510 3453 tamen
1521 3421 1715 3462 glandulosis
1725 3428 1844 3463 tubulis
1851 3440 1932 3471 pene
1944 3439 2043 3467 totam
2059 3447 2143 3471 com..

1131 3459 1223 3508 pingi
1230 3460 1396 3510 proflatam
1405 3483 1416 3499 ‚
1430 3464 1683 3505 cognoscebant3
1696 3478 1732 3502 ut
1744 3471 1850 3505 verbis
1865 3482 1938 3508 utar
1951 3476 2117 3513 Santorini
2128 3503 2141 3519 ,

1134 3513 1191 3545 qui
1203 3513 1267 3536 non
1277 3503 1311 3539 id
1330 3503 1432 3539 solum
1442 3507 1555 3541 eodem
1567 3508 1655 3559 quod
1677 3509 1769 3555 supra
1787 3515 2012 3558 laudavimus,
2032 3526 2140 3564 capite

1512 3550 1598 3585 11¹
1646 3564 1664 3585 2
1930 3564 2093 3604 (t>‚sed

104 3650 2104 3691 Μ--ῌῄ--ξ-Ἢ

144 3731 160 3761 (
174 3732 184 3754 ι·
200 3731 213 3759 )
232 3731 304 3759 Epist.
323 3734 396 3767 Anat:
412 3741 435 3758 ι.
451 3742 474 3758 n.
490 3736 530 3763 63.
595 3735 609 3764 (
624 3733 641 3759 k
657 3735 671 3764 )
686 3743 710 3760 n.
728 3745 768 3766 30·
785 3739 807 3763 ἃ
824 3736 888 3769 seqq.

143 3763 150 3790 (
171 3770 186 3785 ri
202 3761 218 3790 2
231 3762 294 3785 Tab.
312 3764 412 3793 Sceleri,
428 3766 449 3788 ἃ
465 3764 542 3789 Musc.
558 3772 622 3793 eoi-p.
640 3765 708 3791 hum.
725 3769 785 3793 Τὼ.
806 3775 841 3793 12.
861 3770 911 3799 Fig.
928 3777 968 3799 4¹·

144 3793 158 3820 (
174 3800 189 3822 q
204 3794 219 3823 )
235 3794 307 3818 Anat.
324 3802 390 3824 corp.
408 3796 477 3821 huin.
495 3795 589 3822 Dissert,
603 3804 627 3825 7-
688 3798 695 3826 s
714 3805 726 3822 ν
740 3798 755 3828 )
769 3800 849 3825 Ttast.
865 3801 893 3825 de
908 3801 1014 3827 Renibus
1030 3810 1053 3829 e.
1071 3812 1108 3833 19·

949 3740 963 3769 (
978 3740 988 3763 Ι
1003 3741 1017 3770 )
1032 3743 1107 3772 Epist.
1123 3746 1195 3770 Anat.
1215 3752 1235 3770 i.
1252 3753 1277 3769 n.
1295 3751 1334 3769 σο.

1030 3774 1043 3801 (
1058 3781 1072 3797 0
1089 3777 1097 3802 l
1112 3775 1238 3800 Observat.
1256 3779 1329 3800 Anat.
1347 3776 1371 3806 §.
1389 3786 1412 3806 ς,

1397 3747 1412 3776 (
1425 3755 1450 3771 m
1467 3747 1477 3776 )
1492 3747 1600 3772 Treatise
1614 3756 1641 3774 os
1656 3750 1696 3784 tlie
1713 3751 1822 3785 Urinary
1839 3756 1931 3787 Passa&
1948 3757 2010 3785 Tib.

1472 3779 1516 3808 (p
1531 3778 1546 3806 )
1562 3780 1611 3803 111.
1630 3781 1745 3806 Animad.
1762 3788 1801 3811 36.

1171 3808 1179 3838 (
1194 3807 1211 3836 J
1223 3807 1237 3836 )
1254 3806 1339 3837 Expos.
1356 3809 1428 3834 Anat.
1444 3811 1477 3834 tr.
1493 3810 1526 3833 du
1542 3808 1585 3834 bas
1600 3811 1689 3838 Ventre
1704 3820 1729 3838 n,
1746 3819 1799 3843 431.
