2498 4075
430 116 493 169 86

358 195 471 231 omissa
500 196 575 233 esti
706 195 762 231 Sed
796 195 1023 231 resolutionum
1057 194 1096 228 ab
1128 193 1354 237 ejusdemmodi

358 240 452 275 causa
476 241 537 273 alia
558 249 685 283 quoque
706 241 847 282 exempla
872 253 886 272 a
912 248 959 271 me
982 237 1058 272 alibi
1091 238 1229 272 indicata
1252 239 1321 273 sunt
1346 265 1354 273 .

404 294 455 315 zo.
482 284 624 316 Indicata
648 282 718 318 sunt
743 286 837 318 etiam
858 283 999 322 exempla
1021 293 1129 316 earum
1150 294 1219 325 quae
1241 294 1257 315 a
1279 294 1356 316 con-

365 327 459 360 vulsis
483 328 566 361 circa
591 337 702 359 nervos
733 325 915 360 musculosis
937 324 1025 358 fibris
1061 325 1208 360 videntur
1233 326 1357 359 accide-

359 378 409 402 re.
435 369 505 402 Nec
528 380 603 403 vero
623 371 824 412 negaverim,
847 366 1096 410 posseinterdurn
1119 380 1153 402 ea
1175 380 1300 412 quoque
1309 379 1358 401 ra-

363 413 451 444 tione
475 412 650 454 explicari,
670 424 740 454 quae
764 411 803 446 fic
829 423 843 443 a
872 409 1068 444 ssoerhaavio
1091 412 1144 454 (p
1166 416 1179 451 )
1212 411 1356 454 proposi-

361 463 393 486 ta
417 453 478 488 est:
502 453 644 489 convulsi
666 455 799 491 musculi
822 455 945 487 duritas
960 475 969 490 ‚
987 453 1014 495 fi
1037 455 1132 488 nimia
1149 455 1255 498 fuerit
1271 479 1281 494 ‚
1305 456 1357 488 de-

349 496 448 540 struit
470 497 644 540 musculum
670 520 677 533 ,
701 500 742 531 5&
764 497 912 537 relinquit
932 497 1145 539 paralyticum
1169 520 1178 535 ‚
1215 500 1265 530 uti
1279 496 1360 539 saepe

354 540 419 582 post
441 540 646 582 convulsiones
668 542 820 582 contingit
838 538 911 581 fieri
945 553 953 571 .·
987 551 1166 583 quanquam
1191 541 1245 573 ubi
1269 540 1359 575 simul

357 594 433 616 cum
457 594 546 621 motu
571 583 671 620 sensns
693 583 821 615 tollitur
844 608 852 620 ,
879 593 940 615 non
964 591 1030 615 tam
1055 583 1237 617 muscularis
1262 582 1361 617 fabri.

358 638 402 660 (ξε
426 625 674 661 destructionem
689 649 698 663 ‚
723 636 816 668 quarn
839 625 1001 667 compi-effi
1026 635 1102 659 tunc
1126 628 1211 658 nervi
1230 649 1242 666 ‚
1265 628 1361 661 modo

355 681 396 704 ex
418 669 599 704 durioribus
622 680 685 701 non
707 668 744 701 fit
766 692 778 709 ,
811 668 1069 702 constrifflonem
1095 669 1215 710 praestat
1240 670 1361 704 incusa-

357 724 419 753 re,
451 725 466 746 a
489 724 551 755 qua
583 723 643 745 una
668 713 766 754 reperi
803 722 970 754 utrumque
1008 711 1127 753 potest.
1261 714 1361 753 Qod

355 764 461 790 autern
483 755 583 789 eidem
608 756 726 796 placuit
750 758 763 793 (
786 766 804 796 q
827 759 863 794 ),
884 754 1042 796 paralyses
1058 754 1281 793 membrorum,
1304 756 1359 790 ubi

355 798 477 832 nullum
493 797 592 840 subest
614 796 729 831 cerebri
750 798 868 831 vitium
881 820 893 836 ,
916 798 1050 839 ideoque
1063 797 1272 839 auscultantes
1294 810 1357 833 me-

355 841 540 876 dicamentis
563 841 712 881 externis,
747 850 796 872 eas
819 863 832 879 ,
856 841 988 882 inquam
1009 863 1022 880 ,
1054 839 1159 881 sedem
1186 840 1301 874 habere
1324 845 1356 876 in

356 883 421 921 tela
444 882 585 925 cellulosa
616 894 678 925 qua
711 883 818 915 omnia
851 894 1019 917 nervorum
1053 883 1121 916 vasa
1154 885 1362 927 cinguntur,·

354 925 425 959 haec
450 937 575 968 quoque
598 925 772 966 explicatio
795 926 845 961 sua
870 926 961 959 laude
983 927 1078 969 digna
1100 926 1166 967 est,
1189 926 1210 960 fi
1234 931 1305 970 quis
1329 942 1362 963 a-

357 978 432 1011 pte,
458 979 513 1001 nec
535 968 596 1001 sine
622 969 729 1011 aliquo
751 967 969 1003 additamento
992 980 1100 1003 utatur
1121 995 1128 1003 .
1154 972 1242 1004 Nam
1263 981 1356 1005 caete-

353 1012 470 1054 [oquin
495 1011 578 1045 haud
602 1011 685 1047 secus
711 1023 744 1047 ac
767 1012 835 1045 aliae
858 1037 869 1052 ,
894 1013 954 1047 suis
978 1012 1043 1055 ipsa
1067 1025 1195 1057 quoque
1217 1014 1357 1049 difficul-

355 1055 475 1091 tatibus
507 1055 635 1088 videtur
666 1056 764 1097 premi
798 1080 805 1089 .
849 1055 934 1090 Vide
967 1058 1051 1089 enim
1086 1058 1118 1088 in
1151 1057 1360 1099 Sepulchreto

355 1101 370 1137 ζ
392 1110 408 1131 r
429 1102 442 1139 )
464 1120 472 1135 ‚
508 1099 554 1133 vel
582 1099 688 1139 potius
713 1099 746 1131 in
781 1110 819 1131 eo
844 1098 913 1141 ipso
938 1100 1024 1132 libro
1045 1099 1129 1140 (s)
1153 1102 1207 1142 qui
1235 1100 1281 1133 ibi
1306 1113 1360 1134 ne-

355 1141 530 1184 gligentius
554 1141 732 1182 descriptus
755 1141 796 1175 est
817 1165 828 1181 ,
866 1154 934 1185 quae
958 1142 1126 1185 Wepferus
1150 1145 1183 1175 in
1208 1143 1360 1187 hydropi-

356 1187 427 1226 cis,
450 1195 540 1220 motu
557 1208 568 1224 ,
593 1188 624 1218 δε
648 1184 734 1221 sensu
758 1184 910 1219 viscerum
926 1211 933 1224 ‚
959 1195 1050 1229 atque
1073 1195 1201 1219 artuum
1224 1185 1359 1221 inferio-

354 1239 423 1263 rum
448 1228 642 1270 pollentibus
666 1251 679 1267 ,
712 1228 936 1262 animadvertit
962 1255 970 1268 ,
1006 1229 1125 1262 scilieet
1147 1230 1178 1262 in
1202 1229 1359 1265 abdomine

357 1281 468 1306 nervos
491 1271 533 1307 θ’
551 1270 663 1312 plexus
687 1271 830 1313 nervosos
853 1282 911 1305 non
927 1271 1105 1315 fialumsero
1128 1272 1246 1313 copioso
1270 1275 1360 1306 inun-

355 1314 465 1351 datos,
482 1313 539 1356 sed
549 1315 644 1347 etiam
669 1313 740 1349 illos
763 1315 866 1357 ipsos,
889 1326 966 1353 aqua
977 1317 1064 1348 tenui
1086 1313 1262 1349 membrana
1274 1328 1360 1350 coer-

355 1357 419 1392 cita
444 1379 456 1397 ‚
489 1356 595 1391 veluti
613 1356 753 1398 gelatina
780 1380 789 1396 ,
814 1357 1016 1397 incrustaros,
1044 1359 1075 1391 in
1094 1357 1225 1400 pedibus
1244 1370 1318 1392 vero
1341 1371 1359 1393 a

354 1398 468 1444 planta
491 1399 530 1431 ad
552 1410 679 1435 coxam,
703 1399 838 1442 ipsosque
864 1400 984 1435 lumbos
1008 1401 1216 1442 oedematofis,
1239 1403 1336 1436 cutim
1351 1429 1360 1442 ‚

351 1443 570 1485 pinguedinem
592 1466 604 1482 ,
635 1443 828 1480 membranas
849 1468 856 1482 ‚
890 1444 951 1476 imo
973 1444 1053 1485 ipsos
1083 1444 1237 1486 musculos
1267 1445 1360 1484 instar

351 1484 490 1531 spongiae
522 1496 602 1527 aqua
626 1485 832 1528 turgidiffimae
863 1485 1040 1529 madfflffw,
1077 1497 1112 1520 ut
1148 1487 1359 1522 dubitandum

361 1538 426 1562 non
449 1526 598 1561 videatur
615 1551 624 1566 ,
648 1531 726 1574 quin
751 1529 907 1563 cellulosae
930 1530 993 1563 illse
1017 1531 1085 1563 tclae
1109 1531 1225 1573 quibus
1249 1543 1359 1565 nervo-

356 1583 429 1606 rum
451 1571 519 1604 vasa
543 1573 718 1613 cinguntur
746 1598 754 1613 ‚
785 1572 860 1614 ipsae
884 1574 979 1606 etiam
1010 1585 1090 1617 aqua
1115 1574 1256 1608 distentae
1292 1574 1360 1609 fue-

339 1615 447 1657 rint,
472 1618 501 1648 δι’
527 1615 560 1647 in
584 1616 655 1647 aliis
679 1615 763 1652 sint,
788 1627 867 1658 quos
892 1627 966 1657 pene
987 1615 1157 1658 quotidie,
1182 1618 1287 1651 &sine
1310 1620 1361 1653 ul-

361 1658 390 1694 la
415 1657 546 1700 quidem
573 1657 790 1698 resolutione,
812 1658 976 1696 videmus,
1002 1660 1188 1703 hydropicis
1203 1686 1210 1692 .

400 1711 449 1736 21.
477 1700 533 1734 Sed
558 1700 611 1734 etfi
644 1701 730 1745 quod
756 1701 794 1734 de
820 1713 988 1735 nervorum
1026 1702 1248 1738 affectionibus
1271 1706 1304 1737 in
1326 1705 1365 1737 li-

357 1745 416 1782 bro
439 1743 591 1780 habemus
626 1745 661 1777 de
685 1745 775 1780 Locis
804 1746 838 1781 in
860 1745 980 1779 homine
1003 1748 1017 1784 <
1038 1754 1053 1778 t
1074 1751 1087 1786 )
1106 1758 1119 1786 ;
1153 1747 1175 1780 si
1202 1758 1305 1781 tamen
1328 1748 1366 1781 de

358 1790 398 1825 iis
435 1789 536 1821 nervis
570 1789 614 1821 ibi
644 1787 745 1821 sermo
780 1787 821 1821 est
853 1787 890 1821 de
924 1789 1037 1831 quibus
1070 1791 1123 1823 hic
1168 1791 1332 1833 loquimur
1354 1815 1367 1832 ,

357 1831 497 1870 morbum
521 1831 669 1866 videlicet
694 1831 747 1873 qui
774 1832 806 1864 in
829 1831 910 1874 ipsos
931 1834 1108 1872 pervenerit
1127 1858 1136 1873 ,
1161 1835 1312 1876 quiescere
1334 1836 1366 1867 in

366 1876 466 1913 eodem
492 1873 577 1916 loco,
599 1877 641 1909 &⁹
665 1873 787 1917 difficile
810 1875 864 1919 effe
887 1877 986 1918 tpsum
1011 1877 1134 1910 educere
1157 1891 1165 1914 3
1199 1877 1252 1910 etii
1272 1901 1284 1917 ,
1317 1878 1368 1910 in-

364 1930 458 1966 quam
480 1944 488 1957 ,
513 1918 605 1968 idbut
631 1919 804 1960 plurimun]
830 1929 936 1965 veru-m
959 1918 1150 1964 cib-minus
1173 1929 1278 1953 tamen
1291 1920 1334 1954 est
1356 1944 1368 1961 ,

361 1974 435 2000 cum
458 1961 560 1999 morbi
586 1962 676 1998 causa
711 1961 743 1993 in
767 1961 922 1995 cellulosis
954 1962 1096 1996 consistit
1118 1974 1229 1996 eorum
1263 1964 1334 1996 telis
1360 1987 1368 2000 ,

363 2008 418 2044 ubi
442 2008 580 2041 externis
605 2016 710 2048 parere
734 2004 996 2045 medicamentis,
1019 2014 1053 2039 ut
1079 2005 1176 2047 paulo
1187 2015 1259 2039 ante
1283 2007 1366 2039 indi-

362 2051 533 2089 cabamus,
557 2058 704 2092 expertus
728 2047 769 2083 est
795 2047 1009 2082 Eoerhaavius
1036 2073 1042 2080 .
1076 2049 1168 2090 Qin
1192 2049 1367 2093 aliquando

362 2095 411 2128 vel
435 2094 532 2128 citius
560 2101 669 2134 Paret,
717 2103 787 2126 uam
811 2103 896 2132 aegro
919 2102 998 2134 opus
1021 2090 1093 2125 efi'et
1116 2115 1128 2131 ,
1167 2101 1202 2126 ut
1224 2104 1296 2127 curn
1321 2105 1365 2125 re.

365 2148 436 2173 cens
462 2136 597 2171 resoluta
620 2147 702 2170 mem
732 2147 761 2168 ra
776 2160 784 2173 ‚
808 2145 942 2176 corpore
967 2135 1100 2168 necdum
1124 2135 1197 2168 satis
1214 2147 1368 2178 praepara-

364 2190 422 2221 to,
449 2179 647 2214 thermarum
668 2178 807 2217 balneis,
831 2186 882 2211 aut
906 2178 983 2213 lutis
1008 2189 1205 2220 praepropere
1219 2181 1372 2212 commit-

366 2233 502 2261 tuntur,
528 2222 623 2256 serum
649 2233 783 2265 namque
796 2220 979 2254 morbidum
993 2221 1371 2263 exignobilibussedibus

365 2269 432 2302 alio
455 2266 647 2301 abductum.
670 2267 702 2297 in
726 2264 902 2310 nobiliores
928 2264 1019 2299 facile
1043 2265 1167 2304 irruit,
1189 2275 1225 2299 ut
1247 2267 1281 2298 in
1304 2278 1371 2299 cra-

366 2312 413 2344 nii
437 2319 572 2347 cavum,
597 2317 649 2343 aut
675 2310 798 2342 Sacram
823 2307 974 2345 fistulam,
999 2308 1160 2341 cerebrum
1183 2331 1196 2348 ,
1229 2318 1283 2342 aut
1306 2321 1371 2342 me-

367 2354 486 2390 dullam
512 2352 691 2393 Spinalem,
717 2350 889 2392 praesertim
914 2350 967 2384 ubi
993 2351 1030 2384 ad
1056 2351 1256 2392 apoplexiam
1281 2375 1292 2391 ‚
1316 2361 1370 2392 aut

367 2396 406 2433 ad
443 2395 653 2441 paraplegiam
687 2393 857 2436 dispositio
890 2392 931 2426 est
951 2416 960 2431 ,
994 2392 1077 2426 male
1111 2393 1340 2427 mulftaturum
1365 2421 1372 2429 .

370 2442 449 2482 Qo
482 2437 628 2473 Willifiii
661 2440 753 2477 (u)
784 2435 1016 2469 observationes
1048 2447 1085 2468 ex
1119 2447 1205 2478 parte
1236 2437 1339 2470 refero
1361 2461 1373 2478 ,

369 2495 443 2520 cum
466 2494 503 2515 ex
527 2481 583 2516 usu
611 2505 622 2521 ,
647 2481 717 2515 aliis
742 2479 925 2521 paralyticis
947 2478 1111 2513 utiliffimo
1136 2501 1144 2516 ‚
1176 2478 1374 2514 thermarum

370 2522 656 2564 Bathonienfium‚
680 2521 880 2566 quorundam
904 2521 1040 2556 membra
1058 2521 1151 2562 plura
1175 2531 1266 2564 atque
1285 2526 1376 2566 prius

372 2568 505 2610 affeft'a,
524 2569 658 2609 gravius
683 2565 817 2606 resaluta
843 2564 1088 2598 animadvertit.
1116 2564 1303 2609 Eodemque
1325 2566 1374 2600 fa-

369 2609 430 2648 c'ile
456 2611 575 2653 speffat
599 2611 687 2645 locus
712 2611 755 2642 T.
782 2609 870 2644 Livii
895 2611 908 2647 (
930 2619 950 2641 x
972 2612 985 2647 )
1007 2621 1016 2654 ,f
1048 2610 1099 2640 Cn.
1128 2609 1285 2642 Cornelius
1308 2621 1376 2644 con,-

366 2656 419 2702 sul
443 2665 479 2691 ex
502 2661 605 2688 monte
629 2653 758 2687 Albano
771 2652 911 2691 rediens,
934 2651 1065 2685 concidit
1080 2674 1087 2686 ‚
1112 2654 1251 2693 &parte
1277 2664 1375 2686 mem-

375 2698 499 2733 brorum
524 2704 635 2738 captus
649 2719 660 2736 ,
685 2697 723 2729 ad
747 2706 843 2737 aquas
857 2697 1009 2729 Cumanas
1027 2690 1185 2737 profeeius
1201 2717 1213 2733 ‚
1235 2698 1378 2738 ingrave-

365 2742 470 2789 scente
493 2739 597 2774 morbo
618 2739 725 2772 Cumis
748 2737 865 2780 deceffit
893 2761 900 2769 .
939 2738 1044 2782 Quem
1069 2738 1175 2781 locum
1200 2737 1254 2770 etsi
1278 2739 1316 2772 ab
1339 2741 1379 2774 iis

371 2786 428 2829 qui
452 2782 491 2819 de
513 2782 650 2818 thermis
672 2781 848 2820 Cumanis,
876 2781 1071 2822 proximisve
1085 2780 1233 2821 BaJanis3
1257 2793 1378 2816 earum-

373 2839 433 2870 que
456 2825 514 2861 usu
537 2825 750 2868 scripserunt,
776 2823 1028 2869 animadversum
1051 2821 1108 2857 esse
1129 2845 1138 2860 ‚
1176 2834 1241 2856 non
1264 2828 1378 2858 memi-

375 2872 433 2907 ni3
457 2878 561 2901 tamen
585 2869 673 2910 quali
697 2867 735 2900 de
757 2865 828 2900 casu
852 2877 884 2899 in
908 2878 947 2900 eo
970 2868 1072 2900 sermo
1095 2866 1175 2905 fiat,
1196 2867 1280 2900 idem
1292 2870 1381 2902 Livii

376 2910 534 2957 fignificat
558 2909 709 2953 loquendi
734 2908 869 2949 modus,
894 2911 970 2943 alias
995 2913 1048 2952 (y
1071 2914 1085 2949 )
1108 2909 1280 2950 productus
1302 2935 1315 2951 ,
1349 2916 1381 2946 ἃ

379 2956 557 3000 explicatus
579 2953 616 2986 de
640 2954 758 2987 Attalo
781 2955 863 2984 inter
886 2953 1139 2986 concionandum
1164 2953 1381 2988 obmutescen-

378 3008 408 3033 te
421 3022 433 3042 ,
458 3000 490 3033 δε
514 2996 665 3031 cadente:
692 2996 822 3029 concidit
912 3004 1003 3037 parte
1025 2995 1227 3030 membrorum
1250 3007 1378 3040 captus.

509 3042 630 3075 Verum
668 3039 704 3074 ad
738 3037 884 3084 historias
920 3038 1037 3072 nostras
1069 3039 1257 3080 redeamus,
1289 3051 1381 3086 atque

379 3085 457 3119 adeo
481 3083 517 3117 ad
540 3084 686 3117 ultimam
712 3083 850 3124 ipsarum
877 3083 1055 3117 veniamus.

425 3140 476 3163 22.
503 3126 763 3161 MULIEREM
789 3151 797 3164 ,
828 3136 924 3168 quam
950 3125 1039 3160 semel
1077 3125 1281 3168 prehenderat
1305 3140 1381 3171 apo.

382 3172 485 3219 plexia
502 3192 515 3213 ,
538 3169 641 3206 rursus
667 3169 856 3214 corripuit,
878 3167 1099 3214 stupidamque
1123 3193 1135 3210 ‚
1158 3174 1189 3204 &
1215 3169 1382 3216 semipara-

971 113 1125 170 Liber
1157 112 1193 165 Ι.
1227 109 1310 167 De
1346 111 1549 167 Morbis
1580 110 1784 179 Capitis

1404 193 1537 233 lvticam
1559 193 1705 235 reliquit.
1732 193 1811 226 Uno
1833 215 1841 230 ,
1872 200 1927 226 aut
1950 192 2049 225 altero
2072 190 2242 238 interjecto
2265 190 2367 225 mense
2387 215 2400 232 ,

1405 235 1504 270 febris
1526 235 1648 269 invadit
1671 246 1734 267 non
1755 234 1946 275 mediocris,
1968 235 2143 311 utspulsus,
2164 234 2292 277 suisque
2310 247 2402 268 com-

1406 279 1578 315 monstrant
1599 302 1612 319 ‚
1641 289 1737 320 eaque
1768 278 1803 311 in
1836 279 2026 311 Bononien1
2062 279 2092 311 S.
2119 278 2231 311 Mariae
2257 276 2294 311 de
2318 279 2401 311 Vita

1405 321 1568 356 mulierem
1591 320 1742 354 conficit.
1872 322 2081 356 CEREBRI
2114 320 2183 353 vasa
2206 323 2300 362 nigro
2334 320 2401 354 san-

1406 366 1501 409 guine
1524 363 1707 405 turgidula:
1731 363 1836 406 ipsum
1858 375 1932 398 vero
1952 365 2058 398 laxum
2070 362 2169 402 adeo,
2192 373 2228 397 ut
2239 361 2403 403 crassam,

1406 420 1500 452 quam
1531 406 1770 441 detrahebamus
1790 431 1802 448 ,
1833 408 2011 450 meningem
2035 405 2223 451 quibusdam
2259 408 2293 439 in
2326 408 2406 439 locis

1408 463 1481 486 cum
1505 452 1636 488 Tenui,
1660 451 1823 484 corticalis
1847 462 1972 494 quoque
1996 449 2164 483 substantia
2189 448 2369 492 sequeretur
2393 474 2402 482 .

1409 497 1570 528 Caeterum
1590 505 1667 537 aqua
1692 505 1788 535 pauca
1821 496 1853 526 in
1878 495 1977 526 tertio
1999 492 2182 526 ventriculo
2201 518 2208 525 .
2339 494 2405 526 Re-

1410 539 1496 580 liqua
1519 546 1625 571 autem
1650 536 1763 570 viscera
1789 536 1875 570 sana.
1902 538 1983 576 Qae
2008 536 2084 571 dum
2108 536 2260 568 rimamur
2280 559 2292 576 ‚
2315 538 2347 569 δι
2370 546 2415 571 εκ,
2434 572 2437 574 μ

1413 580 1534 614 finistro
1556 580 1664 613 cordis
1685 580 1827 613 thalamo
1849 581 2085 613 concretionem
2108 578 2411 621 polyposamextra-

1412 624 1540 664 himus,
1565 625 1775 657 interveniens
1798 622 1881 656 forte
1903 621 2071 663 Vaffalva,
2094 622 2246 658 alteram,
2269 622 2375 664 inquit
2397 644 2411 661 ,

1413 669 1576 710 reperietis
1603 679 1618 700 a
1641 666 1782 700 dextris.
1810 667 1941 706 Qam,
1963 666 2092 698 dextera
2115 666 2213 697 incisa
2237 665 2375 698 auricula
2399 686 2410 702 ‚

1412 722 1488 744 mox
1509 712 1648 744 vidimus
1671 710 1743 743 inde
1767 711 1799 742 in
1823 720 1932 742 venam
1955 710 2076 741 Cavam
2112 708 2172 742 suis
2195 710 2289 753 ramis
2312 708 2414 750 perti-

1410 763 1555 787 nentem.
1581 752 1710 786 Sinistra
1734 762 1857 792 tamen,
1882 763 1945 784 non
1968 754 2072 785 minus
2097 753 2216 784 ramosa
2245 774 2256 790 ‚
2287 750 2413 784 firmio-

1409 809 1475 830 rem
1499 796 1612 830 habuit
1637 805 1808 836 truncum,
1831 795 2129 829 snbstantiamintus
2152 795 2328 836 compastae
2341 804 2413 827 car-

1407 843 1456 874 nis
1481 839 1666 874 referentem
1682 863 1692 879 ,
1719 850 1814 882 quam
1835 848 1950 880 corpus
1974 836 2139 882 quoddam
2161 838 2246 882 quasi
2263 848 2410 871 nerveum

1411 885 1582 926 cingebat.

1455 940 1504 970 23.
1531 930 1581 961 De
1616 926 1777 968 polypofis
1808 925 2065 960 concretionibus
2099 925 2159 958 erit
2193 925 2299 967 aptior
2334 923 2413 957 alibi

1413 972 1471 1014 (z
1492 975 1505 1011 )
1529 970 1681 1003 scribendi
1708 970 1815 1003 locus.
1840 969 1906 1001 Hic
1931 967 2004 1000 satis
2038 980 2053 998 a
2077 968 2151 1000 laxo
2183 969 2260 1002 adeo
2287 967 2416 1000 cerebro

1410 1014 1568 1056 stuporem
1592 1014 1756 1052 mulieris,
1781 1018 1808 1047 δι
1838 1009 2084 1054 semiparalyfim
2107 1010 2276 1044 deducere.
2301 1010 2416 1052 Neque

1413 1060 1498 1089 enim
1524 1058 1597 1091 satis
1622 1058 1792 1099 spirituum
1817 1054 1970 1089 secernere
1993 1064 2119 1095 poterat
2135 1079 2143 1093 ,
2168 1059 2197 1087 δέ
2213 1054 2250 1088 ad
2274 1053 2415 1086 membra

1413 1103 1558 1134 mittere.
1585 1101 1658 1137 Qua
1681 1101 1719 1133 de
1743 1111 1774 1131 re
1798 1122 1807 1136 ,
1830 1108 1866 1132 ut
1891 1098 2026 1131 maxime
2049 1096 2145 1130 obvia
2168 1118 2177 1133 ,
2210 1108 2274 1130 non
2299 1099 2416 1130 attinet

1413 1145 1513 1178 multa
1536 1143 1626 1176 verba
1651 1143 1774 1181 facere5
1797 1140 1919 1175 tametsi
1947 1140 1983 1175 ad
2008 1139 2041 1173 id
2065 1139 2345 1183 comprobandum
2369 1141 2418 1173 vi-

1411 1188 1463 1220 des
1487 1188 1519 1220 in
1544 1185 1753 1229 Sepulchreto
1773 1189 1786 1225 (
1809 1197 1827 1218 a
1848 1188 1862 1223 )
1886 1195 1983 1218 unam
2007 1184 2197 1227 eandemque
2222 1183 2337 1221 semel,
2362 1191 2414 1215 at-

1409 1243 1472 1275 que
1494 1232 1611 1264 iterum
1637 1229 1902 1262 observationem
1926 1224 2062 1269 proferri
2095 1237 2161 1259 tarn
2183 1230 2290 1268 paucis
2314 1229 2415 1259 inter-

1409 1274 1521 1316 jectis,
1543 1284 1579 1307 ut
1602 1274 1708 1306 minus
1741 1273 1859 1305 mirum
1895 1269 1959 1310 fit,
1982 1269 2059 1303 duas
2083 1268 2179 1302 ferme
2202 1281 2241 1303 ex
2267 1268 2413 1302 Willifio

1408 1321 1423 1357 (
1446 1318 1464 1349 b
1485 1321 1498 1357 )
1522 1318 1650 1361 paginas
1674 1317 1707 1349 in
1732 1314 1870 1348 Scholiis
1905 1312 1945 1346 ad
1966 1313 2237 1346 Observationem
2271 1314 2336 1346 III.
2363 1312 2419 1346 de-

1410 1361 1565 1402 scriptas,
1589 1361 1705 1393 iterum
1729 1369 1787 1401 pro
1812 1357 1946 1391 Scholio
1968 1356 2006 1389 ad
2029 1355 2295 1403 observationem
2318 1356 2421 1390 XXX.

1411 1403 1531 1437 easdem
1554 1403 1709 1437 describi.
1841 1403 2002 1434 Caeterum
2024 1397 2208 1443 hujusmodi
2246 1401 2280 1432 in
2304 1401 2419 1442 primis

1411 1447 1482 1481 sunt
1506 1447 1683 1490 paralyses,
1707 1446 1739 1477 in
1762 1445 1878 1488 quibus
1902 1443 2018 1476 frustra
2040 1466 2053 1483 ‚
2084 1441 2123 1476 ad
2146 1442 2323 1476 tollendam
2344 1453 2421 1477 cau-

1413 1490 1499 1531 sam,
1521 1490 1665 1524 resolutis
1689 1490 1831 1531 partibus
1854 1485 2048 1521 adhibentur
2072 1485 2209 1532 remedia
2231 1511 2240 1518 .
2272 1485 2325 1519 Ad
2352 1486 2421 1520 tol-

1413 1534 1535 1567 lendam
1559 1532 1703 1571 causam,
1726 1533 1855 1576 inquam
1881 1555 1888 1562 .
1922 1529 2010 1562 Nam
2035 1529 2185 1574 Valsalva
2209 1529 2247 1563 ad
2271 1528 2424 1564 fibrarum

1413 1586 1526 1611 tonum
1550 1578 1655 1620 aliqua
1679 1576 1799 1607 ratione
1823 1572 1964 1607 adversus
1987 1582 2141 1614 majorem
2164 1573 2335 1606 laxitatem
2358 1573 2423 1607 ser-

1413 1620 1553 1654 vandum
1578 1620 1629 1658 se,
1652 1618 1799 1658 dicebat,
1823 1616 1990 1650 adhibere:
2015 1615 2209 1659 eandemque
2231 1616 2275 1650 ob
2297 1617 2423 1651 causam

1415 1674 1485 1696 curn
1508 1662 1543 1696 ad
1569 1660 1748 1695 avertendas
1772 1661 1948 1703 apoplexiae
1971 1660 2100 1697 minas,
2128 1659 2310 1700 sanguinem
2333 1671 2349 1693 e
2373 1660 2420 1693 se-

1416 1707 1609 1740 miresolutis
1631 1704 1694 1747 jam
1719 1704 1775 1737 diu
1798 1702 1946 1736 manibus
1972 1701 2144 1744 aliquando
2168 1704 2258 1735 mitti
2287 1725 2297 1741 ‚
2320 1704 2428 1746 impe-

1417 1759 1496 1782 raret
1511 1774 1521 1789 ‚
1548 1749 1724 1791 imperabat
1747 1747 1837 1781 simul
1861 1768 1870 1783 ,
1902 1753 1938 1779 ut
1962 1755 2047 1787 aquae
2072 1745 2146 1778 loco
2167 1747 2278 1780 vinum
2302 1746 2428 1780 calefie-

1417 1803 1488 1832 ret,
1511 1795 1544 1825 in
1568 1802 1667 1835 eoque
1690 1802 1821 1829 manus,
1845 1799 1881 1823 ut
1905 1798 1975 1822 tum
1996 1786 2063 1820 fieri
2079 1788 2157 1821 solet
2171 1812 2183 1829 ,
2207 1799 2403 1832 mergeretur
2418 1814 2429 1822 .

1418 1838 1524 1878 Qae,
1547 1847 1618 1869 cum
1644 1835 1797 1868 Valsalvae
1821 1830 2061 1867 consuetudines
2085 1832 2162 1864 scire
2174 1835 2310 1876 cupias,·
2333 1833 2429 1868 nolui

1419 1882 1567 1912 reticere.
1704 1881 1803 1911 Porro
1826 1877 1896 1910 aliae
1918 1899 1927 1914 ,
1963 1885 2051 1908 extra
2083 1876 2230 1910 cranium
2262 1888 2389 1920 quoque
2412 1900 2426 1917 ,

1419 1923 1568 1965 paralysis
1590 1922 1687 1956 causae
1712 1922 1783 1955 sunt
1803 1944 1815 1961 ,
1839 1919 1877 1953 ad
1899 1929 1976 1962 quas
2002 1919 2131 1953 inutilis
2154 1920 2227 1953 usus
2262 1920 2305 1953 est
2325 1929 2432 1953 exter-

1420 1977 1533 1999 norum
1558 1965 1770 1999 remediorum
1786 1988 1793 1995 .
1819 1965 1946 1997 Harum
1971 1962 2080 1996 selecta
2114 1963 2260 2005 quaedam
2285 1965 2434 2007 exempla

1420 2009 1494 2041 satis
1520 2010 1580 2041 erit
1615 2021 1653 2043 tx
1689 2010 1850 2050 Cowpero
1884 2008 1999 2049 (c),
2033 2007 2064 2039 &
2097 2006 2304 2041 Saltzmanno
2339 2009 2432 2048 (d)

1420 2063 1687 2085 commemorare.
1712 2053 1857 2092 Uterque
1880 2050 2020 2090 partium
2042 2047 2235 2085 inferiorum
2260 2049 2436 2084 resolutio-

1421 2106 1491 2127 nem
1516 2092 1658 2127 accidisse
1673 2116 1685 2133 ,
1710 2092 1943 2135 deprehendit,
1964 2093 2139 2132 Cowperus
2162 2093 2204 2127 ab
2225 2095 2352 2128 interno
2379 2104 2437 2129 tu..

1422 2149 1529 2176 more,
1554 2141 1607 2180 qui
1627 2137 1765 2170 duarum
1788 2135 1867 2170 dorsi
1892 2135 2103 2181 vertebrarum
2125 2146 2258 2179 corpora
2280 2139 2325 2170 ita
2349 2149 2424 2170 exe-

1421 2183 1529 2219 derat,
1553 2190 1588 2215 ut
1614 2191 1667 2223 per
1690 2190 1801 2213 eorum
1823 2180 1941 2224 cariem
1965 2180 2106 2211 soramen
2130 2178 2254 2213 aditum
2269 2181 2424 2222 praeberet

1423 2225 1529 2266 digito
1565 2223 1603 2257 ad
1633 2222 1805 2256 medullam
1842 2223 1943 2264 ipsam
1978 2221 2139 2262 Spinalem
2182 2223 2391 2258 immittendo
2417 2236 2431 2263 ς

1424 2269 1644 2300 Saltzmannus
1667 2275 1772 2298 autem
1796 2266 1836 2298 ab
1860 2265 1966 2297 eadem
1990 2263 2128 2298 medulla
2146 2288 2160 2307 ‚
2195 2277 2258 2299 non
2281 2279 2379 2310 pravo
2401 2279 2434 2300 e-

1422 2308 1560 2354 jusmodi
1586 2308 1717 2342 humore
1739 2307 1808 2341 laesa
1823 2333 1833 2347 ,
1857 2309 1926 2341 imo
1950 2307 2039 2350 plane
2071 2308 2200 2342 exsucca
2234 2311 2268 2343 in
2291 2310 2439 2354 superio-

1424 2354 1512 2386 ribus
1536 2351 1721 2386 lumborum
1744 2350 1921 2383 vertebris:
1945 2349 2032 2392 quod
2056 2352 2132 2383 vitii
2156 2363 2230 2385 curn
2255 2355 2288 2386 in
2302 2355 2428 2395 altero,

1426 2396 1512 2439 ajat,
1535 2396 1567 2428 in
1591 2393 1732 2428 omnibus
1755 2393 1930 2427 lumborum
1951 2391 2106 2427 vertebris
2129 2392 2291 2436 habuisse,
2309 2398 2434 2440 perspi-

1426 2449 1521 2473 cuum
1543 2437 1616 2478 est,
1648 2448 1710 2470 non
1734 2436 1911 2471 Medullam
1935 2435 2034 2468 modo
2052 2457 2064 2474 ,
2102 2437 2185 2470 intra
2209 2438 2365 2480 supremas
2389 2452 2440 2474 ea-

1426 2493 1495 2515 rum
1517 2479 1727 2517 desinentem,
1751 2479 1804 2513 sed
1827 2484 1858 2514 δε
1884 2480 2021 2521 Equinae
2036 2500 2044 2515 ‚
2068 2489 2105 2513 ut
2129 2482 2296 2521 vocitant,
2320 2485 2429 2518 caudae

1428 2534 1551 2567 partem
1575 2535 1638 2556 non
1663 2533 1789 2565 parvam
1820 2525 1834 2560 <
1856 2534 1928 2564 quae
1950 2523 2075 2556 utinam
2113 2523 2335 2559 Saltzmannus
2358 2526 2439 2560 dili-

1426 2569 1574 2611 gentius,
1599 2576 1653 2600 aut
1678 2574 1761 2599 certe
1784 2565 1958 2599 dilucidius
1994 2565 2204 2608 proposuisset
2225 2572 2238 2608 )
2272 2568 2358 2603 idem
2383 2572 2432 2603 vi-

1428 2613 1513 2646 tium
1535 2608 1716 2652 occupasse.
1742 2609 1838 2651 Signa
1862 2619 1967 2643 autem
2000 2619 2073 2652 quae
2100 2609 2232 2645 latentes
2267 2611 2321 2646 has
2345 2625 2439 2656 para-

1430 2652 1502 2689 lvsis
1528 2652 1610 2686 sedes
1633 2652 1847 2695 quadantenus
1870 2653 1904 2684 in
1926 2653 2009 2684 vivis
2032 2651 2234 2694 indicarent,
2257 2654 2309 2688 his
2332 2657 2439 2698 perle-

1430 2698 1490 2730 etis
1513 2695 1677 2740 utriusque
1699 2696 1851 2730 Auetoris
1882 2694 2154 2730 observationibus
2178 2700 2298 2741 poteris
2330 2700 2440 2735 existi-

1431 2752 1516 2773 mare
1536 2765 1543 2772 .

1477 2795 1524 2826 24.
1551 2783 1701 2825 Denique
1724 2793 1761 2816 ne
1785 2783 1909 2816 mireris
1925 2807 1933 2823 ‚
1958 2781 2044 2825 quod
2069 2782 2166 2818 febris
2188 2807 2200 2825 ‚
2229 2796 2300 2829 quae
2326 2785 2435 2820 secun-

1430 2826 1506 2860 dum
1531 2826 1605 2859 alias
1627 2826 1876 2869 Hippocraticas
1900 2826 2126 2868 praedictiones
2161 2830 2360 2872 apoplexiam
2383 2841 2440 2864 ex.

1433 2872 1554 2913 cipiens
1579 2869 1700 2909 solvit,
1725 2869 1893 2903 foerninam
1915 2881 2009 2912 quam
2036 2871 2213 2912 proposui,
2237 2873 2412 2915 perdiderit
2423 2886 2440 2913 ς,

1436 2914 1635 2949 Martianum
1670 2915 1684 2952 (
1707 2924 1721 2946 e
1744 2917 1758 2954 )
1792 2912 1863 2945 vide
1889 2936 1902 2952 ,
1932 2912 2068 2945 febrium
2090 2915 2293 2949 conditiones
2328 2914 2440 2949 distin-

1433 2967 1604 2998 guentem,
1627 2955 1753 2999 illisque
1777 2956 2035 2998 praedictionibus
2056 2957 2135 2991 hanc
2170 2971 2207 2993 ex
2229 2961 2347 2992 Coacis
2381 2971 2441 3003 op-

1434 3010 1628 3041 ponentem.-
1651 2998 1861 3041 Apoplec'i'icae
1895 2997 2068 3044 affefiioncs
2090 3002 2126 3035 de
2147 3011 2268 3045 repente
2301 3003 2441 3037 exoluto-

1434 3043 1480 3075 rio
1503 3044 1588 3076 modo
1605 3043 1715 3086 fientes
1742 3064 1751 3079 ,
1783 3039 1883 3087 febre,
1897 3044 2045 3085 temporis
2065 3046 2221 3092 progreJJu
2243 3046 2399 3079 accedente
2422 3071 2436 3088 ,

1428 3086 1603 3128 perniciosa?
1622 3110 1629 3116 .
1664 3086 1744 3117 Haec
1769 3095 1842 3117 vero
1866 3085 1994 3126 febris,-
2026 3096 2060 3119 ut
2085 3088 2147 3123 alia
2180 3089 2308 3123 mittam
2333 3101 2344 3127 5
2369 3088 2439 3126 sane

1432 3139 1519 3167 uno,
1544 3138 1597 3163 aut
1622 3130 1720 3163 altero
1743 3127 1814 3169 post
1837 3129 1940 3163 mense
1955 3131 2072 3166 accessit
2086 3156 2093 3165 .
2225 3131 2308 3166 Satis
2330 3132 2368 3167 de
2381 3134 2437 3167 Pa-

1433 3171 1527 3214 ralysi
1541 3196 1549 3204 .
1679 3171 1760 3205 Vale
1774 3194 1781 3204 .

2296 3482 2386 3516 EPI-

392 3562 2421 3580 mmmmm—w&

537 3621 641 3644 Praelest.
659 3622 684 3646 in
702 3623 777 3647 lnstit.
794 3626 822 3649 ad
843 3625 866 3655 §.
883 3633 936 3654 40¹·
999 3626 1005 3654 (
1028 3635 1041 3655 q
1056 3626 1070 3655 )
1088 3627 1152 3653 lbid.
1167 3628 1196 3653 ad
1214 3628 1237 3658 §.
1256 3629 1307 3652 282.

503 3621 597 3684 {Aust
618 3652 676 3675 Hist.
694 3656 784 3682 Apopl.
803 3656 864 3679 Hist.
883 3663 917 3685 13·
935 3656 959 3680 in
976 3655 1055 3681 Schol.
1071 3665 1093 3681 n.
1112 3666 1134 3682 ι.
1198 3659 1205 3689 (
1225 3665 1235 3682 ι’
1252 3658 1265 3685 )
1283 3666 1305 3683 n.

502 3681 516 3740 3
534 3681 605 3708 Epist.
625 3689 682 3709 3,n.
704 3691 738 3712 17.
801 3688 812 3713 (
830 3694 847 3712 z
865 3686 877 3713 )
895 3687 967 3715 Epist.
984 3694 1019 3712 2⁴·
1039 3695 1061 3710 n.
1078 3692 1117 3711 26-
1136 3690 1158 3712 8(
1171 3688 1238 3717 seqq.

445 3621 492 3710 a

448 3711 461 3741 ζ
477 3719 488 3734 c
532 3711 585 3737 A&
603 3711 665 3740 Lips.
684 3714 712 3736 A.
732 3716 797 3742 1699.
816 3717 853 3739 M.
872 3716 975 3742 Feb.‹ad
990 3718 1050 3741 Tab,
1070 3725 1104 3747 93.

1369 3628 1383 3656 (
1400 3637 1411 3652 r
1428 3628 1443 3656 ⁴)
1457 3629 1517 3653 Sef’t.
1537 3628 1580 3652 hac
1598 3636 1632 3657 ις.
1649 3629 1760 3657 Append.
1776 3628 1804 3652 ad
1821 3627 1879 3652 Obs.
1897 3637 1920 3658 5.

1298 3690 1312 3717 (
1326 3666 1367 3717 31)
1386 3689 1447 3714 Seu.
1464 3690 1507 3714 cit.
1525 3689 1584 3713 oss.
1600 3691 1622 3712 8.
1643 3689 1665 3713 ες
1685 3696 1720 3719 13.

1168 3720 1182 3748 (
1197 3720 1212 3742 d
1229 3720 1242 3748 )
1259 3718 1316 3744 Ao.
1332 3721 1365 3743 N.
1383 3721 1412 3744 c.
1432 3722 1463 3745 T.
1481 3728 1503 3746 2.
1519 3719 1576 3745 obs.
1597 3727 1647 3744 102.

1411 3660 1421 3683 (
1439 3668 1453 3682 u
1470 3660 1478 3690 )
1497 3661 1533 3683 De
1550 3658 1638 3684 Anima
1656 3660 1722 3683 Brut.
1741 3661 1768 3682 P.
1783 3666 1854 3719 }.bc.)
1868 3667 1890 3713 Ξ.
1908 3658 1962 3715 tit(
1980 3658 2022 3689 x)
2043 3657 2101 3683 nist.
2120 3648 2140 3683 l·
2155 3666 2194 3687 41,

1709 3721 1760 3751 (ε)
1778 3722 1869 3744 Αηηοι.
1886 3719 1912 3745 in
1929 3718 2041 3750 Hippou.
2059 3720 2076 3745 Ι.
2092 3727 2114 3744 a.
2131 3719 2160 3745 da
2176 3721 2260 3745 Morb.
2276 3721 2302 3746 S.
2319 3729 2345 3747 a.
2359 3726 2437 3754 1147·
