<?xml version="1.0" encoding="UTF-8"?>
<!DOCTYPE html PUBLIC "-//W3C//DTD XHTML 1.0 Transitional//EN"
    "http://www.w3.org/TR/xhtml1/DTD/xhtml1-transitional.dtd">
<html xmlns="http://www.w3.org/1999/xhtml" xml:lang="en" lang="en">
 <head>
  <title>
</title>
<meta http-equiv="Content-Type" content="text/html;charset=utf-8" />
  <meta name='ocr-system' content='tesseract 3.04.00' />
  <meta name='ocr-capabilities' content='ocr_page ocr_carea ocr_par ocr_line ocrx_word'/>
</head>
<body>
  <div class='ocr_page' id='page_1' title='image "./desedibusetcausi00morg_0765.png"; bbox 0 0 2498 4075; ppageno 0'>
   <div class='ocr_carea' id='block_1_1' title="bbox 400 256 1798 326">
    <p class='ocr_par' dir='ltr' id='par_1_1' title="bbox 400 256 1798 326">
     <span class='ocr_line' id='line_1_1' title="bbox 400 256 1798 326; baseline 0 -12"><span class='ocrx_word' id='word_1_1' title='bbox 400 258 555 322; x_wconf 75' lang='lat' dir='ltr'>Epist.</span> <span class='ocrx_word' id='word_1_2' title='bbox 591 258 755 313; x_wconf 83' lang='lat' dir='ltr'><strong>Anat.</strong></span> <span class='ocrx_word' id='word_1_3' title='bbox 789 256 1006 313; x_wconf 80' lang='lat' dir='ltr'>Medica</span> <span class='ocrx_word' id='word_1_4' title='bbox 1041 257 1207 314; x_wconf 86' lang='lat' dir='ltr'>LVII.</span> <span class='ocrx_word' id='word_1_5' title='bbox 1241 258 1798 326; x_wconf 70' lang='lat' dir='ltr'>Art.18.i9.20.&amp;21&#39;.</span> 
     </span>
    </p>
   </div>
   <div class='ocr_carea' id='block_1_2' title="bbox 97 339 1132 1952">
    <p class='ocr_par' dir='ltr' id='par_1_2' title="bbox 107 339 1131 1509">
     <span class='ocr_line' id='line_1_2' title="bbox 111 339 1128 382; baseline -0.005 -5"><span class='ocrx_word' id='word_1_6' title='bbox 111 339 372 377; x_wconf 61' lang='lat' dir='ltr'>‘ciritamedium</span> <span class='ocrx_word' id='word_1_7' title='bbox 395 339 542 382; x_wconf 84' lang='lat' dir='ltr'>Aprilem</span> <span class='ocrx_word' id='word_1_8' title='bbox 566 340 607 371; x_wconf 82' lang='lat' dir='ltr'>A.</span> <span class='ocrx_word' id='word_1_9' title='bbox 627 349 717 382; x_wconf 87' lang='lat'>¹753·</span> <span class='ocrx_word' id='word_1_10' title='bbox 851 340 1128 376; x_wconf 75' lang='lat' dir='ltr'>CADAVERIS</span> 
     </span>
     <span class='ocr_line' id='line_1_3' title="bbox 119 383 1129 426; baseline -0.003 -6"><span class='ocrx_word' id='word_1_11' title='bbox 119 397 170 420; x_wconf 83' lang='lat' dir='ltr'>cas</span> <span class='ocrx_word' id='word_1_12' title='bbox 192 396 319 421; x_wconf 88' lang='lat' dir='ltr'>tantum</span> <span class='ocrx_word' id='word_1_13' title='bbox 343 385 516 418; x_wconf 82' lang='lat' dir='ltr'>exteriores</span> <span class='ocrx_word' id='word_1_14' title='bbox 549 392 653 424; x_wconf 85' lang='lat' dir='ltr'>partes</span> <span class='ocrx_word' id='word_1_15' title='bbox 688 383 829 417; x_wconf 83' lang='lat' dir='ltr'>incidere</span> <span class='ocrx_word' id='word_1_16' title='bbox 859 383 1048 426; x_wconf 83' lang='lat' dir='ltr'>permissum</span> <span class='ocrx_word' id='word_1_17' title='bbox 1084 386 1129 418; x_wconf 79' lang='lat' dir='ltr'>est</span> 
     </span>
     <span class='ocr_line' id='line_1_4' title="bbox 118 425 1127 472; baseline -0.005 -8"><span class='ocrx_word' id='word_1_18' title='bbox 118 440 190 472; x_wconf 78' lang='lat' dir='ltr'>quae</span> <span class='ocrx_word' id='word_1_19' title='bbox 215 429 300 464; x_wconf 87' lang='lat' dir='ltr'>sedes</span> <span class='ocrx_word' id='word_1_20' title='bbox 323 426 450 461; x_wconf 88' lang='lat' dir='ltr'>fuerant</span> <span class='ocrx_word' id='word_1_21' title='bbox 475 425 712 469; x_wconf 79' lang='lat' dir='ltr'>pertinaciifimi</span> <span class='ocrx_word' id='word_1_22' title='bbox 737 426 925 460; x_wconf 83' lang='lat' dir='ltr'>lumborum</span> <span class='ocrx_word' id='word_1_23' title='bbox 949 432 1127 462; x_wconf 85' lang='lat' dir='ltr'>cruciatus.</span> 
     </span>
     <span class='ocr_line' id='line_1_5' title="bbox 118 471 1129 516; baseline -0.003 -8"><span class='ocrx_word' id='word_1_24' title='bbox 118 475 234 516; x_wconf 88' lang='lat' dir='ltr'>Itaque</span> <span class='ocrx_word' id='word_1_25' title='bbox 257 474 298 506; x_wconf 88' lang='lat' dir='ltr'>ab</span> <span class='ocrx_word' id='word_1_26' title='bbox 319 471 394 512; x_wconf 85' lang='lat' dir='ltr'>ipsis</span> <span class='ocrx_word' id='word_1_27' title='bbox 416 471 557 505; x_wconf 62' lang='lat' dir='ltr'>detracta</span> <span class='ocrx_word' id='word_1_28' title='bbox 582 479 677 506; x_wconf 76' lang='lat' dir='ltr'>cute,</span> <span class='ocrx_word' id='word_1_29' title='bbox 699 472 730 503; x_wconf 88' lang='lat'>&amp;</span> <span class='ocrx_word' id='word_1_30' title='bbox 754 473 897 512; x_wconf 81' lang='lat' dir='ltr'>Adiposa</span> <span class='ocrx_word' id='word_1_31' title='bbox 923 472 1129 510; x_wconf 85' lang='lat' dir='ltr'>membrana,</span> 
     </span>
     <span class='ocr_line' id='line_1_6' title="bbox 118 511 1131 559; baseline -0.002 -7"><span class='ocrx_word' id='word_1_32' title='bbox 118 519 155 552; x_wconf 82' lang='lat' dir='ltr'>in</span> <span class='ocrx_word' id='word_1_33' title='bbox 176 516 270 559; x_wconf 82' lang='lat' dir='ltr'>cujus</span> <span class='ocrx_word' id='word_1_34' title='bbox 294 514 422 550; x_wconf 87' lang='lat' dir='ltr'>cellulis</span> <span class='ocrx_word' id='word_1_35' title='bbox 453 511 577 554; x_wconf 84' lang='lat' dir='ltr'>aliquid</span> <span class='ocrx_word' id='word_1_36' title='bbox 602 524 692 554; x_wconf 84' lang='lat' dir='ltr'>aquae</span> <span class='ocrx_word' id='word_1_37' title='bbox 715 514 995 556; x_wconf 74' lang='lat' dir='ltr'>conspiciebatur,</span> <span class='ocrx_word' id='word_1_38' title='bbox 1029 516 1131 550; x_wconf 86' lang='lat' dir='ltr'>subla-</span> 
     </span>
     <span class='ocr_line' id='line_1_7' title="bbox 110 557 1129 604; baseline -0.003 -12"><span class='ocrx_word' id='word_1_39' title='bbox 110 569 221 604; x_wconf 44' lang='lat' dir='ltr'>‘toquc</span> <span class='ocrx_word' id='word_1_40' title='bbox 245 559 354 601; x_wconf 71' lang='lat' dir='ltr'>amplo</span> <span class='ocrx_word' id='word_1_41' title='bbox 378 557 438 591; x_wconf 85' lang='lat' dir='ltr'>illo</span> <span class='ocrx_word' id='word_1_42' title='bbox 461 558 597 599; x_wconf 53' lang='lat' dir='ltr'>tendine⁴</span> <span class='ocrx_word' id='word_1_43' title='bbox 615 557 697 589; x_wconf 83' lang='lat' dir='ltr'>unde</span> <span class='ocrx_word' id='word_1_44' title='bbox 718 559 823 591; x_wconf 92' lang='lat' dir='ltr'>oritur</span> <span class='ocrx_word' id='word_1_45' title='bbox 849 557 1032 593; x_wconf 84' lang='lat' dir='ltr'>Latiffimus</span> <span class='ocrx_word' id='word_1_46' title='bbox 1053 561 1129 593; x_wconf 87' lang='lat' dir='ltr'>dor.</span> 
     </span>
     <span class='ocr_line' id='line_1_8' title="bbox 118 600 1127 642; baseline -0.001 -4"><span class='ocrx_word' id='word_1_47' title='bbox 118 604 142 639; x_wconf 84' lang='lat' dir='ltr'>fi</span> <span class='ocrx_word' id='word_1_48' title='bbox 169 603 356 640; x_wconf 83' lang='lat' dir='ltr'>musculus,</span> <span class='ocrx_word' id='word_1_49' title='bbox 380 610 558 642; x_wconf 84' lang='lat' dir='ltr'>neutroque</span> <span class='ocrx_word' id='word_1_50' title='bbox 583 609 615 631; x_wconf 90' lang='lat' dir='ltr'>in</span> <span class='ocrx_word' id='word_1_51' title='bbox 640 600 738 633; x_wconf 86' lang='lat' dir='ltr'>latere</span> <span class='ocrx_word' id='word_1_52' title='bbox 762 601 826 634; x_wconf 85' lang='lat' dir='ltr'>ulla</span> <span class='ocrx_word' id='word_1_53' title='bbox 860 603 891 634; x_wconf 91' lang='lat' dir='ltr'>in</span> <span class='ocrx_word' id='word_1_54' title='bbox 922 613 962 635; x_wconf 90' lang='lat' dir='ltr'>eo</span> <span class='ocrx_word' id='word_1_55' title='bbox 995 604 1127 638; x_wconf 90' lang='lat' dir='ltr'>tendine</span> 
     </span>
     <span class='ocr_line' id='line_1_9' title="bbox 118 641 1129 688; baseline -0.003 -7"><span class='ocrx_word' id='word_1_56' title='bbox 118 649 271 682; x_wconf 78' lang='lat' dir='ltr'>adnotata</span> <span class='ocrx_word' id='word_1_57' title='bbox 298 646 367 679; x_wconf 86' lang='lat' dir='ltr'>labe</span> <span class='ocrx_word' id='word_1_58' title='bbox 386 669 394 681; x_wconf 81' lang='grc'><em>,</em></span> <span class='ocrx_word' id='word_1_59' title='bbox 416 655 490 678; x_wconf 89' lang='lat' dir='ltr'>cum</span> <span class='ocrx_word' id='word_1_60' title='bbox 516 643 555 678; x_wconf 85' lang='lat' dir='ltr'>ad</span> <span class='ocrx_word' id='word_1_61' title='bbox 578 641 711 678; x_wconf 80' lang='lat' dir='ltr'>crassum</span> <span class='ocrx_word' id='word_1_62' title='bbox 737 644 816 678; x_wconf 90' lang='lat' dir='ltr'>illud</span> <span class='ocrx_word' id='word_1_63' title='bbox 841 656 991 678; x_wconf 89' lang='lat' dir='ltr'>carneum</span> <span class='ocrx_word' id='word_1_64' title='bbox 1012 657 1129 688; x_wconf 77' lang='lat' dir='ltr'>corpus</span> 
     </span>
     <span class='ocr_line' id='line_1_10' title="bbox 118 688 1129 732; baseline 0 -8"><span class='ocrx_word' id='word_1_65' title='bbox 118 701 253 725; x_wconf 88' lang='lat' dir='ltr'>ventum</span> <span class='ocrx_word' id='word_1_66' title='bbox 277 689 322 723; x_wconf 84' lang='lat' dir='ltr'>est</span> <span class='ocrx_word' id='word_1_67' title='bbox 345 688 433 732; x_wconf 87' lang='lat' dir='ltr'>quod</span> <span class='ocrx_word' id='word_1_68' title='bbox 455 697 629 721; x_wconf 89' lang='lat' dir='ltr'>commune</span> <span class='ocrx_word' id='word_1_69' title='bbox 654 688 788 721; x_wconf 90' lang='lat' dir='ltr'>initium</span> <span class='ocrx_word' id='word_1_70' title='bbox 812 689 932 730; x_wconf 81' lang='lat' dir='ltr'>praebet</span> <span class='ocrx_word' id='word_1_71' title='bbox 946 689 1129 724; x_wconf 85' lang='lat' dir='ltr'>Sacrolum-</span> 
     </span>
     <span class='ocr_line' id='line_1_11' title="bbox 118 729 1130 775; baseline -0.002 -6"><span class='ocrx_word' id='word_1_72' title='bbox 118 734 165 769; x_wconf 88' lang='lat' dir='ltr'>bo</span> <span class='ocrx_word' id='word_1_73' title='bbox 186 756 196 772; x_wconf 93' lang='lat'>‚</span> <span class='ocrx_word' id='word_1_74' title='bbox 228 736 260 768; x_wconf 91' lang='lat'>&amp;</span> <span class='ocrx_word' id='word_1_75' title='bbox 285 730 488 775; x_wconf 83' lang='lat' dir='ltr'>Longiffimo</span> <span class='ocrx_word' id='word_1_76' title='bbox 510 729 595 764; x_wconf 80' lang='lat' dir='ltr'>dorsi</span> <span class='ocrx_word' id='word_1_77' title='bbox 622 730 799 771; x_wconf 85' lang='lat' dir='ltr'>musculis,</span> <span class='ocrx_word' id='word_1_78' title='bbox 823 743 894 766; x_wconf 89' lang='lat' dir='ltr'>ecce</span> <span class='ocrx_word' id='word_1_79' title='bbox 918 734 950 765; x_wconf 91' lang='lat' dir='ltr'>in</span> <span class='ocrx_word' id='word_1_80' title='bbox 983 744 1021 766; x_wconf 94' lang='lat' dir='ltr'>eo</span> <span class='ocrx_word' id='word_1_81' title='bbox 1054 745 1130 767; x_wconf 88' lang='lat' dir='ltr'>cor-</span> 
     </span>
     <span class='ocr_line' id='line_1_12' title="bbox 110 774 1130 821; baseline 0 -10"><span class='ocrx_word' id='word_1_82' title='bbox 110 786 197 821; x_wconf 64' lang='lat' dir='ltr'>&#39;pore</span> <span class='ocrx_word' id='word_1_83' title='bbox 221 777 370 810; x_wconf 89' lang='lat' dir='ltr'>insolitus</span> <span class='ocrx_word' id='word_1_84' title='bbox 397 783 527 815; x_wconf 86' lang='lat' dir='ltr'>apparet</span> <span class='ocrx_word' id='word_1_85' title='bbox 551 774 666 811; x_wconf 81' lang='lat' dir='ltr'>color,</span> <span class='ocrx_word' id='word_1_86' title='bbox 696 774 825 817; x_wconf 87' lang='lat' dir='ltr'>qualem</span> <span class='ocrx_word' id='word_1_87' title='bbox 859 776 892 808; x_wconf 91' lang='lat' dir='ltr'>in</span> <span class='ocrx_word' id='word_1_88' title='bbox 924 777 1054 810; x_wconf 86' lang='lat' dir='ltr'>vetustis</span> <span class='ocrx_word' id='word_1_89' title='bbox 1090 789 1130 811; x_wconf 83' lang='lat' dir='ltr'>ex</span> 
     </span>
     <span class='ocr_line' id='line_1_13' title="bbox 118 817 1127 858; baseline -0.001 -3"><span class='ocrx_word' id='word_1_90' title='bbox 118 824 209 855; x_wconf 88' lang='lat' dir='ltr'>nucis</span> <span class='ocrx_word' id='word_1_91' title='bbox 234 821 348 854; x_wconf 87' lang='lat' dir='ltr'>arbore</span> <span class='ocrx_word' id='word_1_92' title='bbox 371 817 564 852; x_wconf 80' lang='lat' dir='ltr'>constructis</span> <span class='ocrx_word' id='word_1_93' title='bbox 587 818 731 851; x_wconf 87' lang='lat' dir='ltr'>armariis</span> <span class='ocrx_word' id='word_1_94' title='bbox 756 818 901 852; x_wconf 82' lang='lat' dir='ltr'>videmus</span> <span class='ocrx_word' id='word_1_95' title='bbox 918 830 994 858; x_wconf 88' lang='lat' dir='ltr'>,nec</span> <span class='ocrx_word' id='word_1_96' title='bbox 1019 830 1127 854; x_wconf 87' lang='lat' dir='ltr'>tamen</span> 
     </span>
     <span class='ocr_line' id='line_1_14' title="bbox 117 860 1126 906; baseline -0.002 -7"><span class='ocrx_word' id='word_1_97' title='bbox 117 867 153 899; x_wconf 83' lang='lat' dir='ltr'>in</span> <span class='ocrx_word' id='word_1_98' title='bbox 179 875 251 898; x_wconf 84' lang='lat' dir='ltr'>toto</span> <span class='ocrx_word' id='word_1_99' title='bbox 274 875 314 897; x_wconf 90' lang='lat' dir='ltr'>eo</span> <span class='ocrx_word' id='word_1_100' title='bbox 338 873 474 903; x_wconf 89' lang='lat' dir='ltr'>corpore</span> <span class='ocrx_word' id='word_1_101' title='bbox 490 884 502 901; x_wconf 92' lang='lat'><em>‚</em></span> <span class='ocrx_word' id='word_1_102' title='bbox 525 860 574 894; x_wconf 86' lang='lat' dir='ltr'>sed</span> <span class='ocrx_word' id='word_1_103' title='bbox 600 861 637 894; x_wconf 89' lang='lat' dir='ltr'>ad</span> <span class='ocrx_word' id='word_1_104' title='bbox 663 860 801 901; x_wconf 90' lang='lat' dir='ltr'>spatium</span> <span class='ocrx_word' id='word_1_105' title='bbox 823 863 993 896; x_wconf 80' lang='lat' dir='ltr'>dumtaxat</span> <span class='ocrx_word' id='word_1_106' title='bbox 1030 864 1126 906; x_wconf 89' lang='lat' dir='ltr'>quin-</span> 
     </span>
     <span class='ocr_line' id='line_1_15' title="bbox 117 904 1125 952; baseline -0.003 -9"><span class='ocrx_word' id='word_1_107' title='bbox 117 920 182 952; x_wconf 87' lang='lat' dir='ltr'>que</span> <span class='ocrx_word' id='word_1_108' title='bbox 204 908 336 941; x_wconf 82' lang='lat' dir='ltr'>circiter</span> <span class='ocrx_word' id='word_1_109' title='bbox 358 904 614 938; x_wconf 81' lang='lat' dir='ltr'>transversorum</span> <span class='ocrx_word' id='word_1_110' title='bbox 638 904 819 945; x_wconf 84' lang='lat' dir='ltr'>digitorum</span> <span class='ocrx_word' id='word_1_111' title='bbox 846 904 1019 940; x_wconf 85' lang='lat' dir='ltr'>secundum</span> <span class='ocrx_word' id='word_1_112' title='bbox 1053 907 1125 940; x_wconf 90' lang='lat' dir='ltr'>lon-</span> 
     </span>
     <span class='ocr_line' id='line_1_16' title="bbox 117 947 1127 995; baseline 0.001 -12"><span class='ocrx_word' id='word_1_113' title='bbox 117 951 302 995; x_wconf 79' lang='lat' dir='ltr'>gitudinem</span> <span class='ocrx_word' id='word_1_114' title='bbox 328 951 446 990; x_wconf 86' lang='lat' dir='ltr'>pariter</span> <span class='ocrx_word' id='word_1_115' title='bbox 470 951 499 980; x_wconf 69' lang='lat' dir='ltr'>Sc</span> <span class='ocrx_word' id='word_1_116' title='bbox 523 947 729 982; x_wconf 85' lang='lat' dir='ltr'>latitudinem</span> <span class='ocrx_word' id='word_1_117' title='bbox 746 948 876 991; x_wconf 84' lang='lat' dir='ltr'>:idque</span> <span class='ocrx_word' id='word_1_118' title='bbox 911 960 926 982; x_wconf 83' lang='lat' dir='ltr'>a</span> <span class='ocrx_word' id='word_1_119' title='bbox 962 948 1127 991; x_wconf 85' lang='lat' dir='ltr'>superficie</span> 
     </span>
     <span class='ocr_line' id='line_1_17' title="bbox 118 991 1126 1037; baseline -0.003 -9"><span class='ocrx_word' id='word_1_120' title='bbox 118 993 297 1029; x_wconf 82' lang='lat' dir='ltr'>introrsum</span> <span class='ocrx_word' id='word_1_121' title='bbox 322 991 400 1025; x_wconf 85' lang='lat' dir='ltr'>adeo</span> <span class='ocrx_word' id='word_1_122' title='bbox 424 992 604 1033; x_wconf 81' lang='lat' dir='ltr'>pertinebat</span> <span class='ocrx_word' id='word_1_123' title='bbox 625 1014 633 1028; x_wconf 91' lang='lat'>‚</span> <span class='ocrx_word' id='word_1_124' title='bbox 668 1000 706 1025; x_wconf 90' lang='lat' dir='ltr'>ut</span> <span class='ocrx_word' id='word_1_125' title='bbox 739 992 773 1024; x_wconf 90' lang='lat' dir='ltr'>in</span> <span class='ocrx_word' id='word_1_126' title='bbox 811 991 960 1033; x_wconf 57' lang='lat' dir='ltr'>subieritis</span> <span class='ocrx_word' id='word_1_127' title='bbox 993 1004 1126 1037; x_wconf 89' lang='lat' dir='ltr'>quoque</span> 
     </span>
     <span class='ocr_line' id='line_1_18' title="bbox 118 1034 1126 1078; baseline -0.003 -5"><span class='ocrx_word' id='word_1_128' title='bbox 118 1037 271 1073; x_wconf 83' lang='lat' dir='ltr'>musculis</span> <span class='ocrx_word' id='word_1_129' title='bbox 295 1037 415 1075; x_wconf 87' lang='lat' dir='ltr'>Sacro,</span> <span class='ocrx_word' id='word_1_130' title='bbox 437 1037 468 1068; x_wconf 89' lang='lat'>&amp;</span> <span class='ocrx_word' id='word_1_131' title='bbox 492 1034 664 1077; x_wconf 75' lang='lat' dir='ltr'>Qadrato</span> <span class='ocrx_word' id='word_1_132' title='bbox 688 1034 873 1070; x_wconf 90' lang='lat' dir='ltr'>lumborum</span> <span class='ocrx_word' id='word_1_133' title='bbox 898 1036 1093 1078; x_wconf 71' lang='lat' dir='ltr'>speecaretur</span> <span class='ocrx_word' id='word_1_134' title='bbox 1118 1062 1126 1070; x_wconf 94' lang='lat'>.</span> 
     </span>
     <span class='ocr_line' id='line_1_19' title="bbox 118 1078 1128 1121; baseline 0 -7"><span class='ocrx_word' id='word_1_135' title='bbox 118 1082 222 1120; x_wconf 79' lang='lat' dir='ltr'>Erant</span> <span class='ocrx_word' id='word_1_136' title='bbox 248 1089 354 1114; x_wconf 87' lang='lat' dir='ltr'>autem</span> <span class='ocrx_word' id='word_1_137' title='bbox 378 1078 467 1113; x_wconf 81' lang='lat' dir='ltr'>fibrae</span> <span class='ocrx_word' id='word_1_138' title='bbox 491 1088 566 1111; x_wconf 91' lang='lat' dir='ltr'>toto</span> <span class='ocrx_word' id='word_1_139' title='bbox 588 1091 627 1112; x_wconf 92' lang='lat' dir='ltr'>eo</span> <span class='ocrx_word' id='word_1_140' title='bbox 649 1079 736 1120; x_wconf 90' lang='lat' dir='ltr'>quod</span> <span class='ocrx_word' id='word_1_141' title='bbox 762 1080 998 1115; x_wconf 74' lang='lat' dir='ltr'>indicavimus⁹</span> <span class='ocrx_word' id='word_1_142' title='bbox 1023 1079 1128 1121; x_wconf 85' lang='lat' dir='ltr'>spatio</span> 
     </span>
     <span class='ocr_line' id='line_1_20' title="bbox 119 1122 1128 1166; baseline -0.002 -7"><span class='ocrx_word' id='word_1_143' title='bbox 119 1127 240 1164; x_wconf 67' lang='lat' dir='ltr'>mirum</span> <span class='ocrx_word' id='word_1_144' title='bbox 266 1125 299 1156; x_wconf 92' lang='lat' dir='ltr'>in</span> <span class='ocrx_word' id='word_1_145' title='bbox 325 1122 458 1155; x_wconf 86' lang='lat' dir='ltr'>modum</span> <span class='ocrx_word' id='word_1_146' title='bbox 484 1122 560 1154; x_wconf 84' lang='lat' dir='ltr'>iaxae</span> <span class='ocrx_word' id='word_1_147' title='bbox 578 1143 586 1159; x_wconf 90' lang='lat'><em>‚</em></span> <span class='ocrx_word' id='word_1_148' title='bbox 609 1124 640 1154; x_wconf 91' lang='lat'><strong>&amp;</strong></span> <span class='ocrx_word' id='word_1_149' title='bbox 664 1122 832 1163; x_wconf 79' lang='lat' dir='ltr'>cedentes,</span> <span class='ocrx_word' id='word_1_150' title='bbox 864 1122 1045 1166; x_wconf 85' lang='lat' dir='ltr'>crebrisque</span> <span class='ocrx_word' id='word_1_151' title='bbox 1080 1126 1128 1157; x_wconf 88' lang='lat' dir='ltr'>in-</span> 
     </span>
     <span class='ocr_line' id='line_1_21' title="bbox 119 1165 1123 1210; baseline -0.002 -8"><span class='ocrx_word' id='word_1_152' title='bbox 119 1168 263 1209; x_wconf 58' lang='lat' dir='ltr'>terjec&#39;tis</span> <span class='ocrx_word' id='word_1_153' title='bbox 289 1166 470 1208; x_wconf 79' lang='lat' dir='ltr'>sanguineis</span> <span class='ocrx_word' id='word_1_154' title='bbox 495 1165 654 1206; x_wconf 83' lang='lat' dir='ltr'>grumulis</span> <span class='ocrx_word' id='word_1_155' title='bbox 677 1165 865 1208; x_wconf 68' lang='lat' dir='ltr'>disiunctae.</span> <span class='ocrx_word' id='word_1_156' title='bbox 895 1167 934 1200; x_wconf 87' lang='lat' dir='ltr'>Et</span> <span class='ocrx_word' id='word_1_157' title='bbox 960 1167 1026 1200; x_wconf 78' lang='lat' dir='ltr'>haec</span> <span class='ocrx_word' id='word_1_158' title='bbox 1051 1179 1123 1210; x_wconf 63' lang='lat' dir='ltr'>que</span> 
     </span>
     <span class='ocr_line' id='line_1_22' title="bbox 107 1209 1128 1252; baseline -0.002 -6"><span class='ocrx_word' id='word_1_159' title='bbox 107 1212 286 1250; x_wconf 75' lang='lat' dir='ltr'>diximus,</span> <span class='ocrx_word' id='word_1_160' title='bbox 313 1213 392 1242; x_wconf 83' lang='lat' dir='ltr'>vitia</span> <span class='ocrx_word' id='word_1_161' title='bbox 414 1209 526 1242; x_wconf 87' lang='lat' dir='ltr'>omnia</span> <span class='ocrx_word' id='word_1_162' title='bbox 550 1219 589 1242; x_wconf 91' lang='lat' dir='ltr'>eo</span> <span class='ocrx_word' id='word_1_163' title='bbox 612 1210 804 1251; x_wconf 79' lang='lat' dir='ltr'>apparebant</span> <span class='ocrx_word' id='word_1_164' title='bbox 830 1212 953 1251; x_wconf 86' lang='lat' dir='ltr'>magis,</span> <span class='ocrx_word' id='word_1_165' title='bbox 976 1221 1044 1252; x_wconf 84' lang='lat' dir='ltr'>quo</span> <span class='ocrx_word' id='word_1_166' title='bbox 1058 1222 1128 1245; x_wconf 90' lang='lat' dir='ltr'>mu-</span> 
     </span>
     <span class='ocr_line' id='line_1_23' title="bbox 117 1252 1126 1295; baseline -0.004 -5"><span class='ocrx_word' id='word_1_167' title='bbox 117 1254 198 1290; x_wconf 80' lang='lat' dir='ltr'>sculi</span> <span class='ocrx_word' id='word_1_168' title='bbox 223 1263 312 1288; x_wconf 87' lang='lat' dir='ltr'>erant</span> <span class='ocrx_word' id='word_1_169' title='bbox 338 1253 445 1295; x_wconf 72' lang='lat' dir='ltr'>spinae</span> <span class='ocrx_word' id='word_1_170' title='bbox 471 1253 638 1294; x_wconf 83' lang='lat' dir='ltr'>propiores</span> <span class='ocrx_word' id='word_1_171' title='bbox 664 1265 671 1284; x_wconf 91' lang='lat'><strong>:</strong></span> <span class='ocrx_word' id='word_1_172' title='bbox 696 1252 747 1287; x_wconf 90' lang='lat' dir='ltr'>sed</span> <span class='ocrx_word' id='word_1_173' title='bbox 771 1262 859 1287; x_wconf 84' lang='lat' dir='ltr'>extra</span> <span class='ocrx_word' id='word_1_174' title='bbox 884 1252 963 1287; x_wconf 90' lang='lat' dir='ltr'>illud</span> <span class='ocrx_word' id='word_1_175' title='bbox 988 1255 1022 1287; x_wconf 95' lang='lat' dir='ltr'>in</span> <span class='ocrx_word' id='word_1_176' title='bbox 1047 1255 1126 1293; x_wconf 73' lang='lat' dir='ltr'>lusn-</span> 
     </span>
     <span class='ocr_line' id='line_1_24' title="bbox 115 1295 1128 1340; baseline -0.002 -7"><span class='ocrx_word' id='word_1_177' title='bbox 115 1298 168 1334; x_wconf 85' lang='lat' dir='ltr'>bis</span> <span class='ocrx_word' id='word_1_178' title='bbox 193 1298 331 1340; x_wconf 86' lang='lat' dir='ltr'>spatium</span> <span class='ocrx_word' id='word_1_179' title='bbox 357 1307 412 1330; x_wconf 88' lang='lat' dir='ltr'>nec</span> <span class='ocrx_word' id='word_1_180' title='bbox 437 1295 549 1332; x_wconf 84' lang='lat' dir='ltr'>color,</span> <span class='ocrx_word' id='word_1_181' title='bbox 575 1307 634 1329; x_wconf 86' lang='lat' dir='ltr'>nec</span> <span class='ocrx_word' id='word_1_182' title='bbox 655 1297 835 1339; x_wconf 85' lang='lat' dir='ltr'>quidquam</span> <span class='ocrx_word' id='word_1_183' title='bbox 849 1297 935 1331; x_wconf 89' lang='lat' dir='ltr'>aliud</span> <span class='ocrx_word' id='word_1_184' title='bbox 947 1298 1033 1340; x_wconf 89' lang='lat' dir='ltr'>quod</span> <span class='ocrx_word' id='word_1_185' title='bbox 1048 1308 1128 1340; x_wconf 83' lang='lat' dir='ltr'>prae-</span> 
     </span>
     <span class='ocr_line' id='line_1_25' title="bbox 116 1338 1122 1377; baseline -0.004 -1"><span class='ocrx_word' id='word_1_186' title='bbox 116 1352 167 1377; x_wconf 84' lang='lat' dir='ltr'>ter</span> <span class='ocrx_word' id='word_1_187' title='bbox 190 1351 339 1377; x_wconf 88' lang='lat' dir='ltr'>naturam</span> <span class='ocrx_word' id='word_1_188' title='bbox 361 1339 435 1374; x_wconf 83' lang='lat' dir='ltr'>esset</span> <span class='ocrx_word' id='word_1_189' title='bbox 459 1361 467 1376; x_wconf 72' lang='lat'>2</span> <span class='ocrx_word' id='word_1_190' title='bbox 504 1341 537 1371; x_wconf 90' lang='lat' dir='ltr'>in</span> <span class='ocrx_word' id='word_1_191' title='bbox 573 1338 725 1375; x_wconf 85' lang='lat' dir='ltr'>musculis</span> <span class='ocrx_word' id='word_1_192' title='bbox 758 1340 799 1373; x_wconf 85' lang='lat' dir='ltr'>est</span> <span class='ocrx_word' id='word_1_193' title='bbox 834 1340 1090 1374; x_wconf 82' lang='lat' dir='ltr'>animadversum</span> <span class='ocrx_word' id='word_1_194' title='bbox 1115 1365 1122 1372; x_wconf 94' lang='lat'>.</span> 
     </span>
     <span class='ocr_line' id='line_1_26' title="bbox 115 1383 1125 1431; baseline -0.002 -12"><span class='ocrx_word' id='word_1_195' title='bbox 115 1385 212 1431; x_wconf 83' lang='lat' dir='ltr'>Quin</span> <span class='ocrx_word' id='word_1_196' title='bbox 234 1387 364 1428; x_wconf 70' lang='lat' dir='ltr'>grauior</span> <span class='ocrx_word' id='word_1_197' title='bbox 389 1384 470 1418; x_wconf 86' lang='lat' dir='ltr'>odor</span> <span class='ocrx_word' id='word_1_198' title='bbox 493 1394 531 1416; x_wconf 92' lang='lat' dir='ltr'>ne</span> <span class='ocrx_word' id='word_1_199' title='bbox 555 1383 601 1415; x_wconf 87' lang='lat' dir='ltr'>ibi</span> <span class='ocrx_word' id='word_1_200' title='bbox 626 1384 759 1425; x_wconf 85' lang='lat' dir='ltr'>quidem</span> <span class='ocrx_word' id='word_1_201' title='bbox 784 1394 874 1422; x_wconf 83' lang='lat' dir='ltr'>erat,</span> <span class='ocrx_word' id='word_1_202' title='bbox 900 1385 955 1418; x_wconf 90' lang='lat' dir='ltr'>ubi</span> <span class='ocrx_word' id='word_1_203' title='bbox 969 1384 1021 1417; x_wconf 88' lang='lat' dir='ltr'>illa</span> <span class='ocrx_word' id='word_1_204' title='bbox 1035 1393 1125 1418; x_wconf 86' lang='lat' dir='ltr'>erant</span> 
     </span>
     <span class='ocr_line' id='line_1_27' title="bbox 108 1426 1126 1471; baseline -0.003 -8"><span class='ocrx_word' id='word_1_205' title='bbox 108 1431 222 1463; x_wconf 79' lang='lat' dir='ltr'>vitia.</span> <span class='ocrx_word' id='word_1_206' title='bbox 247 1429 331 1468; x_wconf 83' lang='lat' dir='ltr'>Quae</span> <span class='ocrx_word' id='word_1_207' title='bbox 353 1428 386 1461; x_wconf 91' lang='lat' dir='ltr'>in</span> <span class='ocrx_word' id='word_1_208' title='bbox 410 1435 548 1469; x_wconf 87' lang='lat' dir='ltr'>utroque</span> <span class='ocrx_word' id='word_1_209' title='bbox 572 1426 685 1460; x_wconf 89' lang='lat' dir='ltr'>lumbo</span> <span class='ocrx_word' id='word_1_210' title='bbox 708 1428 819 1462; x_wconf 86' lang='lat' dir='ltr'>omnia</span> <span class='ocrx_word' id='word_1_211' title='bbox 830 1427 1020 1471; x_wconf 87' lang='lat' dir='ltr'>deprehensa</span> <span class='ocrx_word' id='word_1_212' title='bbox 1039 1428 1126 1468; x_wconf 83' lang='lat' dir='ltr'>sunt,-</span> 
     </span>
     <span class='ocr_line' id='line_1_28' title="bbox 115 1470 718 1509; baseline -0.013 0"><span class='ocrx_word' id='word_1_213' title='bbox 115 1473 169 1509; x_wconf 83' lang='lat' dir='ltr'>sed</span> <span class='ocrx_word' id='word_1_214' title='bbox 193 1473 227 1506; x_wconf 85' lang='lat' dir='ltr'>in</span> <span class='ocrx_word' id='word_1_215' title='bbox 253 1471 378 1506; x_wconf 82' lang='lat' dir='ltr'>sinistro</span> <span class='ocrx_word' id='word_1_216' title='bbox 401 1470 507 1505; x_wconf 89' lang='lat' dir='ltr'>multo</span> <span class='ocrx_word' id='word_1_217' title='bbox 530 1470 673 1505; x_wconf 82' lang='lat' dir='ltr'>leviora.</span> <span class='ocrx_word' id='word_1_218' title='bbox 715 1489 718 1490; x_wconf 31' lang='grc' dir='ltr'><em>ν</em></span> 
     </span>
    </p>

    <p class='ocr_par' dir='ltr' id='par_1_3' title="bbox 97 1514 1132 1952">
     <span class='ocr_line' id='line_1_29' title="bbox 162 1514 1127 1557; baseline -0.004 -5"><span class='ocrx_word' id='word_1_219' title='bbox 162 1516 213 1552; x_wconf 85' lang='lat'>18.</span> <span class='ocrx_word' id='word_1_220' title='bbox 238 1516 307 1550; x_wconf 91' lang='lat' dir='ltr'>Hic</span> <span class='ocrx_word' id='word_1_221' title='bbox 331 1524 363 1550; x_wconf 91' lang='lat' dir='ltr'>te</span> <span class='ocrx_word' id='word_1_222' title='bbox 386 1516 453 1550; x_wconf 90' lang='lat' dir='ltr'>duo</span> <span class='ocrx_word' id='word_1_223' title='bbox 476 1525 514 1546; x_wconf 87' lang='lat' dir='ltr'>ex</span> <span class='ocrx_word' id='word_1_224' title='bbox 538 1525 586 1547; x_wconf 88' lang='lat' dir='ltr'>me</span> <span class='ocrx_word' id='word_1_225' title='bbox 610 1524 752 1557; x_wconf 74' lang='lat' dir='ltr'>quaerere</span> <span class='ocrx_word' id='word_1_226' title='bbox 777 1514 882 1557; x_wconf 78' lang='lat' dir='ltr'>posse,</span> <span class='ocrx_word' id='word_1_227' title='bbox 909 1515 1028 1556; x_wconf 87' lang='lat' dir='ltr'>video,</span> <span class='ocrx_word' id='word_1_228' title='bbox 1051 1516 1127 1549; x_wconf 60' lang='lat' dir='ltr'>alte«</span> 
     </span>
     <span class='ocr_line' id='line_1_30' title="bbox 114 1556 1128 1602; baseline -0.005 -6"><span class='ocrx_word' id='word_1_229' title='bbox 114 1572 189 1596; x_wconf 84' lang='lat' dir='ltr'>rum</span> <span class='ocrx_word' id='word_1_230' title='bbox 212 1583 225 1601; x_wconf 86' lang='lat'><em>,</em></span> <span class='ocrx_word' id='word_1_231' title='bbox 257 1561 341 1594; x_wconf 89' lang='lat' dir='ltr'>unde</span> <span class='ocrx_word' id='word_1_232' title='bbox 364 1559 420 1593; x_wconf 83' lang='lat' dir='ltr'>illa</span> <span class='ocrx_word' id='word_1_233' title='bbox 443 1556 516 1592; x_wconf 85' lang='lat' dir='ltr'>esset</span> <span class='ocrx_word' id='word_1_234' title='bbox 543 1558 694 1592; x_wconf 88' lang='lat' dir='ltr'>movendi</span> <span class='ocrx_word' id='word_1_235' title='bbox 719 1569 810 1592; x_wconf 89' lang='lat' dir='ltr'>crura</span> <span class='ocrx_word' id='word_1_236' title='bbox 835 1559 1061 1602; x_wconf 65' lang='lat' dir='ltr'>impotentia?</span> <span class='ocrx_word' id='word_1_237' title='bbox 1082 1559 1128 1592; x_wconf 84' lang='lat' dir='ltr'>al·</span> 
     </span>
     <span class='ocr_line' id='line_1_31' title="bbox 97 1601 1126 1645; baseline -0.004 -7"><span class='ocrx_word' id='word_1_238' title='bbox 97 1603 250 1641; x_wconf 58' lang='lat' dir='ltr'>terum,</span> <span class='ocrx_word' id='word_1_239' title='bbox 276 1604 360 1637; x_wconf 87' lang='lat' dir='ltr'>unde</span> <span class='ocrx_word' id='word_1_240' title='bbox 384 1605 417 1635; x_wconf 92' lang='lat' dir='ltr'>in</span> <span class='ocrx_word' id='word_1_241' title='bbox 441 1601 620 1636; x_wconf 85' lang='lat' dir='ltr'>cervicibus</span> <span class='ocrx_word' id='word_1_242' title='bbox 642 1601 793 1635; x_wconf 84' lang='lat' dir='ltr'>dolores?</span> <span class='ocrx_word' id='word_1_243' title='bbox 822 1603 860 1636; x_wconf 83' lang='lat' dir='ltr'>Et</span> <span class='ocrx_word' id='word_1_244' title='bbox 894 1603 1012 1637; x_wconf 64' lang='lat' dir='ltr'>hurum</span> <span class='ocrx_word' id='word_1_245' title='bbox 1051 1604 1126 1645; x_wconf 81' lang='lat' dir='ltr'>qui-</span> 
     </span>
     <span class='ocr_line' id='line_1_32' title="bbox 115 1643 1129 1688; baseline -0.006 -5"><span class='ocrx_word' id='word_1_246' title='bbox 115 1648 189 1683; x_wconf 90' lang='lat' dir='ltr'>dem</span> <span class='ocrx_word' id='word_1_247' title='bbox 211 1648 337 1682; x_wconf 85' lang='lat' dir='ltr'>causam</span> <span class='ocrx_word' id='word_1_248' title='bbox 360 1656 425 1680; x_wconf 87' lang='lat' dir='ltr'>non</span> <span class='ocrx_word' id='word_1_249' title='bbox 447 1643 578 1678; x_wconf 86' lang='lat' dir='ltr'>difficile</span> <span class='ocrx_word' id='word_1_250' title='bbox 602 1644 781 1688; x_wconf 79' lang='lat' dir='ltr'>conjicies,</span> <span class='ocrx_word' id='word_1_251' title='bbox 803 1646 828 1679; x_wconf 85' lang='lat' dir='ltr'>fi</span> <span class='ocrx_word' id='word_1_252' title='bbox 853 1656 1016 1684; x_wconf 88' lang='lat' dir='ltr'>mearum,</span> <span class='ocrx_word' id='word_1_253' title='bbox 1050 1657 1129 1688; x_wconf 85' lang='lat' dir='ltr'>quas</span> 
     </span>
     <span class='ocr_line' id='line_1_33' title="bbox 109 1687 1128 1734; baseline -0.005 -8"><span class='ocrx_word' id='word_1_254' title='bbox 109 1690 360 1734; x_wconf 71' lang='lat' dir='ltr'>‘insequentibus</span> <span class='ocrx_word' id='word_1_255' title='bbox 383 1689 484 1722; x_wconf 85' lang='lat' dir='ltr'>etiam</span> <span class='ocrx_word' id='word_1_256' title='bbox 508 1689 598 1720; x_wconf 83' lang='lat' dir='ltr'>annis</span> <span class='ocrx_word' id='word_1_257' title='bbox 620 1687 811 1721; x_wconf 76' lang='lat' dir='ltr'>confirmavi</span> <span class='ocrx_word' id='word_1_258' title='bbox 826 1688 1128 1727; x_wconf 76' lang='lat' dir='ltr'>,Observationum</span> 
     </span>
     <span class='ocr_line' id='line_1_34' title="bbox 99 1729 1129 1779; baseline -0.002 -11"><span class='ocrx_word' id='word_1_259' title='bbox 99 1733 198 1779; x_wconf 75' lang='lat' dir='ltr'>.(l)</span> <span class='ocrx_word' id='word_1_260' title='bbox 222 1743 348 1768; x_wconf 87' lang='lat' dir='ltr'>memor</span> <span class='ocrx_word' id='word_1_261' title='bbox 363 1755 373 1771; x_wconf 83' lang='lat'>‚</span> <span class='ocrx_word' id='word_1_262' title='bbox 397 1729 611 1775; x_wconf 79' lang='lat' dir='ltr'>Longiffimos</span> <span class='ocrx_word' id='word_1_263' title='bbox 634 1742 775 1774; x_wconf 77' lang='lat' dir='ltr'>quorum</span> <span class='ocrx_word' id='word_1_264' title='bbox 799 1734 896 1767; x_wconf 83' lang='lat' dir='ltr'>initia</span> <span class='ocrx_word' id='word_1_265' title='bbox 921 1734 1037 1766; x_wconf 83' lang='lat' dir='ltr'>vitiata</span> <span class='ocrx_word' id='word_1_266' title='bbox 1076 1733 1129 1766; x_wconf 83' lang='lat' dir='ltr'>hic</span> 
     </span>
     <span class='ocr_line' id='line_1_35' title="bbox 115 1774 1129 1817; baseline -0.004 -4"><span class='ocrx_word' id='word_1_267' title='bbox 115 1788 229 1817; x_wconf 85' lang='lat' dir='ltr'>erant,</span> <span class='ocrx_word' id='word_1_268' title='bbox 253 1776 416 1810; x_wconf 87' lang='lat' dir='ltr'>musculos</span> <span class='ocrx_word' id='word_1_269' title='bbox 439 1788 455 1810; x_wconf 89' lang='lat' dir='ltr'>a</span> <span class='ocrx_word' id='word_1_270' title='bbox 477 1774 575 1810; x_wconf 88' lang='lat' dir='ltr'>dorso</span> <span class='ocrx_word' id='word_1_271' title='bbox 600 1786 655 1817; x_wconf 90' lang='lat' dir='ltr'>per</span> <span class='ocrx_word' id='word_1_272' title='bbox 679 1779 818 1809; x_wconf 85' lang='lat' dir='ltr'>cervices</span> <span class='ocrx_word' id='word_1_273' title='bbox 842 1777 874 1808; x_wconf 92' lang='lat' dir='ltr'>in</span> <span class='ocrx_word' id='word_1_274' title='bbox 907 1778 1061 1809; x_wconf 84' lang='lat' dir='ltr'>omnibus</span> <span class='ocrx_word' id='word_1_275' title='bbox 1095 1781 1129 1809; x_wconf 81' lang='lat' dir='ltr'>in</span> 
     </span>
     <span class='ocr_line' id='line_1_36' title="bbox 115 1818 1017 1866; baseline -0.007 -9"><span class='ocrx_word' id='word_1_276' title='bbox 115 1822 236 1866; x_wconf 86' lang='lat' dir='ltr'>quibus</span> <span class='ocrx_word' id='word_1_277' title='bbox 259 1821 291 1853; x_wconf 87' lang='lat' dir='ltr'>id</span> <span class='ocrx_word' id='word_1_278' title='bbox 316 1819 448 1862; x_wconf 82' lang='lat' dir='ltr'>quaeiivi</span> <span class='ocrx_word' id='word_1_279' title='bbox 465 1843 473 1857; x_wconf 90' lang='lat'>,</span> <span class='ocrx_word' id='word_1_280' title='bbox 496 1818 682 1861; x_wconf 75' lang='lat' dir='ltr'>perrexisse‚</span> <span class='ocrx_word' id='word_1_281' title='bbox 707 1829 772 1851; x_wconf 87' lang='lat' dir='ltr'>non</span> <span class='ocrx_word' id='word_1_282' title='bbox 798 1821 1017 1861; x_wconf 69' lang='lat' dir='ltr'>ignoraveris.</span> 
     </span>
     <span class='ocr_line' id='line_1_37' title="bbox 115 1859 1132 1907; baseline -0.002 -8"><span class='ocrx_word' id='word_1_283' title='bbox 115 1865 354 1907; x_wconf 76' lang='lat' dir='ltr'>Impotentia‘m</span> <span class='ocrx_word' id='word_1_284' title='bbox 378 1872 485 1896; x_wconf 85' lang='lat' dir='ltr'>autem</span> <span class='ocrx_word' id='word_1_285' title='bbox 509 1861 599 1895; x_wconf 85' lang='lat' dir='ltr'>illam</span> <span class='ocrx_word' id='word_1_286' title='bbox 624 1861 697 1895; x_wconf 87' lang='lat' dir='ltr'>inde</span> <span class='ocrx_word' id='word_1_287' title='bbox 721 1859 851 1896; x_wconf 77' lang='lat' dir='ltr'>fortasse</span> <span class='ocrx_word' id='word_1_288' title='bbox 876 1873 985 1897; x_wconf 78' lang='lat' dir='ltr'>natam</span> <span class='ocrx_word' id='word_1_289' title='bbox 1007 1862 1066 1896; x_wconf 78' lang='lat' dir='ltr'>esse</span> <span class='ocrx_word' id='word_1_290' title='bbox 1078 1861 1132 1897; x_wconf 89' lang='lat' dir='ltr'>su-</span> 
     </span>
     <span class='ocr_line' id='line_1_38' title="bbox 116 1903 1130 1952; baseline -0.005 -10"><span class='ocrx_word' id='word_1_291' title='bbox 116 1909 233 1952; x_wconf 78' lang='lat' dir='ltr'>spicari</span> <span class='ocrx_word' id='word_1_292' title='bbox 257 1905 344 1941; x_wconf 87' lang='lat' dir='ltr'>nihil</span> <span class='ocrx_word' id='word_1_293' title='bbox 369 1915 481 1942; x_wconf 87' lang='lat' dir='ltr'>vetat,</span> <span class='ocrx_word' id='word_1_294' title='bbox 513 1903 603 1946; x_wconf 86' lang='lat' dir='ltr'>quod</span> <span class='ocrx_word' id='word_1_295' title='bbox 637 1906 718 1938; x_wconf 86' lang='lat' dir='ltr'>vitia</span> <span class='ocrx_word' id='word_1_296' title='bbox 765 1917 796 1938; x_wconf 89' lang='lat' dir='ltr'>iu</span> <span class='ocrx_word' id='word_1_297' title='bbox 822 1905 1003 1944; x_wconf 79' lang='lat' dir='ltr'>Quadratis</span> <span class='ocrx_word' id='word_1_298' title='bbox 1034 1907 1130 1940; x_wconf 77' lang='lat' dir='ltr'>etiam</span> 
     </span>
    </p>
   </div>
   <div class='ocr_carea' id='block_1_3' title="bbox 117 1948 1116 1992">
    <p class='ocr_par' dir='ltr' id='par_1_4' title="bbox 117 1948 1116 1992">
     <span class='ocr_line' id='line_1_39' title="bbox 117 1948 1116 1992; baseline -0.004 -5"><span class='ocrx_word' id='word_1_299' title='bbox 117 1953 308 1987; x_wconf 77' lang='lat' dir='ltr'>lumborum</span> <span class='ocrx_word' id='word_1_300' title='bbox 344 1948 505 1983; x_wconf 75' lang='lat' dir='ltr'>musculis</span> <span class='ocrx_word' id='word_1_301' title='bbox 538 1970 548 1985; x_wconf 86' lang='lat'>‚</span> <span class='ocrx_word' id='word_1_302' title='bbox 593 1959 696 1990; x_wconf 82' lang='lat' dir='ltr'>eoque</span> <span class='ocrx_word' id='word_1_303' title='bbox 742 1951 919 1990; x_wconf 76' lang='lat' dir='ltr'>graviora,</span> <span class='ocrx_word' id='word_1_304' title='bbox 956 1961 1023 1992; x_wconf 85' lang='lat' dir='ltr'>quo</span> <span class='ocrx_word' id='word_1_305' title='bbox 1057 1963 1116 1992; x_wconf 90' lang='lat' dir='ltr'>pro</span> 
     </span>
    </p>
   </div>
   <div class='ocr_carea' id='block_1_4' title="bbox 2031 267 2122 330">
    <p class='ocr_par' dir='ltr' id='par_1_5' title="bbox 2031 267 2122 330">
     <span class='ocr_line' id='line_1_40' title="bbox 2031 267 2122 330; baseline -0.055 0"><span class='ocrx_word' id='word_1_306' title='bbox 2031 267 2122 330; x_wconf 83' lang='lat'>365</span> 
     </span>
    </p>
   </div>
   <div class='ocr_carea' id='block_1_5' title="bbox 1181 339 2192 515">
    <p class='ocr_par' dir='ltr' id='par_1_6' title="bbox 1181 339 2192 515">
     <span class='ocr_line' id='line_1_41' title="bbox 1181 339 2192 383; baseline -0.001 -9"><span class='ocrx_word' id='word_1_307' title='bbox 1181 339 1324 374; x_wconf 80' lang='lat' dir='ltr'>rioribus</span> <span class='ocrx_word' id='word_1_308' title='bbox 1346 339 1382 373; x_wconf 88' lang='lat' dir='ltr'>ad</span> <span class='ocrx_word' id='word_1_309' title='bbox 1406 342 1560 375; x_wconf 78' lang='lat' dir='ltr'>interiora</span> <span class='ocrx_word' id='word_1_310' title='bbox 1585 340 1779 383; x_wconf 78' lang='lat' dir='ltr'>pergebant:</span> <span class='ocrx_word' id='word_1_311' title='bbox 1804 348 1908 383; x_wconf 80' lang='lat' dir='ltr'>neque</span> <span class='ocrx_word' id='word_1_312' title='bbox 1929 341 2017 374; x_wconf 83' lang='lat' dir='ltr'>enim</span> <span class='ocrx_word' id='word_1_313' title='bbox 2042 343 2082 375; x_wconf 88' lang='lat' dir='ltr'>ab</span> <span class='ocrx_word' id='word_1_314' title='bbox 2106 344 2192 376; x_wconf 61' lang='lat' dir='ltr'>intes</span> 
     </span>
     <span class='ocr_line' id='line_1_42' title="bbox 1181 382 2189 425; baseline 0.003 -8"><span class='ocrx_word' id='word_1_315' title='bbox 1181 384 1323 417; x_wconf 78' lang='lat' dir='ltr'>rioribus</span> <span class='ocrx_word' id='word_1_316' title='bbox 1346 384 1382 417; x_wconf 88' lang='lat' dir='ltr'>ad</span> <span class='ocrx_word' id='word_1_317' title='bbox 1405 394 1565 418; x_wconf 82' lang='lat' dir='ltr'>exteriora</span> <span class='ocrx_word' id='word_1_318' title='bbox 1589 382 1766 425; x_wconf 75' lang='lat' dir='ltr'>processisse</span> <span class='ocrx_word' id='word_1_319' title='bbox 1780 409 1795 423; x_wconf 70' lang='lat'><em>,</em></span> <span class='ocrx_word' id='word_1_320' title='bbox 1816 384 1896 418; x_wconf 89' lang='lat' dir='ltr'>illud</span> <span class='ocrx_word' id='word_1_321' title='bbox 1911 408 1920 422; x_wconf 87' lang='lat'><em>‚</em></span> <span class='ocrx_word' id='word_1_322' title='bbox 1953 384 2007 417; x_wconf 87' lang='lat' dir='ltr'>etsi</span> <span class='ocrx_word' id='word_1_323' title='bbox 2046 396 2189 420; x_wconf 88' lang='lat' dir='ltr'>ventrem</span> 
     </span>
     <span class='ocr_line' id='line_1_43' title="bbox 1184 424 2190 470; baseline 0.004 -11"><span class='ocrx_word' id='word_1_324' title='bbox 1184 427 1394 469; x_wconf 86' lang='lat' dir='ltr'>introspicere</span> <span class='ocrx_word' id='word_1_325' title='bbox 1417 439 1482 461; x_wconf 92' lang='lat' dir='ltr'>non</span> <span class='ocrx_word' id='word_1_326' title='bbox 1505 428 1620 463; x_wconf 90' lang='lat' dir='ltr'>licuit,</span> <span class='ocrx_word' id='word_1_327' title='bbox 1642 428 1768 460; x_wconf 84' lang='lat' dir='ltr'>indicio</span> <span class='ocrx_word' id='word_1_328' title='bbox 1791 424 1855 463; x_wconf 78' lang='lat' dir='ltr'>est,</span> <span class='ocrx_word' id='word_1_329' title='bbox 1899 430 1990 470; x_wconf 84' lang='lat' dir='ltr'>quod</span> <span class='ocrx_word' id='word_1_330' title='bbox 2023 430 2119 462; x_wconf 85' lang='lat' dir='ltr'>nullae</span> <span class='ocrx_word' id='word_1_331' title='bbox 2149 428 2190 463; x_wconf 90' lang='lat' dir='ltr'>de</span> 
     </span>
     <span class='ocr_line' id='line_1_44' title="bbox 1183 469 2189 515; baseline 0 -11"><span class='ocrx_word' id='word_1_332' title='bbox 1183 470 1312 504; x_wconf 86' lang='lat' dir='ltr'>renibus</span> <span class='ocrx_word' id='word_1_333' title='bbox 1334 471 1493 511; x_wconf 85' lang='lat' dir='ltr'>querelae,</span> <span class='ocrx_word' id='word_1_334' title='bbox 1515 471 1666 513; x_wconf 89' lang='lat' dir='ltr'>nullaque</span> <span class='ocrx_word' id='word_1_335' title='bbox 1688 469 1804 504; x_wconf 85' lang='lat' dir='ltr'>horum</span> <span class='ocrx_word' id='word_1_336' title='bbox 1831 469 1967 504; x_wconf 80' lang='lat' dir='ltr'>laefionis</span> <span class='ocrx_word' id='word_1_337' title='bbox 1999 470 2087 515; x_wconf 78' lang='lat' dir='ltr'>signa</span> <span class='ocrx_word' id='word_1_338' title='bbox 2121 482 2189 504; x_wconf 88' lang='lat' dir='ltr'>me-</span> 
     </span>
    </p>
   </div>
   <div class='ocr_carea' id='block_1_6' title="bbox 1169 512 2189 558">
    <p class='ocr_par' dir='ltr' id='par_1_7' title="bbox 1169 512 2189 558">
     <span class='ocr_line' id='line_1_45' title="bbox 1169 512 2189 558; baseline 0.003 -12"><span class='ocrx_word' id='word_1_339' title='bbox 1169 514 1413 552; x_wconf 55' lang='lat' dir='ltr'>,morabantun</span> <span class='ocrx_word' id='word_1_340' title='bbox 1438 526 1495 548; x_wconf 89' lang='lat' dir='ltr'>nec</span> <span class='ocrx_word' id='word_1_341' title='bbox 1518 526 1630 551; x_wconf 84' lang='lat' dir='ltr'>crura.</span> <span class='ocrx_word' id='word_1_342' title='bbox 1655 514 1855 556; x_wconf 84' lang='lat' dir='ltr'>incipiente,</span> <span class='ocrx_word' id='word_1_343' title='bbox 1877 512 1930 548; x_wconf 87' lang='lat' dir='ltr'>sed</span> <span class='ocrx_word' id='word_1_344' title='bbox 1952 513 2009 550; x_wconf 86' lang='lat' dir='ltr'>diu</span> <span class='ocrx_word' id='word_1_345' title='bbox 2040 513 2189 558; x_wconf 82' lang='lat' dir='ltr'>progres-</span> 
     </span>
    </p>
   </div>
   <div class='ocr_carea' id='block_1_7' title="bbox 1178 556 2204 1989">
    <p class='ocr_par' dir='ltr' id='par_1_8' title="bbox 1181 556 1765 596">
     <span class='ocr_line' id='line_1_46' title="bbox 1181 556 1765 596; baseline 0 -6"><span class='ocrx_word' id='word_1_346' title='bbox 1181 557 1217 590; x_wconf 89' lang='lat' dir='ltr'>so</span> <span class='ocrx_word' id='word_1_347' title='bbox 1240 558 1305 596; x_wconf 75' lang='lat' dir='ltr'>jam</span> <span class='ocrx_word' id='word_1_348' title='bbox 1329 557 1466 596; x_wconf 82' lang='lat' dir='ltr'>morbo,</span> <span class='ocrx_word' id='word_1_349' title='bbox 1490 560 1557 593; x_wconf 88' lang='lat' dir='ltr'>sunt</span> <span class='ocrx_word' id='word_1_350' title='bbox 1581 556 1765 591; x_wconf 83' lang='lat' dir='ltr'>infirmata.</span> 
     </span>
    </p>

    <p class='ocr_par' dir='ltr' id='par_1_9' title="bbox 1179 600 2189 774">
     <span class='ocr_line' id='line_1_47' title="bbox 1225 600 2189 644; baseline 0 -11"><span class='ocrx_word' id='word_1_351' title='bbox 1225 611 1274 642; x_wconf 85' lang='lat'>19.</span> <span class='ocrx_word' id='word_1_352' title='bbox 1301 602 1397 636; x_wconf 84' lang='lat' dir='ltr'>Nunc</span> <span class='ocrx_word' id='word_1_353' title='bbox 1420 602 1553 635; x_wconf 88' lang='lat' dir='ltr'>alteram</span> <span class='ocrx_word' id='word_1_354' title='bbox 1577 612 1684 643; x_wconf 81' lang='lat' dir='ltr'>accipe</span> <span class='ocrx_word' id='word_1_355' title='bbox 1708 600 2088 644; x_wconf 81' lang='lat' dir='ltr'>Observationem‚quae</span> <span class='ocrx_word' id='word_1_356' title='bbox 2107 611 2189 635; x_wconf 87' lang='lat' dir='ltr'>cori-</span> 
     </span>
     <span class='ocr_line' id='line_1_48' title="bbox 1179 643 2187 686; baseline 0.002 -10"><span class='ocrx_word' id='word_1_357' title='bbox 1179 652 1251 683; x_wconf 85' lang='lat' dir='ltr'>tra,</span> <span class='ocrx_word' id='word_1_358' title='bbox 1277 655 1353 678; x_wconf 91' lang='lat' dir='ltr'>cum</span> <span class='ocrx_word' id='word_1_359' title='bbox 1377 644 1415 678; x_wconf 89' lang='lat' dir='ltr'>ad</span> <span class='ocrx_word' id='word_1_360' title='bbox 1440 645 1599 678; x_wconf 85' lang='lat' dir='ltr'>Externos</span> <span class='ocrx_word' id='word_1_361' title='bbox 1626 644 1766 677; x_wconf 82' lang='lat' dir='ltr'>Dolores</span> <span class='ocrx_word' id='word_1_362' title='bbox 1790 643 1954 678; x_wconf 88' lang='lat' dir='ltr'>videretur</span> <span class='ocrx_word' id='word_1_363' title='bbox 1968 644 2109 686; x_wconf 66' lang='lat' dir='ltr'>spetstare</span> <span class='ocrx_word' id='word_1_364' title='bbox 2127 667 2136 682; x_wconf 90' lang='lat'>‚</span> <span class='ocrx_word' id='word_1_365' title='bbox 2152 655 2187 678; x_wconf 89' lang='lat' dir='ltr'>re</span> 
     </span>
     <span class='ocr_line' id='line_1_49' title="bbox 1179 687 2188 731; baseline 0.001 -10"><span class='ocrx_word' id='word_1_366' title='bbox 1179 697 1288 721; x_wconf 89' lang='lat' dir='ltr'>tamen</span> <span class='ocrx_word' id='word_1_367' title='bbox 1311 699 1383 721; x_wconf 87' lang='lat' dir='ltr'>vera</span> <span class='ocrx_word' id='word_1_368' title='bbox 1409 687 1446 721; x_wconf 91' lang='lat' dir='ltr'>ad</span> <span class='ocrx_word' id='word_1_369' title='bbox 1470 689 1626 721; x_wconf 87' lang='lat' dir='ltr'>interiora</span> <span class='ocrx_word' id='word_1_370' title='bbox 1651 688 1788 728; x_wconf 64' lang='lat' dir='ltr'>speciare</span> <span class='ocrx_word' id='word_1_371' title='bbox 1812 690 1943 721; x_wconf 89' lang='lat' dir='ltr'>inventa</span> <span class='ocrx_word' id='word_1_372' title='bbox 1977 688 2019 722; x_wconf 87' lang='lat' dir='ltr'>est</span> <span class='ocrx_word' id='word_1_373' title='bbox 2039 710 2050 727; x_wconf 91' lang='lat'>,</span> <span class='ocrx_word' id='word_1_374' title='bbox 2083 698 2188 731; x_wconf 85' lang='lat' dir='ltr'>eoque</span> 
     </span>
     <span class='ocr_line' id='line_1_50' title="bbox 1179 731 1951 774; baseline -0.001 -9"><span class='ocrx_word' id='word_1_375' title='bbox 1179 731 1311 774; x_wconf 83' lang='lat' dir='ltr'>dignior</span> <span class='ocrx_word' id='word_1_376' title='bbox 1333 733 1377 765; x_wconf 85' lang='lat' dir='ltr'>est</span> <span class='ocrx_word' id='word_1_377' title='bbox 1401 743 1473 774; x_wconf 82' lang='lat' dir='ltr'>quae</span> <span class='ocrx_word' id='word_1_378' title='bbox 1499 733 1631 763; x_wconf 86' lang='lat' dir='ltr'>minime</span> <span class='ocrx_word' id='word_1_379' title='bbox 1654 731 1926 773; x_wconf 84' lang='lat' dir='ltr'>praetermittatur</span> <span class='ocrx_word' id='word_1_380' title='bbox 1941 755 1951 764; x_wconf 87' lang='lat'>.</span> 
     </span>
    </p>

    <p class='ocr_par' dir='ltr' id='par_1_10' title="bbox 1178 774 2199 1510">
     <span class='ocr_line' id='line_1_51' title="bbox 1226 774 2193 811; baseline 0 -4"><span class='ocrx_word' id='word_1_381' title='bbox 1226 785 1276 808; x_wconf 89' lang='lat'>20.</span> <span class='ocrx_word' id='word_1_382' title='bbox 1304 775 1587 809; x_wconf 80' lang='lat' dir='ltr'>MONACHUS</span> <span class='ocrx_word' id='word_1_383' title='bbox 1616 774 1809 811; x_wconf 76' lang='lat' dir='ltr'>patavinus,</span> <span class='ocrx_word' id='word_1_384' title='bbox 1835 783 1935 807; x_wconf 88' lang='lat' dir='ltr'>annos</span> <span class='ocrx_word' id='word_1_385' title='bbox 1960 782 2054 807; x_wconf 89' lang='lat' dir='ltr'>natus</span> <span class='ocrx_word' id='word_1_386' title='bbox 2092 774 2193 808; x_wconf 65' lang='lat' dir='ltr'>mini-¹</span> 
     </span>
     <span class='ocr_line' id='line_1_52' title="bbox 1181 814 2189 862; baseline -0.002 -9"><span class='ocrx_word' id='word_1_387' title='bbox 1181 829 1270 853; x_wconf 88' lang='lat' dir='ltr'>mum</span> <span class='ocrx_word' id='word_1_388' title='bbox 1304 818 1507 862; x_wconf 82' lang='lat' dir='ltr'>septuaginta</span> <span class='ocrx_word' id='word_1_389' title='bbox 1533 841 1543 857; x_wconf 85' lang='lat'><em>,</em></span> <span class='ocrx_word' id='word_1_390' title='bbox 1574 816 1641 859; x_wconf 85' lang='lat' dir='ltr'>post</span> <span class='ocrx_word' id='word_1_391' title='bbox 1676 814 1802 850; x_wconf 83' lang='lat' dir='ltr'>febrem</span> <span class='ocrx_word' id='word_1_392' title='bbox 1834 816 1997 858; x_wconf 87' lang='lat' dir='ltr'>quandam</span> <span class='ocrx_word' id='word_1_393' title='bbox 2022 838 2031 853; x_wconf 88' lang='lat'>,</span> <span class='ocrx_word' id='word_1_394' title='bbox 2065 814 2189 860; x_wconf 83' lang='lat' dir='ltr'>frigore</span> 
     </span>
     <span class='ocr_line' id='line_1_53' title="bbox 1179 858 2187 904; baseline -0.001 -10"><span class='ocrx_word' id='word_1_395' title='bbox 1179 861 1332 903; x_wconf 85' lang='lat' dir='ltr'>stipatam</span> <span class='ocrx_word' id='word_1_396' title='bbox 1348 886 1369 904; x_wconf 21' lang='lat'>⁴,</span> <span class='ocrx_word' id='word_1_397' title='bbox 1401 861 1547 894; x_wconf 88' lang='lat' dir='ltr'>laborare</span> <span class='ocrx_word' id='word_1_398' title='bbox 1569 870 1711 902; x_wconf 86' lang='lat' dir='ltr'>coeperat</span> <span class='ocrx_word' id='word_1_399' title='bbox 1735 859 1906 894; x_wconf 88' lang='lat' dir='ltr'>doloribus</span> <span class='ocrx_word' id='word_1_400' title='bbox 1930 883 1941 899; x_wconf 90' lang='lat'>,</span> <span class='ocrx_word' id='word_1_401' title='bbox 1974 870 2056 902; x_wconf 88' lang='lat' dir='ltr'>quos</span> <span class='ocrx_word' id='word_1_402' title='bbox 2081 873 2097 893; x_wconf 91' lang='lat' dir='ltr'>a</span> <span class='ocrx_word' id='word_1_403' title='bbox 2129 858 2187 893; x_wconf 85' lang='lat' dir='ltr'>de-</span> 
     </span>
     <span class='ocr_line' id='line_1_54' title="bbox 1178 902 2193 943; baseline -0.006 -4"><span class='ocrx_word' id='word_1_404' title='bbox 1178 905 1379 939; x_wconf 86' lang='lat' dir='ltr'>fluxionibus</span> <span class='ocrx_word' id='word_1_405' title='bbox 1403 929 1412 943; x_wconf 90' lang='lat'>,</span> <span class='ocrx_word' id='word_1_406' title='bbox 1446 913 1481 938; x_wconf 87' lang='lat' dir='ltr'>ut</span> <span class='ocrx_word' id='word_1_407' title='bbox 1505 906 1677 943; x_wconf 87' lang='lat' dir='ltr'>vocitant,</span> <span class='ocrx_word' id='word_1_408' title='bbox 1700 902 1758 937; x_wconf 88' lang='lat' dir='ltr'>esse</span> <span class='ocrx_word' id='word_1_409' title='bbox 1775 926 1785 941; x_wconf 90' lang='lat'><em>‚</em></span> <span class='ocrx_word' id='word_1_410' title='bbox 1810 902 1959 938; x_wconf 88' lang='lat' dir='ltr'>credebat</span> <span class='ocrx_word' id='word_1_411' title='bbox 1983 927 1993 937; x_wconf 85' lang='lat'>.</span> <span class='ocrx_word' id='word_1_412' title='bbox 2028 902 2078 936; x_wconf 89' lang='lat' dir='ltr'>Hi</span> <span class='ocrx_word' id='word_1_413' title='bbox 2118 914 2193 937; x_wconf 89' lang='lat' dir='ltr'>mu-</span> 
     </span>
     <span class='ocr_line' id='line_1_55' title="bbox 1179 946 2192 990; baseline 0.001 -10"><span class='ocrx_word' id='word_1_414' title='bbox 1179 948 1272 983; x_wconf 87' lang='lat' dir='ltr'>sculis</span> <span class='ocrx_word' id='word_1_415' title='bbox 1295 951 1351 990; x_wconf 89' lang='lat' dir='ltr'>qui</span> <span class='ocrx_word' id='word_1_416' title='bbox 1375 950 1459 981; x_wconf 89' lang='lat' dir='ltr'>circa</span> <span class='ocrx_word' id='word_1_417' title='bbox 1484 959 1520 981; x_wconf 89' lang='lat' dir='ltr'>os</span> <span class='ocrx_word' id='word_1_418' title='bbox 1543 948 1682 982; x_wconf 86' lang='lat' dir='ltr'>alterum</span> <span class='ocrx_word' id='word_1_419' title='bbox 1719 948 1964 981; x_wconf 68' lang='lat' dir='ltr'>innominatum</span> <span class='ocrx_word' id='word_1_420' title='bbox 1985 971 1995 988; x_wconf 90' lang='lat'><strong>,</strong></span> <span class='ocrx_word' id='word_1_421' title='bbox 2027 948 2060 980; x_wconf 82' lang='lat'>&amp;</span> <span class='ocrx_word' id='word_1_422' title='bbox 2092 946 2192 989; x_wconf 88' lang='lat' dir='ltr'>paulo</span> 
     </span>
     <span class='ocr_line' id='line_1_56' title="bbox 1178 988 2190 1033; baseline -0.002 -8"><span class='ocrx_word' id='word_1_423' title='bbox 1178 990 1269 1033; x_wconf 88' lang='lat' dir='ltr'>supra</span> <span class='ocrx_word' id='word_1_424' title='bbox 1297 993 1437 1025; x_wconf 87' lang='lat' dir='ltr'>anterius</span> <span class='ocrx_word' id='word_1_425' title='bbox 1462 990 1555 1028; x_wconf 83' lang='lat' dir='ltr'>sunt,</span> <span class='ocrx_word' id='word_1_426' title='bbox 1578 993 1609 1024; x_wconf 85' lang='lat'>&amp;</span> <span class='ocrx_word' id='word_1_427' title='bbox 1633 991 1689 1033; x_wconf 90' lang='lat' dir='ltr'>qui</span> <span class='ocrx_word' id='word_1_428' title='bbox 1715 1002 1768 1033; x_wconf 90' lang='lat' dir='ltr'>per</span> <span class='ocrx_word' id='word_1_429' title='bbox 1794 989 1977 1032; x_wconf 69' lang='lat' dir='ltr'>subje&amp;um</span> <span class='ocrx_word' id='word_1_430' title='bbox 2001 988 2106 1024; x_wconf 85' lang='lat' dir='ltr'>femur</span> <span class='ocrx_word' id='word_1_431' title='bbox 2130 1001 2190 1023; x_wconf 85' lang='lat' dir='ltr'>ex·</span> 
     </span>
     <span class='ocr_line' id='line_1_57' title="bbox 1179 1032 2194 1073; baseline -0.003 -4"><span class='ocrx_word' id='word_1_432' title='bbox 1179 1036 1355 1069; x_wconf 86' lang='lat' dir='ltr'>tenduntur</span> <span class='ocrx_word' id='word_1_433' title='bbox 1379 1056 1388 1072; x_wconf 91' lang='lat'>,</span> <span class='ocrx_word' id='word_1_434' title='bbox 1423 1033 1554 1068; x_wconf 85' lang='lat' dir='ltr'>insidere</span> <span class='ocrx_word' id='word_1_435' title='bbox 1580 1034 1771 1069; x_wconf 85' lang='lat' dir='ltr'>videbantur</span> <span class='ocrx_word' id='word_1_436' title='bbox 1792 1056 1801 1072; x_wconf 93' lang='lat'><strong>‚</strong></span> <span class='ocrx_word' id='word_1_437' title='bbox 1839 1044 1922 1067; x_wconf 89' lang='lat' dir='ltr'>nunc</span> <span class='ocrx_word' id='word_1_438' title='bbox 1957 1032 2157 1068; x_wconf 86' lang='lat' dir='ltr'>molestiores</span> <span class='ocrx_word' id='word_1_439' title='bbox 2177 1054 2194 1073; x_wconf 85' lang='lat'>‚</span> 
     </span>
     <span class='ocr_line' id='line_1_58' title="bbox 1180 1075 2195 1120; baseline -0.002 -8"><span class='ocrx_word' id='word_1_440' title='bbox 1180 1079 1255 1112; x_wconf 84' lang='lat' dir='ltr'>alias</span> <span class='ocrx_word' id='word_1_441' title='bbox 1281 1081 1410 1117; x_wconf 88' lang='lat' dir='ltr'>minus,</span> <span class='ocrx_word' id='word_1_442' title='bbox 1434 1086 1470 1111; x_wconf 92' lang='lat' dir='ltr'>ut</span> <span class='ocrx_word' id='word_1_443' title='bbox 1495 1076 1640 1111; x_wconf 88' lang='lat' dir='ltr'>incedere</span> <span class='ocrx_word' id='word_1_444' title='bbox 1665 1088 1729 1110; x_wconf 90' lang='lat' dir='ltr'>non</span> <span class='ocrx_word' id='word_1_445' title='bbox 1755 1075 1984 1120; x_wconf 85' lang='lat' dir='ltr'>prohiberent.</span> <span class='ocrx_word' id='word_1_446' title='bbox 2011 1077 2107 1115; x_wconf 85' lang='lat' dir='ltr'>Quos</span> <span class='ocrx_word' id='word_1_447' title='bbox 2130 1077 2195 1110; x_wconf 87' lang='lat' dir='ltr'>do-</span> 
     </span>
     <span class='ocr_line' id='line_1_59' title="bbox 1179 1119 2195 1162; baseline -0.003 -6"><span class='ocrx_word' id='word_1_448' title='bbox 1179 1123 1263 1156; x_wconf 87' lang='lat' dir='ltr'>lores</span> <span class='ocrx_word' id='word_1_449' title='bbox 1285 1133 1359 1155; x_wconf 90' lang='lat' dir='ltr'>curn</span> <span class='ocrx_word' id='word_1_450' title='bbox 1385 1121 1466 1154; x_wconf 83' lang='lat' dir='ltr'>duos</span> <span class='ocrx_word' id='word_1_451' title='bbox 1490 1121 1590 1154; x_wconf 84' lang='lat' dir='ltr'>tresve</span> <span class='ocrx_word' id='word_1_452' title='bbox 1616 1131 1715 1154; x_wconf 89' lang='lat' dir='ltr'>annos</span> <span class='ocrx_word' id='word_1_453' title='bbox 1749 1119 1924 1162; x_wconf 71' lang='lat' dir='ltr'>pertulisset</span> <span class='ocrx_word' id='word_1_454' title='bbox 1945 1133 1954 1157; x_wconf 87' lang='lat'>;</span> <span class='ocrx_word' id='word_1_455' title='bbox 1985 1120 2119 1154; x_wconf 87' lang='lat' dir='ltr'>tandem</span> <span class='ocrx_word' id='word_1_456' title='bbox 2151 1119 2195 1153; x_wconf 84' lang='lat' dir='ltr'>iis</span> 
     </span>
     <span class='ocr_line' id='line_1_60' title="bbox 1180 1162 2196 1208; baseline -0.003 -10"><span class='ocrx_word' id='word_1_457' title='bbox 1180 1165 1493 1208; x_wconf 78' lang='lat' dir='ltr'>ingravescenvibuS,</span> <span class='ocrx_word' id='word_1_458' title='bbox 1515 1163 1683 1198; x_wconf 55' lang='lat' dir='ltr'>confectus</span> <span class='ocrx_word' id='word_1_459' title='bbox 1706 1164 1748 1197; x_wconf 89' lang='lat' dir='ltr'>est</span> <span class='ocrx_word' id='word_1_460' title='bbox 1770 1167 1858 1197; x_wconf 89' lang='lat' dir='ltr'>circa</span> <span class='ocrx_word' id='word_1_461' title='bbox 1883 1162 2196 1203; x_wconf 66' lang='lat' dir='ltr'>mediquinffl-</span> 
     </span>
     <span class='ocr_line' id='line_1_61' title="bbox 1181 1206 2196 1250; baseline -0.003 -8"><span class='ocrx_word' id='word_1_462' title='bbox 1181 1209 1242 1242; x_wconf 88' lang='lat' dir='ltr'>lem</span> <span class='ocrx_word' id='word_1_463' title='bbox 1267 1211 1307 1242; x_wconf 83' lang='lat' dir='ltr'>A.</span> <span class='ocrx_word' id='word_1_464' title='bbox 1339 1218 1429 1250; x_wconf 77' lang='lat'>1737-</span> <span class='ocrx_word' id='word_1_465' title='bbox 1459 1216 1628 1249; x_wconf 87' lang='lat' dir='ltr'>apparente</span> <span class='ocrx_word' id='word_1_466' title='bbox 1653 1207 1759 1250; x_wconf 86' lang='lat' dir='ltr'>pridie</span> <span class='ocrx_word' id='word_1_467' title='bbox 1783 1218 1883 1250; x_wconf 84' lang='lat' dir='ltr'>quam</span> <span class='ocrx_word' id='word_1_468' title='bbox 1907 1207 2015 1240; x_wconf 79' lang='lat' dir='ltr'>obiret</span> <span class='ocrx_word' id='word_1_469' title='bbox 2031 1231 2041 1246; x_wconf 89' lang='lat'>‚</span> <span class='ocrx_word' id='word_1_470' title='bbox 2073 1206 2111 1243; x_wconf 81' lang='lat' dir='ltr'>ad</span> <span class='ocrx_word' id='word_1_471' title='bbox 2143 1207 2196 1239; x_wconf 90' lang='lat' dir='ltr'>in-</span> 
     </span>
     <span class='ocr_line' id='line_1_62' title="bbox 1180 1248 2194 1294; baseline -0.002 -9"><span class='ocrx_word' id='word_1_472' title='bbox 1180 1263 1263 1294; x_wconf 78' lang='lat' dir='ltr'>guen</span> <span class='ocrx_word' id='word_1_473' title='bbox 1289 1253 1399 1285; x_wconf 87' lang='lat' dir='ltr'>lateris</span> <span class='ocrx_word' id='word_1_474' title='bbox 1422 1251 1510 1284; x_wconf 90' lang='lat' dir='ltr'>illius</span> <span class='ocrx_word' id='word_1_475' title='bbox 1534 1259 1661 1284; x_wconf 87' lang='lat' dir='ltr'>tumore</span> <span class='ocrx_word' id='word_1_476' title='bbox 1685 1251 1731 1282; x_wconf 60' lang='lat' dir='ltr'>in&gt;</span> <span class='ocrx_word' id='word_1_477' title='bbox 1754 1261 1821 1291; x_wconf 86' lang='lat' dir='ltr'>quo</span> <span class='ocrx_word' id='word_1_478' title='bbox 1856 1248 2019 1283; x_wconf 60' lang='lat' dir='ltr'>flufimans</span> <span class='ocrx_word' id='word_1_479' title='bbox 2057 1250 2194 1283; x_wconf 75' lang='lat' dir='ltr'>materia</span> 
     </span>
     <span class='ocr_line' id='line_1_63' title="bbox 1183 1291 2195 1338; baseline -0.003 -10"><span class='ocrx_word' id='word_1_480' title='bbox 1183 1296 1422 1338; x_wconf 87' lang='lat' dir='ltr'>percipiebatur</span> <span class='ocrx_word' id='word_1_481' title='bbox 1446 1319 1454 1328; x_wconf 90' lang='lat'>.</span> <span class='ocrx_word' id='word_1_482' title='bbox 1587 1292 1849 1327; x_wconf 61' lang='grc' dir='ltr'><strong>ΑΒΒΟΜΙΝΕ</strong></span> <span class='ocrx_word' id='word_1_483' title='bbox 1886 1293 1955 1326; x_wconf 92' lang='lat' dir='ltr'>illic</span> <span class='ocrx_word' id='word_1_484' title='bbox 1989 1291 2093 1326; x_wconf 86' lang='lat' dir='ltr'>inciso</span> <span class='ocrx_word' id='word_1_485' title='bbox 2115 1317 2125 1332; x_wconf 54' lang='lat'><em>2</em></span> <span class='ocrx_word' id='word_1_486' title='bbox 2157 1300 2195 1326; x_wconf 85' lang='lat' dir='ltr'>ut</span> 
     </span>
     <span class='ocr_line' id='line_1_64' title="bbox 1178 1335 2196 1379; baseline -0.005 -5"><span class='ocrx_word' id='word_1_487' title='bbox 1178 1339 1262 1374; x_wconf 87' lang='lat' dir='ltr'>unde</span> <span class='ocrx_word' id='word_1_488' title='bbox 1287 1339 1420 1372; x_wconf 83' lang='lat' dir='ltr'>materia</span> <span class='ocrx_word' id='word_1_489' title='bbox 1449 1338 1506 1372; x_wconf 83' lang='lat' dir='ltr'>illa</span> <span class='ocrx_word' id='word_1_490' title='bbox 1529 1335 1710 1375; x_wconf 87' lang='lat' dir='ltr'>extitisset,</span> <span class='ocrx_word' id='word_1_491' title='bbox 1737 1338 1979 1379; x_wconf 80' lang='lat' dir='ltr'>inquireretur3</span> <span class='ocrx_word' id='word_1_492' title='bbox 2007 1345 2123 1378; x_wconf 76' lang='lat' dir='ltr'>praeter</span> <span class='ocrx_word' id='word_1_493' title='bbox 2155 1347 2196 1369; x_wconf 86' lang='lat' dir='ltr'>o-</span> 
     </span>
     <span class='ocr_line' id='line_1_65' title="bbox 1180 1379 2199 1424; baseline -0.006 -7"><span class='ocrx_word' id='word_1_494' title='bbox 1180 1393 1286 1417; x_wconf 89' lang='lat' dir='ltr'>mnem</span> <span class='ocrx_word' id='word_1_495' title='bbox 1310 1384 1499 1424; x_wconf 84' lang='lat' dir='ltr'>opinionem</span> <span class='ocrx_word' id='word_1_496' title='bbox 1527 1383 1638 1424; x_wconf 77' lang='lat' dir='ltr'>ingens</span> <span class='ocrx_word' id='word_1_497' title='bbox 1665 1382 1712 1413; x_wconf 84' lang='lat' dir='ltr'>vis</span> <span class='ocrx_word' id='word_1_498' title='bbox 1738 1380 1824 1420; x_wconf 71' lang='lat' dir='ltr'>puris</span> <span class='ocrx_word' id='word_1_499' title='bbox 1848 1383 1933 1413; x_wconf 88' lang='lat' dir='ltr'>inter</span> <span class='ocrx_word' id='word_1_500' title='bbox 1960 1379 2199 1422; x_wconf 80' lang='lat' dir='ltr'>peritonaeum,</span> 
     </span>
     <span class='ocr_line' id='line_1_66' title="bbox 1181 1424 2198 1465; baseline -0.004 -5"><span class='ocrx_word' id='word_1_501' title='bbox 1181 1429 1213 1460; x_wconf 90' lang='lat'>&amp;</span> <span class='ocrx_word' id='word_1_502' title='bbox 1237 1438 1272 1460; x_wconf 91' lang='lat' dir='ltr'>os</span> <span class='ocrx_word' id='word_1_503' title='bbox 1297 1427 1569 1465; x_wconf 69' lang='lat' dir='ltr'>lamminarum,</span> <span class='ocrx_word' id='word_1_504' title='bbox 1594 1425 1639 1458; x_wconf 87' lang='lat' dir='ltr'>ibi</span> <span class='ocrx_word' id='word_1_505' title='bbox 1663 1426 1703 1457; x_wconf 84' lang='lat' dir='ltr'>iis</span> <span class='ocrx_word' id='word_1_506' title='bbox 1725 1424 1896 1457; x_wconf 69' lang='lat' dir='ltr'>obtectum</span> <span class='ocrx_word' id='word_1_507' title='bbox 1920 1433 2002 1465; x_wconf 87' lang='lat' dir='ltr'>quos</span> <span class='ocrx_word' id='word_1_508' title='bbox 2026 1433 2103 1457; x_wconf 81' lang='lat' dir='ltr'>mox</span> <span class='ocrx_word' id='word_1_509' title='bbox 2135 1433 2198 1461; x_wconf 69' lang='lat' dir='ltr'>nu-v</span> 
     </span>
     <span class='ocr_line' id='line_1_67' title="bbox 1185 1468 1778 1510; baseline -0.007 -7"><span class='ocrx_word' id='word_1_510' title='bbox 1185 1471 1337 1508; x_wconf 84' lang='lat' dir='ltr'>minabo,</span> <span class='ocrx_word' id='word_1_511' title='bbox 1362 1469 1515 1503; x_wconf 84' lang='lat' dir='ltr'>musculis</span> <span class='ocrx_word' id='word_1_512' title='bbox 1533 1493 1543 1509; x_wconf 94' lang='lat'>‚</span> <span class='ocrx_word' id='word_1_513' title='bbox 1566 1477 1691 1510; x_wconf 87' lang='lat' dir='ltr'>reperta</span> <span class='ocrx_word' id='word_1_514' title='bbox 1716 1468 1778 1501; x_wconf 82' lang='lat' dir='ltr'>est.</span> 
     </span>
    </p>

    <p class='ocr_par' dir='ltr' id='par_1_11' title="bbox 1179 1507 2204 1989">
     <span class='ocr_line' id='line_1_68' title="bbox 1229 1507 2199 1550; baseline -0.005 -4"><span class='ocrx_word' id='word_1_515' title='bbox 1229 1525 1280 1546; x_wconf 85' lang='lat'>21.</span> <span class='ocrx_word' id='word_1_516' title='bbox 1305 1514 1579 1547; x_wconf 84' lang='lat' dir='ltr'>Observationem</span> <span class='ocrx_word' id='word_1_517' title='bbox 1606 1513 1687 1545; x_wconf 89' lang='lat' dir='ltr'>hanc</span> <span class='ocrx_word' id='word_1_518' title='bbox 1713 1520 1806 1544; x_wconf 60' lang='lat' dir='ltr'>tant-³</span> <span class='ocrx_word' id='word_1_519' title='bbox 1835 1509 1937 1550; x_wconf 83' lang='lat' dir='ltr'>magis</span> <span class='ocrx_word' id='word_1_520' title='bbox 1962 1521 1976 1541; x_wconf 89' lang='lat' dir='ltr'>a</span> <span class='ocrx_word' id='word_1_521' title='bbox 1997 1508 2137 1544; x_wconf 82' lang='lat' dir='ltr'>Medicis</span> <span class='ocrx_word' id='word_1_522' title='bbox 2149 1507 2199 1541; x_wconf 64' lang='lat' dir='ltr'>esae&#39;</span> 
     </span>
     <span class='ocr_line' id='line_1_69' title="bbox 1180 1550 2199 1597; baseline -0.007 -6"><span class='ocrx_word' id='word_1_523' title='bbox 1180 1558 1208 1591; x_wconf 88' lang='lat' dir='ltr'>se</span> <span class='ocrx_word' id='word_1_524' title='bbox 1235 1556 1459 1591; x_wconf 80' lang='lat' dir='ltr'>attendendam</span> <span class='ocrx_word' id='word_1_525' title='bbox 1493 1579 1501 1594; x_wconf 91' lang='lat'>‚</span> <span class='ocrx_word' id='word_1_526' title='bbox 1534 1555 1676 1590; x_wconf 87' lang='lat' dir='ltr'>censebis</span> <span class='ocrx_word' id='word_1_527' title='bbox 1696 1577 1708 1594; x_wconf 87' lang='lat'>‚</span> <span class='ocrx_word' id='word_1_528' title='bbox 1742 1564 1866 1597; x_wconf 86' lang='lat' dir='ltr'>quanto</span> <span class='ocrx_word' id='word_1_529' title='bbox 1904 1552 2034 1586; x_wconf 76' lang='lat' dir='ltr'>facilius</span> <span class='ocrx_word' id='word_1_530' title='bbox 2069 1550 2199 1593; x_wconf 78' lang='lat' dir='ltr'>possunt</span> 
     </span>
     <span class='ocr_line' id='line_1_70' title="bbox 1181 1595 2199 1644; baseline -0.005 -11"><span class='ocrx_word' id='word_1_531' title='bbox 1181 1612 1236 1643; x_wconf 86' lang='lat' dir='ltr'>per</span> <span class='ocrx_word' id='word_1_532' title='bbox 1259 1601 1395 1644; x_wconf 85' lang='lat' dir='ltr'>speciem</span> <span class='ocrx_word' id='word_1_533' title='bbox 1429 1595 1660 1633; x_wconf 85' lang='lat' dir='ltr'>defluxionum</span> <span class='ocrx_word' id='word_1_534' title='bbox 1698 1600 1864 1638; x_wconf 86' lang='lat' dir='ltr'>imponere</span> <span class='ocrx_word' id='word_1_535' title='bbox 1899 1603 2004 1630; x_wconf 59' lang='lat' dir='ltr'>morbi</span> <span class='ocrx_word' id='word_1_536' title='bbox 2041 1596 2199 1633; x_wconf 86' lang='lat' dir='ltr'>interni,</span> 
     </span>
     <span class='ocr_line' id='line_1_71' title="bbox 1179 1635 2202 1685; baseline -0.005 -8"><span class='ocrx_word' id='word_1_537' title='bbox 1179 1649 1211 1677; x_wconf 84' lang='lat'>&amp;</span> <span class='ocrx_word' id='word_1_538' title='bbox 1235 1646 1267 1676; x_wconf 89' lang='lat' dir='ltr'>in</span> <span class='ocrx_word' id='word_1_539' title='bbox 1293 1642 1446 1676; x_wconf 78' lang='lat' dir='ltr'>abscessus</span> <span class='ocrx_word' id='word_1_540' title='bbox 1470 1641 1630 1684; x_wconf 81' lang='lat' dir='ltr'>ejusmodi</span> <span class='ocrx_word' id='word_1_541' title='bbox 1657 1643 1849 1683; x_wconf 84' lang='lat' dir='ltr'>degenerare</span> <span class='ocrx_word' id='word_1_542' title='bbox 1872 1661 1883 1677; x_wconf 91' lang='lat'>‚</span> <span class='ocrx_word' id='word_1_543' title='bbox 1900 1642 1948 1685; x_wconf 26' lang='lat' dir='ltr'>a&amp;</span> <span class='ocrx_word' id='word_1_544' title='bbox 1971 1650 2098 1682; x_wconf 86' lang='lat' dir='ltr'>quanto</span> <span class='ocrx_word' id='word_1_545' title='bbox 2130 1635 2202 1672; x_wconf 87' lang='lat' dir='ltr'>for-</span> 
     </span>
     <span class='ocr_line' id='line_1_72' title="bbox 1180 1682 2200 1728; baseline -0.006 -7"><span class='ocrx_word' id='word_1_546' title='bbox 1180 1687 1256 1721; x_wconf 78' lang='lat' dir='ltr'>tasse</span> <span class='ocrx_word' id='word_1_547' title='bbox 1280 1688 1425 1720; x_wconf 87' lang='lat' dir='ltr'>crebrius</span> <span class='ocrx_word' id='word_1_548' title='bbox 1452 1697 1547 1727; x_wconf 78' lang='lat' dir='ltr'>quarn</span> <span class='ocrx_word' id='word_1_549' title='bbox 1571 1687 1769 1728; x_wconf 80' lang='lat' dir='ltr'>opinantur,</span> <span class='ocrx_word' id='word_1_550' title='bbox 1794 1682 1853 1717; x_wconf 89' lang='lat' dir='ltr'>sub</span> <span class='ocrx_word' id='word_1_551' title='bbox 1875 1682 2074 1724; x_wconf 75' lang='lat' dir='ltr'>ejuscemodi</span> <span class='ocrx_word' id='word_1_552' title='bbox 2111 1683 2200 1715; x_wconf 84' lang='lat' dir='ltr'>larva</span> 
     </span>
     <span class='ocr_line' id='line_1_73' title="bbox 1181 1725 2201 1766; baseline -0.006 -2"><span class='ocrx_word' id='word_1_553' title='bbox 1181 1733 1280 1764; x_wconf 81' lang='lat' dir='ltr'>iidem</span> <span class='ocrx_word' id='word_1_554' title='bbox 1306 1729 1412 1764; x_wconf 71' lang='lat' dir='ltr'>morbi</span> <span class='ocrx_word' id='word_1_555' title='bbox 1436 1730 1655 1763; x_wconf 80' lang='lat' dir='ltr'>delitescunt.</span> <span class='ocrx_word' id='word_1_556' title='bbox 1681 1729 1755 1762; x_wconf 80' lang='lat' dir='ltr'>Huc</span> <span class='ocrx_word' id='word_1_557' title='bbox 1778 1736 1866 1761; x_wconf 85' lang='lat' dir='ltr'>certe</span> <span class='ocrx_word' id='word_1_558' title='bbox 1903 1737 1983 1761; x_wconf 92' lang='lat' dir='ltr'>unus</span> <span class='ocrx_word' id='word_1_559' title='bbox 2015 1725 2201 1766; x_wconf 84' lang='lat' dir='ltr'>Chirurgus</span> 
     </span>
     <span class='ocr_line' id='line_1_74' title="bbox 1180 1769 2198 1813; baseline -0.008 -5"><span class='ocrx_word' id='word_1_560' title='bbox 1180 1784 1230 1808; x_wconf 88' lang='lat' dir='ltr'>ter</span> <span class='ocrx_word' id='word_1_561' title='bbox 1255 1774 1363 1811; x_wconf 85' lang='lat' dir='ltr'>vidit3</span> <span class='ocrx_word' id='word_1_562' title='bbox 1392 1784 1504 1813; x_wconf 77' lang='lat' dir='ltr'>nempe</span> <span class='ocrx_word' id='word_1_563' title='bbox 1528 1773 1569 1805; x_wconf 91' lang='lat' dir='ltr'>Cl</span> <span class='ocrx_word' id='word_1_564' title='bbox 1612 1773 1794 1805; x_wconf 85' lang='lat' dir='ltr'>Benevolus</span> <span class='ocrx_word' id='word_1_565' title='bbox 1826 1772 1841 1809; x_wconf 89' lang='lat'>(</span> <span class='ocrx_word' id='word_1_566' title='bbox 1863 1780 1894 1803; x_wconf 89' lang='lat' dir='ltr'>m</span> <span class='ocrx_word' id='word_1_567' title='bbox 1916 1772 1954 1809; x_wconf 83' lang='lat'>)‚</span> <span class='ocrx_word' id='word_1_568' title='bbox 1987 1770 2044 1810; x_wconf 81' lang='lat' dir='ltr'>qui</span> <span class='ocrx_word' id='word_1_569' title='bbox 2077 1769 2198 1810; x_wconf 85' lang='lat' dir='ltr'>pariter</span> 
     </span>
     <span class='ocr_line' id='line_1_75' title="bbox 1182 1811 2203 1858; baseline -0.006 -7"><span class='ocrx_word' id='word_1_570' title='bbox 1182 1831 1198 1851; x_wconf 87' lang='lat' dir='ltr'>a</span> <span class='ocrx_word' id='word_1_571' title='bbox 1224 1818 1372 1856; x_wconf 81' lang='lat' dir='ltr'>Quercio</span> <span class='ocrx_word' id='word_1_572' title='bbox 1398 1817 1481 1849; x_wconf 83' lang='lat' dir='ltr'>idern</span> <span class='ocrx_word' id='word_1_573' title='bbox 1505 1816 1712 1858; x_wconf 59' lang='lat' dir='ltr'>cornipedum</span> <span class='ocrx_word' id='word_1_574' title='bbox 1738 1814 1822 1854; x_wconf 75' lang='lat' dir='ltr'>esse,</span> <span class='ocrx_word' id='word_1_575' title='bbox 1842 1812 1957 1846; x_wconf 76' lang='lat' dir='ltr'>addit.-</span> <span class='ocrx_word' id='word_1_576' title='bbox 1982 1811 2123 1856; x_wconf 82' lang='lat' dir='ltr'>sciteque</span> <span class='ocrx_word' id='word_1_577' title='bbox 2144 1822 2203 1846; x_wconf 81' lang='lat' dir='ltr'>ex-</span> 
     </span>
     <span class='ocr_line' id='line_1_76' title="bbox 1183 1855 2194 1903; baseline -0.007 -8"><span class='ocrx_word' id='word_1_578' title='bbox 1183 1861 1282 1903; x_wconf 86' lang='lat' dir='ltr'>plicat</span> <span class='ocrx_word' id='word_1_579' title='bbox 1306 1882 1319 1900; x_wconf 89' lang='lat'><em>,</em></span> <span class='ocrx_word' id='word_1_580' title='bbox 1355 1858 1446 1901; x_wconf 83' lang='lat' dir='ltr'>cujus</span> <span class='ocrx_word' id='word_1_581' title='bbox 1470 1870 1593 1902; x_wconf 86' lang='lat' dir='ltr'>generis</span> <span class='ocrx_word' id='word_1_582' title='bbox 1617 1869 1763 1893; x_wconf 84' lang='lat' dir='ltr'>tumores</span> <span class='ocrx_word' id='word_1_583' title='bbox 1794 1855 1950 1891; x_wconf 87' lang='lat' dir='ltr'>musculis</span> <span class='ocrx_word' id='word_1_584' title='bbox 1987 1855 2078 1891; x_wconf 85' lang='lat' dir='ltr'>adsiti</span> <span class='ocrx_word' id='word_1_585' title='bbox 2110 1865 2194 1898; x_wconf 74' lang='lat' dir='ltr'>quos</span> 
     </span>
     <span class='ocr_line' id='line_1_77' title="bbox 1183 1897 2198 1944; baseline -0.006 -7"><span class='ocrx_word' id='word_1_586' title='bbox 1183 1904 1297 1939; x_wconf 55' lang='lat' dir='ltr'>Psqas.</span> <span class='ocrx_word' id='word_1_587' title='bbox 1325 1912 1378 1935; x_wconf 86' lang='lat' dir='ltr'>aut</span> <span class='ocrx_word' id='word_1_588' title='bbox 1403 1914 1483 1944; x_wconf 56' lang='lat' dir='ltr'>quas</span> <span class='ocrx_word' id='word_1_589' title='bbox 1510 1905 1625 1937; x_wconf 79' lang='lat' dir='ltr'>iliacos</span> <span class='ocrx_word' id='word_1_590' title='bbox 1650 1905 1799 1936; x_wconf 90' lang='lat' dir='ltr'>Internos</span> <span class='ocrx_word' id='word_1_591' title='bbox 1822 1909 2000 1940; x_wconf 82' lang='lat' dir='ltr'>vocamus,</span> <span class='ocrx_word' id='word_1_592' title='bbox 2023 1897 2198 1934; x_wconf 80' lang='lat' dir='ltr'>tumcausa</span> 
     </span>
     <span class='ocr_line' id='line_1_78' title="bbox 1186 1940 2204 1989; baseline -0.006 -7"><span class='ocrx_word' id='word_1_593' title='bbox 1186 1947 1246 1982; x_wconf 77' lang='lat' dir='ltr'>esse</span> <span class='ocrx_word' id='word_1_594' title='bbox 1281 1945 1397 1988; x_wconf 76' lang='lat' dir='ltr'>possint</span> <span class='ocrx_word' id='word_1_595' title='bbox 1434 1948 1698 1981; x_wconf 64' lang='lat' dir='ltr'>contractionum</span> <span class='ocrx_word' id='word_1_596' title='bbox 1732 1957 1804 1989; x_wconf 79' lang='lat' dir='ltr'>quae</span> <span class='ocrx_word' id='word_1_597' title='bbox 1836 1942 2019 1979; x_wconf 73' lang='lat' dir='ltr'>femoribus</span> <span class='ocrx_word' id='word_1_598' title='bbox 2060 1940 2204 1977; x_wconf 71' lang='lat' dir='ltr'>molestae</span> 
     </span>
    </p>
   </div>
   <div class='ocr_carea' id='block_1_8' title="bbox 116 1987 2202 2040">
    <p class='ocr_par' dir='ltr' id='par_1_12' title="bbox 116 1987 2202 2040">
     <span class='ocr_line' id='line_1_79' title="bbox 116 1987 2202 2040; baseline -0.005 -10"><span class='ocrx_word' id='word_1_599' title='bbox 116 1998 190 2040; x_wconf 85' lang='lat' dir='ltr'>pius</span> <span class='ocrx_word' id='word_1_600' title='bbox 212 1993 397 2030; x_wconf 78' lang='lat' dir='ltr'>vertebras,</span> <span class='ocrx_word' id='word_1_601' title='bbox 420 1990 660 2030; x_wconf 79' lang='lat' dir='ltr'>animadversa,</span> <span class='ocrx_word' id='word_1_602' title='bbox 684 1995 851 2033; x_wconf 84' lang='lat' dir='ltr'>pervenire</span> <span class='ocrx_word' id='word_1_603' title='bbox 873 1994 1004 2027; x_wconf 86' lang='lat' dir='ltr'>demum</span> <span class='ocrx_word' id='word_1_604' title='bbox 1019 2004 1135 2036; x_wconf 76' lang='lat' dir='ltr'>potue.</span> <span class='ocrx_word' id='word_1_605' title='bbox 1188 1993 1269 2027; x_wconf 36' lang='lat' dir='ltr'>sint.</span> <span class='ocrx_word' id='word_1_606' title='bbox 1296 1999 1367 2023; x_wconf 87' lang='lat' dir='ltr'>turn</span> <span class='ocrx_word' id='word_1_607' title='bbox 1390 1991 1529 2033; x_wconf 71' lang='lat' dir='ltr'>(senique</span> <span class='ocrx_word' id='word_1_608' title='bbox 1553 1988 1723 2031; x_wconf 86' lang='lat' dir='ltr'>suppurati</span> <span class='ocrx_word' id='word_1_609' title='bbox 1759 1999 1815 2030; x_wconf 83' lang='lat' dir='ltr'>pus</span> <span class='ocrx_word' id='word_1_610' title='bbox 1851 1995 1972 2030; x_wconf 82' lang='lat' dir='ltr'>queant</span> <span class='ocrx_word' id='word_1_611' title='bbox 2006 1987 2042 2020; x_wconf 84' lang='lat' dir='ltr'>in</span> <span class='ocrx_word' id='word_1_612' title='bbox 2078 1987 2202 2024; x_wconf 65' lang='lat' dir='ltr'>summa</span> 
     </span>
    </p>
   </div>
   <div class='ocr_carea' id='block_1_9' title="bbox 118 2035 1134 2123">
    <p class='ocr_par' dir='ltr' id='par_1_13' title="bbox 118 2035 1134 2123">
     <span class='ocr_line' id='line_1_80' title="bbox 118 2035 1134 2077; baseline -0.003 -4"><span class='ocrx_word' id='word_1_613' title='bbox 118 2042 188 2074; x_wconf 89' lang='lat' dir='ltr'>rint</span> <span class='ocrx_word' id='word_1_614' title='bbox 212 2038 251 2073; x_wconf 83' lang='lat' dir='ltr'>ad</span> <span class='ocrx_word' id='word_1_615' title='bbox 274 2049 330 2071; x_wconf 88' lang='lat' dir='ltr'>eos</span> <span class='ocrx_word' id='word_1_616' title='bbox 353 2047 468 2070; x_wconf 82' lang='lat' dir='ltr'>nervos</span> <span class='ocrx_word' id='word_1_617' title='bbox 492 2046 530 2067; x_wconf 82' lang='lat' dir='ltr'>ex</span> <span class='ocrx_word' id='word_1_618' title='bbox 553 2035 671 2077; x_wconf 83' lang='lat' dir='ltr'>quibus</span> <span class='ocrx_word' id='word_1_619' title='bbox 684 2036 838 2070; x_wconf 87' lang='lat' dir='ltr'>Crurales</span> <span class='ocrx_word' id='word_1_620' title='bbox 848 2037 1032 2071; x_wconf 85' lang='lat' dir='ltr'>coalescunt</span> <span class='ocrx_word' id='word_1_621' title='bbox 1081 2049 1134 2071; x_wconf 87' lang='lat' dir='ltr'>ne-</span> 
     </span>
     <span class='ocr_line' id='line_1_81' title="bbox 122 2076 1131 2123; baseline -0.003 -5"><span class='ocrx_word' id='word_1_622' title='bbox 122 2083 201 2118; x_wconf 89' lang='lat' dir='ltr'>dum</span> <span class='ocrx_word' id='word_1_623' title='bbox 228 2081 267 2116; x_wconf 82' lang='lat' dir='ltr'>ad</span> <span class='ocrx_word' id='word_1_624' title='bbox 289 2081 452 2115; x_wconf 89' lang='lat' dir='ltr'>musculos</span> <span class='ocrx_word' id='word_1_625' title='bbox 476 2077 563 2123; x_wconf 87' lang='lat' dir='ltr'>ipsos</span> <span class='ocrx_word' id='word_1_626' title='bbox 587 2076 703 2118; x_wconf 75' lang='lat' dir='ltr'>Psoas,</span> <span class='ocrx_word' id='word_1_627' title='bbox 726 2088 763 2113; x_wconf 88' lang='lat' dir='ltr'>ut</span> <span class='ocrx_word' id='word_1_628' title='bbox 787 2082 870 2115; x_wconf 87' lang='lat' dir='ltr'>vitia</span> <span class='ocrx_word' id='word_1_629' title='bbox 893 2081 950 2115; x_wconf 87' lang='lat' dir='ltr'>illa</span> <span class='ocrx_word' id='word_1_630' title='bbox 973 2081 1013 2114; x_wconf 88' lang='lat' dir='ltr'>ab</span> <span class='ocrx_word' id='word_1_631' title='bbox 1044 2091 1131 2115; x_wconf 85' lang='lat' dir='ltr'>exte-</span> 
     </span>
    </p>
   </div>
   <div class='ocr_carea' id='block_1_10' title="bbox 1189 2027 2200 2114">
    <p class='ocr_par' dir='ltr' id='par_1_14' title="bbox 1189 2027 2200 2114">
     <span class='ocr_line' id='line_1_82' title="bbox 1189 2027 2200 2077; baseline -0.008 -6"><span class='ocrx_word' id='word_1_632' title='bbox 1189 2036 1313 2071; x_wconf 82' lang='lat' dir='ltr'>femora</span> <span class='ocrx_word' id='word_1_633' title='bbox 1336 2033 1529 2069; x_wconf 85' lang='lat' dir='ltr'>demittere.</span> <span class='ocrx_word' id='word_1_634' title='bbox 1552 2034 1612 2069; x_wconf 84' lang='lat' dir='ltr'>Sed</span> <span class='ocrx_word' id='word_1_635' title='bbox 1634 2033 1703 2069; x_wconf 81' lang='lat' dir='ltr'>haec</span> <span class='ocrx_word' id='word_1_636' title='bbox 1726 2032 1810 2077; x_wconf 86' lang='lat' dir='ltr'>apud</span> <span class='ocrx_word' id='word_1_637' title='bbox 1831 2030 1938 2076; x_wconf 85' lang='lat' dir='ltr'>ipsum</span> <span class='ocrx_word' id='word_1_638' title='bbox 1950 2027 2052 2066; x_wconf 78' lang='lat' dir='ltr'>fusius</span> <span class='ocrx_word' id='word_1_639' title='bbox 2063 2028 2200 2066; x_wconf 70' lang='lat' dir='ltr'>videbis.</span> 
     </span>
     <span class='ocr_line' id='line_1_83' title="bbox 1191 2077 1447 2114; baseline -0.012 0"><span class='ocrx_word' id='word_1_640' title='bbox 1191 2081 1319 2114; x_wconf 84' lang='lat' dir='ltr'>Interea</span> <span class='ocrx_word' id='word_1_641' title='bbox 1344 2077 1447 2111; x_wconf 85' lang='lat' dir='ltr'>Vale.</span> 
     </span>
    </p>
   </div>
   <div class='ocr_carea' id='block_1_11' title="bbox 126 2189 2194 2209">
    <p class='ocr_par' dir='ltr' id='par_1_15' title="bbox 126 2189 2194 2209">
     <span class='ocr_line' id='line_1_84' title="bbox 126 2189 2194 2209; baseline 0 1866"><span class='ocrx_word' id='word_1_642' title='bbox 126 2189 2194 2209; x_wconf 95' lang='lat' dir='ltr'> </span> 
     </span>
    </p>
   </div>
   <div class='ocr_carea' id='block_1_12' title="bbox 185 2271 2123 2355">
    <p class='ocr_par' dir='ltr' id='par_1_16' title="bbox 185 2271 2123 2355">
     <span class='ocr_line' id='line_1_85' title="bbox 185 2271 2123 2355; baseline -0.005 -12"><span class='ocrx_word' id='word_1_643' title='bbox 185 2277 681 2355; x_wconf 88' lang='lat' dir='ltr'>EPISTOLA</span> <span class='ocrx_word' id='word_1_644' title='bbox 742 2276 1197 2340; x_wconf 87' lang='lat' dir='ltr'>ANATOM</span> <span class='ocrx_word' id='word_1_645' title='bbox 1216 2273 1829 2340; x_wconf 79' lang='lat' dir='ltr'>leo-MEDICA</span> <span class='ocrx_word' id='word_1_646' title='bbox 1879 2271 2123 2337; x_wconf 88' lang='lat' dir='ltr'>LVIII·</span> 
     </span>
    </p>
   </div>
   <div class='ocr_carea' id='block_1_13' title="bbox 782 2424 1537 2495">
    <p class='ocr_par' dir='ltr' id='par_1_17' title="bbox 782 2424 1537 2495">
     <span class='ocr_line' id='line_1_86' title="bbox 782 2424 1537 2495; baseline -0.004 -15"><span class='ocrx_word' id='word_1_647' title='bbox 782 2426 984 2495; x_wconf 81' lang='lat' dir='ltr'>Agitur</span> <span class='ocrx_word' id='word_1_648' title='bbox 1019 2424 1082 2479; x_wconf 91' lang='lat' dir='ltr'>de</span> <span class='ocrx_word' id='word_1_649' title='bbox 1117 2425 1228 2479; x_wconf 88' lang='lat' dir='ltr'>Lue</span> <span class='ocrx_word' id='word_1_650' title='bbox 1268 2425 1537 2479; x_wconf 80' lang='lat' dir='ltr'>venerea-</span> 
     </span>
    </p>
   </div>
   <div class='ocr_carea' id='block_1_14' title="bbox 96 2559 1138 3428">
    <p class='ocr_par' dir='ltr' id='par_1_18' title="bbox 96 2559 1138 3428">
     <span class='ocr_line' id='line_1_87' title="bbox 116 2559 1138 2674; baseline -0.004 -38"><span class='ocrx_word' id='word_1_651' title='bbox 116 2559 215 2674; x_wconf 84' lang='lat' dir='ltr'><strong>E</strong></span> <span class='ocrx_word' id='word_1_652' title='bbox 239 2614 276 2636; x_wconf 88' lang='lat' dir='ltr'>ne</span> <span class='ocrx_word' id='word_1_653' title='bbox 301 2602 422 2637; x_wconf 76' lang='lat' dir='ltr'>multas</span> <span class='ocrx_word' id='word_1_654' title='bbox 443 2604 686 2638; x_wconf 82' lang='lat' dir='ltr'>communicavi</span> <span class='ocrx_word' id='word_1_655' title='bbox 709 2613 781 2646; x_wconf 72' lang='lat' dir='ltr'>quae</span> <span class='ocrx_word' id='word_1_656' title='bbox 805 2602 842 2634; x_wconf 85' lang='lat' dir='ltr'>ad</span> <span class='ocrx_word' id='word_1_657' title='bbox 875 2601 1057 2635; x_wconf 80' lang='lat' dir='ltr'>veneream</span> <span class='ocrx_word' id='word_1_658' title='bbox 1089 2608 1138 2633; x_wconf 86' lang='lat' dir='ltr'>at-</span> 
     </span>
     <span class='ocr_line' id='line_1_88' title="bbox 243 2641 1130 2689; baseline -0.001 -11"><span class='ocrx_word' id='word_1_659' title='bbox 243 2649 349 2679; x_wconf 86' lang='lat' dir='ltr'>tinent</span> <span class='ocrx_word' id='word_1_660' title='bbox 373 2647 501 2681; x_wconf 91' lang='lat' dir='ltr'>Luem.</span> <span class='ocrx_word' id='word_1_661' title='bbox 530 2648 643 2689; x_wconf 86' lang='lat' dir='ltr'>Itaque</span> <span class='ocrx_word' id='word_1_662' title='bbox 667 2657 731 2681; x_wconf 90' lang='lat' dir='ltr'>non</span> <span class='ocrx_word' id='word_1_663' title='bbox 756 2647 799 2678; x_wconf 81' lang='lat' dir='ltr'>est</span> <span class='ocrx_word' id='word_1_664' title='bbox 822 2655 880 2678; x_wconf 90' lang='lat' dir='ltr'>cur</span> <span class='ocrx_word' id='word_1_665' title='bbox 903 2645 1028 2678; x_wconf 88' lang='lat' dir='ltr'>mireris</span> <span class='ocrx_word' id='word_1_666' title='bbox 1051 2669 1060 2683; x_wconf 90' lang='lat'>‚</span> <span class='ocrx_word' id='word_1_667' title='bbox 1105 2641 1130 2677; x_wconf 85' lang='lat' dir='ltr'>si</span> 
     </span>
     <span class='ocr_line' id='line_1_89' title="bbox 115 2686 1132 2733; baseline -0.003 -9"><span class='ocrx_word' id='word_1_668' title='bbox 115 2694 176 2724; x_wconf 69' lang='lat' dir='ltr'>vix</span> <span class='ocrx_word' id='word_1_669' title='bbox 199 2692 341 2733; x_wconf 64' lang='lat' dir='ltr'>aviquani</span> <span class='ocrx_word' id='word_1_670' title='bbox 365 2689 534 2733; x_wconf 84' lang='lat' dir='ltr'>superesse,</span> <span class='ocrx_word' id='word_1_671' title='bbox 559 2689 695 2728; x_wconf 81' lang='lat' dir='ltr'>dixero,</span> <span class='ocrx_word' id='word_1_672' title='bbox 719 2700 817 2732; x_wconf 88' lang='lat' dir='ltr'>quam</span> <span class='ocrx_word' id='word_1_673' title='bbox 842 2687 893 2721; x_wconf 82' lang='lat' dir='ltr'>his</span> <span class='ocrx_word' id='word_1_674' title='bbox 918 2688 1055 2721; x_wconf 83' lang='lat' dir='ltr'>Litteris</span> <span class='ocrx_word' id='word_1_675' title='bbox 1077 2686 1132 2721; x_wconf 91' lang='lat' dir='ltr'>de-</span> 
     </span>
     <span class='ocr_line' id='line_1_90' title="bbox 116 2732 1134 2774; baseline -0.004 -6"><span class='ocrx_word' id='word_1_676' title='bbox 116 2735 279 2768; x_wconf 81' lang='lat' dir='ltr'>scribam.</span> <span class='ocrx_word' id='word_1_677' title='bbox 305 2732 430 2767; x_wconf 89' lang='lat' dir='ltr'>Verum</span> <span class='ocrx_word' id='word_1_678' title='bbox 454 2734 476 2768; x_wconf 89' lang='lat' dir='ltr'>si</span> <span class='ocrx_word' id='word_1_679' title='bbox 501 2735 640 2769; x_wconf 88' lang='lat' dir='ltr'>Litteras</span> <span class='ocrx_word' id='word_1_680' title='bbox 663 2735 733 2768; x_wconf 86' lang='lat' dir='ltr'>illas</span> <span class='ocrx_word' id='word_1_681' title='bbox 754 2732 903 2774; x_wconf 85' lang='lat' dir='ltr'>inspicias</span> <span class='ocrx_word' id='word_1_682' title='bbox 926 2742 1004 2773; x_wconf 86' lang='lat' dir='ltr'>quas</span> <span class='ocrx_word' id='word_1_683' title='bbox 1028 2733 1134 2774; x_wconf 90' lang='lat' dir='ltr'>proti-</span> 
     </span>
     <span class='ocr_line' id='line_1_91' title="bbox 117 2774 1133 2819; baseline 0.004 -8"><span class='ocrx_word' id='word_1_684' title='bbox 117 2788 180 2811; x_wconf 88' lang='lat' dir='ltr'>nus</span> <span class='ocrx_word' id='word_1_685' title='bbox 202 2776 378 2819; x_wconf 69' lang='lat' dir='ltr'>indicab05</span> <span class='ocrx_word' id='word_1_686' title='bbox 402 2777 477 2810; x_wconf 84' lang='lat' dir='ltr'>satis</span> <span class='ocrx_word' id='word_1_687' title='bbox 497 2776 556 2811; x_wconf 85' lang='lat' dir='ltr'>esse</span> <span class='ocrx_word' id='word_1_688' title='bbox 580 2779 645 2813; x_wconf 89' lang='lat' dir='ltr'>tibi</span> <span class='ocrx_word' id='word_1_689' title='bbox 671 2777 813 2814; x_wconf 56' lang='lat' dir='ltr'>fanum.</span> <span class='ocrx_word' id='word_1_690' title='bbox 837 2774 962 2809; x_wconf 87' lang='lat' dir='ltr'>videbis</span> <span class='ocrx_word' id='word_1_691' title='bbox 984 2799 992 2814; x_wconf 76' lang='lat'><em>‚</em></span> <span class='ocrx_word' id='word_1_692' title='bbox 1021 2785 1096 2809; x_wconf 88' lang='lat' dir='ltr'>cum</span> <span class='ocrx_word' id='word_1_693' title='bbox 1119 2796 1133 2814; x_wconf 75' lang='lat'><em>2</em></span> 
     </span>
     <span class='ocr_line' id='line_1_92' title="bbox 118 2818 1132 2864; baseline -0.005 -10"><span class='ocrx_word' id='word_1_694' title='bbox 118 2821 260 2854; x_wconf 81' lang='lat' dir='ltr'>aliorum</span> <span class='ocrx_word' id='word_1_695' title='bbox 287 2820 478 2853; x_wconf 86' lang='lat' dir='ltr'>morborum</span> <span class='ocrx_word' id='word_1_696' title='bbox 499 2821 685 2861; x_wconf 79' lang='lat' dir='ltr'>occasione,</span> <span class='ocrx_word' id='word_1_697' title='bbox 710 2822 767 2864; x_wconf 91' lang='lat' dir='ltr'>qui</span> <span class='ocrx_word' id='word_1_698' title='bbox 793 2828 847 2854; x_wconf 90' lang='lat' dir='ltr'>aut</span> <span class='ocrx_word' id='word_1_699' title='bbox 872 2819 911 2851; x_wconf 88' lang='lat' dir='ltr'>ab</span> <span class='ocrx_word' id='word_1_700' title='bbox 935 2818 996 2854; x_wconf 80' lang='lat' dir='ltr'>hoc</span> <span class='ocrx_word' id='word_1_701' title='bbox 1020 2827 1132 2855; x_wconf 83' lang='lat' dir='ltr'>erant,</span> 
     </span>
     <span class='ocr_line' id='line_1_93' title="bbox 96 2859 1132 2906; baseline -0.006 -8"><span class='ocrx_word' id='word_1_702' title='bbox 96 2863 176 2899; x_wconf 77' lang='lat' dir='ltr'>&#39;aut</span> <span class='ocrx_word' id='word_1_703' title='bbox 201 2870 275 2897; x_wconf 87' lang='lat' dir='ltr'>cum</span> <span class='ocrx_word' id='word_1_704' title='bbox 299 2861 361 2897; x_wconf 85' lang='lat' dir='ltr'>hoc</span> <span class='ocrx_word' id='word_1_705' title='bbox 384 2862 691 2906; x_wconf 78' lang='lat' dir='ltr'>conjungebantur,</span> <span class='ocrx_word' id='word_1_706' title='bbox 713 2874 763 2898; x_wconf 87' lang='lat' dir='ltr'>me</span> <span class='ocrx_word' id='word_1_707' title='bbox 787 2874 852 2898; x_wconf 90' lang='lat' dir='ltr'>non</span> <span class='ocrx_word' id='word_1_708' title='bbox 882 2859 1021 2895; x_wconf 84' lang='lat' dir='ltr'>omifisse</span> <span class='ocrx_word' id='word_1_709' title='bbox 1065 2861 1132 2902; x_wconf 82' lang='lat' dir='ltr'>ejus</span> 
     </span>
     <span class='ocr_line' id='line_1_94' title="bbox 122 2904 1130 2950; baseline -0.004 -8"><span class='ocrx_word' id='word_1_710' title='bbox 122 2907 351 2947; x_wconf 84' lang='lat' dir='ltr'>mentionem,</span> <span class='ocrx_word' id='word_1_711' title='bbox 375 2915 431 2940; x_wconf 87' lang='lat' dir='ltr'>aut</span> <span class='ocrx_word' id='word_1_712' title='bbox 454 2906 550 2950; x_wconf 81' lang='lat' dir='ltr'>siquae</span> <span class='ocrx_word' id='word_1_713' title='bbox 574 2909 664 2942; x_wconf 82' lang='lat' dir='ltr'>intus</span> <span class='ocrx_word' id='word_1_714' title='bbox 687 2907 729 2942; x_wconf 85' lang='lat' dir='ltr'>ab</span> <span class='ocrx_word' id='word_1_715' title='bbox 750 2918 790 2941; x_wconf 91' lang='lat' dir='ltr'>eo</span> <span class='ocrx_word' id='word_1_716' title='bbox 836 2904 893 2940; x_wconf 79' lang='lat' dir='ltr'>esse</span> <span class='ocrx_word' id='word_1_717' title='bbox 938 2906 1130 2939; x_wconf 87' lang='lat' dir='ltr'>viderentur</span> 
     </span>
     <span class='ocr_line' id='line_1_95' title="bbox 118 2948 1088 2994; baseline -0.006 -9"><span class='ocrx_word' id='word_1_718' title='bbox 118 2950 262 2985; x_wconf 78' lang='lat' dir='ltr'>laesiones</span> <span class='ocrx_word' id='word_1_719' title='bbox 276 2971 286 2988; x_wconf 80' lang='lat'>‚</span> <span class='ocrx_word' id='word_1_720' title='bbox 310 2959 413 2992; x_wconf 87' lang='lat' dir='ltr'>neque</span> <span class='ocrx_word' id='word_1_721' title='bbox 435 2948 491 2984; x_wconf 86' lang='lat' dir='ltr'>has</span> <span class='ocrx_word' id='word_1_722' title='bbox 515 2949 607 2985; x_wconf 79' lang='lat' dir='ltr'>fuisse</span> <span class='ocrx_word' id='word_1_723' title='bbox 623 2949 845 2994; x_wconf 71' lang='lat' dir='ltr'>praetermissas</span> <span class='ocrx_word' id='word_1_724' title='bbox 859 2973 868 2987; x_wconf 86' lang='lat'><em>,</em></span> <span class='ocrx_word' id='word_1_725' title='bbox 891 2949 1088 2992; x_wconf 86' lang='lat' dir='ltr'>comperies.</span> 
     </span>
     <span class='ocr_line' id='line_1_96' title="bbox 166 2991 1133 3037; baseline -0.003 -10"><span class='ocrx_word' id='word_1_726' title='bbox 166 3005 196 3028; x_wconf 81' lang='lat'>2.</span> <span class='ocrx_word' id='word_1_727' title='bbox 219 2993 376 3036; x_wconf 89' lang='lat' dir='ltr'>Namque</span> <span class='ocrx_word' id='word_1_728' title='bbox 397 2993 541 3036; x_wconf 88' lang='lat' dir='ltr'>Epistola</span> <span class='ocrx_word' id='word_1_729' title='bbox 565 2993 633 3037; x_wconf 84' lang='lat' dir='ltr'>ipsa</span> <span class='ocrx_word' id='word_1_730' title='bbox 658 2996 683 3028; x_wconf 91' lang='grc' dir='ltr'>Ι.</span> <span class='ocrx_word' id='word_1_731' title='bbox 707 2998 718 3034; x_wconf 91' lang='grc'><strong>(</strong></span> <span class='ocrx_word' id='word_1_732' title='bbox 740 2993 796 3036; x_wconf 66' lang='lat' dir='ltr'>a)</span> <span class='ocrx_word' id='word_1_733' title='bbox 828 3004 903 3028; x_wconf 93' lang='lat' dir='ltr'>cum</span> <span class='ocrx_word' id='word_1_734' title='bbox 938 2993 976 3027; x_wconf 92' lang='lat' dir='ltr'>de</span> <span class='ocrx_word' id='word_1_735' title='bbox 1012 2991 1133 3026; x_wconf 85' lang='lat' dir='ltr'>atroci-</span> 
     </span>
     <span class='ocr_line' id='line_1_97' title="bbox 120 3034 1129 3081; baseline -0.004 -8"><span class='ocrx_word' id='word_1_736' title='bbox 120 3039 182 3074; x_wconf 89' lang='lat' dir='ltr'>bus</span> <span class='ocrx_word' id='word_1_737' title='bbox 203 3037 322 3081; x_wconf 87' lang='lat' dir='ltr'>capitis</span> <span class='ocrx_word' id='word_1_738' title='bbox 345 3036 512 3071; x_wconf 88' lang='lat' dir='ltr'>doloribus</span> <span class='ocrx_word' id='word_1_739' title='bbox 535 3038 633 3073; x_wconf 88' lang='lat' dir='ltr'>verba</span> <span class='ocrx_word' id='word_1_740' title='bbox 656 3036 814 3075; x_wconf 79' lang='lat' dir='ltr'>facerem.</span> <span class='ocrx_word' id='word_1_741' title='bbox 838 3035 919 3081; x_wconf 91' lang='lat' dir='ltr'>quid</span> <span class='ocrx_word' id='word_1_742' title='bbox 944 3037 1019 3069; x_wconf 90' lang='lat' dir='ltr'>vitii</span> <span class='ocrx_word' id='word_1_743' title='bbox 1054 3034 1129 3069; x_wconf 78' lang='lat' dir='ltr'>esset</span> 
     </span>
     <span class='ocr_line' id='line_1_98' title="bbox 119 3078 1130 3122; baseline -0.004 -6"><span class='ocrx_word' id='word_1_744' title='bbox 119 3083 159 3116; x_wconf 88' lang='lat' dir='ltr'>in</span> <span class='ocrx_word' id='word_1_745' title='bbox 182 3079 413 3122; x_wconf 85' lang='lat' dir='ltr'>meningibus,</span> <span class='ocrx_word' id='word_1_746' title='bbox 436 3082 588 3122; x_wconf 88' lang='lat' dir='ltr'>cerebro,</span> <span class='ocrx_word' id='word_1_747' title='bbox 610 3085 641 3116; x_wconf 74' lang='grc' dir='ltr'>δι</span> <span class='ocrx_word' id='word_1_748' title='bbox 664 3080 846 3120; x_wconf 90' lang='lat' dir='ltr'>cerebello,</span> <span class='ocrx_word' id='word_1_749' title='bbox 880 3078 1034 3122; x_wconf 89' lang='lat' dir='ltr'>proposui</span> <span class='ocrx_word' id='word_1_750' title='bbox 1056 3091 1067 3112; x_wconf 85' lang='lat'>.·</span> <span class='ocrx_word' id='word_1_751' title='bbox 1097 3081 1130 3112; x_wconf 87' lang='lat'>&amp;</span> 
     </span>
     <span class='ocr_line' id='line_1_99' title="bbox 119 3121 1131 3168; baseline -0.006 -6"><span class='ocrx_word' id='word_1_752' title='bbox 119 3124 203 3168; x_wconf 81' lang='lat' dir='ltr'>quid</span> <span class='ocrx_word' id='word_1_753' title='bbox 227 3126 262 3158; x_wconf 79' lang='lat' dir='ltr'>in</span> <span class='ocrx_word' id='word_1_754' title='bbox 285 3122 441 3161; x_wconf 75' lang='lat' dir='ltr'>cerebro,</span> <span class='ocrx_word' id='word_1_755' title='bbox 463 3126 494 3158; x_wconf 84' lang='lat'>&amp;</span> <span class='ocrx_word' id='word_1_756' title='bbox 514 3126 646 3165; x_wconf 73' lang='lat' dir='ltr'>etauio,</span> <span class='ocrx_word' id='word_1_757' title='bbox 667 3136 744 3160; x_wconf 86' lang='lat' dir='ltr'>cum</span> <span class='ocrx_word' id='word_1_758' title='bbox 776 3122 947 3158; x_wconf 86' lang='lat' dir='ltr'>scriberem</span> <span class='ocrx_word' id='word_1_759' title='bbox 988 3121 1131 3166; x_wconf 79' lang='lat' dir='ltr'>Epistola</span> 
     </span>
     <span class='ocr_line' id='line_1_100' title="bbox 122 3165 1130 3211; baseline -0.003 -10"><span class='ocrx_word' id='word_1_760' title='bbox 122 3168 186 3202; x_wconf 83' lang='lat' dir='ltr'>1x.</span> <span class='ocrx_word' id='word_1_761' title='bbox 210 3167 258 3208; x_wconf 89' lang='lat' dir='ltr'>(b)</span> <span class='ocrx_word' id='word_1_762' title='bbox 280 3165 320 3201; x_wconf 89' lang='lat' dir='ltr'>de</span> <span class='ocrx_word' id='word_1_763' title='bbox 341 3166 512 3210; x_wconf 84' lang='lat' dir='ltr'>epilepsia.</span> <span class='ocrx_word' id='word_1_764' title='bbox 535 3169 575 3202; x_wconf 90' lang='lat' dir='ltr'>In</span> <span class='ocrx_word' id='word_1_765' title='bbox 600 3168 754 3211; x_wconf 86' lang='lat' dir='ltr'>Epistolis</span> <span class='ocrx_word' id='word_1_766' title='bbox 778 3177 885 3202; x_wconf 87' lang='lat' dir='ltr'>autem</span> <span class='ocrx_word' id='word_1_767' title='bbox 909 3167 1018 3202; x_wconf 86' lang='lat' dir='ltr'>XLII.</span> <span class='ocrx_word' id='word_1_768' title='bbox 1041 3170 1057 3207; x_wconf 88' lang='lat'>(</span> <span class='ocrx_word' id='word_1_769' title='bbox 1078 3166 1130 3208; x_wconf 91' lang='lat' dir='ltr'>c)</span> 
     </span>
     <span class='ocr_line' id='line_1_101' title="bbox 121 3209 1130 3259; baseline -0.001 -14"><span class='ocrx_word' id='word_1_770' title='bbox 121 3213 156 3245; x_wconf 72' lang='grc' dir='ltr'>δε</span> <span class='ocrx_word' id='word_1_771' title='bbox 177 3211 302 3244; x_wconf 87' lang='lat' dir='ltr'>XLIV.</span> <span class='ocrx_word' id='word_1_772' title='bbox 326 3210 345 3252; x_wconf 92' lang='lat'><em>(</em></span> <span class='ocrx_word' id='word_1_773' title='bbox 361 3210 389 3259; x_wconf 46' lang='lat' dir='ltr'>d·</span> <span class='ocrx_word' id='word_1_774' title='bbox 402 3212 414 3248; x_wconf 92' lang='lat'><em>)</em></span> <span class='ocrx_word' id='word_1_775' title='bbox 437 3210 580 3245; x_wconf 81' lang='lat' dir='ltr'>laesiones</span> <span class='ocrx_word' id='word_1_776' title='bbox 603 3220 780 3247; x_wconf 86' lang='lat' dir='ltr'>occurrunt</span> <span class='ocrx_word' id='word_1_777' title='bbox 804 3220 858 3246; x_wconf 87' lang='lat' dir='ltr'>aut</span> <span class='ocrx_word' id='word_1_778' title='bbox 879 3211 914 3244; x_wconf 90' lang='lat' dir='ltr'>in</span> <span class='ocrx_word' id='word_1_779' title='bbox 936 3209 1130 3253; x_wconf 84' lang='lat' dir='ltr'>epiglottide</span> 
     </span>
     <span class='ocr_line' id='line_1_102' title="bbox 121 3252 1132 3298; baseline -0.002 -9"><span class='ocrx_word' id='word_1_780' title='bbox 121 3263 276 3293; x_wconf 79' lang='lat' dir='ltr'>tanturn,</span> <span class='ocrx_word' id='word_1_781' title='bbox 301 3261 356 3287; x_wconf 79' lang='lat' dir='ltr'>aut</span> <span class='ocrx_word' id='word_1_782' title='bbox 378 3263 413 3286; x_wconf 84' lang='lat' dir='ltr'>iu</span> <span class='ocrx_word' id='word_1_783' title='bbox 436 3252 507 3289; x_wconf 86' lang='lat' dir='ltr'>aliis</span> <span class='ocrx_word' id='word_1_784' title='bbox 529 3256 627 3289; x_wconf 84' lang='lat' dir='ltr'>etiam</span> <span class='ocrx_word' id='word_1_785' title='bbox 660 3255 803 3298; x_wconf 81' lang='lat' dir='ltr'>laryngis</span> <span class='ocrx_word' id='word_1_786' title='bbox 847 3253 1096 3297; x_wconf 86' lang='lat' dir='ltr'>cartilaginibus</span> <span class='ocrx_word' id='word_1_787' title='bbox 1119 3277 1132 3293; x_wconf 90' lang='lat'>,</span> 
     </span>
     <span class='ocr_line' id='line_1_103' title="bbox 124 3295 1132 3340; baseline -0.002 -8"><span class='ocrx_word' id='word_1_788' title='bbox 124 3298 312 3340; x_wconf 86' lang='lat' dir='ltr'>arteriaque</span> <span class='ocrx_word' id='word_1_789' title='bbox 333 3295 387 3331; x_wconf 84' lang='lat' dir='ltr'>As</span> <span class='ocrx_word' id='word_1_790' title='bbox 407 3307 459 3332; x_wconf 85' lang='lat' dir='ltr'>era</span> <span class='ocrx_word' id='word_1_791' title='bbox 506 3297 688 3333; x_wconf 72' lang='lat' dir='ltr'>adnotatae:</span> <span class='ocrx_word' id='word_1_792' title='bbox 713 3302 747 3333; x_wconf 85' lang='lat' dir='ltr'>in</span> <span class='ocrx_word' id='word_1_793' title='bbox 778 3297 955 3340; x_wconf 88' lang='lat' dir='ltr'>iisdemque</span> <span class='ocrx_word' id='word_1_794' title='bbox 1000 3296 1132 3339; x_wconf 81' lang='lat' dir='ltr'>Episto-</span> 
     </span>
     <span class='ocr_line' id='line_1_104' title="bbox 122 3340 1131 3385; baseline -0.006 -7"><span class='ocrx_word' id='word_1_795' title='bbox 122 3342 165 3376; x_wconf 82' lang='lat' dir='ltr'>lis</span> <span class='ocrx_word' id='word_1_796' title='bbox 211 3340 300 3385; x_wconf 84' lang='lat' dir='ltr'>(e)</span> <span class='ocrx_word' id='word_1_797' title='bbox 344 3343 357 3380; x_wconf 86' lang='lat'>(</span> <span class='ocrx_word' id='word_1_798' title='bbox 417 3344 429 3381; x_wconf 91' lang='lat'>)</span> <span class='ocrx_word' id='word_1_799' title='bbox 470 3352 562 3375; x_wconf 80' lang='lat' dir='ltr'>noxae</span> <span class='ocrx_word' id='word_1_800' title='bbox 606 3342 733 3377; x_wconf 82' lang='lat' dir='ltr'>intimae</span> <span class='ocrx_word' id='word_1_801' title='bbox 798 3343 923 3377; x_wconf 80' lang='lat' dir='ltr'>arteriae</span> <span class='ocrx_word' id='word_1_802' title='bbox 967 3341 1098 3381; x_wconf 78' lang='lat' dir='ltr'>Magnae</span> <span class='ocrx_word' id='word_1_803' title='bbox 1121 3353 1131 3378; x_wconf 80' lang='lat'>3</span> 
     </span>
     <span class='ocr_line' id='line_1_105' title="bbox 122 3382 1132 3428; baseline -0.005 -7"><span class='ocrx_word' id='word_1_804' title='bbox 122 3395 160 3421; x_wconf 90' lang='lat' dir='ltr'>ut</span> <span class='ocrx_word' id='word_1_805' title='bbox 187 3387 315 3422; x_wconf 84' lang='lat' dir='ltr'>minus,</span> <span class='ocrx_word' id='word_1_806' title='bbox 339 3384 380 3417; x_wconf 86' lang='lat' dir='ltr'>iis</span> <span class='ocrx_word' id='word_1_807' title='bbox 401 3382 512 3427; x_wconf 81' lang='lat' dir='ltr'>positis</span> <span class='ocrx_word' id='word_1_808' title='bbox 536 3385 721 3420; x_wconf 87' lang='lat' dir='ltr'>mii-andum</span> <span class='ocrx_word' id='word_1_809' title='bbox 745 3385 783 3420; x_wconf 84' lang='lat' dir='ltr'>sit</span> <span class='ocrx_word' id='word_1_810' title='bbox 817 3385 963 3428; x_wconf 83' lang='lat' dir='ltr'>Epistola</span> <span class='ocrx_word' id='word_1_811' title='bbox 995 3385 1132 3417; x_wconf 86' lang='lat' dir='ltr'>XVIII.</span> 
     </span>
    </p>
   </div>
   <div class='ocr_carea' id='block_1_15' title="bbox 122 3430 182 3517">
    <p class='ocr_par' dir='ltr' id='par_1_19' title="bbox 122 3430 182 3517">
     <span class='ocr_line' id='line_1_106' title="bbox 122 3430 182 3517; baseline 0 -11"><span class='ocrx_word' id='word_1_812' title='bbox 122 3430 182 3517; x_wconf 61' lang='lat' dir='ltr'>{i</span> 
     </span>
    </p>
   </div>
   <div class='ocr_carea' id='block_1_16' title="bbox 225 2549 2198 2598">
    <p class='ocr_par' dir='ltr' id='par_1_20' title="bbox 225 2549 2198 2598">
     <span class='ocr_line' id='line_1_107' title="bbox 225 2549 2198 2598; baseline -0.003 -7"><span class='ocrx_word' id='word_1_813' title='bbox 225 2557 355 2593; x_wconf 66' lang='lat' dir='ltr'>Pistolis</span> <span class='ocrx_word' id='word_1_814' title='bbox 377 2557 530 2594; x_wconf 62' lang='lat' dir='ltr'>haistenus</span> <span class='ocrx_word' id='word_1_815' title='bbox 553 2557 592 2594; x_wconf 88' lang='lat' dir='ltr'>ad</span> <span class='ocrx_word' id='word_1_816' title='bbox 614 2567 647 2594; x_wconf 90' lang='lat' dir='ltr'>te</span> <span class='ocrx_word' id='word_1_817' title='bbox 669 2557 767 2593; x_wconf 83' lang='lat' dir='ltr'>miffis</span> <span class='ocrx_word' id='word_1_818' title='bbox 789 2555 1047 2591; x_wconf 82' lang='lat' dir='ltr'>Observationes</span> <span class='ocrx_word' id='word_1_819' title='bbox 1080 2556 1138 2590; x_wconf 91' lang='lat' dir='ltr'>be-</span> <span class='ocrx_word' id='word_1_820' title='bbox 1190 2566 1268 2598; x_wconf 89' lang='lat' dir='ltr'>per,</span> <span class='ocrx_word' id='word_1_821' title='bbox 1293 2565 1349 2591; x_wconf 85' lang='lat' dir='ltr'>aut</span> <span class='ocrx_word' id='word_1_822' title='bbox 1372 2553 1475 2597; x_wconf 87' lang='lat' dir='ltr'>ipsam</span> <span class='ocrx_word' id='word_1_823' title='bbox 1499 2550 1657 2593; x_wconf 84' lang='lat' dir='ltr'>disrumpi</span> <span class='ocrx_word' id='word_1_824' title='bbox 1682 2549 1842 2593; x_wconf 76' lang='lat' dir='ltr'>potuisse:</span> <span class='ocrx_word' id='word_1_825' title='bbox 1865 2550 2082 2590; x_wconf 82' lang='lat' dir='ltr'>Purulentum</span> <span class='ocrx_word' id='word_1_826' title='bbox 2124 2550 2198 2594; x_wconf 78' lang='lat' dir='ltr'>pul-</span> 
     </span>
    </p>
   </div>
   <div class='ocr_carea' id='block_1_17' title="bbox 1181 2595 2198 3420">
    <p class='ocr_par' dir='ltr' id='par_1_21' title="bbox 1181 2595 2198 3420">
     <span class='ocr_line' id='line_1_108' title="bbox 1189 2595 2194 2642; baseline -0.009 -9"><span class='ocrx_word' id='word_1_827' title='bbox 1189 2610 1317 2633; x_wconf 88' lang='lat' dir='ltr'>monem</span> <span class='ocrx_word' id='word_1_828' title='bbox 1342 2597 1491 2642; x_wconf 86' lang='lat' dir='ltr'>Epistola</span> <span class='ocrx_word' id='word_1_829' title='bbox 1513 2595 1652 2630; x_wconf 83' lang='lat' dir='ltr'>ostendit</span> <span class='ocrx_word' id='word_1_830' title='bbox 1675 2595 1807 2628; x_wconf 83' lang='lat' dir='ltr'>xvm.</span> <span class='ocrx_word' id='word_1_831' title='bbox 1831 2595 1878 2637; x_wconf 89' lang='lat' dir='ltr'>(l</span> <span class='ocrx_word' id='word_1_832' title='bbox 1900 2599 1916 2635; x_wconf 91' lang='lat'>)</span> <span class='ocrx_word' id='word_1_833' title='bbox 1937 2597 2117 2639; x_wconf 81' lang='lat' dir='ltr'>praesertim</span> <span class='ocrx_word' id='word_1_834' title='bbox 2139 2605 2194 2629; x_wconf 85' lang='lat' dir='ltr'>ve-</span> 
     </span>
     <span class='ocr_line' id='line_1_109' title="bbox 1187 2639 2196 2685; baseline -0.007 -8"><span class='ocrx_word' id='word_1_835' title='bbox 1187 2655 1226 2677; x_wconf 92' lang='lat' dir='ltr'>ro</span> <span class='ocrx_word' id='word_1_836' title='bbox 1249 2643 1361 2676; x_wconf 88' lang='lat' dir='ltr'>XXII.</span> <span class='ocrx_word' id='word_1_837' title='bbox 1385 2644 1400 2685; x_wconf 84' lang='lat'><em>(</em></span> <span class='ocrx_word' id='word_1_838' title='bbox 1421 2652 1451 2675; x_wconf 86' lang='lat' dir='ltr'>m</span> <span class='ocrx_word' id='word_1_839' title='bbox 1470 2640 1487 2682; x_wconf 92' lang='lat'><strong><em>)</em></strong></span> <span class='ocrx_word' id='word_1_840' title='bbox 1515 2639 1705 2673; x_wconf 75' lang='lat' dir='ltr'>Purulentos</span> <span class='ocrx_word' id='word_1_841' title='bbox 1732 2649 1857 2676; x_wconf 90' lang='lat' dir='ltr'>autem,</span> <span class='ocrx_word' id='word_1_842' title='bbox 1880 2639 2014 2675; x_wconf 85' lang='lat' dir='ltr'>aliterve</span> <span class='ocrx_word' id='word_1_843' title='bbox 2037 2640 2126 2675; x_wconf 79' lang='lat' dir='ltr'>laesos</span> <span class='ocrx_word' id='word_1_844' title='bbox 2148 2649 2196 2671; x_wconf 90' lang='lat' dir='ltr'>re-</span> 
     </span>
     <span class='ocr_line' id='line_1_110' title="bbox 1182 2682 2198 2727; baseline -0.009 -6"><span class='ocrx_word' id='word_1_845' title='bbox 1182 2698 1257 2726; x_wconf 89' lang='lat' dir='ltr'>nes,</span> <span class='ocrx_word' id='word_1_846' title='bbox 1280 2687 1395 2720; x_wconf 80' lang='lat' dir='ltr'>aliasve</span> <span class='ocrx_word' id='word_1_847' title='bbox 1418 2684 1577 2718; x_wconf 88' lang='lat' dir='ltr'>urinarias</span> <span class='ocrx_word' id='word_1_848' title='bbox 1602 2692 1706 2725; x_wconf 86' lang='lat' dir='ltr'>partes</span> <span class='ocrx_word' id='word_1_849' title='bbox 1730 2683 1881 2724; x_wconf 76' lang='lat' dir='ltr'>Epistolae</span> <span class='ocrx_word' id='word_1_850' title='bbox 1906 2683 1968 2715; x_wconf 91' lang='lat' dir='ltr'>IV.</span> <span class='ocrx_word' id='word_1_851' title='bbox 1993 2685 2062 2727; x_wconf 88' lang='lat' dir='ltr'>(n)</span> <span class='ocrx_word' id='word_1_852' title='bbox 2087 2682 2198 2717; x_wconf 88' lang='lat' dir='ltr'>XLII.</span> 
     </span>
     <span class='ocr_line' id='line_1_111' title="bbox 1183 2725 2196 2772; baseline -0.007 -7"><span class='ocrx_word' id='word_1_853' title='bbox 1183 2734 1236 2770; x_wconf 89' lang='grc' dir='ltr'>(ο</span> <span class='ocrx_word' id='word_1_854' title='bbox 1258 2734 1274 2772; x_wconf 89' lang='grc'>)</span> <span class='ocrx_word' id='word_1_855' title='bbox 1298 2729 1423 2763; x_wconf 81' lang='lat' dir='ltr'>XLIV.</span> <span class='ocrx_word' id='word_1_856' title='bbox 1451 2732 1504 2769; x_wconf 79' lang='lat' dir='ltr'>(p</span> <span class='ocrx_word' id='word_1_857' title='bbox 1524 2729 1537 2765; x_wconf 92' lang='lat'>)</span> <span class='ocrx_word' id='word_1_858' title='bbox 1560 2729 1591 2759; x_wconf 86' lang='lat'>&amp;</span> <span class='ocrx_word' id='word_1_859' title='bbox 1616 2725 1767 2759; x_wconf 85' lang='lat' dir='ltr'>XLVlII</span> <span class='ocrx_word' id='word_1_860' title='bbox 1802 2729 1814 2764; x_wconf 88' lang='lat'><strong>(</strong></span> <span class='ocrx_word' id='word_1_861' title='bbox 1838 2736 1858 2766; x_wconf 87' lang='lat' dir='ltr'><em>q</em></span> <span class='ocrx_word' id='word_1_862' title='bbox 1878 2729 1892 2764; x_wconf 95' lang='lat'><em>)</em></span> <span class='ocrx_word' id='word_1_863' title='bbox 1918 2726 2020 2762; x_wconf 85' lang='lat' dir='ltr'>Porro</span> <span class='ocrx_word' id='word_1_864' title='bbox 2043 2730 2078 2760; x_wconf 91' lang='lat' dir='ltr'>in</span> <span class='ocrx_word' id='word_1_865' title='bbox 2101 2735 2196 2760; x_wconf 88' lang='lat' dir='ltr'>utero</span> 
     </span>
     <span class='ocr_line' id='line_1_112' title="bbox 1182 2768 2196 2818; baseline -0.007 -10"><span class='ocrx_word' id='word_1_866' title='bbox 1182 2774 1434 2808; x_wconf 85' lang='lat' dir='ltr'>excrescentiam</span> <span class='ocrx_word' id='word_1_867' title='bbox 1460 2769 1607 2818; x_wconf 81' lang='lat' dir='ltr'>Epistola</span> <span class='ocrx_word' id='word_1_868' title='bbox 1631 2769 1761 2818; x_wconf 78' lang='lat' dir='ltr'>exbibet</span> <span class='ocrx_word' id='word_1_869' title='bbox 1782 2768 1927 2802; x_wconf 79' lang='lat' dir='ltr'>XLVII.</span> <span class='ocrx_word' id='word_1_870' title='bbox 1952 2770 2003 2812; x_wconf 88' lang='lat' dir='ltr'>(r</span> <span class='ocrx_word' id='word_1_871' title='bbox 2024 2774 2039 2809; x_wconf 88' lang='lat'>)</span> <span class='ocrx_word' id='word_1_872' title='bbox 2069 2774 2196 2804; x_wconf 83' lang='lat' dir='ltr'>eadem-</span> 
     </span>
     <span class='ocr_line' id='line_1_113' title="bbox 1182 2811 2194 2894; baseline -0.006 0"><span class='ocrx_word' id='word_1_873' title='bbox 1182 2829 1254 2894; x_wconf 60' lang='lat'>3:13³.</span> <span class='ocrx_word' id='word_1_874' title='bbox 1266 2811 2194 2893; x_wconf 44' lang='lat' dir='ltr'>⁶:3333⁶⁶3.53&amp;{33³3illiumkt’lssffmuffsl&#39;ssfflsiss</span> 
     </span>
     <span class='ocr_line' id='line_1_114' title="bbox 1183 2898 2193 2948; baseline -0.004 -10"><span class='ocrx_word' id='word_1_875' title='bbox 1183 2904 1327 2948; x_wconf 86' lang='lat' dir='ltr'>Epistola</span> <span class='ocrx_word' id='word_1_876' title='bbox 1352 2900 1474 2934; x_wconf 77' lang='lat' dir='ltr'>XL1V.</span> <span class='ocrx_word' id='word_1_877' title='bbox 1500 2898 1583 2943; x_wconf 84' lang='lat' dir='ltr'>(s)</span> <span class='ocrx_word' id='word_1_878' title='bbox 1605 2899 1781 2940; x_wconf 85' lang='lat' dir='ltr'>eademque</span> <span class='ocrx_word' id='word_1_879' title='bbox 1801 2901 1816 2938; x_wconf 87' lang='lat'>(</span> <span class='ocrx_word' id='word_1_880' title='bbox 1837 2905 1853 2932; x_wconf 87' lang='lat' dir='ltr'><em>t</em></span> <span class='ocrx_word' id='word_1_881' title='bbox 1876 2901 1888 2938; x_wconf 89' lang='lat'><em>)</em></span> <span class='ocrx_word' id='word_1_882' title='bbox 1910 2901 1942 2932; x_wconf 85' lang='lat'>&amp;</span> <span class='ocrx_word' id='word_1_883' title='bbox 1967 2900 2074 2934; x_wconf 84' lang='lat' dir='ltr'>XLII.</span> <span class='ocrx_word' id='word_1_884' title='bbox 2098 2905 2112 2942; x_wconf 90' lang='lat'>(</span> <span class='ocrx_word' id='word_1_885' title='bbox 2134 2910 2155 2934; x_wconf 84' lang='lat' dir='ltr'>u</span> <span class='ocrx_word' id='word_1_886' title='bbox 2176 2902 2193 2940; x_wconf 87' lang='lat'><em>)</em></span> 
     </span>
     <span class='ocr_line' id='line_1_115' title="bbox 1181 2941 2194 2992; baseline -0.002 -12"><span class='ocrx_word' id='word_1_887' title='bbox 1181 2946 1343 2990; x_wconf 84' lang='lat' dir='ltr'>angustam</span> <span class='ocrx_word' id='word_1_888' title='bbox 1368 2946 1530 2978; x_wconf 79' lang='lat' dir='ltr'>uretliram</span> <span class='ocrx_word' id='word_1_889' title='bbox 1554 2941 1748 2992; x_wconf 81' lang='lat' dir='ltr'>quibusdam</span> <span class='ocrx_word' id='word_1_890' title='bbox 1773 2942 1853 2975; x_wconf 89' lang='lat' dir='ltr'>locis</span> <span class='ocrx_word' id='word_1_891' title='bbox 1869 2967 1878 2982; x_wconf 91' lang='lat'><strong><em>,</em></strong></span> <span class='ocrx_word' id='word_1_892' title='bbox 1922 2951 2018 2985; x_wconf 87' lang='lat' dir='ltr'>atque</span> <span class='ocrx_word' id='word_1_893' title='bbox 2062 2953 2194 2978; x_wconf 87' lang='lat' dir='ltr'>contra-</span> 
     </span>
     <span class='ocr_line' id='line_1_116' title="bbox 1182 2984 2192 3031; baseline -0.017 -7"><span class='ocrx_word' id='word_1_894' title='bbox 1182 2992 1288 3024; x_wconf 70' lang='lat' dir='ltr'>&amp;ame</span> <span class='ocrx_word' id='word_1_895' title='bbox 1314 2990 1450 3030; x_wconf 72' lang='lat' dir='ltr'>duaeque</span> <span class='ocrx_word' id='word_1_896' title='bbox 1474 2986 1523 3020; x_wconf 85' lang='lat' dir='ltr'>hae</span> <span class='ocrx_word' id='word_1_897' title='bbox 1552 2984 1700 3026; x_wconf 81' lang='lat' dir='ltr'>Epistolae</span> <span class='ocrx_word' id='word_1_898' title='bbox 1723 2987 1737 3024; x_wconf 92' lang='lat'>(</span> <span class='ocrx_word' id='word_1_899' title='bbox 1759 2995 1781 3019; x_wconf 86' lang='lat' dir='ltr'><em>x</em></span> <span class='ocrx_word' id='word_1_900' title='bbox 1803 2988 1815 3024; x_wconf 83' lang='lat'><em>)</em></span> <span class='ocrx_word' id='word_1_901' title='bbox 1837 2987 1893 3027; x_wconf 87' lang='lat' dir='ltr'>(y</span> <span class='ocrx_word' id='word_1_902' title='bbox 1910 2987 1931 3028; x_wconf 87' lang='lat'><em>)</em></span> <span class='ocrx_word' id='word_1_903' title='bbox 1952 2989 1983 3020; x_wconf 80' lang='lat'>&amp;</span> <span class='ocrx_word' id='word_1_904' title='bbox 2007 2988 2070 3022; x_wconf 50' lang='lat' dir='ltr'>IV·</span> <span class='ocrx_word' id='word_1_905' title='bbox 2096 2988 2157 3031; x_wconf 61' lang='lat' dir='ltr'>(z</span> <span class='ocrx_word' id='word_1_906' title='bbox 2177 2991 2192 3027; x_wconf 86' lang='lat'>)</span> 
     </span>
     <span class='ocr_line' id='line_1_117' title="bbox 1182 3028 2193 3075; baseline -0.004 -8"><span class='ocrx_word' id='word_1_907' title='bbox 1182 3037 1213 3067; x_wconf 87' lang='lat'><strong>&amp;</strong></span> <span class='ocrx_word' id='word_1_908' title='bbox 1239 3034 1305 3066; x_wconf 88' lang='lat' dir='ltr'>XL.</span> <span class='ocrx_word' id='word_1_909' title='bbox 1333 3033 1350 3075; x_wconf 55' lang='grc' dir='ltr'>ς’</span> <span class='ocrx_word' id='word_1_910' title='bbox 1369 3043 1387 3064; x_wconf 85' lang='lat' dir='ltr'>a</span> <span class='ocrx_word' id='word_1_911' title='bbox 1409 3035 1424 3072; x_wconf 95' lang='lat'>)</span> <span class='ocrx_word' id='word_1_912' title='bbox 1447 3028 1585 3064; x_wconf 80' lang='lat' dir='ltr'>urethrae</span> <span class='ocrx_word' id='word_1_913' title='bbox 1609 3032 1839 3063; x_wconf 80' lang='lat' dir='ltr'>excrescentias</span> <span class='ocrx_word' id='word_1_914' title='bbox 1853 3054 1861 3069; x_wconf 92' lang='lat'>,</span> <span class='ocrx_word' id='word_1_915' title='bbox 1883 3037 1937 3063; x_wconf 86' lang='lat' dir='ltr'>aut</span> <span class='ocrx_word' id='word_1_916' title='bbox 1968 3030 2193 3067; x_wconf 84' lang='lat' dir='ltr'>excrescentiae</span> 
     </span>
     <span class='ocr_line' id='line_1_118' title="bbox 1183 3071 2192 3118; baseline -0.003 -8"><span class='ocrx_word' id='word_1_917' title='bbox 1183 3078 1353 3118; x_wconf 87' lang='lat' dir='ltr'>reliquias.</span> <span class='ocrx_word' id='word_1_918' title='bbox 1380 3073 1529 3118; x_wconf 80' lang='lat' dir='ltr'>Epistolae</span> <span class='ocrx_word' id='word_1_919' title='bbox 1553 3083 1684 3110; x_wconf 87' lang='lat' dir='ltr'>autem;</span> <span class='ocrx_word' id='word_1_920' title='bbox 1708 3082 1744 3106; x_wconf 92' lang='lat' dir='ltr'>ut</span> <span class='ocrx_word' id='word_1_921' title='bbox 1770 3073 1844 3106; x_wconf 84' lang='lat' dir='ltr'>LII.</span> <span class='ocrx_word' id='word_1_922' title='bbox 1869 3077 1880 3112; x_wconf 90' lang='lat'>(</span> <span class='ocrx_word' id='word_1_923' title='bbox 1903 3071 1923 3104; x_wconf 82' lang='lat' dir='ltr'><em>b</em></span> <span class='ocrx_word' id='word_1_924' title='bbox 1946 3076 1958 3112; x_wconf 87' lang='grc'><strong>)</strong></span> <span class='ocrx_word' id='word_1_925' title='bbox 2003 3077 2156 3110; x_wconf 86' lang='lat' dir='ltr'>omittam</span> <span class='ocrx_word' id='word_1_926' title='bbox 2179 3085 2192 3111; x_wconf 85' lang='lat'>3</span> 
     </span>
     <span class='ocr_line' id='line_1_119' title="bbox 1184 3115 2194 3162; baseline -0.003 -8"><span class='ocrx_word' id='word_1_927' title='bbox 1184 3120 1283 3154; x_wconf 86' lang='lat' dir='ltr'>VIII.</span> <span class='ocrx_word' id='word_1_928' title='bbox 1309 3123 1320 3159; x_wconf 98' lang='lat'>(</span> <span class='ocrx_word' id='word_1_929' title='bbox 1344 3118 1396 3159; x_wconf 87' lang='lat' dir='ltr'>c)</span> <span class='ocrx_word' id='word_1_930' title='bbox 1421 3115 1568 3150; x_wconf 88' lang='lat' dir='ltr'>XXVII.</span> <span class='ocrx_word' id='word_1_931' title='bbox 1595 3120 1606 3156; x_wconf 90' lang='lat'>(</span> <span class='ocrx_word' id='word_1_932' title='bbox 1629 3117 1649 3149; x_wconf 89' lang='lat' dir='ltr'>d</span> <span class='ocrx_word' id='word_1_933' title='bbox 1670 3119 1681 3154; x_wconf 86' lang='lat'><em>)</em></span> <span class='ocrx_word' id='word_1_934' title='bbox 1709 3116 1815 3149; x_wconf 87' lang='lat' dir='ltr'>XLII.</span> <span class='ocrx_word' id='word_1_935' title='bbox 1838 3118 1887 3156; x_wconf 75' lang='lat' dir='ltr'>(e)</span> <span class='ocrx_word' id='word_1_936' title='bbox 1909 3118 1940 3149; x_wconf 75' lang='grc' dir='ltr'>δι</span> <span class='ocrx_word' id='word_1_937' title='bbox 1964 3117 2086 3152; x_wconf 92' lang='lat' dir='ltr'>XLIV.</span> <span class='ocrx_word' id='word_1_938' title='bbox 2109 3117 2194 3162; x_wconf 82' lang='lat' dir='ltr'>(f)</span> 
     </span>
     <span class='ocr_line' id='line_1_120' title="bbox 1182 3160 2192 3205; baseline -0.001 -7"><span class='ocrx_word' id='word_1_939' title='bbox 1182 3163 1319 3205; x_wconf 79' lang='lat' dir='ltr'>majores</span> <span class='ocrx_word' id='word_1_940' title='bbox 1344 3161 1417 3196; x_wconf 91' lang='lat' dir='ltr'>illos</span> <span class='ocrx_word' id='word_1_941' title='bbox 1440 3160 1635 3194; x_wconf 85' lang='lat' dir='ltr'>canaliculos</span> <span class='ocrx_word' id='word_1_942' title='bbox 1658 3169 1711 3193; x_wconf 87' lang='lat' dir='ltr'>aut</span> <span class='ocrx_word' id='word_1_943' title='bbox 1737 3170 1870 3199; x_wconf 87' lang='lat' dir='ltr'>omnes,</span> <span class='ocrx_word' id='word_1_944' title='bbox 1895 3168 1950 3192; x_wconf 83' lang='lat' dir='ltr'>aut</span> <span class='ocrx_word' id='word_1_945' title='bbox 1974 3171 2013 3194; x_wconf 84' lang='lat' dir='ltr'>ex</span> <span class='ocrx_word' id='word_1_946' title='bbox 2036 3163 2192 3201; x_wconf 85' lang='lat' dir='ltr'>partede-</span> 
     </span>
     <span class='ocr_line' id='line_1_121' title="bbox 1181 3202 2191 3246; baseline 0.002 -8"><span class='ocrx_word' id='word_1_947' title='bbox 1181 3209 1285 3245; x_wconf 77' lang='lat' dir='ltr'>letos,</span> <span class='ocrx_word' id='word_1_948' title='bbox 1308 3209 1338 3239; x_wconf 88' lang='lat'>&amp;</span> <span class='ocrx_word' id='word_1_949' title='bbox 1362 3206 1500 3246; x_wconf 88' lang='lat' dir='ltr'>denique</span> <span class='ocrx_word' id='word_1_950' title='bbox 1527 3202 1676 3245; x_wconf 85' lang='lat' dir='ltr'>Epistola</span> <span class='ocrx_word' id='word_1_951' title='bbox 1699 3203 1764 3237; x_wconf 80' lang='lat' dir='ltr'>haec</span> <span class='ocrx_word' id='word_1_952' title='bbox 1789 3204 1903 3236; x_wconf 85' lang='lat' dir='ltr'>ultima</span> <span class='ocrx_word' id='word_1_953' title='bbox 1928 3212 1983 3236; x_wconf 90' lang='lat' dir='ltr'>aut</span> <span class='ocrx_word' id='word_1_954' title='bbox 2008 3205 2073 3238; x_wconf 85' lang='lat' dir='ltr'>alia</span> <span class='ocrx_word' id='word_1_955' title='bbox 2117 3216 2191 3240; x_wconf 88' lang='lat' dir='ltr'>ure-</span> 
     </span>
     <span class='ocr_line' id='line_1_122' title="bbox 1182 3244 2190 3291; baseline -0.009 -5"><span class='ocrx_word' id='word_1_956' title='bbox 1182 3249 1443 3286; x_wconf 80' lang='lat' dir='ltr'>thraelaesionum</span> <span class='ocrx_word' id='word_1_957' title='bbox 1456 3248 1587 3289; x_wconf 80' lang='lat' dir='ltr'>vestigia</span> <span class='ocrx_word' id='word_1_958' title='bbox 1611 3250 1624 3286; x_wconf 90' lang='lat'>(</span> <span class='ocrx_word' id='word_1_959' title='bbox 1644 3257 1666 3289; x_wconf 88' lang='lat' dir='ltr'>g</span> <span class='ocrx_word' id='word_1_960' title='bbox 1686 3250 1723 3287; x_wconf 87' lang='lat'>),</span> <span class='ocrx_word' id='word_1_961' title='bbox 1750 3254 1804 3281; x_wconf 87' lang='lat' dir='ltr'>aut</span> <span class='ocrx_word' id='word_1_962' title='bbox 1827 3244 1929 3287; x_wconf 90' lang='lat' dir='ltr'>ipsam</span> <span class='ocrx_word' id='word_1_963' title='bbox 1955 3257 2019 3289; x_wconf 78' lang='lat' dir='ltr'>qua</span> <span class='ocrx_word' id='word_1_964' title='bbox 2042 3248 2190 3291; x_wconf 78' lang='lat' dir='ltr'>cingitur</span> 
     </span>
     <span class='ocr_line' id='line_1_123' title="bbox 1182 3288 2190 3335; baseline -0.005 -8"><span class='ocrx_word' id='word_1_965' title='bbox 1182 3295 1296 3329; x_wconf 88' lang='lat' dir='ltr'>Littrii</span> <span class='ocrx_word' id='word_1_966' title='bbox 1321 3291 1472 3335; x_wconf 80' lang='lat' dir='ltr'>glandula</span> <span class='ocrx_word' id='word_1_967' title='bbox 1491 3315 1502 3332; x_wconf 89' lang='lat'><em>‚</em></span> <span class='ocrx_word' id='word_1_968' title='bbox 1525 3289 1762 3323; x_wconf 84' lang='lat' dir='ltr'>inflammatam</span> <span class='ocrx_word' id='word_1_969' title='bbox 1786 3293 1800 3330; x_wconf 93' lang='lat'>(</span> <span class='ocrx_word' id='word_1_970' title='bbox 1822 3288 1844 3322; x_wconf 84' lang='lat' dir='ltr'><em>h</em></span> <span class='ocrx_word' id='word_1_971' title='bbox 1864 3292 1901 3329; x_wconf 90' lang='lat'>),</span> <span class='ocrx_word' id='word_1_972' title='bbox 1924 3300 1981 3323; x_wconf 85' lang='lat' dir='ltr'>aut</span> <span class='ocrx_word' id='word_1_973' title='bbox 2030 3289 2190 3335; x_wconf 79' lang='lat' dir='ltr'>Gowperi</span> 
     </span>
     <span class='ocr_line' id='line_1_124' title="bbox 1184 3332 2187 3378; baseline -0.003 -6"><span class='ocrx_word' id='word_1_974' title='bbox 1184 3340 1316 3372; x_wconf 86' lang='lat' dir='ltr'>alteram</span> <span class='ocrx_word' id='word_1_975' title='bbox 1338 3333 1522 3378; x_wconf 81' lang='lat' dir='ltr'>glandulam</span> <span class='ocrx_word' id='word_1_976' title='bbox 1545 3334 1725 3367; x_wconf 82' lang='lat' dir='ltr'>induratam</span> <span class='ocrx_word' id='word_1_977' title='bbox 1746 3335 1808 3373; x_wconf 83' lang='lat' dir='ltr'>(i),</span> <span class='ocrx_word' id='word_1_978' title='bbox 1834 3342 1888 3366; x_wconf 87' lang='lat' dir='ltr'>aut</span> <span class='ocrx_word' id='word_1_979' title='bbox 1912 3332 2079 3376; x_wconf 82' lang='lat' dir='ltr'>strigosam</span> <span class='ocrx_word' id='word_1_980' title='bbox 2100 3335 2187 3377; x_wconf 58' lang='lat' dir='ltr'>(k),</span> 
     </span>
     <span class='ocr_line' id='line_1_125' title="bbox 1186 3374 2192 3420; baseline -0.003 -5"><span class='ocrx_word' id='word_1_981' title='bbox 1186 3390 1240 3415; x_wconf 84' lang='lat' dir='ltr'>aut</span> <span class='ocrx_word' id='word_1_982' title='bbox 1251 3379 1408 3414; x_wconf 67' lang='lat' dir='ltr'>dustuum</span> <span class='ocrx_word' id='word_1_983' title='bbox 1420 3377 1588 3420; x_wconf 85' lang='lat' dir='ltr'>utriusque</span> <span class='ocrx_word' id='word_1_984' title='bbox 1601 3376 1710 3410; x_wconf 77' lang='lat' dir='ltr'>oscula</span> <span class='ocrx_word' id='word_1_985' title='bbox 1723 3387 1785 3409; x_wconf 91' lang='lat' dir='ltr'>non</span> <span class='ocrx_word' id='word_1_986' title='bbox 1801 3377 1882 3410; x_wconf 53' lang='lat' dir='ltr'>rcere</span> <span class='ocrx_word' id='word_1_987' title='bbox 1893 3374 1921 3409; x_wconf 90' lang='lat' dir='ltr'>se</span> <span class='ocrx_word' id='word_1_988' title='bbox 1934 3377 2085 3412; x_wconf 86' lang='lat' dir='ltr'>habentia</span> <span class='ocrx_word' id='word_1_989' title='bbox 2106 3378 2144 3418; x_wconf 85' lang='lat' dir='ltr'>(l</span> <span class='ocrx_word' id='word_1_990' title='bbox 2156 3383 2192 3418; x_wconf 77' lang='lat'>)‚</span> 
     </span>
    </p>
   </div>
   <div class='ocr_carea' id='block_1_18' title="bbox 200 3418 2194 3516">
    <p class='ocr_par' dir='ltr' id='par_1_22' title="bbox 200 3418 2194 3516">
     <span class='ocr_line' id='line_1_126' title="bbox 200 3418 2193 3471; baseline -0.004 -9"><span class='ocrx_word' id='word_1_991' title='bbox 200 3430 215 3468; x_wconf 91' lang='lat'>)</span> <span class='ocrx_word' id='word_1_992' title='bbox 236 3428 368 3462; x_wconf 88' lang='lat' dir='ltr'>dilatari</span> <span class='ocrx_word' id='word_1_993' title='bbox 390 3427 494 3470; x_wconf 85' lang='lat' dir='ltr'>ipsam</span> <span class='ocrx_word' id='word_1_994' title='bbox 516 3428 551 3462; x_wconf 88' lang='lat' dir='ltr'>in</span> <span class='ocrx_word' id='word_1_995' title='bbox 573 3429 783 3471; x_wconf 87' lang='lat' dir='ltr'>aneurysma,</span> <span class='ocrx_word' id='word_1_996' title='bbox 806 3439 860 3463; x_wconf 84' lang='lat' dir='ltr'>aut</span> <span class='ocrx_word' id='word_1_997' title='bbox 885 3427 1041 3470; x_wconf 86' lang='lat' dir='ltr'>Epistolis</span> <span class='ocrx_word' id='word_1_998' title='bbox 1065 3428 1135 3461; x_wconf 83' lang='lat' dir='ltr'>XL.</span> <span class='ocrx_word' id='word_1_999' title='bbox 1189 3433 1243 3458; x_wconf 84' lang='lat' dir='ltr'>aut</span> <span class='ocrx_word' id='word_1_1000' title='bbox 1254 3425 1414 3457; x_wconf 87' lang='lat' dir='ltr'>obcaecata</span> <span class='ocrx_word' id='word_1_1001' title='bbox 1429 3422 1560 3456; x_wconf 84' lang='lat' dir='ltr'>illorum</span> <span class='ocrx_word' id='word_1_1002' title='bbox 1573 3420 1681 3468; x_wconf 70' lang='lat' dir='ltr'>oscula</span> <span class='ocrx_word' id='word_1_1003' title='bbox 1695 3420 1752 3462; x_wconf 84' lang='lat' dir='ltr'>qui</span> <span class='ocrx_word' id='word_1_1004' title='bbox 1764 3418 1867 3468; x_wconf 73' lang='lat' dir='ltr'>semen</span> <span class='ocrx_word' id='word_1_1005' title='bbox 1883 3418 2040 3454; x_wconf 89' lang='lat' dir='ltr'>invehunt</span> <span class='ocrx_word' id='word_1_1006' title='bbox 2051 3421 2123 3464; x_wconf 81' lang='lat' dir='ltr'>(m),</span> <span class='ocrx_word' id='word_1_1007' title='bbox 2135 3432 2193 3458; x_wconf 81' lang='lat' dir='ltr'>aut</span> 
     </span>
     <span class='ocr_line' id='line_1_127' title="bbox 201 3462 2194 3516; baseline -0.005 -9"><span class='ocrx_word' id='word_1_1008' title='bbox 201 3476 216 3514; x_wconf 91' lang='lat'>)</span> <span class='ocrx_word' id='word_1_1009' title='bbox 239 3472 384 3507; x_wconf 85' lang='lat' dir='ltr'>XXVII.</span> <span class='ocrx_word' id='word_1_1010' title='bbox 406 3477 419 3511; x_wconf 86' lang='lat'><strong>(</strong></span> <span class='ocrx_word' id='word_1_1011' title='bbox 441 3472 454 3507; x_wconf 83' lang='lat' dir='ltr'>i</span> <span class='ocrx_word' id='word_1_1012' title='bbox 473 3476 490 3513; x_wconf 89' lang='lat'><em>)</em></span> <span class='ocrx_word' id='word_1_1013' title='bbox 510 3476 542 3506; x_wconf 77' lang='grc' dir='ltr'>δι</span> <span class='ocrx_word' id='word_1_1014' title='bbox 566 3473 665 3507; x_wconf 89' lang='lat' dir='ltr'>LIII.</span> <span class='ocrx_word' id='word_1_1015' title='bbox 689 3477 704 3513; x_wconf 90' lang='lat'><strong>(</strong></span> <span class='ocrx_word' id='word_1_1016' title='bbox 727 3472 780 3516; x_wconf 73' lang='lat' dir='ltr'>k)</span> <span class='ocrx_word' id='word_1_1017' title='bbox 813 3473 1002 3515; x_wconf 85' lang='lat' dir='ltr'>aneurysrna</span> <span class='ocrx_word' id='word_1_1018' title='bbox 1049 3472 1137 3505; x_wconf 87' lang='lat' dir='ltr'>insu·</span> <span class='ocrx_word' id='word_1_1019' title='bbox 1190 3467 1364 3503; x_wconf 86' lang='lat' dir='ltr'>Seminales</span> <span class='ocrx_word' id='word_1_1020' title='bbox 1389 3464 1519 3499; x_wconf 81' lang='lat' dir='ltr'>tandem</span> <span class='ocrx_word' id='word_1_1021' title='bbox 1543 3465 1695 3499; x_wconf 70' lang='lat' dir='ltr'>vesiculas</span> <span class='ocrx_word' id='word_1_1022' title='bbox 1718 3462 1865 3505; x_wconf 81' lang='lat' dir='ltr'>strigosas</span> <span class='ocrx_word' id='word_1_1023' title='bbox 1880 3484 1892 3502; x_wconf 84' lang='lat'>‚</span> <span class='ocrx_word' id='word_1_1024' title='bbox 1914 3462 2100 3498; x_wconf 76' lang='lat' dir='ltr'>&amp;exsuctas</span> <span class='ocrx_word' id='word_1_1025' title='bbox 2124 3466 2194 3510; x_wconf 74' lang='lat' dir='ltr'>(n).</span> 
     </span>
    </p>
   </div>
   <div class='ocr_carea' id='block_1_19' title="bbox 127 3506 2179 3871">
    <p class='ocr_par' dir='ltr' id='par_1_23' title="bbox 127 3506 2179 3871">
     <span class='ocr_line' id='line_1_128' title="bbox 2034 3506 2156 3549; baseline 0.025 -9"><span class='ocrx_word' id='word_1_1026' title='bbox 2034 3516 2067 3549; x_wconf 85' lang='lat'>3.</span> <span class='ocrx_word' id='word_1_1027' title='bbox 2080 3506 2156 3543; x_wconf 90' lang='lat' dir='ltr'>Nec</span> 
     </span>
     <span class='ocr_line' id='line_1_129' title="bbox 127 3594 2179 3622; baseline -0.007 1"><span class='ocrx_word' id='word_1_1028' title='bbox 127 3594 2179 3622; x_wconf 53' lang='lat' dir='ltr'>mma-mm</span> 
     </span>
     <span class='ocr_line' id='line_1_130' title="bbox 192 3671 2045 3715; baseline -0.008 -4"><span class='ocrx_word' id='word_1_1029' title='bbox 192 3686 209 3715; x_wconf 84' lang='lat'>(</span> <span class='ocrx_word' id='word_1_1030' title='bbox 223 3686 234 3710; x_wconf 85' lang='grc' dir='ltr'><strong><em>ι</em></strong></span> <span class='ocrx_word' id='word_1_1031' title='bbox 248 3684 264 3714; x_wconf 85' lang='grc'>)</span> <span class='ocrx_word' id='word_1_1032' title='bbox 280 3683 377 3710; x_wconf 75' lang='lat' dir='ltr'>Adveif.</span> <span class='ocrx_word' id='word_1_1033' title='bbox 391 3685 469 3710; x_wconf 76' lang='lat' dir='ltr'>Anat.</span> <span class='ocrx_word' id='word_1_1034' title='bbox 483 3690 510 3708; x_wconf 75' lang='grc' dir='ltr'>ι.</span> <span class='ocrx_word' id='word_1_1035' title='bbox 526 3682 642 3709; x_wconf 69' lang='grc' dir='ltr'>Αηῐηιιὰ.</span> <span class='ocrx_word' id='word_1_1036' title='bbox 659 3688 697 3713; x_wconf 81' lang='grc' dir='ltr'>ις.</span> <span class='ocrx_word' id='word_1_1037' title='bbox 712 3681 740 3707; x_wconf 89' lang='lat' dir='ltr'>in</span> <span class='ocrx_word' id='word_1_1038' title='bbox 754 3680 797 3707; x_wconf 72' lang='lat' dir='ltr'>fin.</span> <span class='ocrx_word' id='word_1_1039' title='bbox 856 3681 866 3711; x_wconf 85' lang='lat'><strong>(</strong></span> <span class='ocrx_word' id='word_1_1040' title='bbox 882 3689 908 3706; x_wconf 81' lang='lat' dir='ltr'>m</span> <span class='ocrx_word' id='word_1_1041' title='bbox 922 3680 937 3709; x_wconf 83' lang='lat'><strong>)</strong></span> <span class='ocrx_word' id='word_1_1042' title='bbox 952 3681 1006 3705; x_wconf 83' lang='lat' dir='ltr'>Due</span> <span class='ocrx_word' id='word_1_1043' title='bbox 1022 3679 1107 3705; x_wconf 75' lang='lat' dir='ltr'>Relaz.</span> <span class='ocrx_word' id='word_1_1044' title='bbox 1124 3677 1192 3704; x_wconf 78' lang='lat' dir='ltr'>Chir.</span> <span class='ocrx_word' id='word_1_1045' title='bbox 1209 3676 1263 3702; x_wconf 83' lang='lat' dir='ltr'>Vid.</span> <span class='ocrx_word' id='word_1_1046' title='bbox 1280 3676 1300 3702; x_wconf 86' lang='lat'>1.</span> <span class='ocrx_word' id='word_1_1047' title='bbox 1348 3677 1377 3713; x_wconf 52' lang='grc'>,(</span> <span class='ocrx_word' id='word_1_1048' title='bbox 1395 3683 1411 3701; x_wconf 80' lang='lat' dir='ltr'>a</span> <span class='ocrx_word' id='word_1_1049' title='bbox 1426 3676 1441 3706; x_wconf 83' lang='lat'>)</span> <span class='ocrx_word' id='word_1_1050' title='bbox 1457 3683 1483 3701; x_wconf 87' lang='lat' dir='ltr'>n.</span> <span class='ocrx_word' id='word_1_1051' title='bbox 1500 3682 1536 3705; x_wconf 85' lang='lat'>¹4·</span> <span class='ocrx_word' id='word_1_1052' title='bbox 1600 3674 1615 3703; x_wconf 72' lang='grc' dir='ltr'>ζ</span> <span class='ocrx_word' id='word_1_1053' title='bbox 1628 3672 1644 3698; x_wconf 79' lang='lat' dir='ltr'><em>b</em></span> <span class='ocrx_word' id='word_1_1054' title='bbox 1662 3672 1670 3701; x_wconf 89' lang='lat'>)</span> <span class='ocrx_word' id='word_1_1055' title='bbox 1685 3677 1708 3694; x_wconf 80' lang='lat'>¹¹-</span> <span class='ocrx_word' id='word_1_1056' title='bbox 1726 3676 1764 3700; x_wconf 81' lang='lat'>²3-</span> <span class='ocrx_word' id='word_1_1057' title='bbox 1825 3673 1835 3701; x_wconf 86' lang='lat' dir='ltr'>s</span> <span class='ocrx_word' id='word_1_1058' title='bbox 1849 3679 1862 3696; x_wconf 80' lang='lat' dir='ltr'>c</span> <span class='ocrx_word' id='word_1_1059' title='bbox 1875 3671 1890 3699; x_wconf 77' lang='lat'>2</span> <span class='ocrx_word' id='word_1_1060' title='bbox 1905 3677 1931 3697; x_wconf 83' lang='lat' dir='ltr'>n.</span> <span class='ocrx_word' id='word_1_1061' title='bbox 1948 3678 1986 3702; x_wconf 67' lang='lat'>39.</span> <span class='ocrx_word' id='word_1_1062' title='bbox 2000 3678 2045 3703; x_wconf 65' lang='grc' dir='ltr'>«ςσ-</span> 
     </span>
     <span class='ocr_line' id='line_1_131' title="bbox 187 3700 2014 3763; baseline -0.01 -21"><span class='ocrx_word' id='word_1_1063' title='bbox 187 3716 205 3746; x_wconf 83' lang='grc'><strong>(</strong></span> <span class='ocrx_word' id='word_1_1064' title='bbox 223 3716 307 3747; x_wconf 76' lang='lat' dir='ltr'>d)n.</span> <span class='ocrx_word' id='word_1_1065' title='bbox 325 3722 365 3747; x_wconf 81' lang='grc' dir='ltr'>ις.</span> <span class='ocrx_word' id='word_1_1066' title='bbox 423 3716 438 3745; x_wconf 86' lang='grc'>(</span> <span class='ocrx_word' id='word_1_1067' title='bbox 458 3722 470 3740; x_wconf 79' lang='grc' dir='ltr'>ι</span> <span class='ocrx_word' id='word_1_1068' title='bbox 487 3720 496 3743; x_wconf 80' lang='grc'><em>)</em></span> <span class='ocrx_word' id='word_1_1069' title='bbox 512 3721 537 3739; x_wconf 87' lang='lat' dir='ltr'>n.</span> <span class='ocrx_word' id='word_1_1070' title='bbox 556 3722 595 3744; x_wconf 80' lang='lat'>39-</span> <span class='ocrx_word' id='word_1_1071' title='bbox 654 3714 670 3744; x_wconf 81' lang='lat'><strong>(</strong></span> <span class='ocrx_word' id='word_1_1072' title='bbox 686 3711 704 3743; x_wconf 76' lang='lat' dir='ltr'>f</span> <span class='ocrx_word' id='word_1_1073' title='bbox 741 3720 765 3737; x_wconf 85' lang='lat' dir='ltr'>n.</span> <span class='ocrx_word' id='word_1_1074' title='bbox 782 3720 804 3743; x_wconf 77' lang='lat'>3.</span> <span class='ocrx_word' id='word_1_1075' title='bbox 865 3711 910 3742; x_wconf 78' lang='lat' dir='ltr'>(g</span> <span class='ocrx_word' id='word_1_1076' title='bbox 929 3721 938 3741; x_wconf 62' lang='lat' dir='ltr'><em>y</em></span> <span class='ocrx_word' id='word_1_1077' title='bbox 955 3718 1032 3741; x_wconf 44' lang='grc' dir='ltr'>ηας.</span> <span class='ocrx_word' id='word_1_1078' title='bbox 1093 3710 1162 3763; x_wconf 44' lang='lat' dir='ltr'>ibn)</span> <span class='ocrx_word' id='word_1_1079' title='bbox 1179 3715 1263 3762; x_wconf 22' lang='lat' dir='ltr'>n.*29.¹</span> <span class='ocrx_word' id='word_1_1080' title='bbox 1323 3707 1353 3734; x_wconf 78' lang='grc' dir='ltr'>(ι</span> <span class='ocrx_word' id='word_1_1081' title='bbox 1372 3707 1420 3737; x_wconf 61' lang='lat' dir='ltr'>ln.</span> <span class='ocrx_word' id='word_1_1082' title='bbox 1440 3709 1477 3732; x_wconf 77' lang='lat'>28.</span> <span class='ocrx_word' id='word_1_1083' title='bbox 1536 3703 1586 3734; x_wconf 72' lang='lat' dir='ltr'>(k</span> <span class='ocrx_word' id='word_1_1084' title='bbox 1605 3706 1612 3732; x_wconf 83' lang='lat' dir='ltr'>J</span> <span class='ocrx_word' id='word_1_1085' title='bbox 1628 3710 1723 3756; x_wconf 61' lang='lat' dir='ltr'>n&#39;.⁷&#39;8.</span> <span class='ocrx_word' id='word_1_1086' title='bbox 1754 3700 1934 3761; x_wconf 33' lang='lat' dir='ltr'>‘&#39;bg-gf..</span> <span class='ocrx_word' id='word_1_1087' title='bbox 1968 3750 1974 3758; x_wconf 44' lang='grc' dir='ltr'>Ι</span> <span class='ocrx_word' id='word_1_1088' title='bbox 1990 3739 2014 3762; x_wconf 51' lang='grc'>7.</span> 
     </span>
     <span class='ocr_line' id='line_1_132' title="bbox 190 3733 2081 3807; baseline -0.008 -5"><span class='ocrx_word' id='word_1_1089' title='bbox 190 3747 206 3803; x_wconf 74' lang='grc' dir='ltr'>ί(</span> <span class='ocrx_word' id='word_1_1090' title='bbox 220 3746 368 3805; x_wconf 24' lang='lat' dir='ltr'>:zati—125¹</span> <span class='ocrx_word' id='word_1_1091' title='bbox 387 3752 434 3806; x_wconf 55' lang='grc' dir='ltr'>ιι’ζ</span> <span class='ocrx_word' id='word_1_1092' title='bbox 443 3752 494 3805; x_wconf 58' lang='lat'>2⁵⁸)</span> <span class='ocrx_word' id='word_1_1093' title='bbox 508 3748 589 3805; x_wconf 46' lang='grc' dir='ltr'>αξξ.</span> <span class='ocrx_word' id='word_1_1094' title='bbox 603 3745 655 3804; x_wconf 47' lang='grc' dir='ltr'>ἔοι-ι’</span> <span class='ocrx_word' id='word_1_1095' title='bbox 674 3751 714 3803; x_wconf 67' lang='grc' dir='ltr'>ι”(</span> <span class='ocrx_word' id='word_1_1096' title='bbox 730 3781 746 3799; x_wconf 71' lang='lat' dir='ltr'>n</span> <span class='ocrx_word' id='word_1_1097' title='bbox 763 3745 815 3800; x_wconf 47' lang='lat' dir='ltr'>fni</span> <span class='ocrx_word' id='word_1_1098' title='bbox 828 3741 981 3803; x_wconf 52' lang='lat' dir='ltr'>3.nio.²&#39;ig?&#39;</span> <span class='ocrx_word' id='word_1_1099' title='bbox 1022 3741 1201 3807; x_wconf 41' lang='grc' dir='ltr'>((1)),ιιηςφιὲ</span> <span class='ocrx_word' id='word_1_1100' title='bbox 1225 3746 1258 3802; x_wconf 77' lang='lat'>²⁷(</span> <span class='ocrx_word' id='word_1_1101' title='bbox 1274 3775 1294 3797; x_wconf 70' lang='grc' dir='ltr'>ι</span> <span class='ocrx_word' id='word_1_1102' title='bbox 1308 3738 1370 3797; x_wconf 38' lang='lat' dir='ltr'>fn?</span> <span class='ocrx_word' id='word_1_1103' title='bbox 1382 3738 1435 3797; x_wconf 55' lang='lat'>32⁰</span> <span class='ocrx_word' id='word_1_1104' title='bbox 1458 3745 1492 3799; x_wconf 59' lang='grc' dir='ltr'>ῃ(</span> <span class='ocrx_word' id='word_1_1105' title='bbox 1508 3774 1526 3792; x_wconf 80' lang='lat' dir='ltr'>a</span> <span class='ocrx_word' id='word_1_1106' title='bbox 1544 3737 1598 3801; x_wconf 46' lang='lat' dir='ltr'>&gt;fni</span> <span class='ocrx_word' id='word_1_1107' title='bbox 1611 3734 1659 3795; x_wconf 53' lang='grc' dir='ltr'>ἔφη</span> <span class='ocrx_word' id='word_1_1108' title='bbox 1685 3739 1698 3756; x_wconf 64' lang='lat'>²</span> <span class='ocrx_word' id='word_1_1109' title='bbox 1714 3761 1724 3791; x_wconf 83' lang='lat' dir='ltr'>s</span> <span class='ocrx_word' id='word_1_1110' title='bbox 1739 3763 1754 3788; x_wconf 80' lang='lat' dir='ltr'><em>b</em></span> <span class='ocrx_word' id='word_1_1111' title='bbox 1770 3733 1819 3791; x_wconf 75' lang='lat' dir='ltr'>)(n.</span> <span class='ocrx_word' id='word_1_1112' title='bbox 1832 3771 1871 3793; x_wconf 80' lang='lat'>30·</span> <span class='ocrx_word' id='word_1_1113' title='bbox 1910 3741 1974 3795; x_wconf 66' lang='lat'>³(⁵⁶</span> <span class='ocrx_word' id='word_1_1114' title='bbox 1996 3764 2010 3792; x_wconf 74' lang='lat'>3</span> <span class='ocrx_word' id='word_1_1115' title='bbox 2023 3771 2047 3788; x_wconf 89' lang='lat' dir='ltr'>n.</span> <span class='ocrx_word' id='word_1_1116' title='bbox 2063 3766 2081 3799; x_wconf 61' lang='grc' dir='ltr'><em>ᾳ</em></span> 
     </span>
     <span class='ocr_line' id='line_1_133' title="bbox 191 3792 2091 3871; baseline -0.009 -34"><span class='ocrx_word' id='word_1_1117' title='bbox 191 3806 359 3871; x_wconf 34' lang='lat' dir='ltr'>{typhaei</span> <span class='ocrx_word' id='word_1_1118' title='bbox 417 3807 489 3868; x_wconf 42' lang='lat'>52),</span> <span class='ocrx_word' id='word_1_1119' title='bbox 505 3812 646 3863; x_wconf 47' lang='grc' dir='ltr'>ιιιὺἰὲφψο.</span> <span class='ocrx_word' id='word_1_1120' title='bbox 705 3803 852 3835; x_wconf 70' lang='lat' dir='ltr'>(fin-7.</span> <span class='ocrx_word' id='word_1_1121' title='bbox 867 3811 891 3835; x_wconf 73' lang='grc'>9.</span> <span class='ocrx_word' id='word_1_1122' title='bbox 906 3810 946 3831; x_wconf 80' lang='lat' dir='ltr'>u.</span> <span class='ocrx_word' id='word_1_1123' title='bbox 1008 3802 1125 3833; x_wconf 71' lang='grc' dir='ltr'>(εὶιι.</span> <span class='ocrx_word' id='word_1_1124' title='bbox 1139 3808 1219 3832; x_wconf 58' lang='lat'><strong>9-15·</strong></span> <span class='ocrx_word' id='word_1_1125' title='bbox 1278 3801 1295 3830; x_wconf 85' lang='grc'>(</span> <span class='ocrx_word' id='word_1_1126' title='bbox 1311 3799 1330 3842; x_wconf 68' lang='grc' dir='ltr'>(ό</span> <span class='ocrx_word' id='word_1_1127' title='bbox 1344 3800 1358 3829; x_wconf 84' lang='grc'>)</span> <span class='ocrx_word' id='word_1_1128' title='bbox 1373 3806 1401 3824; x_wconf 76' lang='lat' dir='ltr'>n.</span> <span class='ocrx_word' id='word_1_1129' title='bbox 1418 3806 1458 3831; x_wconf 78' lang='grc' dir='ltr'>ις.</span> <span class='ocrx_word' id='word_1_1130' title='bbox 1518 3797 1560 3828; x_wconf 80' lang='lat' dir='ltr'>(c</span> <span class='ocrx_word' id='word_1_1131' title='bbox 1577 3795 1664 3826; x_wconf 78' lang='lat' dir='ltr'>)n-3·</span> <span class='ocrx_word' id='word_1_1132' title='bbox 1725 3794 1770 3826; x_wconf 72' lang='lat' dir='ltr'>&lt;k</span> <span class='ocrx_word' id='word_1_1133' title='bbox 1786 3794 1795 3826; x_wconf 83' lang='lat'><strong><em>)</em></strong></span> <span class='ocrx_word' id='word_1_1134' title='bbox 1810 3801 1839 3820; x_wconf 85' lang='lat' dir='ltr'>n.</span> <span class='ocrx_word' id='word_1_1135' title='bbox 1855 3800 1896 3821; x_wconf 61' lang='grc' dir='ltr'>ιι,</span> <span class='ocrx_word' id='word_1_1136' title='bbox 1955 3792 2091 3825; x_wconf 69' lang='grc' dir='ltr'><strong>ΗΗῑκο</strong></span> 
     </span>
    </p>
   </div>
  </div>
 </body>
</html>
