2498 4075
495 272 647 340 Epist·
686 275 848 329 Anat.
883 272 1096 327 Medica
1131 270 1338 325 XXIV.
1371 270 1490 324 Art.
1528 285 1601 335 ιζ·
1635 272 1692 326 ὅτ
1731 286 1803 335 14.

127 356 251 391 absente
272 354 371 391 etiam
393 355 634 400 palpitatione,
653 351 750 387 docet
774 378 783 393 ,
814 364 870 387 cur
892 352 953 387 sint
986 353 1130 397 aliquan.

127 400 172 434 do
192 409 263 434 turn
287 400 347 441 hi,
369 409 439 437 tum
462 399 512 432 illi
537 396 725 435 arteriarum
748 395 856 439 pulsus
880 408 895 429 a
920 397 1129 440 pulmonibus

127 442 287 487 repetendi
310 455 316 477 :
352 452 416 488 aut!
427 442 563 484 denique
585 439 643 475 ubi
664 442 683 479 (⁸
701 439 755 483 d.)
777 451 905 473 omnem
927 439 966 473 de
990 439 1130 483 pulsibus

126 486 306 520 doetrinam
330 486 480 529 praeclare
498 483 658 527 explicans
677 505 687 521 ,
719 494 813 528 quam
836 484 870 515 in
904 481 1035 525 singulis
1057 483 1129 526 pul-

128 530 220 565 suum
247 529 488 564 discriminibus
508 524 697 569 eonsuluiffe
732 538 796 565 non
818 526 994 570 poenitebit
1022 551 1031 566 .
1065 526 1128 561 hoc

128 572 169 616 de
189 586 256 617 quo
278 574 442 617 loquimur
462 571 633 606 discrimen
656 569 835 609 debilitatis
856 593 869 610 ‚
902 572 932 603 δε
957 571 1130 613 parvitatis

128 621 142 657 (
163 628 179 652 e
200 620 216 660 )
237 628 303 651 non
325 614 425 650 modo
445 615 484 649 ab
504 612 665 655 languidis
695 614 803 647 cordis
824 612 948 647 viribus
968 637 981 653 ,
1013 623 1066 648 aut
1090 613 1130 646 ab

128 660 290 704 sanguinis
321 658 436 700 inopia·
454 680 465 698 ,
500 656 550 691 sed
573 658 670 691 etiam
704 657 744 690 ab
766 656 861 699 auCta
887 655 1057 690 resistentia
1080 664 1130 689 ar-

128 705 284 739 teriarum
313 701 446 736 deducit
473 725 485 742 ,
531 709 660 744 propter
691 711 786 742 quam
826 699 978 744 dilatanti
1021 700 1129 733 cordis

128 748 163 781 vi
193 756 286 780 tanto
317 747 423 780 minus
453 744 567 778 cedant
590 768 604 784 ‚
643 753 767 787 quanto
798 742 903 778 simul
926 743 969 777 ob
999 742 1129 777 eandem

129 790 334 827 resistentiam
368 788 475 822 minus
506 788 666 829 sanguinis
690 785 817 831 possunt
854 785 1024 828 admittere
1046 784 1130 830 (f).

129 835 254 877 Augeri
286 840 391 867 autem
429 830 631 866 resistentiam
654 854 667 871 ‚
708 828 805 869 docet
828 853 838 869 ‚
881 830 962 873 alias,
990 830 1042 864 *ob
1081 830 1132 862 ni-

128 879 227 915 miam
263 874 497 920 plenitudinem
521 896 531 912 ,
573 874 700 909 nullum
733 872 832 912 ferme
867 874 1015 913 ulteriori
1050 872 1134 906 dila-

129 920 250 955 tationi
282 920 390 953 locum
415 942 426 958 ,
457 927 495 954 ut
526 929 626 960 neque
657 916 879 957 constridtioni
903 940 916 956 ,
954 915 1134 959 relinquen·

129 974 194 998 tem
228 975 239 1002 ς
272 962 356 998 unde
390 963 433 996 est
455 986 469 1004 ,
506 970 544 996 ut
589 972 628 994 eo
658 962 692 995 in
724 959 797 994 casu
818 960 860 998 'ea
880 959 1043 993 miffione'2
1066 959 1135 992 san-

127 1007 237 1051 guinis
275 1007 309 1040 &
342 1003 444 1048 major
476 1005 595 1047 pulsus·
615 1003 674 1040 fiat
696 1027 710 1045 ‚
741 1006 773 1037 δε
795 1002 935 1043 validior
943 1013 957 1043 ;
981 1004 1057 1044 alias
1080 1013 1134 1037 au-

127 1060 199 1085 tern
225 1049 270 1084 ob
301 1051 486 1083 arteriarum
519 1048 643 1082 tunicas
663 1070 676 1088 ,
713 1045 752 1081 ab
781 1048 886 1083 nervis
914 1046 1097 1085 contraditas
1119 1069 1133 1087 ,

129 1104 168 1129 ut
205 1095 240 1128 in
283 1091 450 1135 hystericis
479 1091 660 1136 praesertim
695 1087 861 1136 contingit
884 1113 910 1131 ‚⁴
939 1100 1015 1124 cum
1047 1098 1132 1124 arte-

128 1139 193 1171 rias
224 1134 263 1171 ad
293 1138 401 1171 tenuis
441 1134 605 1170 filamenti'
635 1133 769 1178 modum
811 1132 956 1177 redafizas
994 1133 1132 1177 percipi-

127 1192 200 1216 mus
222 1203 235 1221 ,
266 1180 335 1212 imo
358 1183 391 1213 δε
426 1179 534 1221 pulsus
555 1177 652 1212 certis
682 1178 718 1213 in,
753 1177 895 1218 partibus
929 1176 1133 1224 supprimun„¹

127 1234 184 1259 tur
206 1244 216 1261 ‚
250 1222 333 1257 unde
354 1226 370 1262 (
388 1226 445 1266 g)
468 1232 544 1256 tunc
568 1222 632 1255 illae
655 1244 668 1260 ‚
692 1220 825 1264 reliquis
846 1219 1052 1261 calentibus,
1075 1219 1134 1253 fri-

126 1275 221 1311 gent.
243 1267 335 1301 Hinc
356 1265 438 1300 illud
461 1277 588 1309 quoque
611 1264 792 1307 intelligere
815 1274 847 1299 te
872 1263 956 1307 posse
976 1286 985 1301 ,
1006 1261 1101 1301 eredo
1122 1286 1135 1302 ‚

126 1308 295 1354 quomodo
312 1307 483 1352 asphyxiae
503 1308 652 1352 quaedam
664 1332 677 1350 ‚
698 1307 808 1342 breves
830 1307 995 1342 interdurn
1021 1329 1029 1344 ‚
1052 1317 1133 1345 non-

128 1364 292 1397 nunquam
313 1353 441 1395 longae,
466 1355 500 1387 «Sc
523 1351 655 1385 lethales
682 1349 760 1384 fiant
777 1375 790 1391 ,
814 1362 915 1396 neque
939 1353 972 1384 in
996 1349 1134 1392 hysteri-

127 1399 175 1433 eis
196 1396 297 1430 modo
316 1421 329 1438 ,
364 1394 414 1430 sed
437 1398 470 1429 &
493 1397 526 1429 in
549 1396 623 1429 aliis
646 1394 809 1428 nonnullis
831 1420 840 1434 ,
867 1396 904 1428 in
927 1394 1044 1437 quibus
1074 1391 1134 1433 nisi

130 1441 217 1475 forte
240 1440 279 1474 ab
302 1441 429 1481 nervis,
453 1439 537 1473 unde
559 1439 631 1473 illas
652 1447 772 1480 repetas
794 1462 807 1479 ‚
828 1449 893 1472 non
915 1435 1013 1472 facile
1036 1448 1135 1480 appa-

130 1493 210 1524 ret,
238 1484 326 1518 velut
368 1484 402 1517 in
442 1489 478 1517 ea
506 1482 748 1518 Observatione
817 1493 864 1516 uae
909 1480 949 1514 ab
982 1480 1135 1516 Starckio

124 1531 146 1605 ἓ
161 1527 182 1561 h
203 1530 218 1567 )
238 1525 404 1571 proposita
426 1525 489 1560 est.
623 1525 748 1560 Verum
778 1536 795 1559 a
843 1524 963 1559 nostras
996 1523 1062 1567 jam
1085 1534 1134 1556 re-

149 1581 254 1604 eamus
269 1595 277 1603 .

173 1624 223 1658 13,
248 1614 335 1648 VIR
367 1611 564 1648 consistentis
595 1611 727 1652 aetatis,
749 1611 838 1655 eujus
872 1622 919 1645 ars
953 1619 1023 1644 erat
1058 1620 1134 1644 ean-

122 1658 235 1692 nabem
265 1657 442 1690 carminare
464 1677 477 1695 ‚
520 1654 608 1687 venit
641 1654 708 1696 ipse
748 1656 782 1687 in
817 1654 1019 1689 Bononiense
1054 1654 1133 1689 No-

123 1701 304 1736 socomium
336 1700 367 1732 S.
403 1698 519 1732 Mariae
552 1697 592 1731 de
628 1697 738 1731 Morte
773 1700 857 1732 Vere
889 1699 930 1732 A.
970 1708 1065 1741 1705.
1095 1695 1134 1731 de

125 1744 241 1778 dolore
270 1752 404 1786 querens
436 1742 473 1774 in
512 1739 767 1783 hypochondrio
810 1742 976 1775 dextero:
1008 1744 1043 1776 &
1078 1741 1125 1774 sa-

122 1799 162 1821 ne
195 1786 243 1820 ibi
277 1795 386 1820 tumor
408 1807 420 1823 ‚
461 1784 623 1827 tangentis
655 1786 764 1819 manui
796 1786 935 1819 renitens
958 1807 967 1820 ,
1011 1785 1045 1817 in
1081 1783 1127 1827 je-

121 1832 231 1865 cinore
253 1828 312 1862 esse
335 1827 532 1863 videbatur:
566 1826 674 1870 pulsus
708 1836 815 1862 autem
847 1829 1002 1864 minimus
1024 1837 1091 1861 etat
1115 1851 1128 1868 ,

121 1872 353 1910 infirmiffimus,
373 1895 386 1913 ‚
417 1870 685 1915 frequentissimus
707 1895 716 1909 ,
752 1870 848 1915 siquis
882 1871 964 1906 alius
986 1897 996 1913 ,
1030 1882 1127 1916 quem

121 1917 164 1952 ad
194 1928 265 1951 eam
296 1915 394 1959 usque
431 1914 519 1949 diem
550 1912 748 1949 offendissem
781 1939 790 1948 .
828 1916 921 1951 Hora
959 1914 1127 1959 postquam

123 1972 163 1996 eo
193 1968 320 1994 venerat
342 1982 356 2000 ‚
384 1959 517 1992 circiter
543 1966 663 2002 *quarta
695 1957 852 1993 stomachi
875 1982 888 1999 ,
921 1967 957 1994 ut
978 1958 1046 2003 ipse
1070 1969 1128 1990 vo-

121 2003 214 2038 cabat
232 2024 243 2042 ‚
274 2002 389 2038 dolore
421 2010 487 2036 tam
511 2000 622 2035 acerbo
654 2000 826 2046 prehensus
858 2001 901 2036 est
922 2025 935 2042 ‚
957 2012 994 2037 ut
1015 2014 1053 2036 ex
1078 2000 1126 2035 fa-

120 2048 185 2082 ciei
217 2046 338 2090 pallore
376 2069 388 2086 ,
435 2056 469 2079 ac
503 2044 614 2079 sudore
646 2068 659 2086 ,
704 2044 844 2089 pulsibus
873 2044 958 2090 quasi
993 2047 1128 2080 omnino

123 2090 260 2125 abolitis
281 2113 295 2133 ‚
324 2088 532 2133 respiratione
566 2098 672 2128 autem
695 2112 708 2130 ,
752 2090 857 2133 qualis
891 2088 950 2126 esse
986 2091 1020 2124 in
1054 2101 1128 2123 mo-

120 2133 269 2169 ribundis
301 2132 381 2168 solet
405 2154 415 2170 ‚
445 2132 511 2176 jam
534 2131 601 2176 jam
623 2134 802 2168 moriturus
824 2132 986 2168 videretur
1009 2158 1017 2166 .
1044 2135 1128 2168 Eva-

120 2177 161 2213 sit
193 2186 303 2212 tamen
345 2178 553 2220 narravitque
577 2200 591 2219 ,
633 2176 710 2210 alias
741 2188 868 2220 quoque
909 2175 1132 2211 consimilibus

121 2221 327 2266 paroxysmis
357 2218 387 2253 se
417 2217 509 2254 fuisse
540 2228 726 2264 correptum
749 2243 758 2252 .
794 2220 903 2254 Pulsus
935 2220 1056 2253 interea
1091 2219 1131 2254 ad

121 2267 266 2309 priorem
286 2287 301 2305 ‚
339 2273 436 2305 quam
473 2263 572 2306 paulo
612 2272 684 2296 ante
718 2262 941 2306 descripsimus
962 2287 976 2304 ‚
1011 2263 1126 2303 eondi-

126 2310 250 2342 tionem
282 2304 440 2340 redierant
461 2330 469 2338 .
510 2304 667 2340 Postridie
696 2304 844 2341 Medicus
881 2307 1066 2350 sanguinem
1109 2318 1127 2341 e

123 2350 260 2386 brachio
283 2349 375 2383 mitti
406 2347 491 2392 juffit
514 2370 526 2387 ‚
560 2351 594 2383 &
625 2360 659 2383 ea
694 2347 765 2383 dari
787 2373 802 2391 ,
833 2352 867 2384 &
888 2350 928 2383 ad
952 2350 1051 2393 hepar
1075 2362 1130 2394 ap..

126 2395 207 2438 poni
238 2404 310 2438 quae
343 2391 532 2436 plerumque
565 2393 599 2425 in
640 2390 736 2435 hujus
767 2393 953 2427 tumoribus
996 2392 1131 2427 consue-

114 2445 240 2472 verunt
263 2460 271 2468 .
312 2436 426 2469 Paucis
455 2434 525 2478 post
560 2434 672 2469 diebus
710 2447 786 2470 cum
819 2437 848 2470 is
882 2445 994 2471 tumor
1018 2437 1129 2479 paula-

94 2501 103 2517 ‹.
123 2482 187 2515 tim
218 2477 390 2514 evanuisset
412 2501 427 2519 ‚
459 2488 531 2511 ecce
562 2476 657 2511 dolor
689 2479 722 2512 in
754 2477 821 2522 ipsa
853 2479 964 2514 cordis
996 2482 1130 2523 regione

114 2523 246 2567 'aegrum
279 2522 419 2564 corripit
441 2543 454 2560 ,
486 2531 563 2554 cum
594 2521 736 2564 spirandi
770 2522 961 2557 difficultate
993 2523 1130 2566 conjun-

122 2569 192 2602 ἃυς
214 2590 223 2598 .
258 2566 391 2608 Sanguis
429 2565 549 2599 iterum
576 2589 587 2606 ,
626 2564 677 2599 sed
710 2577 802 2609 parce
845 2569 992 2602 mittitur
1017 2580 1027 2599 .·
1072 2569 1130 2612 qui

120 2610 206 2645 lente
236 2633 249 2650 ,
280 2619 336 2643 nec
367 2608 507 2643 multum
547 2632 556 2647 ,
595 2611 762 2643 concrevit
794 2633 804 2644 .
848 2611 927 2644 Inde
962 2610 1132 2654 respiratio

121 2655 228 2688 minus
251 2652 419 2697 aliquanto
442 2650 587 2685 difficilis
611 2650 695 2686 faeta
719 2653 788 2694 est,
812 2654 920 2696 pulsus
943 2664 1053 2689 autem
1074 2657 1131 2690 vix

121 2696 304 2743 pauxillulo
326 2696 434 2730 minus
458 2695 558 2730 malus
581 2719 589 2727 .
623 2697 691 2730 Hic
714 2698 924 2740 proportione
945 2699 983 2732 in
1005 2707 1131 2740 tempo-

123 2741 212 2774 ribus
235 2751 365 2783 quoque
381 2762 396 2781 ,
429 2738 540 2777 eadem
561 2747 629 2772 erat
663 2750 727 2783 qua
748 2741 782 2774 in
805 2743 909 2784 carpis
930 2765 944 2783 ,
974 2742 1131 2785 parvitate

123 2787 157 2818 &
180 2783 347 2818 debilitate
364 2805 379 2824 ,
398 2783 455 2816 vix
477 2791 514 2816 ut
537 2782 584 2816 ibi
608 2783 747 2817 inveniri
769 2783 871 2827 posset
890 2809 900 2819 .
932 2785 1068 2820 Manum
1091 2785 1132 2820 ad

123 2837 179 2861 cor
212 2826 375 2861 admovi:
408 2825 551 2870 pulsabat
589 2826 769 2870 frequentia
812 2828 882 2871 pari
905 2852 919 2869 ,
957 2829 992 2863 vi
1023 2837 1132 2862 tamen

124 2871 279 2904 mediocri
304 2894 313 2904 .
345 2871 428 2904 Eam
449 2879 554 2905 autem
588 2870 802 2913 pulsationem
823 2873 924 2906 etiam
955 2872 1062 2906 multo
1084 2873 1136 2906 in-

125 2913 175 2949 fra
197 2913 306 2948 cordis
328 2914 490 2960 regionem
513 2914 649 2958 produci
675 2936 686 2952 ‚
708 2924 745 2949 ut
770 2916 936 2950 Seniorum
960 2916 1058 2950 alicui
1081 2918 1133 2949 vi-

127 2958 198 2993 sum
219 2967 289 2991 erat
312 2977 323 2994 9
353 2955 410 2991 etsi
431 2958 499 2999 ipse
531 2959 693 3001 percipere
718 2957 793 2992 satis
826 2970 891 2992 non
916 2960 1013 3002 potui
1036 2971 1049 2998 ;
1083 2969 1133 2992 ta-

126 3012 199 3036 men
222 3001 374 3036 haffenus
395 2998 470 3034 sen-si
490 3024 505 3042 ‚
538 3012 573 3036 ut
597 3011 712 3045 praeter
751 3003 970 3037 concretiones
994 3003 1132 3047 polypo-

129 3046 197 3084 sas‚
221 3048 254 3079 &
274 3045 406 3087 copiam
427 3055 515 3087 aquae
538 3046 574 3079 in
596 3044 780 3089 pericardio
799 3068 812 3086 ‚
834 3057 905 3090 quae
928 3057 1057 3081 eramus
1077 3058 1133 3080 an·

127 3099 181 3123 tea
204 3087 378 3132 suspicati,
410 3088 510 3121 austae
532 3090 638 3123 cordis
662 3089 897 3133 magnitudinis
921 3090 1132 3134 suspicionem

122 3130 310 3167 ‚addiderim
324 3156 331 3163 .
358 3132 511 3165 Omnino
531 3144 588 3166 eor
612 3133 755 3167 laborare
776 3133 944 3168 videbatur
964 3147 975 3167 .-
997 3137 1030 3168 &
1051 3136 1133 3167 Car-

128 3176 219 3210 diaca
249 3187 321 3219 quae
356 3185 473 3208 vocant
496 3198 509 3216 ,
541 3177 681 3211 remedia
715 3177 782 3221 ipse
812 3176 979 3221 flagitabat
1017 3188 1101 3220 aeger
1124 3202 1132 3210 .

128 3218 280 3254 Tandem
314 3218 427 3252 octava
449 3242 462 3259 ,
493 3230 532 3254 an
564 3231 646 3255 nona
679 3232 718 3254 ex
753 3232 822 3265 quo
853 3230 979 3254 venerat
1001 3245 1015 3263 ‚
1046 3221 1097 3255 die
1121 3246 1135 3263 ,

129 3264 170 3297 iis
199 3274 272 3307 quae
304 3261 392 3296 dicta
434 3261 536 3309 sunt2
577 3265 779 3298 manentibus
801 3288 815 3305 ‚
855 3275 931 3299 cum
964 3266 1136 3300 excoetum

129 3317 269 3351 pomum
288 3330 301 3347 ‚
331 3306 452 3349 quippe
484 3304 609 3349 deiecto
643 3306 709 3351 jam
745 3310 892 3353 appetitu
913 3332 926 3348 ,
962 3309 1047 3342 forte
1079 3320 1137 3342 co-

129 3348 270 3385 mederet
292 3372 304 3389 ‚
337 3360 373 3383 ac
403 3348 597 3385 transeuntes
630 3351 787 3386 salutasset
809 3376 823 3394 ‚
863 3364 940 3387 mox
973 3361 1100 3396 repente
1123 3378 1135 3394 ,

130 3403 266 3437 pomum
286 3392 393 3428 adhuc
425 3392 461 3427 in
485 3403 580 3427 manu
611 3393 730 3430 habens
745 3419 756 3436 ‚
779 3405 926 3431 mortuus
948 3395 991 3431 est
1016 3410 1024 3430 :
1047 3396 1136 3439 quod

130 3437 201 3472 sane
224 3461 238 3478 ,
270 3446 307 3472 ut
329 3436 412 3470 nosti
435 3459 445 3476 ,
481 3438 522 3471 iis
553 3437 694 3472 accidere
717 3465 728 3481 ,
761 3439 885 3483 scripsit
915 3441 1135 3482 Hippocrates

131 3484 146 3522 (
168 3483 184 3500 '‘
207 3484 222 3521 )
244 3505 257 3523 ,
288 3480 442 3559 quisaepe
464 3503 479 3521 ,
508 3481 550 3515 Θ·
573 3480 769 3517 vehementer
784 3483 851 3526 fine
875 3482 1037 3527 manifesta
1058 3495 1134 3517 cau-

129 3522 167 3567 sa
208 3526 313 3559 animo
366 3525 397 3558 in
419 3531 567 3557 uuntur.
716 3527 1136 3562 CADAVERE

131 3569 273 3603 exterius
296 3567 350 3602 hic
373 3567 397 3600 il
414 3567 445 3600 ie
456 3590 468 3607 ,
489 3566 541 3601 sed
562 3567 644 3602 facie
665 3569 839 3612 praesertim
862 3593 875 3611 ,
897 3570 1028 3611 livido,
1051 3571 1137 3605 Adi-

131 3611 206 3654 posa
229 3621 336 3648 autem
360 3611 542 3646 membrana
566 3611 751 3653 flavescente
773 3613 945 3648 observatis
963 3637 974 3652 ,
1008 3613 1138 3648 Thora-

218 3656 384 3699 Morgagni
394 3656 430 3688 de
441 3656 510 3690 Sed.
525 3655 567 3690 (θ’
576 3655 663 3699 edus.
675 3655 778 3691 Morb.
792 3657 891 3691 Tom.
905 3660 932 3692 Ι.

2017 284 2106 329 251

1177 361 1248 384 cern
1279 350 1461 393 aperuimus
1482 374 1496 391 ‚
1527 352 1560 383 &
1591 347 1631 383 ad
1654 349 1867 391 pericardium
1903 349 2141 391 properavimus
2167 370 2174 377 -

1179 393 1320 427 Plurima
1344 394 1378 426 in
1400 393 1464 427 hoc
1487 391 1552 427 fuit
1575 402 1653 434 aqua
1676 414 1690 432 ‚
1722 397 1818 434 eaque
1841 391 1978 426 subflava
2004 402 2014 423 :
2046 401 2103 424 cor
2126 403 2179 425 au-

1178 446 1246 470 tem
1268 448 1307 470 ex
1331 438 1454 478 magnis
1476 448 1546 478 quae
1569 434 1706 468 viderim
1731 461 1738 473 ,
1770 434 1898 478 ejusque
1931 433 2093 477 pinguedo
2117 434 2180 467 foe-

1177 479 1217 514 da
1239 479 1308 513 visu
1333 503 1341 511 .
1381 479 1547 522 Polyposae
1579 480 1699 523 inerant
1723 479 1941 512 concretiones
1974 487 2036 512 tres
2056 489 2094 511 ex
2124 478 2182 512 fla-

1177 523 1318 557 vescente
1348 521 1434 564 quafi
1466 533 1561 556 muco
1586 545 1595 559 ‚
1626 521 1677 555 sed
1710 533 1775 554 non
1811 522 1856 555 ita
1889 521 2016 561 molli,
2048 532 2182 563 compa-

1177 567 1237 601 &ae
1261 590 1273 605 ‚
1302 567 1442 599 maxima
1464 564 1595 610 quidem
1628 566 1662 597 in
1686 565 1826 599 auricula
1857 563 1984 598 dextera
2005 588 2019 605 ,
2053 566 2086 597 in
2109 570 2184 598 ven-⁴

1176 610 1304 644 triculis
1337 609 1467 653 reliquae
1491 630 1501 646 ‚
1533 620 1573 643 ex
1604 607 1706 651 iisque
1738 611 1836 642 altera
1867 609 1901 641 in
1925 608 2146 641 Pulmonarem
2169 627 2183 645 ‚

1180 655 1276 686 altera
1310 653 1344 685 in
1369 652 1521 695 Magnam
1559 653 1708 686 arteriam
1734 652 1899 695 prodtrstae
1922 674 1935 692 ‚
1967 660 2003 684 ut
2027 652 2112 684 nulla
2146 663 2182 684 o-

1179 697 1292 731 mnino
1314 695 1413 729 suerit
1435 694 1614 729 nostrarum
1638 694 1855 738 suspicionum
1878 717 1892 735 ,
1927 694 2017 735 cujus
2042 695 2183 735 poenite·

1180 748 1229 773 ret
1253 765 1261 773 .
1300 741 1464 774 Ceterum
1487 738 1649 780 sanguinis
1681 741 1794 781 portio
1818 739 1916 772 etiam
1948 738 2055 781 aliqua
2079 748 2147 771 atra
2172 762 2183 777 ,

1181 787 1214 817 &
1238 784 1272 816 in
1304 792 1438 825 grumos
1458 791 1608 816 concreta
1642 781 1707 816 fuit
1732 794 1742 820 ;
1777 781 1827 815 sed
1851 792 1922 823 pars
1953 791 2056 823 major
2089 780 2183 815 instat

1182 838 1272 869 aquae
1293 825 1465 861 diffluens:
1488 837 1560 868 quae
1582 824 1661 860 dum
1682 825 1751 859 vasa
1768 825 1942 868 praesertim
1966 824 2185 859 dissecas-emus

1184 870 1411 910 Pulmonaria,
1434 873 1466 904 δέ
1491 880 1604 912 magna
1620 869 1765 913 reliqua,
1788 868 2088 903 animadvertimus.
2114 868 2187 901 An·

1184 922 1235 945 tea
1268 923 1374 947 autem
1396 912 1523 947 vascula
1554 924 1625 955 quae
1660 924 1714 956 per
1754 913 1945 955 pulmonum
1989 910 2188 953 superficiem

1183 956 1345 991 ducuntur
1368 979 1378 994 ,
1412 965 1478 990 atra
1501 979 1514 997 ,
1547 966 1647 999 neque
1679 955 1758 989 adeo
1790 957 1886 990 exilia
1909 979 1921 996 ,
1966 958 2085 999 quippe
2117 954 2189 989 san-

1183 1000 1279 1042 guine
1311 999 1447 1034 distenta
1470 1021 1479 1036 ‚
1514 1000 1627 1033 intuiti
1663 1010 1787 1034 eramus
1810 1024 1822 1040 ,
1853 998 1980 1033 visceris
2017 998 2190 1033 substantia

1183 1045 1269 1076 inter
1297 1043 1432 1076 illorum
1456 1053 1539 1076 areas
1573 1042 1729 1076 albicante
1752 1067 1766 1083 ,
1796 1043 1818 1076 si
1842 1052 1963 1086 partem
1996 1041 2192 1085 superiorem

1182 1085 1350 1128 utriusque
1372 1086 1535 1129 pulmonis
1558 1086 1720 1128 excipias.-
1741 1098 1812 1129 quae
1835 1088 1925 1129 nigra
1948 1089 2055 1124 intus,
2082 1094 2189 1120 extra-

1183 1141 1244 1173 que
1268 1128 1334 1163 fuit
1357 1153 1369 1170 ‚
1403 1128 1546 1169 praedura
1570 1128 1720 1170 insuper,
1743 1132 1776 1163 &
1800 1141 1839 1163 ex
1860 1141 1921 1173 qua
1944 1129 2071 1163 disse&a
2095 1129 2190 1164 ichor

1185 1172 1326 1217 undique
1349 1171 1505 1206 defluebat
1528 1171 1741 1206 craffiusculus
1763 1195 1775 1211 ,
1808 1172 1918 1206 colore
1940 1183 2035 1216 quem
2069 1172 2194 1207 tabacci

1185 1216 1338 1251 nostrates
1360 1217 1506 1249 vocitant
1530 1239 1537 1247 .
1671 1216 1792 1248 Ventre
1813 1214 1949 1260 denique
1971 1214 2131 1256 reserato,
2154 1225 2192 1251 ut.

1185 1260 1268 1310 quid
1300 1261 1334 1293 in
1357 1257 1610 1302 hypochondrio
1639 1257 1771 1292 dextero
1800 1259 1948 1295 dolorem
1971 1282 1979 1296 ,
2013 1268 2190 1293 tumorem·

1185 1316 1248 1350 que
1279 1301 1398 1337 fecisset
1422 1326 1434 1343 ,
1465 1301 1762 1349 cognosceremus-3
1794 1301 1891 1346 hepar
1921 1303 2094 1339 subdurum
2113 1326 2126 1344 ‚
2157 1306 2191 1337 δε

1185 1349 1333 1388 niinimis
1354 1355 1427 1381 turn
1449 1345 1540 1381 ,albis
1564 1369 1576 1385 ‚
1610 1355 1682 1379 tum
1715 1356 1781 1388 ejus
1805 1358 1902 1390 quem
1938 1347 2038 1382 modo
2060 1346 2187 1381 diceba-

1184 1389 1257 1426 mus
1279 1415 1293 1433 ‚
1324 1391 1446 1425 coloris
1469 1388 1638 1432 particulis
1671 1389 1768 1423 instar
1791 1393 1961 1425 marmoris
1994 1391 2191 1429 variegatam

1184 1436 1304 1479 ubique
1336 1432 1601 1477 deprehendimus
1625 1445 1635 1465 .-
1668 1433 1758 1476 quod
1781 1434 1966 1469 attollentes
1990 1459 2002 1475 ,
2042 1433 2098 1468 etsi
2131 1444 2193 1478 p&

1185 1481 1250 1514 lori
1267 1505 1275 1518 ,
1300 1481 1332 1512 &
1354 1476 1507 1513 Duodeni
1531 1475 1674 1510 intestini
1699 1485 1822 1519 partem
1854 1489 1926 1520 quae
1950 1479 2028 1512 bilis
2050 1477 2194 1512 veficulae

1185 1524 1311 1566 attigua
1334 1518 1458 1559 fuerat,
1482 1520 1650 1554 flaventem
1672 1519 1899 1561 conspeximus
1922 1533 1935 1560 ς
1968 1521 2045 1554 bilis
2066 1530 2196 1562 tamen,

1185 1579 1246 1610 qua
1271 1574 1336 1598 erat
1358 1563 1493 1599 vesicula
1515 1562 1674 1603 distenta,
1697 1565 1730 1596 &
1753 1562 1887 1597 dilatata
1910 1588 1922 1604 ‚
1946 1564 2013 1607 ipsa
2038 1574 2196 1598 atramen-

1186 1619 1257 1644 tum
1281 1608 1434 1643 referebat
1453 1619 1467 1648 ;
1486 1616 1571 1640 certe
1593 1606 1684 1640 illius
1707 1607 1833 1641 tunicas
1855 1609 1992 1642 exterius
2017 1608 2197 1651 nigrescen-

1183 1662 1234 1688 tes
1255 1678 1266 1694 ,
1298 1654 1386 1686 intus
1406 1659 1516 1686 autem
1530 1648 1603 1694 *jam
1625 1648 1754 1693 prorsus
1783 1652 1892 1695 nigras
1915 1650 2016 1686 faustas
2042 1652 2197 1695 spectavi-

1184 1710 1256 1732 mus
1271 1721 1279 1729 .
2177 1726 2181 1729 ,

1222 1752 1270 1785 14.
1297 1740 1383 1774 Fieri
1408 1737 1513 1782 potest
1542 1762 1554 1778 ,
1588 1746 1624 1772 ut
1650 1739 1679 1771 is
1711 1739 1894 1774 tunicarum
1916 1739 2011 1774 color
2043 1740 2150 1776 minus
2174 1752 2192 1773 a

1176 1787 1246 1820 bile·
1265 1781 1339 1818 esset
1366 1809 1373 1823 ,
1405 1794 1503 1826 quam
1527 1794 1543 1815 a
1567 1781 1710 1815 vesiculae
1732 1783 2007 1825 inflammatione,
2032 1795 2102 1827 quae
2126 1783 2193 1827 jam

1179 1831 1219 1864 in,
1238 1838 1442 1870 gangraenam
1467 1822 1677 1867 degenerasset
1702 1838 1713 1857 .·
1744 1827 1834 1869 quod-
1867 1826 1890 1860 fi
1926 1827 1990 1861 suit
2013 1838 2024 1865 3
2059 1826 2158 1862 habes·
2177 1850 2189 1869 ,

1177 1871 1261 1908 unde
1286 1872 1391 1914 magis
1412 1870 1576 1912 intelligas
1599 1869 1723 1902 doloris
1746 1870 1836 1904 illius
1860 1871 1984 1906 causam
2006 1894 2019 1911 ‚
2044 1873 2102 1915 qui
2126 1872 2195 1905 ini-

1179 1919 1230 1950 tio
1255 1912 1540 1960 hypochondrium
1563 1912 1734 1946 dexterum
1755 1914 1887 1957 urgebat
1912 1928 1923 1949 :
1945 1924 2130 1959 quanquam
2154 1915 2195 1949 ab

1178 1960 1248 2003 ipsa*
1278 1958 1424 1992 dilatatae
1446 1956 1588 1991 vesicula:
1619 1955 1825 1991 distrafifione
1847 1958 1996 1992 dolorem
2029 1969 2122 2001 potes
2146 1971 2193 1993 re-

1179 2013 1307 2047 petere,
1334 2001 1375 2036 ab
1398 1998 1565 2042 eademquE
1590 1999 1782 2034 dilmtione
1804 2023 1814 2040 ‚
1846 2013 1917 2045 quae
1940 2001 2069 2036 fortasse
2093 2001 2198 2046 major

1179 2058 1260 2082 tunc·
1282 2045 1386 2081 suerat
1411 2071 1420 2086 ‚
1455 2054 1511 2079 aut
1534 2055 1609 2080 cum
1644 2043 1775 2080 flatibus
1800 2045 1839 2079 in*
1867 2044 2010 2089 subjetflzo
2045 2047 2201 2081 intestino

1177 2090 1351 2134 conjuneca
1371 2114 1383 2131 ‚
1416 2098 1577 2124 tumorem
1602 2089 1722 2132 pariter
1768 2090 1800 2123 ui
1834 2097 1910 2123 tunc
1934 2089 1964 2124 se
1987 2089 2161 2126 ostenderat
2185 2116 2198 2125 .

1312 2132 1487 2176 Quidquid
1510 2142 1615 2167 autem
1640 2133 1716 2165 vitii
1757 2134 1806 2168 uit
1829 2133 1864 2166 in
1878 2132 2039 2177 superiore
2063 2135 2197 2177 pulmo·-

1181 2189 1263 2212 nun-1v
1282 2187 1370 2220 parte
1388 2201 1401 2219 ,
1437 2178 1608 2220 antiquum
1630 2174 1723 2211 fuisse
1746 2200 1759 2217 ,
1792 2176 1899 2211 credes
1922 2201 1936 2218 ‚
1969 2178 2147 2220 praesertim
2170 2178 2194 2212 si

1180 2233 1253 2265 quae
1273 2231 1323 2253 ars
1346 2221 1494 2256 hominis
1516 2219 1616 2255 fuerit
1635 2244 1646 2260 ,
1678 2222 1712 2253 δε
1734 2220 1814 2263 quid
1837 2231 1876 2254 ex
1898 2232 1934 2254 ea
1957 2222 1992 2254 in
2025 2221 2126 2262 alio<
2148 2222 2162 2256 ἱ
2182 2226 2200 2261 )

1182 2264 1359 2300 viderimus
1386 2287 1400 2306 ‚
1433 2267 1468 2298 &
1489 2264 1748 2298 adnotaverimus
1769 2286 1783 2304 ,
1815 2264 1921 2298 veniat
1954 2265 1989 2297 in
2020 2275 2197 2300 mentem.

1312 2309 1423 2352 Itaque
1445 2306 1471 2340 si
1492 2306 1668 2351 polyposas
1687 2307 1908 2341 concretiones
1931 2308 2025 2345 illas,
2049 2317 2085 2343 ut
2109 2320 2197 2344 nunc·

1178 2350 1401 2386 consuevimus
1415 2375 1424 2389 ‚
1449 2362 1505 2384 nec
1529 2350 1651 2393 injuria
1669 2375 1685 2392 ,
1716 2350 1818 2385 facere
1828 2375 1842 2393 ,
1866 2351 1995 2395 seponas
2004 2363 2018 2392 ;
2038 2351 2105 2387 duo
2127 2353 2200 2388 haec

1179 2394 1342 2430 restabunt
1353 2419 1366 2436 ‚
1389 2396 1529 2438 plurima
1552 2395 1589 2428 in
1610 2394 1790 2438 pericardio
1813 2407 1892 2438 aqua
1915 2418 1926 2434 ‚
1950 2399 1983 2429 &
2008 2396 2099 2430 austa
2122 2408 2196 2430 cor-

1179 2437 1230 2472 dis
1256 2440 1452 2482 magnitudo
1473 2462 1486 2479 ‚
1522 2437 1604 2472 unde
1626 2438 1755 2481 pulsus,
1778 2440 1886 2482 quales
1908 2438 2061 2481 descripti
2087 2438 2159 2474 sunt
2182 2463 2196 2481 ,

1180 2491 1321 2524 repetas,
1348 2486 1379 2516 δε
1402 2494 1435 2515 ea
1458 2493 1530 2525 quae
1552 2492 1609 2515 cor
1631 2493 1685 2525 per
1708 2482 1877 2518 intervalla
1901 2481 2090 2528 affligebant
2102 2504 2114 2524 ‚
2138 2487 2170 2517 &
2183 2507 2196 2525 2

1181 2525 1269 2568 quod
1302 2525 1510 2568 consequitur
1540 2548 1552 2565 ‚
1583 2525 1825 2569 respirationem
1859 2527 2032 2563 turbabant
2053 2554 2063 2563 ο

1182 2568 1286 2612 Qod
1310 2567 1348 2601 ad
1372 2579 1488 2612 aquam
1512 2568 1602 2602 illam
1628 2570 1767 2610 attinet3
1790 2582 1854 2606 non
1879 2581 2007 2608 tantu-m
2032 2575 2194 2619 inSepul-

1182 2610 1299 2646 chreto
1322 2611 1592 2647 Observationem
1614 2614 1708 2648 XVI.
1732 2614 1832 2649 habes
1854 2618 2014 2653 Seffionis
2037 2617 2101 2652 h-uc
2124 2630 2197 2663 per-1

1182 2657 1339 2693 tinentis,
1364 2657 1398 2689 in
1421 2667 1485 2700 qua
1508 2657 1744 2691 Observatione
1767 2684 1775 2699 ,
1813 2659 1868 2694 etsi
1891 2661 1955 2695 alia
1978 2688 1988 2702 ,
2021 2664 2053 2696 ὃ(
2085 2664 2194 2705 magni

1181 2699 1315 2742 quidem
1339 2700 1521 2740 momenti,
1545 2702 1602 2736 ubi
1626 2700 1726 2735 fusius
1748 2704 1946 2746 proponitur
1969 2709 1983 2745 (
2005 2704 2026 2747 l<
2040 2706 2058 2748 )
2077 2728 2086 2743 ,
2110 2707 2194 2749 leges

1181 2745 1217 2776 in
1240 2742 1373 2778 thorace
1395 2743 1585 2787 deprehensa
1603 2769 1616 2786 ‚
1650 2754 1758 2779 tamen
1782 2758 1799 2779 a
1821 2748 2001 2790 pericardio
2021 2760 2100 2792 aqna
2147 2751 2195 2783 le-

1182 2797 1226 2821 no
1244 2810 1257 2828 ,
1280 2786 1387 2831 pulsus
1411 2787 1583 2823 formicans
1612 2787 1784 2823 deducitur
1807 2802 1820 2829 i
1851 2790 1902 2824 sed
1925 2794 1957 2825 ἃς
1990 2793 2023 2825 in
2047 2761 2195 2836 Epis-iola

1184 2830 1225 2865 ad
1258 2840 1289 2864 te
1312 2831 1419 2864 nostra
1441 2833 1536 2866 XVI.
1560 2832 1651 2875 plura,
1683 2833 1830 2866 invenies
1849 2846 1921 2877 quae
1950 2837 2120 2869 convenire
2143 2839 2194 2870 vi-

1184 2874 1342 2916 deantur,
1365 2885 1402 2909 ut
1425 2875 1459 2908 in
1485 2877 1569 2909 Viro
1589 2879 1604 2915 (
1624 2875 1637 2909 l
1656 2879 1691 2915 ),
1716 2877 1770 2910 cui
1796 2878 1903 2919 pulsus
1919 2876 2060 2921 debilis,
2082 2879 2192 2915 humi-

1185 2918 1287 2962 lisque
1310 2943 1323 2960 ‚
1357 2918 1449 2953 fuisse
1482 2918 1692 2961 pericardium
1724 2931 1802 2962 aqua
1835 2920 2011 2957 distentum
2035 2949 2045 2964 ‚
2086 2932 2124 2959 ut
2156 2926 2192 2958 in

1185 2963 1287 2996 Puero
1305 2986 1318 3003 ‚
1348 2964 1381 2995 δι’
1404 2963 1488 2996 Viro
1510 2965 1524 3001 (
1546 2973 1579 2995 m
1602 2966 1612 3001 )
1637 2974 1718 3005 quos
1741 2962 1944 2999 Vieussenius
1966 2966 2065 3001 secuit
2081 2991 2095 3009 ,
2128 2967 2192 3002 hoc

1183 3005 1299 3039 morbo
1323 3005 1542 3039 laborantibus
1565 3005 1689 3048 pulsum
1714 3005 1805 3041 fuisse
1827 3007 1965 3044 debilem
1988 3035 2001 3052 ,
2033 3022 2165 3055 parvum
2182 3038 2193 3054 ,

1183 3048 1383 3092 frequentem
1406 3072 1418 3089 ‚
1449 3049 1585 3092 denique
1607 3071 1619 3089 ,
1652 3058 1689 3085 ut
1713 3052 1746 3084 in
1770 3050 1908 3086 dissestis
1930 3057 1945 3094 (
1967 3065 1988 3088 n
2008 3058 2023 3095 )
2047 3054 2087 3088 ab
2108 3056 2193 3090 Die-

1184 3091 1433 3139 merbroeckio,
1455 3092 1647 3135 languidum
1659 3117 1674 3136 ,
1696 3094 1906 3137 probantibus
1929 3098 1986 3141 qui
2011 3098 2049 3132 ab
2071 3110 2104 3132 ea
2127 3101 2193 3133 cir-

1184 3136 1351 3179 cumjeffie
1375 3147 1467 3179 aquae
1487 3138 1583 3178 copia
1607 3137 1705 3172 fibras
1726 3138 1837 3173 cordis
1858 3140 1959 3174 laxari
1984 3165 1997 3181 ‚
2029 3153 2095 3175 non·
2129 3143 2188 3178 du-

1184 3181 1292 3215 bitant
1317 3193 1326 3212 .·
1361 3190 1461 3222 neque
1483 3180 1564 3214 illud
1588 3181 1708 3216 obstare
1730 3182 1937 3217 arbitraberis
1961 3207 1970 3222 ,
1994 3185 2085 3228 quod
2105 3185 2191 3220 idem

1184 3224 1313 3258 Auster
1335 3221 1463 3266 pulsum
1496 3232 1572 3257 tunc
1594 3223 1687 3259 simul
1716 3228 1870 3260 rariorem
1892 3228 2049 3261 invenerit
2071 3252 2083 3269 ,
2115 3240 2192 3264 cum

1187 3269 1226 3300 ab
1257 3275 1339 3310 aqua
1372 3267 1437 3298 acri
1461 3290 1474 3307 ,
1505 3268 1633 3310 qualem
1662 3271 1698 3303 in
1731 3271 1817 3303 Viro
1850 3270 1889 3303 de
1920 3282 1988 3313 quo
2033 3274 2191 3315 agimus,

1188 3310 1311 3345 flavedo
1342 3309 1505 3344 indicabat
1528 3334 1541 3352 ,
1583 3313 1706 3346 irritari
1750 3324 1806 3346 cor
1847 3312 2004 3349 fateretur
2039 3318 2191 3351 Diemer-

1187 3353 1363 3388 broeckins
1381 3378 1394 3395 ‚
1427 3353 1509 3388 unde
1532 3352 1589 3388 esse
1623 3355 1726 3399 potest
1749 3355 1857 3399 pulsus
1889 3356 2070 3401 frequentia
2094 3385 2101 3392 .
2136 3359 2192 3395 Ad

1185 3397 1258 3431 illas
1280 3397 1358 3432 adde
1379 3397 1543 3431 Albertini
1573 3402 1587 3438 (
1610 3402 1662 3439 o)
1693 3411 1770 3442 quas
1794 3400 1871 3433 alibi
1902 3412 2031 3445 quoque
2064 3402 2194 3437 indica-

1185 3443 1291 3475 vimus
1313 3465 1325 3481 ,
1359 3442 1612 3476 Observationes
1639 3466 1651 3482 ‚
1693 3444 1801 3485 pulsus
1834 3442 2011 3488 frequentes
2042 3457 2077 3479 ac
2121 3459 2193 3491 par-

1185 3495 1244 3518 vos
1265 3508 1278 3526 ‚
1310 3486 1387 3527 quin
1420 3486 1520 3519 etiam
1537 3487 1649 3533 exiles
1672 3508 1681 3524 ,
1716 3487 1880 3521 celeriores
1902 3509 1913 3525 ‚
1948 3487 2192 3535 deficientesque

1187 3539 1248 3571 pro
1281 3529 1438 3568 minori,
1479 3531 1658 3573 majorique
1691 3531 1726 3562 in
1763 3530 1947 3574 pericardio
1986 3544 2076 3577 aquae
2096 3538 2192 3579 copia

1189 3573 1399 3606 memorantis
1422 3595 1430 3604 .
1476 3573 1574 3605 Ponit
1617 3572 1749 3616 quidem
1783 3585 1899 3619 parvos
1919 3598 1930 3615 ,
1976 3579 2009 3611 δε
2045 3575 2194 3622 frequen-

1187 3617 1288 3650 tiores
1310 3640 1321 3656 ,
1366 3614 1419 3650 sed
1449 3615 1575 3651 eosdem
1606 3617 1753 3652 vibratos
1776 3643 1786 3660 ,
1818 3620 1851 3652 δε
1883 3618 1988 3654 tensos
2021 3620 2076 3655 ubi
2115 3635 2195 3666 aqua

1712 3663 1728 3694 I
1753 3662 1765 3694 i
1810 3672 1828 3694 2
2064 3665 2158 3700 velli-

128 3742 2208 3770 ———-—-—-——-——--—-——-————-—-———d÷———-—-————-——-———.-.——

193 3827 208 3856 ί
253 3828 362 3863 )eh37.
422 3826 579 3858 (o)n·7.
637 3827 783 3860 (J)n-5·

191 3857 207 3886 (
222 3866 232 3881 ι
248 3858 262 3886 )
279 3859 352 3887 Epist.
371 3867 396 3889 7.
412 3867 437 3884 n.
456 3866 492 3889 13-
510 3860 532 3882 ἃ
549 3865 586 3888 14-
648 3860 663 3889 (
679 3859 695 3885 k
711 3860 726 3888 )
740 3860 757 3884 l.
774 3867 796 3885 ².
813 3861 838 3885 S.
857 3867 877 3885 ι.
893 3861 952 3886 Obs.
969 3863 1008 3886 88.

196 3887 211 3916 (
254 3887 269 3917 )
283 3890 424 3915 comment.
440 3890 470 3915 de
485 3891 581 3915 Botion.
598 3890 638 3915 Se,
654 3892 729 3916 Aead.
747 3893 822 3917 Tom.
841 3898 865 3917 ι.
878 3891 904 3917 in
919 3891 1010 3922 opusc.

843 3830 1098 3861 (g)eh.q.n.(.

1159 3831 1175 3862 c
1188 3833 1205 3857 ι,
1219 3833 1235 3862 )
1249 3834 1312 3865 Eph.
1330 3836 1363 3858 n.
1381 3834 1410 3858 c,
1426 3835 1485 3859 nee.
1501 3839 1524 3865 3.
1539 3835 1572 3860 Α.
1589 3825 1626 3858 io.
1644 3833 1703 3859 obt.
1723 3841 1778 3865 ωε

1071 3862 1086 3892 (
1100 3863 1110 3886 l
1124 3861 1139 3891 )
1154 3870 1182 3888 n.
1196 3872 1237 3894 4⁰·

1838 3834 1847 3865 s
1864 3835 1881 3850 *‘
1894 3836 1909 3865 )
1926 3838 1948 3862 S.
1966 3844 1988 3862 z.
2009 3836 2072 3866 nph.
2091 3843 2131 3866 4¹·

1298 3865 1476 3894 (runnu.
1537 3864 1699 3895 (mmm.
