2498 4075
341 218 443 258 gnovi
467 215 508 246 A.
534 222 627 255 1730.
654 209 850 254 Mercatoris
871 218 953 243 uxor
974 220 1074 242 annos
1107 221 1182 244 nata
1215 213 1344 248 circiter

342 257 589 300 undetriginta,
616 267 631 287 a
654 255 797 286 triennio
822 253 919 286 ferme
943 253 1018 285 loco
1041 253 1110 286 vini
1146 266 1260 296 aquam
1293 254 1344 287 bi..

341 301 420 335 bens
437 324 445 338 ‚
470 310 544 333 cum
569 297 606 331 ad
632 297 816 338 legitimum
838 295 1002 338 quinfiae,
1025 306 1062 328 an
1086 295 1182 331 sextae
1193 299 1344 341 gestatio-

341 346 394 378 nis
418 344 500 377 uteri
526 343 701 375 terminum
726 351 791 373 non
817 338 990 372 infeliciter
1015 338 1202 381 pervenisset
1229 365 1242 382 ‚
1272 351 1345 374 tan-

342 397 411 421 tam
435 395 589 429 aquarum
612 385 679 414 vim
703 393 770 416 uno
795 392 890 425 atque
913 380 1023 415 eodem
1048 392 1194 424 tempore
1216 396 1232 417 e
1255 387 1346 426 geni-

343 431 462 465 talibus
486 425 654 470 profudit,
683 436 718 459 ut
742 436 853 459 omnes
877 425 1072 458 mirarentur
1095 439 1104 463 3
1149 438 1213 460 non
1247 428 1312 471 ipsa
1337 453 1345 462 .

341 474 469 509 Sciebat
494 472 600 506 enim,
626 469 655 502 se
680 469 784 502 multo
809 468 878 508 plus
902 479 991 510 aquae
1014 468 1127 503 bibisse
1150 470 1184 502 in
1208 470 1267 505 hac
1290 482 1346 514 ge»

343 518 479 550 statione
497 536 506 552 ,
528 523 663 555 eamque
685 523 741 554 per
766 514 866 545 urinae
890 512 959 543 vias
985 512 1087 545 mense
1109 512 1230 547 ultimo
1275 526 1345 557 par-

340 562 410 594 cius
433 570 531 600 quam
555 556 701 594 solebat,
727 552 900 596 prodiisse.
927 553 1012 588 Illud
1033 555 1240 600 xmirabatur,
1272 569 1346 592 cum

342 604 419 637 alias
444 611 599 644 aquarum
624 598 810 633 effusionem
837 597 956 639 semper
981 598 1122 632 infantes
1147 599 1230 636 ,suis
1272 613 1347 635 cum

342 647 494 680 Secundis
519 645 609 677 illico
634 643 733 676 secuti
756 641 853 675 essent
870 665 880 682 ,
903 641 1075 684 partusque
1111 641 1241 676 fuissent
1274 643 1348 677 seli-

340 688 474 729 ciffirni‚
499 684 621 721 tametsi
645 687 693 719 illi
717 696 829 718 omnes
856 686 939 718 intra
963 684 1054 718 diem
1085 687 1347 727 quinorumdeci-

343 744 434 766 mum
479 732 588 765 vivere
633 728 818 768 definient,-
845 728 1048 768 mirabatur‚
1083 729 1238 772 inquam,
1262 741 1348 766 nunc

341 775 414 819 post
439 786 533 817 aquas
557 771 704 816 profusas
729 772 831 811 pridie
856 771 912 805 sub
936 782 1106 809 auroram,
1130 775 1188 815 qui
1201 773 1267 807 dies
1281 773 1350 808 fue-

341 829 391 852 rat
417 819 494 852 XII.
520 816 682 850 Kalendas
707 815 823 848 Martii
845 839 854 854 ,
902 815 1040 848 alterurn
1083 815 1148 857 jam
1193 816 1351 851 adveniffe

340 864 428 897 diem
444 886 453 900 ‚
479 871 580 902 neque
607 868 720 900 praeter
745 870 882 900 aqueum
905 860 964 901 qui
986 857 1143 893 destillare
1166 861 1318 904 pergebat
1342 887 1351 902 ‚

341 908 534 941 humorem,
556 903 736 946 quidquam
760 899 892 939 exiisse,
916 912 990 934 cum
1014 914 1086 934 ecce
1110 903 1222 937 eodem
1257 915 1349 938 mane

340 949 434 983 simul
464 958 538 981 cum
571 959 611 980 eo
644 944 779 983 humore
812 947 915 988 coepit
947 947 1133 980 meconium
1175 947 1344 982 defluere,

342 990 569 1036 Qmobrem
593 990 667 1035 poss
688 987 858 1022 meridiem
883 989 921 1023 ad
947 1001 996 1022 me
1020 999 1153 1036 ventum
1185 991 1230 1024 est
1255 1015 1264 1030 ,
1311 1003 1346 1025 ut

341 1038 503 1075 invisere,
527 1036 559 1066 &
583 1032 715 1067 connlia
741 1030 888 1066 conferre
909 1044 984 1067 cum
1008 1044 1076 1075 ejus
1099 1034 1236 1068 Medico
1280 1047 1344 1068 non

337 1090 506 1124 gravarer.
533 1079 642 1119 Qem
666 1087 741 1109 cum
766 1075 954 1110 audivissem
977 1089 1012 1109 ea
1036 1076 1159 1116 facere,
1194 1081 1226 1110 ὃς
1269 1078 1343 1112 dare

338 1125 561 1169 cogitantem,
587 1119 670 1154 unde
695 1121 800 1155 uteri,
823 1121 878 1163 qui
893 1121 1168 1162 conquieverant,
1192 1121 1340 1159 dolores,

338 1165 537 1208 conatusque
563 1164 747 1198 restitutum
771 1164 834 1201 iri,
862 1163 1020 1206 sperarem
1053 1175 1112 1205 ego
1146 1175 1226 1197 vero
1244 1190 1253 1204 ‚
1286 1167 1343 1198 in-

337 1221 434 1254 quam
453 1235 462 1249 ‚
487 1209 628 1252 primum
651 1208 799 1240 omnium
831 1206 1040 1248 quaerendum
1087 1206 1229 1241 arbitror
1253 1228 1263 1244 ‚
1309 1220 1349 1242 an

339 1256 442 1289 foetus
466 1265 500 1285 ea
525 1251 627 1293 figura
654 1249 691 1282 sit
722 1249 900 1291 dispositus
933 1261 1004 1296 quae
1045 1249 1218 1283 secundum
1254 1261 1348 1285 natu-

335 1309 406 1333 ram
431 1296 628 1338 requiritur,
654 1304 669 1325 a
694 1304 779 1335 qua,
805 1293 827 1325 si
854 1293 948 1325 vivus
971 1293 1010 1326 ht
1027 1319 1035 1333 ,
1061 1304 1100 1327 ne
1134 1293 1217 1327 abfit
1236 1317 1249 1334 ,
1295 1306 1346 1327 ve.

337 1353 412 1375 reor
445 1363 455 1377 ,
504 1349 599 1380 atque
631 1359 643 1376 ,
689 1346 725 1370 ut
772 1334 812 1369 fic
858 1347 969 1369 verear
1001 1359 1011 1374 ‚
1059 1338 1198 1370 meconii
1244 1340 1348 1371 exitus

337 1385 417 1420 facit
443 1407 450 1415 .
500 1381 562 1416 Sed
584 1380 663 1424 quid
688 1382 734 1414 ait
758 1379 914 1413 obstetrix
938 1383 948 1412 ?
994 1380 1052 1413 Illa
1088 1391 1165 1413 vero
1188 1402 1197 1417 ,
1235 1381 1346 1423 ajunt,

339 1431 374 1464 in
422 1425 640 1461 transversum
686 1424 831 1457 locatum
887 1424 1012 1458 censuit
1045 1446 1053 1461 ,
1104 1434 1263 1466 quantum
1308 1437 1347 1459 ex

343 1472 486 1508 materni
532 1468 716 1502 abdominis
762 1468 1023 1510 contrectatione
1069 1472 1180 1509 potuit
1222 1468 1347 1502 rexisti-

339 1527 457 1551 mare:
503 1514 629 1546 Vivum
665 1520 773 1544 autem
796 1509 856 1544 esse
879 1534 888 1549 ,
927 1521 1027 1544 mater
1074 1522 1136 1544 non
1184 1511 1316 1545 dubitat
1340 1535 1349 1550 ‚

339 1572 412 1603 quae
438 1558 618 1600 vagientem
646 1553 705 1587 fibi
729 1553 861 1589 videtur
873 1554 1048 1588 audivisse.
1075 1554 1251 1589 Mittamus
1267 1556 1351 1596 hoc,

336 1606 471 1647 inquam
487 1625 496 1640 ,
524 1600 612 1643 quod
637 1600 799 1631 incertum
823 1599 890 1638 est,
911 1599 950 1631 de
973 1599 1107 1640 vagitu.
1148 1599 1233 1632 Illud
1275 1611 1351 1634 vero

335 1647 425 1691 quod
449 1646 638 1688 opinionem
662 1640 870 1676 confirmaret
895 1653 1023 1679 meam3
1049 1641 1186 1675 obverso
1211 1644 1296 1675 enim
1313 1644 1351 1677 ad

338 1693 491 1734 vaginam
516 1687 632 1730 podice
652 1711 660 1725 ‚
684 1687 715 1717 &
742 1686 964 1728 adjacentibus
987 1685 1096 1726 podici
1123 1687 1269 1726 partibus
1287 1685 1351 1719 sor.

335 1745 370 1770 te
390 1730 572 1776 compressis
587 1753 597 1770 ,
619 1730 729 1770 potuit
753 1731 851 1762 etiam
877 1728 1015 1762 necdum
1041 1728 1211 1769 respiranti
1238 1730 1352 1763 stercus

336 1779 502 1822 exprimi;
525 1785 581 1807 cur
605 1772 764 1806 obstetrix
787 1770 930 1805 immiffis
953 1772 1067 1813 digitis
1101 1783 1164 1804 non
1198 1784 1352 1815 compro-

343 1820 462 1857 bavit?
484 1818 608 1853 Mulier
631 1817 716 1849 enim
731 1838 741 1853 ‚
764 1817 920 1859 inquiunt
940 1841 949 1856 ‚
973 1815 1002 1849 se
1027 1813 1351 1857 passuramidperne-

343 1875 419 1910 gat.
446 1865 519 1906 Ego
545 1872 643 1894 vero:
666 1859 746 1901 quid
773 1860 792 1892 si
818 1871 900 1901 opus
924 1859 1006 1899 esse,
1031 1860 1139 1892 dicam
1162 1883 1174 1900 ‚
1219 1871 1350 1894 manum

342 1913 377 1944 in
402 1918 531 1942 uterum
555 1906 710 1941 inserere,
734 1901 941 1946 foetumque,
967 1902 988 1935 fi
1015 1912 1189 1943 oporteat,
1214 1904 1247 1936 in
1284 1914 1352 1935 rne-

341 1955 458 1987 lioiem
483 1951 621 1992 figuram
643 1946 835 1981 conversum
850 1970 858 1985 ,
881 1945 1069 1980 extrahere.
1097 1947 1198 1988 Qod
1225 1949 1247 1980 si
1263 1947 1350 1980 illius

336 1998 462 2033 animus
487 2005 572 2027 nunc
597 1992 682 2026 flecti
708 2002 773 2024 non
799 1988 925 2030 potest,
950 1989 991 2022 sic
1014 1988 1153 2029 habete-3
1187 1990 1246 2024 nifi
1296 2000 1350 2023 aut

336 2040 497 2074 obstetrix
520 2037 649 2077 decepta
673 2034 711 2068 sit
727 2055 737 2071 ‚
761 2044 814 2067 aut
840 2033 944 2075 figura
968 2044 1068 2075 quarn
1091 2034 1201 2074 dixit,
1227 2035 1259 2066 in
1286 2045 1352 2066 me-

337 2085 455 2118 liorem
482 2090 646 2116 mutetur.
672 2077 736 2111 sine
759 2076 919 2118 Chirurgi
944 2076 1074 2111 tandem
1090 2089 1213 2118 opera,
1237 2077 1286 2110 sed
1300 2078 1351 2109 ni-

337 2130 398 2161 mis
426 2127 489 2160 sera
526 2122 654 2158 fortasse
677 2145 687 2160 ,
724 2133 789 2154 non
821 2118 880 2154 esse
912 2120 1070 2154 infantem
1107 2121 1315 2163 proditurum
1341 2146 1348 2153 .

340 2173 498 2216 Quorum
524 2169 716 2203 alterutrum
741 2164 868 2203 fuerit,
892 2164 1011 2198 necesse
1035 2164 1078 2197 est
1095 2188 1102 2196 .
1138 2165 1197 2198 Sed
1223 2173 1351 2198 utrum-

339 2215 418 2249 libet
448 2214 571 2250 fuerit3
598 2218 754 2245 mutatam
780 2208 884 2247 postea
911 2208 970 2242 esse
995 2207 1151 2250 figuram,
1176 2208 1352 2245 dixerunt,

338 2261 489 2301 uterique
513 2256 644 2290 obortis
666 2253 838 2286 doloribus
858 2274 866 2288 ,
904 2251 1064 2285 infantem
1099 2252 1241 2286 naturali
1268 2250 1353 2294 figu-

339 2313 372 2336 ra
395 2326 403 2341 ,
436 2300 585 2345 quamvis
609 2309 672 2330 non
698 2296 761 2330 fine
794 2294 923 2329 summo
957 2295 1000 2328 ob
1024 2295 1282 2337 magnitudinem
1306 2296 1352 2328 la-

342 2347 443 2383 bore,
468 2347 501 2378 in
526 2345 632 2378 lucem
655 2340 795 2382 denique
820 2340 947 2384 editum
981 2336 1041 2371 esse
1063 2362 1069 2369 .
1107 2338 1194 2373 Illud
1218 2339 1260 2372 est
1284 2348 1353 2371 cer-

339 2399 412 2424 tum
438 2388 529 2432 quod
555 2387 591 2420 ad
617 2384 803 2417 institutum
829 2384 1006 2416 sermonem
1033 2383 1172 2416 maxime
1196 2383 1313 2415 attinet
1340 2407 1348 2421 ‚

342 2445 446 2477 neque
471 2442 542 2466 ante
566 2430 711 2464 ocfiavam
738 2425 889 2458 insecuta?
913 2427 1017 2458 modiis
1040 2424 1155 2458 horam
1181 2450 1189 2464 ,
1238 2428 1268 2459 &
1301 2425 1351 2457 vi-

339 2488 469 2510 ventem
495 2474 621 2512 adhuc;
644 2482 716 2505 nam
742 2472 772 2502 &
797 2469 958 2510 paulisper
982 2468 1087 2509 postea
1112 2470 1199 2502 vixit
1223 2479 1237 2509 ,·
1273 2480 1351 2510 pro-

340 2519 452 2555 diisse:
479 2519 510 2553 id
532 2517 574 2551 est
600 2517 688 2550 horis
713 2514 887 2546 minimum
912 2513 1100 2555 quindecim
1125 2524 1163 2545 ex
1184 2522 1276 2554 quo,
1302 2513 1352 2544 in-

340 2575 391 2598 tra
415 2574 543 2598 uterum
567 2560 688 2594 haerens
714 2581 722 2595 ‚
757 2556 873 2589 stercus
907 2563 1052 2598 (ceperat
1085 2557 1268 2593 emittere;
1315 2562 1351 2588 ut

341 2608 574 2643 evidentiffirne
602 2611 751 2646 appareat
775 2622 787 2639 ,
820 2599 1018 2632 emiffionem
1053 2597 1133 2633 hanc
1168 2598 1268 2632 fallax
1293 2597 1351 2631 esse

341 2653 480 2687 emortui
507 2649 607 2683 scetus
629 2645 789 2679 indicium
810 2667 817 2675 .
953 2643 1034 2676 Haec
1071 2652 1175 2677 autem
1222 2642 1315 2675 retuli
1340 2664 1349 2678 ,

341 2697 418 2739 quia
441 2694 653 2728 inhaerentem
679 2687 782 2722 adhuc
807 2686 1073 2720 muliercularum
1091 2710 1099 2725 ‚
1123 2688 1154 2717 δε
1180 2685 1350 2727 vulgiani-

340 2742 402 2774 mis
427 2748 567 2772 errorem
591 2745 656 2768 non
681 2730 740 2767 nisi
764 2730 853 2767 aliis,
878 2742 973 2772 atque
998 2730 1069 2763 aliis
1096 2728 1227 2763 subinde
1261 2727 1351 2761 addi-

341 2785 406 2822 tis,
430 2785 462 2815 &
487 2779 659 2814 inculcatis
693 2774 992 2809 Observationibus
1038 2773 1152 2806 evellas
1178 2797 1185 2805 .
1233 2772 1351 2814 Neque

344 2828 459 2866 enim,
482 2826 530 2858 uti
556 2825 647 2865 supra
671 2819 879 2858 indicabam,
903 2829 953 2851 me
977 2815 1065 2859 fugit
1081 2839 1090 2855 ,
1115 2816 1242 2858 quoties
1265 2816 1351 2863 idem

342 2871 441 2906 fuerit
466 2879 560 2901 antea
584 2865 712 2900 visum:
737 2862 834 2904 quin,
859 2871 894 2894 ut
918 2871 1033 2895 caetera
1065 2860 1212 2902 exempla
1236 2867 1352 2908 'omit-

342 2924 410 2947 tam
426 2936 434 2950 ,
459 2923 498 2944 ex
521 2910 662 2944 historiis
686 2907 783 2949 paulo
806 2915 880 2940 ante
903 2906 958 2948 (n
982 2908 1016 2942 ),
1051 2915 1125 2938 curn
1159 2912 1243 2936 uteri
1276 2913 1354 2934 con-

343 2958 524 2992 tortionem
549 2960 779 2987 memorarem,
806 2949 943 2982 laudatis
965 2949 1063 2981 altera
1109 2947 1172 2980 tibi
1218 2946 1351 2986 praecla-

344 3013 378 3034 re
401 2998 543 3032 ostendet
558 3023 565 3033 .
587 2995 724 3039 quindiu
748 2993 818 3034 post
842 2991 981 3033 ejectum
1010 2993 1191 3025 meconium
1204 2989 1255 3022 die
1268 2990 1358 3032 puel-

348 3045 412 3077 lam
438 3041 495 3075 esse
521 3039 645 3075 editam
671 3046 815 3077 vegetam
831 3062 840 3076 ‚
865 3039 895 3068 &
921 3038 1088 3069 vivacem.
1113 3035 1243 3067 Scilicet
1289 3043 1354 3065 non

344 3087 444 3120 niodo
468 3082 657 3126 compreffio
682 3080 810 3121 aliqua,
847 3079 1023 3118 praesertim
1056 3079 1175 3111 ventris
1195 3099 1207 3117 ,
1249 3087 1319 3119 quae
1345 3099 1357 3116 ,

345 3129 446 3165 festus
469 3138 604 3170 corpore
631 3124 710 3157 male
734 3122 950 3163 complicato,
975 3133 1038 3155 non
1063 3120 1193 3167 difficile
1217 3119 1358 3169 accidit,

345 3174 396 3209 scd
422 3176 452 3205 &
477 3171 644 3209 stercoris,
668 3177 746 3200 tunc
771 3164 872 3199 ferme
896 3165 1009 3204 fluidi,
1034 3174 1089 3199 aut
1113 3175 1219 3207 major
1242 3173 1357 3212 copia,

348 3227 403 3252 aut
429 3216 610 3249 acrimonia
635 3209 824 3244 intestinum
850 3210 1033 3248 irritando,
1059 3210 1127 3241 vim
1153 3205 1258 3250 potest
1285 3217 1357 3239 vm-

348 3273 441 3299 cere,
465 3259 627 3292 modicam
650 3266 688 3288 eo
710 3263 880 3295 tempore,
907 3252 1098 3295 sphiueteris
1120 3250 1322 3298 circumjec'ti
1348 3274 1356 3282 .

348 3302 462 3339 Quid?
486 3313 540 3342 qu«
556 3300 574 3334 d
600 3300 646 3332 vis
670 3299 723 3330 illi
748 3307 812 3329 non
838 3297 939 3329 solum
964 3297 1007 3329 ob
1032 3295 1224 3337 paralysim,
1249 3304 1359 3327 verum

352 3338 450 3382 crsam
473 3346 518 3378 ob
543 3348 698 3377 summam
724 3342 846 3372 virium
877 3338 978 3372 foetus
1011 3337 1236 3372 infirmitatem
1271 3337 1359 3371 nulla

343 3391 407 3426 >esse
429 3388 591 3423 interdurn
617 3384 737 3428 potest.
765 3383 855 3426 Quas
881 3385 962 3415 vires
986 3394 1063 3415 mox
1100 3392 1203 3414 tamen
1238 3379 1324 3423 posse
1349 3405 1360 3420 ,

351 3444 389 3468 ut
413 3433 483 3476 post
507 3433 702 3473 syncopem,
726 3426 913 3460 refocillato
934 3437 1010 3459 cum
1033 3434 1136 3458 matre
1160 3423 1266 3461 foetu,
1291 3434 1360 3457 ma-

348 3482 407 3517 gna
436 3487 474 3510 ex
499 3485 586 3516 parte
611 3472 758 3509 restitui,
783 3469 930 3503 Medicos
955 3480 1121 3512 nunquam
1143 3467 1293 3501 oblivisci
1306 3467 1361 3500 de-

349 3517 425 3557 cet,
450 3521 506 3561 qui
532 3520 636 3551 norint
663 3516 710 3548 vel
737 3513 777 3546 ab
801 3515 871 3545 aliis
895 3513 1039 3555 pluribus
1077 3511 1209 3545 indiciis
1254 3509 1324 3543 falli
1353 3536 1361 3550 ‚

350 3575 421 3607 quae
446 3562 484 3597 ad
509 3570 675 3595 mortuum
701 3555 821 3590 foeturn
844 3555 1101 3598 dignoscendum
1135 3556 1275 3598 proponi
1312 3552 1362 3587 so-

965 130 1122 187 Liber
1156 135 1236 182 111.
1271 129 1355 182 De
1390 128 1598 182 Morbis
1631 127 1841 181 Ventris

1394 207 1525 241 lebant.
1551 208 1710 249 Exemplo
1733 206 1770 239 fit
1795 205 1900 239 nullus
1923 206 1955 238 in
1989 204 2140 240 funiculo
2172 205 2353 240 umbilicali
2379 230 2391 247 ,

1394 253 1463 284 imo
1487 252 1593 284 nullus
1616 252 1650 283 in
1675 250 1758 283 foetu
1784 253 1972 283 arteriarum
1995 250 2123 292 pulsus.
2148 250 2283 284 Certum
2317 249 2392 290 qui-

1396 295 1470 328 dem
1495 293 1538 327 est
1553 320 1561 333 ,
1586 292 1704 327 foetum
1727 296 1854 332 vivere,
1876 292 1898 326 fi
1923 293 2028 333 pulsus
2052 304 2158 326 revera
2174 293 2392 334 percipiatur.

1397 339 1524 370 Revera
1539 359 1548 374 ,
1571 337 1664 375 clixi;
1686 347 1758 369 nam
1782 336 1869 378 quod
1893 335 2055 369 Lancisius
2079 336 2163 378 (o)
2200 338 2233 368 in
2268 336 2393 368 summo

1397 380 1531 413 Procere
1555 378 1722 415 accidisse,
1746 388 1874 415 narrat,
1900 389 1935 412 ut
1961 383 1992 412 in
2010 378 2141 417 'mortui
2166 390 2263 421 carpo
2286 378 2392 411 nescio

1396 426 1468 466 quis
1491 422 1616 465 pulsum
1640 420 1700 456 esse
1716 448 1724 463 ,
1747 422 1977 461 contenderet,
2003 425 2059 464 qui
2084 421 2242 464 nusquam
2276 420 2333 454 nisi
2360 424 2393 454 in

1397 468 1445 501 rui
1469 465 1568 508 ipsius
1589 466 1702 508 digitis
1724 475 1812 504 erat,
1836 465 1920 498 idern
1943 476 2052 499 vereor
2077 478 2114 499 ne
2138 466 2242 498 multo
2267 464 2395 498 facilius

1397 511 1587 552 contingere
1612 509 1785 552 aliquando
1809 509 1901 551 poffit
1918 509 2089 550 Chirurgo
2111 510 2169 551 qui
2193 511 2280 542 intra
2290 508 2396 548 calen-

1397 563 1446 587 tes
1469 553 1611 586 mulieris
1634 553 1722 586 locos
1744 550 1867 594 digitos
1891 553 1931 585 ab
1953 564 2049 594 opere
2071 552 2162 594 ipso,
2188 552 2397 594 &quaerendi

1400 597 1512 631 labore
1537 596 1676 629 fervidos
1699 594 1887 628 inseruerit.
1913 596 2023 632 Quam
2049 597 2085 628 ad
2111 596 2276 629 vitandam
2307 595 2397 629 falla-

1398 643 1483 673 ciam
1507 651 1559 673 eos
1581 639 1678 672 laudo
1699 639 1756 681 qui
1778 638 1983 681 Chirurgum
2008 639 2243 673 admonuerunt
2257 662 2265 676 ‚
2289 649 2324 674 ut
2361 639 2401 673 si-

1399 685 1465 717 mul
1492 692 1715 724 perceptorum
1741 682 1780 715 ab
1803 682 1832 715 se
1856 682 1886 715 se
1910 682 2082 722 pulsuum,
2129 683 2221 717 simul
2271 685 2398 719 suorum

1399 739 1480 769 quos
1503 728 1536 759 in
1560 737 1657 768 carpo
1682 726 1783 758 altero
1806 724 2107 760 animadvertendos
2131 737 2147 758 a
2169 728 2328 769 quopiam,
2345 739 2403 761 cu-

1403 780 1451 804 ret
1473 793 1482 808 ‚
1502 780 1671 804 numerum
1694 767 1869 807 conferat,
1893 778 1927 801 ut
1952 770 1976 803 si
2002 769 2086 802 idem
2103 771 2140 803 sit
2156 796 2166 812 ,
2190 770 2324 809 fallite,
2349 773 2401 804 in-

1404 814 1553 855 telligat,
1579 812 1623 845 sin
1647 822 1782 848 contra,
1806 823 1870 845 non
1895 810 1984 845 falli.
2011 814 2134 846 Verum
2168 814 2223 846 etsi
2257 814 2290 847 id
2314 814 2402 857 quod

1402 857 1567 895 diximus,
1593 866 1717 889 certum
1739 856 1799 893 est3
1824 866 1888 888 non
1914 865 2021 889 tamen
2045 859 2204 889 continuo
2235 856 2403 900 sequitur,

1399 900 1422 934 fi
1447 901 1554 943 pulsus
1577 899 1683 933 nullus
1706 898 1743 932 sit
1768 921 1780 938 ‚
1814 898 1932 932 foeturn
1957 898 2014 933 esse
2039 909 2224 937 mortuum;
2249 901 2403 944 languere

1398 946 1486 978 enim
1521 945 1659 977 maxime
1692 952 1769 976 tunc
1805 943 1887 974 vires
1912 942 2040 985 possunt
2062 966 2071 981 ,
2107 942 2157 976 sed
2182 955 2257 977 mox
2281 945 2401 979 redire.

1398 988 1499 1021 Extra
1524 997 1651 1020 uterum
1664 995 1772 1018 autem
1797 985 2024 1026 propendentis
2048 985 2211 1026 funiculi,
2237 998 2291 1020 aut
2316 1000 2403 1023 artus

1398 1041 1456 1067 nec
1480 1030 1584 1073 pulsus
1622 1030 1726 1062 nullus
1748 1051 1760 1067 ,
1794 1040 1851 1062 nec
1882 1028 2006 1071 frigus,
2031 1040 2088 1062 nec
2113 1030 2198 1062 livor
2223 1031 2297 1064 satis
2322 1032 2405 1073 figni

1397 1074 1475 1107 dant
1508 1072 1642 1107 infantis
1676 1072 1843 1110 extinffi3
1881 1084 1953 1105 nam
1989 1074 2072 1107 intra
2096 1074 2257 1106 contraffi
2282 1077 2404 1109 uterini

1394 1118 1496 1152 osculi
1529 1116 1688 1158 angustias
1721 1117 1764 1148 ita
1797 1114 1960 1149 constriffi
1984 1115 2043 1150 esse
2069 1116 2235 1158 possunt,
2264 1128 2299 1151 ut
2325 1141 2334 1157 ,
2382 1118 2406 1152 si

1395 1170 1503 1194 artum
1527 1161 1574 1193 vel
1599 1170 1768 1202 gangraena
1792 1161 1953 1200 corripere
1976 1160 2136 1201 incipiat,
2160 1160 2200 1193 ab
2224 1172 2326 1204 eoque
2348 1174 2408 1197 cu-

1400 1205 1500 1238 ticula
1525 1203 1716 1243 abscedere‚·
1738 1203 1918 1244 periculum
1941 1203 2073 1245 quidem
2099 1202 2258 1237 summum
2283 1207 2315 1237 in
2340 1217 2407 1248 quo

1400 1251 1467 1281 vita
1493 1247 1657 1283 versetur,
1683 1244 1853 1281 manifesto
1878 1254 2009 1287 pateat,
2033 1247 2135 1280 vitam
2183 1258 2288 1281 autem
2336 1248 2406 1292 jam

1399 1290 1527 1333 prorsus
1550 1289 1689 1327 desiisse,
1714 1300 1773 1332 pro
1795 1298 1888 1324 certo
1910 1300 1975 1322 non
1999 1299 2126 1331 pateat.
2165 1291 2244 1324 Sane
2279 1293 2409 1325 Uratis-

1401 1335 1492 1368 laviae
1516 1333 1572 1367 etsi
1596 1333 1754 1371 lividum,
1781 1334 1822 1365 Θ·
1840 1330 1998 1375 frigidum
2024 1342 2092 1366 erat
2124 1336 2324 1376 propendens
2357 1337 2410 1369 in..

1400 1378 1497 1412 fantis
1521 1377 1711 1414 brachium,
1736 1385 1793 1413 ut,
1820 1386 1975 1422 tanquam
1999 1377 2111 1417 procul
2135 1377 2240 1411 dubio
2265 1381 2410 1420 mortui,

1400 1420 1631 1463 amputandum
1656 1422 1878 1463 judicaretur3
1901 1420 1966 1461 ipse
1992 1429 2099 1453 tamen
2121 1421 2217 1454 tertia
2242 1422 2289 1455 die
2311 1423 2411 1455 virus

1401 1465 1507 1499 editus
1531 1464 1573 1498 est
1596 1465 1703 1508 (p).

1445 1519 1497 1552 41.
1523 1509 1680 1542 Attamen
1705 1508 1760 1542 ubi
1784 1516 1839 1541 aut
1863 1506 1932 1549 ipsa
1957 1506 2159 1542 evidentium
2209 1508 2376 1543 causarum
2401 1535 2412 1550 ,

1404 1553 1437 1584 &
1462 1563 1568 1586 rerum
1593 1552 1684 1585 series
1701 1578 1708 1591 ,
1732 1562 1786 1585 aur
1812 1551 1983 1593 pleraque,
2006 1554 2036 1584 ἃ
2059 1551 2240 1586 constantia
2261 1554 2416 1594 quidem,

1404 1604 1458 1627 aut
1483 1597 1634 1637 graviora
1659 1595 1768 1639 signa,
1793 1604 1828 1628 ut
1853 1595 2005 1627 cuticulae
2051 1607 2067 1629 e
2102 1597 2209 1637 capite
2257 1595 2414 1631 facillima

1404 1638 1571 1675 abscessio,
1598 1639 1713 1673 humor
1736 1649 1774 1671 ex
1799 1648 1892 1670 utero
1915 1637 2077 1672 destillans
2100 1639 2265 1673 cadaveris
2287 1640 2386 1674 odore
2404 1664 2413 1679 ‚

1403 1685 1435 1714 ἃ
1460 1683 1545 1724 signa
1571 1685 1631 1716 alia
1657 1683 1729 1716 sunt
1742 1680 1923 1715 istiusmodi
1945 1706 1955 1719 ,
1980 1682 2034 1714 ubi
2049 1682 2140 1719 haec,
2167 1685 2325 1725 inquam,
2342 1685 2413 1717 Me.

1403 1726 1492 1758 dicos
1507 1747 1516 1762 ,
1538 1725 1762 1768 Chirurgosve
1786 1725 1956 1766 peritiores
1991 1725 2068 1758 illuc
2101 1725 2295 1760 adduxerint
2319 1747 2329 1763 2
2376 1737 2412 1761 ut

1404 1770 1549 1802 unanimi
1573 1767 1779 1803 consensione
1805 1766 1966 1814 infantem
1983 1768 2051 1814 *esse
2077 1769 2166 1802 intus
2190 1779 2375 1803 emortuum
2400 1793 2414 1809 ,

1403 1813 1571 1851 censeant3
1597 1813 1694 1846 altera
1718 1812 1748 1846 se
1770 1811 1889 1853 objicit
1923 1810 2117 1851 difficultas,
2140 1822 2216 1845 num
2264 1814 2413 1847 manibus

1402 1858 1566 1889 continuo
1591 1858 1746 1895 educere,
1769 1865 1809 1887 an
1832 1855 1906 1888 aliis
1931 1856 1977 1888 uti
2004 1864 2109 1891 antea*
2121 1856 2412 1898 auxiliispraestet.

1403 1900 1567 1940 Memini,
1589 1912 1662 1934 cum
1678 1899 1834 1932 Bononiae
1846 1896 1988 1931 Medicis
2001 1898 2113 1933 studiis
2127 1910 2257 1940 operam
2280 1899 2387 1934 darem
2400 1923 2410 1938 ,

1401 1943 1526 1976 duabus
1549 1937 1726 1978 illustribus
1749 1942 1918 1975 Matronis
1941 1950 2005 1975 uno
2029 1941 2207 1985 eodemque
2231 1954 2315 1976 anno
2331 1944 2418 1977 acci-

1402 1984 1502 2026 disse,
1527 1996 1561 2020 ut
1586 1998 1694 2029 parere
1720 1997 1783 2018 non
1808 1983 1954 2027 possent,
1980 1987 2011 2021 ὃς
2032 1995 2106 2018 cum
2134 1986 2304 2028 utriusque
2352 1985 2418 2020 foe-

1403 2039 1454 2063 tus
1477 2029 1656 2064 censeretur
1681 2033 1854 2068 mortuus,
1876 2039 1916 2061 ex
1939 2029 2038 2061 alter-a
2060 2028 2231 2071 ,Chirurgi
2267 2031 2418 2064 manibus

1401 2074 1470 2105 cito
1494 2074 1675 2107 detraecum
1690 2096 1703 2112 ,
1727 2084 1765 2105 ex
1790 2071 1888 2105 altera
1913 2083 2020 2104 autern
2033 2073 2285 2112 expectatione,
2307 2075 2421 2116 &cly-

1403 2117 1491 2149 stetis
1524 2117 1700 2158 praesertim
1723 2116 1779 2150 usu
1800 2115 1999 2149 emollientis
2025 2114 2118 2148 simul
2143 2119 2174 2149 &
2198 2116 2418 2159 stimulantis,

1404 2158 1496 2193 fuisse
1520 2160 1677 2203 ejeciuni,
1703 2161 1809 2202 priore
1833 2158 1890 2192 illa
1914 2158 2047 2200 paululo
2072 2157 2140 2201 post
2164 2169 2291 2195 mortua
2314 2182 2323 2198 ‚
2357 2162 2419 2195 hac

1407 2203 1549 2238 servata.
1577 2205 1647 2243 Qui
1672 2202 1837 2247 utriusque
1861 2201 2008 2236 Medicus
2033 2199 2161 2240 fuerat,
2191 2202 2254 2237 Vir
2276 2204 2419 2237 doffiffi-

1405 2258 1475 2280 mus
1497 2248 1553 2281 etsi
1577 2249 1718 2281 rationes
1740 2247 1917 2289 proferret,
1940 2247 2043 2280 curin
2066 2246 2124 2281 illa
2148 2245 2206 2279 fibi
2218 2245 2330 2283 fuisset
2345 2257 2421 2290 pro-

1405 2292 1606 2334 perandum,
1630 2294 1662 2325 in
1688 2292 1747 2326 hac
1771 2290 1935 2333 expectare
1959 2289 2122 2327 licuisset5
2144 2298 2251 2325 tamen
2275 2301 2341 2324 non
2367 2302 2423 2334 pa-

1403 2345 1469 2368 rem
1495 2346 1533 2369 ex
1556 2335 1679 2369 servata
1705 2335 1832 2370 laudem
1848 2360 1857 2374 ,
1878 2343 1974 2376 atque
1998 2345 2038 2370 ex
2065 2344 2130 2366 non
2155 2334 2278 2369 servata
2304 2343 2418 2370 notam

1404 2379 1516 2411 retulit
1534 2400 1543 2415 ‚
1568 2378 1740 2420 injustam,
1765 2388 1801 2412 ut
1824 2379 1943 2420 opinor
1959 2398 1968 2413 ,
1991 2375 2041 2410 sed
2065 2387 2173 2410 tamen
2220 2377 2303 2420 apud
2348 2390 2416 2413 non

1404 2422 1563 2462 ignobiles
1600 2426 1698 2456 etiam
1735 2421 1903 2458 Medicus,
1929 2423 1958 2454 δι
1985 2419 2191 2464 Chirurgos.
2218 2423 2262 2455 Et
2308 2427 2423 2464 quan-'

1402 2476 1502 2506 quam
1525 2466 1660 2499 minime
1684 2466 1822 2500 dubium
1848 2464 1914 2504 est,
1937 2464 2017 2507 quin
2044 2475 2103 2505 pro
2127 2465 2188 2499 alia
2214 2476 2320 2500 rerum
2335 2477 2415 2499 con-

1403 2510 1528 2542 ditione
1552 2510 1643 2543 aliter
1667 2509 1828 2551 agendum
1854 2508 1916 2547 sit;
1940 2509 1996 2540 vix
2022 2518 2155 2547 tamen,
2181 2508 2238 2542 nisi
2262 2520 2302 2541 ex
2336 2521 2419 2542 con-

1403 2552 1494 2585 cordi
1521 2553 1830 2596 Spe-ffatiffimorum
1855 2552 2062 2596 Medicorum
2086 2550 2241 2585 sententia
2281 2555 2384 2593 egeris
2407 2575 2418 2590 ,

1404 2608 1534 2631 omnem
1558 2597 1590 2628 in
1615 2597 1768 2638 ancipitis
1792 2595 1906 2629 auxilii
1932 2595 1987 2627 usu
2014 2593 2297 2636 reprehensionem
2331 2595 2417 2630 effu-

1405 2641 1490 2680 gies,
1516 2639 1694 2682 praesertim
1717 2640 1739 2673 si
1763 2638 1870 2677 forte,
1893 2647 1928 2671 ut
1951 2639 1985 2670 in
2010 2637 2097 2677 hoc,
2120 2639 2293 2683 prudentis
2325 2651 2418 2673 exer-

1403 2684 1564 2725 citatique
1588 2683 1749 2726 Chirurgi
1774 2683 1867 2725 copia
1892 2680 1990 2714 desit.
2015 2680 2133 2722 Neque
2157 2685 2243 2716 enim
2268 2683 2342 2716 satis
2375 2683 2418 2717 est

1404 2736 1541 2771 matrem
1565 2726 1709 2763 servare3
1735 2727 1906 2759 videndum
1932 2724 1973 2757 est
1996 2725 2124 2766 insuper
2149 2751 2158 2765 ‚
2194 2725 2312 2768 nequid
2346 2737 2419 2760 ute..

1404 2781 1456 2803 rus
1479 2770 1671 2804 detrimenti
1696 2771 1825 2812 capiat.
1851 2767 2028 2801 Consultus
2055 2767 2121 2800 sum
2149 2770 2241 2802 annis
2273 2769 2418 2813 superio-

1404 2815 1494 2847 ribus
1519 2825 1578 2853 pro
1603 2815 1754 2856 generosa
1780 2813 1941 2850 Munere,
1963 2822 2035 2851 quae
2060 2822 2133 2845 cum
2159 2813 2228 2854 post
2274 2824 2418 2853 quatuor

1405 2855 1600 2891 felicissimos
1625 2867 1733 2901 partus
1756 2867 1836 2899 opus
1861 2853 2018 2889 habuisset
2042 2856 2075 2887 in
2101 2857 2240 2898 quincto
2277 2856 2420 2891 Chirur-

1406 2903 1439 2944 gi
1465 2901 1612 2935 manibus
1627 2924 1636 2937 ,
1657 2904 1712 2942 qui
1737 2911 1812 2934 cum
1836 2899 1971 2941 pedibus
1995 2897 2209 2939 prodeuntem
2256 2900 2418 2936 infantem

1407 2944 1593 2987 protrahere
1618 2944 1738 2987 posset,
1765 2953 1859 2985 atque
1884 2941 1961 2976 adeo
1983 2942 2110 2976 deberet
2126 2965 2135 2980 ,
2162 2943 2202 2976 iis
2236 2943 2417 2979 introrsum

1408 2989 1565 3031 repulsis,
1588 2989 1665 3021 dum
1688 2990 1720 3020 in
1745 2998 1840 3029 caput
1866 2995 2011 3026 vertere,
2034 2985 2138 3019 &hoc
2150 2997 2281 3029 arrepto
2304 2989 2418 3022 educe-

1409 3044 1442 3065 re
1467 3032 1596 3065 tandem
1622 3031 1780 3071 studeret,
1805 3029 1997 3069 mulierem,
2020 3029 2190 3064 delicatam
2235 3031 2381 3073 alioquin
2409 3059 2418 3073 ‚
2440 3049 2442 3052 ·

1408 3075 1522 3109 tandiu
1538 3100 1546 3114 ‚
1567 3079 1596 3108 ἃ
1621 3086 1688 3109 tam
1712 3077 1869 3108 violenter
1894 3074 2047 3110 vexavit,
2072 3082 2109 3107 ut
2135 3084 2199 3106 non
2225 3074 2324 3107 niodo
2368 3088 2421 3108 in.

1409 3118 1624 3153 flammatoria
1647 3117 1767 3158 febris,
1791 3129 1862 3160 quae
1885 3121 1965 3159 pene
1991 3115 2029 3150 ad
2054 3117 2226 3151 interitum
2241 3118 2416 3158 perduxit,

1408 3160 1446 3194 fit
1471 3164 1656 3199 concitata3
1681 3162 1732 3195 sed
1755 3164 1787 3195 &
1809 3162 1913 3194 tribus
1939 3159 2091 3194 insecutis
2116 3163 2270 3202 partubus
2306 3161 2418 3197 infan-

1407 3213 1454 3239 tes
1478 3218 1642 3248 nunquam
1665 3214 1762 3247 caput
1778 3228 1790 3244 ‚
1817 3204 1869 3237 sed
1894 3202 2064 3237 brachium
2088 3202 2207 3247 semper
2230 3216 2418 3246 exerentes,

1406 3249 1434 3281 se
1457 3251 1638 3283 obtulerint
1653 3273 1660 3284 ,
1684 3249 1728 3282 ob
1751 3248 1892 3286 virium,
1917 3256 1954 3281 ut
1977 3247 2134 3281 credibile
2145 3248 2211 3287 est,
2235 3259 2333 3283 certae
2345 3261 2417 3294 par-

1412 3295 1438 3326 ti
1459 3293 1559 3336 >ipsius
1583 3295 1664 3326 uteri
1690 3292 1815 3326 illatum
1840 3294 1886 3325 ita
1910 3300 1945 3324 ut
1971 3301 2034 3324 non
2058 3302 2096 3324 ex
2118 3303 2212 3334 aequo
2237 3293 2277 3326 ab
2309 3293 2416 3325 omni-

1411 3337 1469 3370 bus
1493 3337 1639 3380 partibus
1664 3336 1736 3368 illos
1761 3334 1986 3373 sustentando,
2014 3345 2069 3367 aut
2094 3336 2304 3377 expellendo,
2328 3335 2413 3377 figu-

1411 3390 1452 3412 rae
1476 3380 1630 3422 perversae
1654 3378 1744 3413 causa
1769 3378 1888 3413 fuerit.
1915 3378 1995 3414 Quo
2015 3381 2140 3421 magis,
2173 3378 2196 3412 fi
2243 3379 2324 3413 nihil
2368 3377 2415 3411 est

1410 3424 1499 3463 quod
1522 3434 1691 3465 properare
1713 3431 1830 3465 cogat,
1856 3425 1886 3456 &
1908 3422 1994 3457 bona
2018 3433 2127 3465 partus
2149 3425 2290 3457 emortui
2312 3421 2415 3463 figura

1411 3465 1474 3504 fit3
1500 3467 1692 3508 parturienti
1717 3466 1856 3509 spatium
1872 3490 1881 3505 ,
1905 3474 2091 3506 naturaeque
2137 3465 2278 3500 dandum
2322 3464 2384 3498 esse
2407 3491 2416 3506 ,

1415 3511 1555 3543 arbitror
1601 3521 1667 3551 quo
1692 3509 1757 3543 haec
1784 3510 1929 3551 pariendi
1952 3519 2110 3546 conatus,
2148 3509 2334 3551 doloresque
2367 3510 2417 3541 in-

1413 3557 1514 3593 ciret,
1538 3533 1592 3586 illa
1618 3564 1693 3588 vcro
1716 3553 1808 3587 simul
1832 3552 1976 3587 collectis
2001 3552 2128 3586 viribus
2151 3554 2276 3586 conniti
2302 3551 2416 3591 poffit:

2292 3605 2385 3636 quos,

359 3686 2406 3706 W

412 3751 420 3781 (
439 3761 453 3776 η
473 3751 481 3782 )
501 3759 522 3776 u.
542 3757 577 3778 39-
641 3749 648 3777 (
667 3757 679 3772 ο
697 3746 706 3776 )
722 3749 757 3771 De
775 3745 853 3770 Subit.
870 3746 949 3769 Mort.
965 3743 984 3768 1.
1003 3751 1022 3768 ι.
1040 3751 1060 3768 c.
1081 3727 1116 3768 13.
1133 3750 1159 3768 n.
1178 3744 1201 3767 8.

1262 3742 1276 3771 (
1290 3749 1305 3771 p
1321 3746 1331 3771 2
1350 3741 1403 3771 th
1429 3743 1463 3766 N.
1485 3743 1515 3765 C.
1534 3743 1606 3765 Cent.
1626 3749 1647 3771 3.
1665 3741 1719 3766 Obs
1742 3751 1777 3771 57.
1796 3741 1821 3765 in
1838 3740 1885 3765 fine
1898 3758 1904 3764 .
