2498 4075
324 293 463 315 ,mus-

363 235 436 273 haec
460 245 553 270 antea
578 233 618 268 ad
641 240 672 266 te
695 229 873 275 scripsimus
895 255 903 263 .
939 228 1040 261 Nunc
1070 228 1191 271 reliqua
1225 227 1359 270 adjicia-

499 280 599 315 Quod
625 275 645 308 si
671 277 732 309 alia
756 285 904 318 praeterea
929 271 1097 313 conspeffiia
1132 273 1172 305 ab
1195 272 1266 306 aliis
1300 283 1360 303 no-

361 325 446 358 scere
484 319 614 356 fortasse
646 320 771 360 cupis.;
802 318 937 359 reperies
971 316 1057 347 inter
1089 324 1201 349 caetera
1223 339 1232 355 ,
1267 326 1282 347 a
1304 316 1359 347 Cl.

361 366 501 407 Gvolsg.
523 362 668 399 Hannib.
683 363 810 404 Langio
831 364 885 401 (y
909 363 919 397 )
945 355 1014 399 post
1037 360 1241 401 vexationem
1253 357 1364 392 abob-

361 411 486 445 stetrice
509 417 605 444 utero
627 405 750 438 illatam
773 400 990 438 animadversa
1005 426 1012 439 ,
1038 401 1243 437 tuberculum
1258 402 1364 444 quod-

358 456 433 487 dam
457 447 675 484 scirrhosum‚
699 448 767 489 ejus
792 446 939 479 osculum
963 443 1004 476 sic
1027 445 1179 481 obturans
1202 468 1212 482 ,
1248 455 1282 477 ut
1307 455 1363 477 nec

362 497 456 530 flatui
482 495 610 528 exitus,
633 503 691 526 nec
716 490 799 531 stylo
823 489 979 521 introitus
1003 497 1146 529 pateret:
1172 488 1213 521 ab
1235 487 1362 529 juniore

360 548 468 573 autern
493 537 647 577 Verneyo
671 537 743 576 (z)
765 530 993 575 deprehensum
1016 532 1100 565 intra
1123 528 1261 565 fundum
1292 540 1362 565 ute-

359 584 387 616 ri
424 580 614 622 hydropica>
639 577 793 618 Virginis
827 572 1053 619 glandulosum
1086 585 1202 615 corpus
1225 596 1235 612 ‚
1270 576 1362 608 nucis

360 622 602 667 magnitudine.
627 622 732 654 Sciens
755 620 816 655 alia
840 619 983 651 omitto:
1008 619 1039 650 &
1063 615 1102 651 ad
1118 628 1201 652 meas
1222 617 1362 661 reliquas

361 668 618 704 Observationes
642 664 793 706 protinus
815 662 941 695 transeo
956 669 976 693 .⁴

404 713 454 745 28.
479 711 505 743 F
532 712 580 745 (E
602 708 643 741 M
668 709 682 738 I
709 706 742 738 N
768 708 799 738 A
833 704 1023 738 consistente
1046 712 1163 741 aetate,
1187 715 1226 738 ex
1248 705 1361 738 thora-

359 757 405 790 cis
431 753 548 788 morbo
570 752 693 785 obierat
717 751 750 781 in
775 746 969 781 Bononiensi
996 747 1201 781 Nosocomio
1235 749 1262 779 S.
1289 748 1361 781 Ma-

361 800 417 833 riae
454 796 491 829 de
527 796 643 828 Morte
667 816 675 829 ‚
712 801 857 825 extremo
881 791 989 832 Aprili
1027 793 1067 823 A.
1095 794 1190 833 1706.
1224 792 1275 824 Ex
1306 792 1361 825 illa

360 852 436 877 cum
459 839 596 872 Ventris
620 835 738 868 viscera
763 833 1006 876 perlustrarem;
1028 832 1096 868 haec
1121 842 1235 875 praeter
1268 844 1363 867 natu-

365 896 432 918 ram
456 883 489 915 in
513 879 710 923 genitalibus
734 878 948 911 animadverti
971 901 980 909 .
1111 878 1143 909 V
1161 877 1193 909 A
1209 877 1319 911 GIN
1334 879 1363 910 A

362 928 475 961 infima
499 925 615 958 ulceris
640 922 773 963 vestigia
798 921 959 957 servabat,
984 920 1124 954 urethrae
1149 919 1278 954 orificio
1294 932 1367 961 pro-

359 973 469 1006 xima:
492 979 564 1010 quae
587 968 620 999 in
645 966 745 1000 altero
769 963 922 998 naturalis
945 964 1033 997 labio
1055 973 1146 997 erant
1170 960 1369 998 manifestio-

360 1027 414 1048 ra.
442 1013 523 1047 Haec
549 1007 721 1052 prssaegreffae
745 1008 807 1042 luis
820 1008 975 1043 Venereae
1000 1006 1215 1049 suspicionem
1238 1006 1365 1048 injicie-

360 1059 437 1091 bant
462 1054 544 1091 sicut
584 1051 799 1090 excrescentia
830 1062 961 1094 quoque
985 1050 1025 1085 ad
1049 1050 1198 1092 podicem
1232 1062 1271 1084 ex
1295 1051 1364 1083 alba

357 1100 496 1144 quadam
522 1097 713 1131 substantia.
739 1097 818 1127 Inde
842 1094 953 1127 oculos
977 1094 1016 1129 ad
1039 1095 1148 1127 ovaria
1173 1117 1185 1135 ‚
1210 1093 1365 1136 tubasque

357 1151 571 1181 convertens,
595 1139 702 1173 albida
726 1138 780 1174 illa
805 1136 872 1171 vidi
896 1160 909 1177 ,
943 1140 974 1171 ὃ(
996 1137 1129 1179 strigosa
1153 1162 1163 1177 ‚
1198 1136 1365 1179 superficie

357 1186 551 1229 quibusdam
575 1183 668 1217 sulcis
692 1184 725 1214 in
751 1181 907 1223 serpentis
932 1181 1065 1214 modum
1090 1180 1250 1221 perductis
1274 1191 1366 1213 exca-

361 1240 452 1263 vata.
478 1230 565 1262 Cum
590 1226 747 1262 secarem,
772 1224 959 1258 duriuscula
988 1225 1099 1257 inveni
1121 1246 1134 1263 ,
1156 1223 1368 1264 deprehendi-

360 1280 421 1316 que
446 1273 479 1304 in
505 1271 606 1305 altero
630 1270 762 1302 inanem
787 1267 969 1308 cellulam,
991 1278 1090 1311 quam
1114 1267 1234 1300 tunicae
1264 1267 1334 1300 duae
1358 1288 1368 1304 ‚

356 1316 494 1349 interior
518 1315 611 1356 nigra
627 1335 640 1352 ‚
664 1311 809 1346 exterior
834 1313 959 1345 cinerea
983 1333 998 1351 ,
1021 1308 1335 1352 comprehendebant
1359 1324 1369 1347 ·,

356 1360 390 1392 in
424 1359 526 1391 altero
560 1364 674 1398 praeter
710 1356 849 1389 minores
885 1354 1036 1388 vesiculas
1060 1353 1207 1388 humoris
1230 1355 1337 1395 plenas
1361 1375 1370 1391 ‚

357 1400 495 1444 majores
517 1399 648 1436 cellulas
672 1396 770 1438 duas,
796 1397 911 1442 easque
934 1409 1048 1431 vacuas
1073 1421 1083 1435 ,
1107 1407 1248 1439 quarum
1272 1397 1369 1430 altera

343 1448 500 1487 ,tunicam
525 1442 663 1476 habebat
688 1453 728 1476 ex
752 1451 840 1485 parte
864 1435 982 1475 osseam
1006 1440 1126 1474 faciam
1147 1462 1161 1480 ,
1196 1441 1293 1474 altera
1317 1452 1367 1474 au-

356 1500 422 1524 ter-n
447 1487 585 1522 omnino
606 1483 726 1519 osseam
752 1509 765 1526 ,
799 1495 895 1528 atque
919 1486 965 1518 ita
989 1483 1142 1518 sulcatam
1168 1493 1204 1518 ut
1228 1495 1371 1526 quorun-

355 1533 430 1568 dam
454 1529 541 1575 quasi
566 1527 833 1565 intestinuiorum
856 1538 955 1571 gyros
994 1527 1127 1561 referret
1150 1552 1159 1560 .
1197 1527 1370 1561 Tubarum

358 1578 414 1612 uni
439 1574 670 1617 corpusculum
697 1597 707 1612 ‚
743 1571 850 1605 forma
875 1595 887 1612 ‚
922 1574 952 1604 &
977 1571 1097 1605 duritie
1119 1571 1213 1605 tofto
1237 1569 1369 1606 humori

356 1619 561 1662 Crystallino
587 1618 689 1651 simile
713 1615 885 1649 mediocris
909 1615 1002 1657 piscis
1025 1637 1037 1654 ,
1072 1616 1211 1649 exterius
1236 1625 1369 1656 propter

358 1662 463 1706 majus
485 1660 652 1696 orificium
688 1659 908 1696 adhaerebat3
942 1658 1035 1691 alteri
1070 1658 1108 1691 ad
1143 1656 1369 1699 longitudinis

357 1708 500 1741 medium
525 1706 668 1747 aggeries
690 1702 960 1743 corpusculorum
984 1701 1069 1735 haud
1090 1701 1306 1740 dissimilium,
1318 1700 1369 1734 sed

356 1752 457 1793 longe
481 1750 718 1783 minutiorum.
742 1746 1018 1790 Magnusuterus
1041 1765 1049 1780 ,
1074 1743 1238 1784 craffisque
1264 1745 1371 1784 parie-

356 1795 466 1831 tibus,
492 1790 585 1827 fundi
611 1791 805 1833 praesertim.
834 1788 940 1829 CuJus
964 1797 1072 1829 aperta
1097 1798 1193 1821 cavea
1218 1795 1283 1819 erat
1307 1787 1370 1818 cir-

359 1850 396 1872 ca
422 1835 642 1880 longitudinis
668 1832 810 1867 medium
833 1831 940 1865 multo
963 1832 1102 1872 amplior
1137 1831 1171 1862 in
1206 1828 1371 1862 transver-

357 1881 456 1921 sum,
479 1890 577 1922 quam
603 1878 726 1915 soleat3
751 1875 800 1909 ibi
826 1886 904 1908 vero
928 1896 937 1911 ‚
971 1884 1026 1907 aut
1052 1874 1163 1916 potius
1188 1873 1285 1914 paulo
1320 1875 1370 1906 su-

358 1926 467 1969 perius
489 1933 579 1957 erant
606 1925 639 1955 in
664 1921 768 1953 altero
793 1920 890 1952 latere
914 1919 1053 1950 anterior
1076 1917 1161 1950 uteri
1186 1915 1282 1948 facies
1305 1939 1321 1955 >⁷
1341 1919 1370 1948 δε

359 1968 518 2012 posterior
542 1967 629 1999 inter
652 1964 680 1997 se
706 1974 760 2006 per
785 1961 989 2002 interjeetam
1015 1959 1269 1993 membranulam
1292 1970 1372 1992 con-

357 2024 476 2049 nexae3
499 2011 539 2044 ab
563 2007 717 2051 opposito
742 2015 846 2039 autem
872 2006 970 2037 latere
995 2004 1210 2037 excrescentia
1235 2004 1373 2044 incipie-

359 2057 440 2095 bat,
462 2065 534 2097 quae
557 2055 587 2087 ei
613 2052 669 2085 uni
694 2050 768 2083 loco
793 2048 908 2087 affixa,
931 2056 1047 2081 caetera
1062 2047 1185 2085 soluta,
1209 2045 1237 2078 se
1262 2055 1373 2078 exten-

360 2100 461 2134 debat
484 2096 603 2131 circuli
639 2094 743 2128 forma
776 2091 871 2134 cujus
904 2090 1062 2124 diameter
1096 2091 1264 2131 aliquanto
1296 2086 1372 2121 esset

361 2143 502 2184 amplior
526 2137 709 2174 transverso
732 2136 872 2179 pollice.
898 2133 1116 2167 Craffitudine
1139 2141 1206 2166 erat
1231 2131 1371 2168 modica,

362 2184 528 2229 superficie
553 2184 659 2218 rubris
684 2179 818 2214 maculis
841 2177 896 2211 hic
920 2177 989 2211 illic
1001 2176 1148 2210 distincita
1164 2199 1173 2215 ‚
1197 2175 1373 2209 substantia

361 2240 470 2264 autem
494 2227 605 2263 eadem
631 2226 730 2259 ferme
755 2233 818 2266 qua
851 2231 962 2255 uterus
987 2243 996 2259 ,
1031 2219 1090 2253 nisi
1124 2220 1214 2261 quod
1250 2216 1373 2252 mucofi

363 2271 488 2315 aliquid
512 2269 733 2305 intermistum
758 2266 873 2300 habere
897 2264 1093 2304 videbatur,
1116 2274 1217 2305 eoque
1240 2262 1374 2296 facilius

363 2328 463 2359 quam
485 2315 563 2352 illa,
589 2310 742 2347 distrahi.
770 2308 921 2342 Cervicis
945 2319 1058 2341 cavum
1083 2308 1181 2340 initio
1205 2329 1217 2346 ,
1251 2308 1282 2339 &
1314 2304 1376 2338 fine

363 2361 471 2394 multo
494 2368 561 2392 erat
587 2356 726 2392 arelius,
751 2364 849 2395 quam
875 2352 1043 2384 consuevit
1068 2374 1076 2381 .
1103 2350 1158 2383 Ab
1181 2350 1243 2383 illo
1268 2357 1376 2382 autern

364 2405 465 2437 initio
482 2424 492 2439 ‚
514 2404 544 2434 &
569 2412 585 2432 a
608 2401 706 2433 latere
723 2419 731 2434 ‚
756 2395 924 2436 descriptae
950 2394 1174 2427 excrescentiae
1196 2393 1350 2434 opposito
1370 2416 1378 2431 ‚

367 2448 464 2481 altera
489 2444 647 2488 pendebat
672 2441 805 2483 parvula
821 2461 831 2477 ,
854 2437 964 2470 eadem
989 2446 1088 2478 atque
1112 2436 1167 2469 illa
1193 2458 1203 2473 ,
1230 2435 1376 2468 substan-

368 2492 414 2524 tia
431 2516 438 2529 ,
461 2488 510 2522 sed
537 2496 605 2521 tota
633 2486 766 2518 rubente
793 2480 960 2523 superficie
996 2480 1104 2513 saturo
1125 2479 1238 2512 colore
1263 2502 1272 2516 ‚
1303 2479 1377 2520 pyri

368 2534 471 2575 figura
496 2544 512 2564 e
537 2530 663 2573 petiolo
686 2526 856 2570 pendentis
879 2547 889 2562 ‚
923 2522 984 2557 nifi
1008 2523 1096 2566 quod
1121 2522 1282 2555 anteriore
1305 2543 1315 2559 ‚
1348 2524 1379 2554 &

371 2575 550 2621 posteriore
573 2572 655 2606 facie
682 2579 749 2604 erat
774 2569 867 2610 plana
883 2591 890 2599 .

419 2631 467 2661 29.
497 2617 577 2651 Haec
603 2616 703 2649 altera
729 2609 939 2646 excrescentia
954 2608 1033 2642 mihi
1060 2608 1113 2642 sua
1128 2608 1232 2642 forma
1257 2609 1289 2640 in
1313 2619 1380 2640 me-

369 2665 510 2699 moriam
524 2659 642 2701 redigit
666 2668 719 2691 eos
742 2657 887 2689 uterinos
900 2653 1039 2695 polypos
1062 2664 1144 2694 quos
1169 2652 1286 2685 abima
1313 2663 1382 2683 cer-

371 2710 442 2742 vice
466 2704 682 2739 excrescentes
706 2723 715 2738 ‚
749 2701 779 2731 δέ
804 2696 957 2739 pendulos
983 2695 1168 2738 Ruyschius
1191 2699 1201 2734 (
1225 2706 1243 2726 a
1265 2698 1279 2734 )
1301 2693 1382 2727 dcli-

370 2750 478 2785 neavit
503 2746 573 2790 post
599 2747 689 2779 illam
713 2741 988 2775 Observationem
1011 2763 1019 2778 ‚
1054 2750 1151 2781 quam
1179 2738 1242 2772 huc
1274 2740 1307 2770 in
1331 2739 1382 2770 Se-

371 2793 578 2837 pulchretum
604 2800 669 2823 non
695 2785 754 2820 esse
791 2785 927 2817 relatam
960 2782 1161 2829 miraberis,
1196 2791 1269 2815 cum
1304 2782 1383 2813 acris

370 2838 499 2872 Pluoris
526 2843 676 2871 magnam
700 2830 831 2871 copiam
855 2838 929 2861 cum
962 2826 1028 2859 illis
1060 2826 1271 2867 conjunciam
1306 2823 1385 2856 suis-

373 2881 424 2917 se‚
449 2872 634 2913 memineris
659 2901 668 2909 .
701 2870 875 2915 Ejusmodi
901 2879 1006 2903 autem
1031 2869 1252 2902 excrescentiae
1277 2889 1287 2904 ‚
1319 2878 1385 2899 non

373 2924 460 2957 secus
485 2934 519 2955 ac
544 2922 671 2953 narium
695 2917 809 2960 polypi
833 2938 842 2952 ‚
887 2923 922 2947 ut
967 2912 1124 2946 cancrosae
1170 2911 1285 2954 poffint
1305 2932 1314 2946 ‚
1349 2922 1383 2944 ac

374 2967 524 3008 malignae
549 2964 619 2997 sieri
635 2988 642 3002 ‚
669 2961 912 3001 malignumque
935 2958 1022 2990 ulcus
1047 2955 1232 2997 adjunctum
1256 2953 1385 2993 habere,

376 3010 451 3044 satis
476 3008 531 3041 illa
555 3007 648 3039 docet
675 3003 895 3039 Observatio‚
918 3000 1119 3040 ostenditque
1144 3023 1152 3038 ,
1176 3003 1240 3031 non
1266 3007 1384 3030 temere

376 3067 392 3088 a
417 3051 511 3086 nobis
537 3051 619 3083 uteri
644 3046 874 3082 excrescentias
898 3043 951 3077 hic
977 3043 1111 3085 specstari
1136 3064 1145 3079 ,
1172 3050 1207 3074 ut
1231 3038 1289 3073 esse
1312 3041 1385 3082 pos-

377 3098 449 3131 sunt
473 3094 677 3136 peffimorum
702 3089 767 3130 ejus
791 3088 981 3121 morborum
1004 3087 1099 3119 initia
1123 3109 1131 3118 .
1167 3085 1242 3124 Qa
1277 3093 1384 3117 mente

376 3148 519 3184 quatuor
544 3138 605 3170 alia
630 3135 692 3168 huc
717 3131 868 3165 addemus
891 3130 1056 3170 exempla,
1079 3129 1187 3162 omnia
1212 3139 1228 3161 a
1252 3126 1349 3160 nobis
1371 3151 1384 3167 ,

377 3195 451 3218 cum
476 3182 509 3213 in
541 3179 676 3223 publico
700 3178 885 3210 Anatomen
920 3176 1117 3206 traderemus
1142 3194 1151 3209 ,
1185 3171 1351 3212 conspecta
1376 3183 1384 3204 .·

376 3236 518 3269 quorum
545 3225 687 3264 primum
712 3219 750 3253 ad
774 3218 855 3251 hanc
879 3217 1024 3250 infimam
1042 3242 1050 3256 ,
1075 3219 1104 3249 ἃ
1129 3225 1258 3257 parvam
1284 3238 1291 3252 ,
1326 3225 1382 3246 cae-

379 3280 448 3304 tera
473 3268 509 3300 ad
537 3267 734 3309 superiorem
759 3260 982 3303 majoremque
1016 3258 1263 3293 excrescentiam
1294 3256 1383 3290 illam

379 3311 569 3348 attinebunt
583 3334 590 3341 .
1170 3340 1173 3341 ⁷

428 3366 477 3398 30.
516 3355 556 3387 M
582 3353 616 3385 U
642 3352 669 3383 L
693 3353 707 3384 Ι
734 3351 761 3384 Ξ
787 3350 816 3382 R
842 3349 856 3380 I
880 3348 899 3380 S
922 3368 930 3383 ‚
964 3358 1002 3379 ex
1026 3358 1088 3387 qua
1115 3344 1306 3386 singularem
1333 3353 1385 3376 ve-

380 3402 495 3433 nosum
520 3396 704 3429 trunculurn
730 3417 740 3433 ,
777 3405 832 3425 nec
858 3402 965 3424 tamen
991 3390 1106 3422 exilem
1135 3411 1144 3425 ,
1176 3398 1262 3419 venae
1286 3387 1383 3418 Cavae

380 3438 497 3478 trunco
521 3453 535 3473 a
561 3439 692 3472 sinistris
718 3436 906 3478 parallelum
932 3455 941 3469 ,
978 3433 1055 3466 hinc
1077 3443 1151 3466 cum
1186 3429 1298 3463 eodem
1320 3441 1382 3471 qua

382 3488 516 3521 iliacam
540 3483 662 3524 excipit
686 3503 695 3517 ‚
717 3480 792 3513 inde
816 3489 889 3511 cum
915 3477 1108 3518 Emulgente
1133 3485 1211 3507 vena
1234 3483 1381 3506 commu-

383 3531 545 3564 nicantem
571 3549 579 3564 ‚
614 3525 691 3557 alias
723 3520 960 3565 opportuniore
996 3521 1069 3552 loco
1102 3516 1231 3551 fortasse
1265 3515 1381 3548 descri-

383 3576 457 3608 barn
481 3595 490 3611 ,
511 3581 588 3603 cum
611 3571 718 3600 Partes
741 3568 781 3598 iis
806 3566 894 3598 venis
917 3564 1080 3605 proximas
1104 3584 1113 3600 ,
1138 3563 1171 3592 in
1195 3559 1312 3602 quibus
1336 3569 1384 3590 ar-

989 148 1147 203 Liber
1180 153 1261 201 111.
1295 147 1379 201 De
1414 145 1621 197 Morbis
1654 135 1863 196 Ventris

1410 226 1498 259 teriae
1533 224 1662 265 Magne
1696 232 1827 257 truncus
1849 223 1913 257 fuit
1937 243 1946 259 ‚
1978 221 2062 256 levia
2092 218 2317 260 incipientium
2348 219 2401 254 os-

1410 269 1533 302 searum
1566 267 1798 300 bracteolarum
1822 266 1942 299 indicia
1976 277 2029 307 per
2071 260 2186 295 faciem
2217 264 2404 297 interiorem

1413 310 1576 344 ostendens
1600 334 1610 349 ‚
1651 311 1694 342 A.
1722 310 1815 349 1728.
1852 309 2006 342 attentius
2028 306 2218 349 inspicerem
2241 317 2250 340 3
2282 306 2348 340 haec
2372 309 2405 339 in

1414 353 1609 397 genitalibus
1653 352 1807 386 adnotavi
1831 376 1838 383 .
1940 372 1943 389 3
1968 353 2003 384 O
2027 352 2060 382 V
2083 350 2116 381 A
2140 348 2173 381 R
2197 350 2213 380 I
2237 350 2268 381 A
2297 371 2310 389 ,
2354 349 2421 383 seu.

1413 398 1516 432 mavis
1541 396 1634 429 testes
1655 419 1668 436 ,
1702 396 1792 437 parvi
1815 416 1825 432 ‚
1858 405 1996 436 quorum
2022 394 2101 427 alter
2132 390 2294 433 strigofior
2317 415 2326 430 ‚
2361 394 2409 426 al-

1413 451 1462 474 ter
1486 439 1638 472 vesiculas
1660 438 1790 480 quidem
1815 437 1917 470 nullas
1935 459 1946 476 ,
1990 436 2042 470 sed
2085 444 2252 477 perpaucas
2281 437 2409 470 cellulas

1412 483 1620 521 continebat,
1641 492 1779 524 quarum
1800 482 1968 520 minores,
1991 480 2049 513 nisi
2084 477 2173 520 quod
2204 479 2292 511 intus
2325 481 2410 515 nihil

1413 526 1584 570 spectabile
1607 525 1789 562 habebant,
1814 522 1945 564 majoris
1967 533 2054 556 erant
2078 520 2193 554 similes
2222 532 2294 563 quae
2327 525 2412 558 intra

1412 572 1556 605 tunicam
1579 567 1732 607 crassam,
1752 577 1789 600 ex
1813 566 1958 600 subflavo
1980 567 2189 602 albicantem,
2213 564 2313 598 sinum
2325 579 2416 600 com-

1414 612 1606 657 prehendere
1631 611 1800 644 videbatur
1824 609 1936 642 duc-tus
1960 608 2054 643 instar
2089 608 2281 650 longiusculi
2304 631 2313 646 ‚
2346 612 2416 644 exi.

1414 669 1496 701 gnos
1518 658 1551 689 in
1584 653 1795 689 transversum
1826 653 1967 686 ramulos
2001 654 2198 686 emittentis:
2231 659 2415 695 quanquam

1416 703 1538 734 veritus
1561 699 1649 737 sum,
1685 709 1722 730 ne
1744 696 1854 730 tunica
1874 718 1884 734 ,
1919 707 1990 737 quae
2022 697 2102 730 olim
2140 694 2269 728 sortasse
2302 708 2416 732 cavum

1412 743 1603 786 spbaericum
1626 742 1853 776 continuerat,
1876 738 1983 781 postea
2005 738 2207 779 collapsa,&
2230 740 2263 771 in
2287 739 2317 772 se
2340 751 2419 774 con-

1413 788 1535 824 tracta,
1559 785 1686 819 suarum
1711 794 1864 826 rugarum
1885 783 2124 825 intercapedine
2146 793 2220 815 eum
2250 782 2383 817 duc'turn
2409 810 2419 826 ,

1415 830 1530 873 eosque
1554 828 1692 862 ramulos
1707 828 1899 860 mentiretur
1914 850 1921 857 .
1940 827 2015 858 Aias
2031 824 2421 876 Vespertiliqnuminspe-

1415 874 1525 913 flans,
1548 881 1585 906 ut
1610 882 1742 904 nerveos
1764 871 1797 902 in
1821 871 1862 902 iis
1900 869 2009 910 plexus
2041 867 2257 906 ostenderem,
2280 870 2312 902 in
2357 882 2419 905 una

1419 919 1477 950 vix
1499 915 1692 949 levissimum
1716 913 1933 955 exiguumque
1958 912 2066 954 plexus
2090 910 2177 953 quasi
2209 911 2422 948 inchoamen-

1419 970 1488 994 tum
1512 958 1654 995 offendi3
1677 958 1711 990 in
1734 956 1829 989 altera
1851 966 1890 988 ne
1913 954 1975 988 hoc
1998 955 2128 997 quidem
2143 980 2150 987 .
2176 955 2227 988 Ad
2252 959 2336 989 uteri
2367 956 2421 991 os-

1419 1004 1528 1037 culum
1552 1000 1770 1045 prominentia
1794 1006 1860 1032 erat
1883 998 2029 1040 quaedam
2042 998 2150 1032 colore
2175 998 2291 1033 viridi.
2320 1000 2420 1034 Paulo

1418 1046 1534 1088 supra,
1557 1046 1597 1078 ab
1618 1045 1680 1087 jam
1703 1043 1768 1085 jam
1791 1041 1910 1076 infimae
1944 1042 2078 1075 cervicis
2111 1042 2230 1082 pariete
2261 1052 2317 1083 per
2347 1045 2423 1077 bre.

1417 1101 1512 1129 vem,
1536 1089 1744 1130 albidumque
1768 1086 1925 1131 petiolum
1947 1087 2080 1127 parvula
2103 1085 2312 1119 excrescentia
2344 1098 2427 1129 pena-s

1416 1132 1514 1167 debat
1537 1132 1645 1169 laevis‚
1671 1133 1703 1164 &
1726 1141 1765 1163 ex
1786 1129 1883 1163 rubro
1900 1128 2013 1166 susca,
2040 1127 2141 1170 figura
2166 1129 2271 1161 minus
2291 1131 2424 1172 quidem

1417 1177 1582 1219 oblonga,
1602 1175 1652 1209 sed
1667 1183 1779 1207 caetera
1803 1171 1870 1215 ejus
1894 1171 2065 1212 persimilis
2088 1172 2222 1205 minoris
2244 1173 2425 1208 excrescen-

1420 1221 1475 1254 tiae
1500 1230 1570 1261 quae
1595 1221 1627 1251 in
1652 1217 1813 1259 superiore
1838 1215 1970 1248 muliere
1993 1213 2159 1248 noviffime
2181 1213 2341 1259 descripta
2363 1218 2425 1251 est.

1463 1272 1514 1305 31.
1543 1261 1732 1294 MULIER
1757 1269 1855 1292 annos
1880 1267 1954 1291 nata
1978 1260 2234 1301 quinquaginta,
2262 1268 2316 1292 aut
2348 1262 2426 1303 plus

1421 1318 1482 1346 eo,
1505 1302 1671 1348 trigefim'o
1694 1314 1734 1335 ex
1756 1313 1824 1344 quo
1847 1302 1962 1335 vulnus
1985 1302 2084 1345 capiti
2107 1301 2268 1335 infliciffum
2293 1300 2398 1337 fuerat
2414 1327 2429 1345 ‚

1421 1349 1474 1382 die
1498 1359 1627 1383 mortua
1651 1355 1718 1380 erat
1753 1346 1885 1379 ineunte
1919 1344 2096 1378 Februario
2128 1345 2168 1378 A.
2198 1346 2291 1389 1738.
2325 1347 2428 1381 Nihil

1422 1393 1487 1427 sere
1509 1403 1550 1425 ex
1570 1403 1603 1425 ea
1627 1391 1784 1433 inspicere
1808 1389 1900 1430 potui
1923 1398 2041 1430 praeter
2063 1389 2220 1430 genitalia
2235 1416 2243 1424 .
2278 1392 2316 1424 In
2351 1392 2431 1433 qui-

1422 1436 1480 1469 bus
1504 1435 1572 1469 haec
1598 1433 1832 1467 animadverti.
1968 1432 2144 1475 TESTES
2168 1431 2313 1468 duriores
2327 1443 2430 1474 erant,

1423 1478 1528 1516 aridis
1552 1481 1582 1512 &
1605 1477 1669 1511 sine
1695 1475 1858 1514 vesiculis.
1893 1476 1981 1519 Cum
2015 1476 2100 1508 inter
2133 1474 2163 1511 se
2194 1478 2286 1511 nullo
2331 1477 2430 1511 modo

1420 1522 1660 1564 discreparent,
1694 1520 1800 1553 multo
1835 1519 1945 1560 minor
1978 1518 2089 1560 plexus
2132 1529 2265 1554 nerveus
2299 1520 2364 1556 fuit
2395 1522 2430 1554 in

1420 1567 1550 1600 dextera
1575 1566 1637 1599 Ala
1662 1561 1935 1605 vespertilionis.
1960 1562 2103 1604 Apertus
2124 1564 2208 1596 uteri
2233 1561 2432 1603 fundusex-

1422 1609 1532 1644 hibuit
1556 1609 1591 1640 in
1614 1609 1678 1641 ima
1702 1605 1785 1639 facie
1811 1605 1984 1647 posteriore
2018 1604 2267 1640 excrescentiam
2304 1607 2431 1642 medio-

1422 1664 1530 1692 crem,
1554 1650 1593 1684 ad
1617 1651 1731 1685 circuli
1756 1648 1896 1682 formam
1915 1648 2120 1682 accedentem
2135 1672 2147 1690 ,
2179 1649 2374 1693 depressam,
2398 1654 2431 1684 δε

1423 1697 1586 1738 superiore
1610 1704 1739 1728 tanturn
1773 1692 1819 1724 sui
1862 1701 1952 1733 parte
1986 1693 2026 1724 ab
2059 1693 2177 1726 intima
2213 1695 2296 1727 uteri
2331 1707 2432 1729 mem-

1423 1740 1522 1773 brana
1545 1737 1742 1779 disiun&am
1764 1759 1771 1767 .
1808 1735 1910 1775 Cujus
1943 1734 2042 1776 ipsius
2085 1736 2296 1780 membranae—
2323 1740 2434 1781 potius

1421 1793 1520 1824 quam
1544 1782 1629 1814 uteri
1661 1778 1841 1824 substantiae
1861 1800 1874 1817 ,
1909 1779 2137 1822 excrescentia}
2157 1779 2217 1813 esie
2250 1779 2315 1813 visa
2360 1782 2402 1815 est
2425 1805 2434 1814 .

1421 1826 1517 1858 Hanc
1539 1825 1650 1865 enim,
1672 1826 1702 1856 δε
1747 1821 1928 1864 subjeetum
1964 1824 2044 1853 uteri
2079 1824 2234 1863 parietem
2254 1846 2264 1863 ‚
2287 1835 2434 1866 ¹eamque

1423 1869 1640 1903 membranam
1666 1866 1848 1909 persecans,
1874 1866 2003 1898 &inter
2016 1864 2044 1897 se
2059 1864 2304 1906 conferens,ex5
2323 1869 2434 1906 eadem

1423 1912 1529 1954 magis
1550 1913 1716 1953 compasta
1739 1907 1911 1942 substantia
1936 1919 1974 1940 ex
1997 1919 2060 1949 qua
2085 1909 2290 1950 membrana,
2314 1910 2434 1945 factam

1424 1954 1670 1989 excrescentiam
1695 1951 1913 1994 reperiebam,
1936 1960 2151 1994 praetereaque
2173 1953 2282 1986 eadem
2294 1955 2434 1988 exterius

1424 1999 1588 2037 laevitate,
1612 1997 1789 2037 eodemque
1815 2006 1850 2027 ac
1874 1993 2060 2031 membrana
2083 1995 2161 2033 illa,
2184 1993 2294 2030 colore
2318 1997 2435 2040 praedi-

1425 2051 1516 2078 tam,
1541 2037 1562 2073 fi
1587 2040 1686 2086 modo
1710 2039 1867 2072 summam
1891 2036 2170 2080 quavssdisjunctam
2193 2037 2309 2079 fuisse,¹
2329 2042 2399 2075 dixi
2422 2064 2436 2082 ‚

1425 2084 1625 2127 crepidinem
1649 2084 1812 2125 excipias,
1834 2092 1914 2123 quael
1932 2079 1997 2113 sola
2021 2081 2157 2125 rubebat
2174 2106 2183 2115 .
2282 2119 2284 2123 ι
2317 2109 2334 2120 .,.
2352 2107 2368 2118 ,«

1465 2139 1518 2172 32.
1542 2128 1696 2173 Intuenti·
1716 2125 1783 2160 haec
1807 2124 1891 2158 mihi
1914 2125 2109 2168 inurentem
2134 2135 2261 2159 venerat
2273 2125 2437 2172 suspicari,

1423 2171 1532 2211 hanc,
1555 2174 1588 2216 ὃς
1608 2169 1808 2213 ejuscemodi
1834 2169 1910 2202 alias
1933 2169 2161 2209 excrescentias
2193 2169 2322 2206 fortasse
2353 2172 2436 2206 nihil

1427 2215 1515 2250 aliud
1540 2213 1598 2247 esse
1622 2225 1720 2256 quam
1745 2212 1962 2247 membranam
1987 2214 2072 2246 uteri
2097 2214 2247 2247 intimam
2276 2239 2285 2254 ,
2320 2227 2335 2249 a
2369 2216 2437 2258 pla-

1426 2267 1527 2293 centae
1551 2255 1739 2291 novimestri
1763 2255 1942 2290 adhaefione
1964 2265 2056 2289 certo
2078 2256 2154 2291 loco
2178 2256 2438 2300 assurgentemin

1427 2304 1466 2335 iis
1490 2299 1692 2343 praesertim,
1715 2311 1730 2332 a
1753 2309 1890 2341 quarum
1911 2308 2003 2333 utero
2018 2299 2162 2339 nonfine
2186 2302 2219 2333 vi
2244 2297 2442 2345 aliq'uafuis-

1428 2346 1473 2379 set
1499 2343 1625 2378 avulsa.
1651 2345 1701 2377 Sic
1724 2345 1810 2377 enim
1834 2342 1980 2385 intelligi
2003 2354 2059 2377 cur
2083 2343 2131 2377 hae
2144 2340 2439 2383 excresc'en-tiaecir-

1429 2389 1495 2423 culi
1517 2385 1623 2419 forma
1646 2388 1707 2420 sint
1731 2409 1743 2426 ‚
1779 2389 1810 2419 ἅ·
1832 2397 1888 2419 cur
1904 2398 1978 2423 vnon
2001 2398 2091 2428 aeque
2127 2390 2159 2420 i'n
2184 2389 2435 2432 omnibusque

1430 2430 1633 2474 pepererint,
1658 2428 1829 2463 manifestae
1845 2454 1854 2467 Ἴ.
1881 2430 2218 2466 Memineramautem
2245 2434 2438 2475 apudRuy-

1430 2476 1552 2509 schium
1575 2475 1591 2516 (
1610 2473 1629 2506 b
1652 2478 1662 2513 )
1687 2472 1819 2515 legisse,
1842 2472 1897 2506 etsi
1923 2474 2198 2515 protuberantiae‚
2222 2484 2285 2517 quae
2308 2477 2339 2510 in
2362 2485 2440 2508 vac-

1430 2519 1476 2551 cis
1501 2524 1625 2551 uterum
1644 2515 1823 2559 gerentibus
1848 2517 2066 2558 reperiuntur,
2092 2520 2121 2550 &
2144 2530 2216 2560 quae
2240 2517 2287 2550 nil
2310 2517 2366 2560 nist
2381 2516 2439 2561 ¹ef..

1424 2559 1617 2604 florescencia
1641 2561 1771 2599 Uterina
1794 2558 1867 2592 sunt
1891 2580 1900 2596 ,
1924 2570 1991 2602 quae
2011 2568 2147 2603 tempore
2167 2561 2379 2603 graviditates
2403 2572 2436 2594 eo

1432 2604 1495 2638 loco
1520 2602 1574 2635 uhi
1595 2603 1785 2640 conneffitm
1809 2601 1909 2635 foetus
1928 2601 2140 2645 placentulas,
2164 2605 2197 2636 in
2220 2611 2373 2642 tumorem
2387 2613 2441 2637 at-

1432 2646 1558 2680 tollitur
1572 2670 1580 2684 ,
1602 2657 1667 2679 non
1690 2645 1931 2687 conspiciantur
1952 2646 1985 2677 in
2004 2646 2201 2682 mulieribus
2225 2669 2237 2686 ,
2271 2647 2345 2680 dum
2368 2656 2439 2680 ute-

1433 2701 1502 2723 rum
1519 2686 1632 2731 ferunt
1658 2712 1667 2727 ,
1707 2697 1810 2722 tamen
1832 2698 1867 2721 eo
1888 2689 1975 2727 Ioco,
1998 2687 2051 2721 ubi
2070 2688 2214 2730 placenta
2232 2688 2265 2730 se
2281 2688 2317 2731 se
2351 2697 2438 2723 utero

1434 2731 1573 2775 applicat
1587 2757 1596 2772 ‚
1618 2733 1702 2766 uteri
1724 2732 1863 2765 tunicam
1886 2732 2065 2765 interiorem
2089 2731 2228 2765 nonnihil
2236 2729 2270 2775 se
2287 2732 2321 2774 se
2343 2733 2375 2765 in
2385 2742 2439 2766 tu-

1436 2786 1551 2810 morem
1575 2786 1691 2818 quoque
1715 2774 1878 2808 attollere.
1904 2773 2099 2808 Sedcontra
2123 2776 2439 2814 animadvertebam,

1437 2819 1539 2853 videri
1566 2817 1771 2860 Ruyschium
1796 2828 1860 2850 non
1885 2816 2070 2860 attendisse,
2098 2818 2132 2851 in
2158 2817 2337 2858 vaccisjam
2363 2820 2440 2853 inde

1437 2863 1477 2896 ab
1500 2871 1575 2897 ortu
1599 2862 1920 2902 eaSprotuberantias
1936 2860 2077 2904 exstare,
2102 2861 2442 2905 easqueiupraegnan-

1436 2907 1525 2940 tibus
1549 2904 1743 2948 amplificari
1768 2907 1959 2941 dumtaxat,
1986 2913 2021 2937 ut
2047 2905 2185 2947 reliquas
2206 2906 2288 2939 uteri
2314 2916 2442 2948 partes,

1436 2961 1561 2992 neque,
1585 2950 1676 2994 inani
1691 2948 1802 2991 postea
1824 2948 2064 2989 constringente
2087 2947 2118 2981 se
2131 2957 2225 2982 utero
2240 2971 2250 2987 ‚
2274 2949 2442 2991 evanesce-

1435 3004 1469 3027 re
1493 3017 1501 3031 ‚
1549 3004 1624 3026 curn
1647 2994 1674 3025 is
1699 2992 1777 3025 levis
1801 2990 1966 3025 muliebris
1990 2993 2099 3024 intimi
2125 2994 2215 3024 uteri·
2231 3003 2342 3026 tumor
2365 2995 2379 3032 (
2402 2995 2441 3027 de

1435 3048 1502 3079 quo
1526 3036 1603 3069 alibi
1627 3035 1808 3069 videbimus
1830 3034 1935 3078 qualis
1959 3033 1997 3066 sit
2022 3057 2030 3072 ‚
2056 3037 2088 3066 δε
2112 3045 2150 3066 an
2173 3034 2211 3067 sit
2236 3036 2275 3068 ab
2299 3047 2332 3068 ea
2358 3038 2442 3071 uteri

1435 3080 1569 3118 tunica)
1594 3091 1650 3112 nec
1674 3089 1843 3117 autequam
1867 3079 2011 3120 placenta
2037 3077 2064 3111 se
2088 3077 2116 3110 se
2140 3079 2257 3112 affitius
2280 3089 2373 3112 utero
2386 3091 2443 3123 ap-

1438 3124 1614 3166 plicuerit,
1639 3134 1696 3156 nec
1721 3120 1888 3165 postquam
1912 3130 2043 3160 uterus,
2066 3119 2151 3154 foetu
2173 3120 2286 3162 edito,
2312 3121 2385 3157 satis
2410 3123 2442 3157 se

1438 3167 1636 3200 contraxerit
1655 3189 1668 3206 ,
1690 3166 1782 3199 nobis
1806 3173 1974 3208 appareat:
2001 3175 2102 3206 neque
2125 3164 2197 3198 sane
2211 3175 2287 3198 tunc
2311 3178 2442 3210 quoque

1438 3209 1498 3243 fibi
1524 3222 1695 3253 apparere,
1717 3208 1903 3251 Ruyschius
1927 3208 2034 3241 dicat.
2059 3207 2237 3241 Praesertim
2261 3219 2369 3243 autem
2393 3221 2444 3244 re.

1435 3254 1594 3287 cordabar
1620 3276 1628 3289 ‚
1661 3251 1799 3294 ejusdem
1824 3251 1936 3296 formae
1960 3250 2188 3285 excrescentias
2221 3253 2253 3283 in
2288 3253 2443 3295 virgineis

1434 3309 1566 3339 quoque
1590 3298 1706 3334 uteris,
1732 3303 1786 3328 aut
1808 3305 1892 3329 certe
1915 3306 2027 3330 earum
2050 3306 2121 3335 quae
2147 3306 2312 3337 nunquam
2344 3308 2440 3339 pepe-

1436 3340 1544 3374 rissent
1560 3366 1567 3377 ‚
1593 3351 1606 3372 a
1634 3351 1683 3372 me
1706 3338 1766 3372 esse
1791 3339 1967 3379 inventas,
1986 3338 2135 3381 velutin
2162 3339 2221 3371 hac
2244 3349 2342 3381 quam
2365 3350 2437 3382 pro-

1437 3387 1524 3417 tinus
1550 3382 1738 3423 subjiciam,
1765 3379 1920 3416 historia.⁸

1478 3438 1529 3469 33.
1556 3427 1764 3459 VETULAE
1787 3436 1859 3468 quae
1880 3425 1924 3457 ob
1947 3425 2050 3458 cruris
2072 3424 2272 3458 ulcusculum
2306 3425 2339 3457 in
2362 3425 2438 3459 No-

1436 3469 1613 3503 socomium
1645 3478 1777 3509 excepta
1811 3468 1916 3502 fuerat
1936 3490 1949 3507 ,
1984 3468 2064 3500 dum
2096 3468 2141 3499 ibi
2175 3480 2240 3501 non
2274 3467 2439 3504 illibenter

1437 3513 1622 3546 morabatur
1649 3537 1657 3551 ‚
1689 3512 1775 3545 idem
1799 3511 1918 3545 accidit
1945 3513 2030 3553 quod
2056 3509 2139 3543 haud
2164 3523 2236 3544 raro
2261 3508 2330 3543 aliis
2352 3523 2438 3554 quo-

1436 3568 1496 3597 que
1514 3578 1523 3593 ,
1542 3565 1577 3589 ut
1601 3567 1638 3588 ex
1664 3556 1799 3597 impuris
1823 3554 1978 3589 halitibus
2002 3565 2033 3586 in
2059 3553 2181 3587 febrem
2202 3552 2361 3587 incideret
2374 3558 2439 3596 pri-

2285 3606 2392 3634 mum,

390 3656 2436 3685 Μη-

472 3724 489 3747 y
505 3718 519 3745 )
535 3719 672 3741 Commerc.
690 3716 777 3741 Litter.
796 3716 827 3738 Α.
845 3721 909 3745 1735,
929 3712 1007 3736 Hebd.
1025 3720 1064 3741 ²9·

476 3755 491 3771 a
506 3748 519 3776 )
536 3750 606 3772 Cent.
623 3747 680 3771 Ohs.
698 3750 774 3771 Anat.
792 3745 859 3770 chit.
878 3744 926 3773 Fig.
944 3748 967 3768 ⁶.
988 3742 1016 3766 ad
1033 3741 1094 3767 Obs.
1112 3746 1135 3766 6.

1127 3710 1200 3741 (z)
1219 3711 1300 3733 Mem.
1317 3708 1345 3731 de
1362 3707 1457 3732 l'Acad.
1476 3709 1507 3732 R.
1523 3706 1563 3730 des
1582 3708 1621 3730 Sc.
1639 3708 1668 3729 Α.
1689 3714 1756 3734 ¹703-

1203 3740 1212 3769 (
1229 3739 1243 3763 b
1259 3748 1269 3769 )
1285 3737 1355 3763 Thes.
1372 3741 1445 3762 Anat.
1464 3746 1483 3767 5.
1500 3737 1526 3761 in
1542 3736 1586 3761 fin.
1605 3737 1692 3761 Arcula
1711 3745 1731 3766 Ξ.
1750 3743 1772 3759 n.
1792 3744 1812 3760 1.
