2498 4075
320 194 484 237 pulchreti
507 205 634 241 quoque
657 192 803 228 senione
825 192 884 227 hac
907 191 989 232 leges
1009 189 1084 222 ΧΠ.
1108 191 1123 228 (
1144 201 1161 223 c
1181 193 1195 229 )
1215 211 1225 227 ‚
1259 189 1327 222 ani-

323 238 517 279 madvertit,
535 238 691 285 saepzffime
703 238 807 279 Spinae
830 234 985 269 vertebras
997 242 1077 266 nunc
1092 231 1201 281 plures
1213 255 1226 272 ,
1248 243 1327 265 nunc

321 283 483 324 pauciores
501 282 597 326 fimul
618 280 797 321 conjuneras
824 305 832 319 ‚
941 279 983 310 (ν
1004 282 1154 317 tanquam
1175 285 1208 307 m
1230 285 1326 308 unum

324 335 360 357 os
382 326 541 366 νειίαῑῖας,
563 324 745 365 easdemque
767 324 869 360 intro,
891 319 943 354 vel
965 326 1055 352 extra
1077 342 1085 356 ,
1108 316 1163 350 vel
1186 319 1224 351 ad
1244 318 1325 352 alte-

318 377 392 400 rum
415 368 498 401 latus
521 373 534 408 (
557 368 591 403 id
615 366 702 410 quod
718 364 919 409 frequentius
930 360 985 395 effe
1000 384 1009 399 ‚
1032 360 1115 409 infra
1136 359 1255 400 docet)
1276 362 1324 393 in-

323 409 477 444 clinatum
501 410 669 450 habentes,
693 410 770 442 unde
781 417 891 440 omnes
903 429 915 447 ‚
937 416 1013 448 quas
1025 413 1189 440 nominat,
1211 404 1324 446 gibbe-

323 454 369 485 ris
393 453 504 495 species
523 455 626 498 fiant.
650 451 751 488 Quod
774 460 893 495 autem-
911 447 1005 488 dixi,
1028 445 1112 480 infra
1133 445 1249 481 docere
1274 449 1325 480 Pi-

321 506 450 535 naeum,
472 508 536 530 non
559 499 592 530 in
620 494 828 538 Sepulchreto
843 517 852 533 ‚
877 492 927 526 {ed
938 504 975 525 eo
996 492 1100 534 capite
1114 489 1198 531 apud
1221 489 1324 533 ipsum

323 539 447 573 videbis
462 565 471 582 ³
493 540 580 582 quod
606 540 650 572 ibi
675 538 860 577 indicatur,
883 537 940 568 IX.
964 538 978 574 (
999 536 1019 568 cl
1040 538 1054 573 )
1077 556 1086 571 ,
1120 531 1174 565 ubi
1199 532 1238 568 de
1262 534 1327 567 ela-

321 584 406 616 tiore
429 587 461 618 &
485 582 662 617 tumidiore
685 582 718 613 in
744 581 857 623 puellis
870 578 1010 611 Gallicis
1034 576 1157 619 scapula
1182 576 1328 615 dextera,

321 624 449 668 ejusque
472 629 514 659 rei
538 626 637 659 caufis
661 625 810 667 pleraque
835 621 978 663 scripfit‚
1001 632 1071 663 quae
1083 620 1133 652 sua
1157 619 1260 660 postea
1284 619 1328 653 fe-

322 672 370 702 cit
392 672 428 703 in
452 668 661 704 Encheiridio
682 670 696 707 (
716 677 731 700 e
753 669 767 705 )
791 666 970 700 Riolanus.
998 662 1226 711 Post.Pinaeum
1249 663 1327 703 alii,

322 718 357 749 in
379 713 496 757 quibus
529 724 626 754 nuper
651 709 770 745 laudati
805 710 883 743 Viri
917 704 1121 756 Helwichius
1145 728 1157 744 ‚
1190 704 1271 748 (f)
1295 711 1327 741 &

322 759 474 793 Hallerus
496 756 583 798 (g)
610 755 750 796 plurium
774 753 991 784 vertebrarum
1014 761 1048 782 1n
1072 758 1171 782 unum
1195 760 1230 782 os
1253 761 1328 784 coa-

323 803 420 836 litum
445 800 635 833 adnotarunt
659 797 692 829 in
714 794 888 838 gibberosis
915 816 928 834 ,
959 789 1144 834 Ruyschius
1166 801 1271 826 autem
1294 795 1328 828 in

324 846 456 890 primis,
480 843 537 885 qui
561 844 574 881 <
597 840 616 874 h
639 844 652 880 >
675 840 708 872 in
730 838 912 880 hispluries
936 836 1020 869 vidit
1032 835 1247 869 vertebrarum
1270 838 1329 870 ali-

320 897 402 931 quot
424 896 561 928 corpora
583 883 661 917 adeo
683 883 768 915 inter
790 881 819 915 se
843 882 931 914 unita
945 906 953 919 ,
977 882 1009 914 δε
1033 878 1162 928 adacta,
1185 888 1222 913 ut
1243 890 1328 922 quae-

322 934 396 966 dam
419 942 459 964 ex
492 927 565 972 ipfis
586 937 650 959 non
683 925 784 958 modo
809 924 984 957 imminuta
1007 945 1016 960 ,
1052 921 1100 956 sed
1137 931 1170 954 m
1191 921 1328 957 nihilum

322 974 447 1009 redaaa
470 972 656 1005 viderentur
680 994 687 1001 .
725 966 877 1001 Palfinins
900 970 913 1006 (
936 967 948 1000 i
968 970 981 1005 )
1003 976 1078 998 vero
1113 966 1208 999 initia
1232 974 1328 1000 tantae

320 1017 561 1053 imminutionis
594 1015 628 1046 in
653 1012 773 1056 {celetis
799 1009 1022 1045 animadvertit
1045 1009 1250 1051 gibbosorum
1281 1011 1329 1043 in-

319 1062 447 1097 fantum
470 1084 482 1101 ‚
513 1058 661 1092 videlicet
684 1055 900 1089 vertebrarum
922 1063 1058 1095 corpora
1090 1053 1129 1086 ad
1152 1060 1329 1087 curvaturae

323 1105 426 1140 sedem
450 1103 540 1137 valde
562 1100 765 1143 complanata
789 1122 801 1140 ,
833 1097 1074 1141 interieritaique
1096 1095 1147 1130 his
1166 1095 1332 1139 cartilagi-

319 1160 374 1184 nes
398 1149 443 1181 ibi
468 1147 676 1181 tenuissimas.

367 1203 418 1236 33.
454 1191 523 1224 Post
554 1188 789 1223 observationes
827 1187 932 1220 minus
967 1183 1099 1218 difficile
1131 1183 1258 1217 videtur
1290 1183 1330 1217 de

324 1236 421 1270 caulis
444 1234 630 1268 inflexionis
655 1230 765 1264 offium
789 1239 916 1263 artuum
937 1253 946 1268 ,
979 1231 1011 1260 δε
1036 1228 1139 1269 Spinae
1163 1227 1260 1269 ipsius
1282 1226 1331 1271 ju-

319 1280 445 1314 dicare.
467 1278 616 1316 Quarum
639 1273 733 1307 habes
756 1273 821 1306 duo
844 1283 953 1316 genera
977 1272 1010 1303 in
1034 1269 1241 1312 Sepulchreto
1264 1271 1331 1312 (k)

320 1321 505 1367 propofita,
527 1331 566 1353 ex
587 1317 753 1352 Glissonio
776 1327 893 1354 unum,
918 1326 957 1348 ex
970 1315 1146 1355 Mayovvio
1172 1315 1306 1349 alterum
1322 1339 1329 1346 .

320 1369 509 1408 Utrumque
534 1373 630 1405 genus
655 1361 687 1393 in
711 1361 855 1394 uberiore
878 1358 1056 1392 nutritione
1079 1356 1241 1396 consistit,
1267 1359 1332 1401 pri-

320 1421 411 1445 mum
432 1407 563 1452 quidem
587 1406 681 1439 unius
703 1403 814 1437 offium
836 1402 965 1447 lateris,⁴
988 1411 1084 1444 quarn
1107 1400 1235 1436 alterius
1251 1426 1264 1443 ‚
1287 1401 1331 1435 se.

319 1454 464 1489 cundum
485 1462 562 1484 vero
584 1448 714 1484 offium,
738 1458 835 1489 quam
861 1446 1056 1478 attenlorum
1079 1443 1295 1479 musculorum
1321 1470 1329 1478 .

320 1497 451 1532 Scilicet
475 1495 535 1528 live
560 1493 695 1526 alterurn
726 1490 837 1524 offiurn
860 1489 942 1522 latus
974 1488 1098 1521 diutius
1121 1490 1236 1521 nutriri
1260 1499 1332 1531 per-

320 1550 395 1585 gat,
418 1550 513 1582 quarn
535 1535 720 1579 oppositum
734 1558 742 1574 ,
766 1543 802 1567 ut
815 1531 983 1565 Haverfius
1006 1535 1019 1570 (
1042 1531 1054 1564 l
1076 1535 1087 1570 )
1109 1532 1223 1565 maluit
1237 1555 1248 1571 ‚
1270 1530 1331 1565 five

320 1593 493 1626 utrumque
517 1582 584 1623 pari
608 1588 751 1620 ternpore
773 1599 782 1614 ‚
817 1575 868 1608 sed
892 1575 1028 1609 alterum
1059 1574 1186 1608 uberius
1209 1576 1332 1608 nutria-

320 1637 373 1661 tur
399 1651 412 1668 ,
447 1635 482 1660 ut
505 1623 688 1658 Glissonius
712 1620 861 1662 posuerat
879 1641 892 1658 ,
916 1629 1027 1660 nempe
1051 1629 1097 1652 res
1120 1618 1231 1651 eodem
1252 1620 1333 1651 reci-

322 1672 372 1705 dit
387 1694 398 1710 ,
421 1680 457 1703 ut
481 1668 605 1702 diutius
627 1688 639 1705 ‚
673 1673 728 1697 aut
754 1664 855 1706 magis
888 1663 1048 1695 nutritum
1070 1662 1152 1695 latus
1175 1661 1205 1695 se
1227 1662 1256 1695 se
1280 1664 1333 1695 in-

323 1716 421 1748 clinet
445 1711 483 1746 ad
507 1708 712 1753 oppositum.
737 1707 790 1740 Sic
814 1713 890 1748 puta
910 1727 922 1744 ,
944 1704 966 1736 fi
990 1704 1155 1737 dexterum
1175 1704 1333 1738 vertebra-

322 1770 393 1793 rum
416 1757 497 1790 latus
522 1754 616 1787 altius
639 1750 794 1791 creverit,
817 1758 915 1791 quam
937 1745 1120 1788 sinistrum,
1144 1748 1333 1790 Spinamin-

322 1803 442 1837 flexum
465 1800 506 1833 iri
530 1795 740 1831 sinistrorsum
761 1806 769 1827 :
804 1793 951 1834 idemque
973 1790 1119 1825 futurum
1142 1814 1151 1828 ‚
1186 1790 1208 1823 fi
1233 1800 1332 1824 verte-

320 1846 386 1880 bris
408 1842 593 1886 interpofita
616 1839 788 1881 ligamenta
809 1859 821 1876 ,
847 1835 897 1869 seu
920 1836 1020 1867 mavis
1044 1835 1247 1876 cartilagines
1269 1835 1333 1868 mi-

321 1901 380 1923 nus
404 1888 530 1921 au&am
553 1883 688 1917 habeant
704 1904 713 1919 ,
737 1891 791 1914 aut
807 1879 940 1914 habeant
963 1879 1168 1911 imminutam
1181 1878 1333 1911 altitudi-

327 1944 398 1966 nem
423 1933 458 1963 in
482 1931 578 1963 latere
601 1925 742 1959 sinistro.
766 1925 873 1966 Atque
885 1922 922 1955 ad
945 1921 1030 1955 hunc
1055 1918 1120 1954 fere
1141 1917 1273 1953 modum
1283 1923 1333 1953 in-

323 1977 457 2017 telliges
480 1976 622 2017 primum
644 1967 810 2003 causarum
831 1977 927 2008 genus
949 1989 957 1997 .
980 1965 1130 1998 Alterum
1153 1973 1259 1997 autem
1275 1987 1287 2004 ‚
1310 1961 1332 1996 fi

328 2019 488 2054 musculos
519 2017 577 2060 qui
601 2012 660 2046 sint
696 2010 734 2045 ad
758 2011 839 2044 latus
863 2008 1020 2043 finisti-um
1044 2032 1053 2049 ‚
1085 2009 1190 2041 minus
1226 2008 1332 2049 augeri

323 2075 423 2107 quam
445 2060 506 2095 ossa
521 2083 530 2099 ,
554 2057 695 2102 posueris
717 2077 726 2093 ‚
759 2065 812 2089 aut
837 2056 938 2095 magis
959 2050 1109 2086 contrahi
1141 2062 1238 2093 quarn
1263 2061 1333 2082 mu-

325 2107 402 2142 sculi
429 2105 486 2148 qui
510 2103 572 2137 fint
596 2100 631 2134 ad
656 2099 823 2133 dexterum
845 2098 927 2130 latus
947 2119 960 2136 ,
991 2096 1054 2129 five
1076 2095 1138 2127 hoc
1162 2105 1178 2126 a
1199 2094 1332 2127 convul-

324 2151 434 2190 sione,
457 2149 518 2180 sive
540 2158 556 2179 a
578 2143 693 2186 majori
716 2143 749 2175 vi
775 2141 812 2174 fit
836 2153 898 2184 qua
923 2139 1131 2181 praepolleant
1157 2137 1333 2184 dexteris-2,

325 2205 420 2238 eaque
443 2201 498 2225 aut
523 2190 563 2223 ab
584 2198 658 2221 ortu
673 2210 684 2227 ‚
707 2194 759 2219 aut
783 2184 826 2217 ob
848 2184 1052 2217 dexterorum
1063 2183 1153 2220 vim,
1176 2180 1334 2229 paralysi,

327 2247 380 2273 aut
405 2237 467 2270 alia
490 2242 676 2277 quacunque
698 2228 1026 2263 causaimminutam.
1046 2228 1148 2272 Juvat
1170 2234 1254 2256 enim
1267 2223 1335 2257 haec

325 2284 432 2316 omnia
457 2279 492 2312 ad
517 2275 685 2319 Mayovvii
709 2273 891 2314 cogitatum
915 2269 1050 2310 addere,
1071 2268 1182 2315 eodem
1205 2266 1335 2300 redeun-

326 2327 397 2360 tia.
426 2324 497 2357 Nec
521 2332 571 2354 me
595 2318 680 2361 fugit
706 2315 785 2360 quid
809 2316 838 2348 ei
870 2315 1019 2356 cogitato
1040 2312 1212 2346 Haverlius
1235 2313 1301 2360 (γη
1323 2313 1337 2350 )

328 2368 500 2411 objecerit,
523 2363 730 2406 probantibus
753 2361 806 2391 Cl.
831 2360 945 2396 Viris,
968 2357 1124 2389 nimirum
1155 2365 1230 2399 cum
1252 2363 1337 2385 mter

329 2411 545 2447 musculorum
570 2415 707 2439 extrema
731 2405 955 2443 interponatur
979 2399 1150 2446 articulus,
1174 2397 1243 2429 iore
1266 2423 1273 2436 ‚
1299 2406 1334 2430 ut

329 2454 465 2491 musculi
498 2451 656 2485 breviores
688 2459 724 2480 os
759 2443 917 2477 trahendo
946 2443 979 2474 in
1002 2441 1091 2484 quod
1124 2439 1303 2473 inseruntur
1325 2462 1334 2477 ‚

332 2499 399 2543 ejus
422 2496 553 2539 quidem
576 2492 669 2525 situm
694 2497 820 2523 mutent
839 2510 851 2527 ‚
883 2496 917 2520 ut
941 2485 1040 2519 solent
1061 2496 1071 2522 5
1095 2482 1147 2516 sed
1170 2493 1233 2515 non
1257 2482 1338 2525 figu-

333 2554 421 2577 ram.
443 2542 569 2572 Verum
591 2548 601 2574 ς
635 2544 671 2568 ut
697 2534 756 2566 alia
781 2531 1026 2574 praetermittam
1048 2539 1058 2565 3
1100 2526 1155 2560 ubi
1180 2526 1217 2559 de
1239 2535 1339 2559 verte-

331 2587 420 2623 bris,
446 2586 476 2616 δι
502 2582 596 2624 Spina
620 2579 726 2619 agitur
750 2599 760 2615 ,
791 2574 879 2607 velut
903 2572 956 2606 hic
977 2594 988 2610 ‚
1009 2571 1095 2604 idem
1117 2569 1160 2604 cst
1181 2570 1341 2602 vertebra-

332 2640 404 2665 rum
428 2626 524 2660 situm
539 2651 548 2665 ,
572 2635 605 2656 ac
632 2623 737 2664 Spinae
760 2617 894 2661 figuram
918 2625 1060 2648 mutare.
1088 2614 1138 2647 Sic
1162 2615 1196 2646 in
1219 2612 1343 2646 muscu-

333 2674 374 2707 lis
398 2679 464 2705 erat
486 2669 602 2701 vitium
626 2668 660 2698 in
693 2673 831 2708 procerae
853 2659 978 2693 staturae
1001 2659 1073 2690 viro
1099 2656 1176 2691 adeo
1198 2659 1343 2690 incurva-

334 2726 390 2755 to,
413 2722 450 2749 ut
475 2709 684 2750 Kerckringii
710 2704 905 2741 observatio
928 2701 1067 2736 ostendit
1089 2712 1186 2750 quam
1210 2699 1263 2734 hic
1285 2700 1341 2733 ha-

335 2761 387 2793 bes
410 2760 443 2791 in
468 2753 679 2798 Sepulchreto
704 2752 756 2793 (n
779 2752 792 2789 )
819 2771 826 2779 .
852 2749 891 2779 In
914 2757 979 2789 quo
1000 2747 1014 2783 (
1036 2757 1052 2778 ο
1074 2748 1088 2785 >
1110 2742 1192 2777 illud
1214 2755 1340 2793 quoque

336 2803 478 2838 invenies
502 2797 588 2842 quod
611 2795 744 2839 probes,
767 2791 815 2824 vel
841 2790 906 2824 sola
930 2788 1148 2822 musculorum
1171 2786 1254 2820 dorsi
1281 2799 1341 2820 im-

339 2846 518 2880 becillitate
543 2840 611 2874 fieri
635 2864 643 2879 ,
677 2845 713 2871 ut
735 2844 850 2869 nutans
882 2833 978 2876 Spina
1010 2840 1189 2880 curvetur-¹,
1212 2842 1343 2873 eamque

332 2886 465 2934 fortaffe
489 2883 610 2926 causam
634 2880 687 2925 effe
711 2890 802 2913 unam
828 2887 886 2919 qua
902 2876 992 2918 senes
1016 2885 1119 2908 omnes
1141 2873 1256 2916 gzbbofi
1278 2875 1344 2907 exi-

332 2932 416 2973 stant
431 2955 439 2961 .
464 2929 557 2967 Qin
579 2927 675 2958 etiarn
698 2923 753 2957 ubi

912 112 1071 166 Liber
1103 110 1170 163 ΙΙ.
1203 108 1291 163 De
1325 106 1531 161 Morbis
1565 106 1826 162 Thoracis

1374 197 1501 230 quoque
1535 185 1674 229 ipsarum
1695 209 1704 223 ‚
1739 196 1802 218 non
1825 184 1924 220 modo
1954 186 2192 231 interje&arum
2212 184 2380 228 cartilagi-

1377 240 1476 267 num,
1498 228 1631 271 figuram
1656 230 1825 263 mutabunt
1846 241 1857 267 3
1891 229 2028 263 crescent
2052 232 2136 263 enim
2161 229 2313 263 vertebrae
2337 229 2382 262 se-

1377 271 1517 306 cundum
1539 272 1743 307 altitudinem
1777 272 1814 305 ab
1836 284 1869 305 ea
1903 282 1990 314 parte
2011 283 2074 315 qua
2106 282 2280 307 curvaturae
2303 282 2384 304 con-
2412 278 2415 279 ’

1376 326 1491 348 vexum
1514 318 1576 350 erit
1593 340 1606 357 ,
1630 315 1807 349 decrescent
1832 324 1960 354 autem,
1985 326 2037 349 aut
2058 326 2142 349 certe
2155 318 2260 349 minus
2283 325 2381 357 auge-

1375 359 1495 392 buntur
1527 361 1566 393 ab
1587 357 1732 402 opposita
1755 382 1768 399 ‚
1795 361 1914 402 quippe
1935 361 1970 393 in
2004 358 2062 392 hac
2086 360 2205 393 arctius
2236 360 2320 392 inter
2352 357 2381 390 se

1374 402 1580 442 constriRae5
1603 403 1637 436 in
1660 401 1716 435 illa
1737 424 1749 441 ,
1778 412 1918 436 convexa
1939 401 2089 435 videlicet
2109 426 2121 443 ‚
2147 403 2251 436 multo
2273 402 2379 435 minus

1377 445 1473 477 altera
1505 445 1544 478 ad
1568 445 1700 479 alteram
1722 444 1869 488 appress‘ae
1890 469 1901 485 ‚
1932 455 2030 489 quam
2060 448 2224 488 requirant
2257 452 2381 478 naturae

1377 488 1480 530 leges.
1504 490 1583 523 Haec
1605 499 1711 522 autem
1732 499 1770 521 eo
1796 487 1924 523 facilius
1946 490 2136 532 contingent
2157 512 2166 527 ‚
2189 499 2256 531 quo
2279 489 2381 530 magis

1376 531 1420 565 ob
1442 540 1580 565 teneram
1603 541 1731 565 :etatem
1770 530 1931 565 distabunt
1956 532 2106 566 vertebrae
2129 542 2145 564 a
2168 531 2309 564 termino
2330 534 2383 564 in-

1377 577 1531 608 crementi
1557 575 1602 609 sui
1617 599 1630 616 ‚
1652 578 1684 609 δε
1707 587 1775 618 quo
1799 575 1905 608 minus
1927 584 2018 610 erunt
2040 574 2148 612 durae,
2173 574 2233 608 five
2257 573 2322 607 hoc
2343 574 2382 609 sit

1379 619 1417 650 ab
1437 617 1544 651 eadem
1568 628 1660 652 aetate
1681 642 1692 658 ‚
1724 617 1785 651 sive
1808 619 1907 651 etiam
1930 631 1946 651 a
1969 619 2110 659 morbo,
2134 626 2169 651 ut
2192 619 2225 650 in
2248 617 2382 659 gibbosa

1379 662 1434 693 illa
1458 662 1594 694 Hildani
1619 661 1721 704 puella
1745 665 1759 702 (
1778 671 1800 703 p
1820 665 1833 700 )
1855 663 1906 695 cui
1932 660 1992 706 offa
2015 661 2080 705 ipsa
2100 662 2174 695 adeo
2194 669 2281 694 erant
2304 660 2383 694 mol-

1378 704 1445 745 lia,
1469 713 1506 737 ut
1528 705 1672 739 nonnulla
1697 706 1738 738 ad
1760 703 1852 744 insiar
1874 715 1946 738 ceree
1957 705 2192 742 ιναὲἶανεηῐιινς
2218 705 2315 747 Spina
2327 715 2384 739 au-

1378 757 1443 780 tem
1465 758 1531 780 erat
1553 747 1715 782 emollita:
1738 749 1878 790 itemque
1899 748 1933 780 in
1955 748 2054 791 gibbo
2077 747 2273 782 adolescente
2284 757 2381 782 annos

1379 801 1456 824 nato
1476 792 1571 825 XVI.
1594 791 1633 823 de
1655 803 1721 833 quo
1742 791 1796 825 hic
1831 790 1873 824 est
1894 792 1940 824 II.
1964 793 1998 824 in
2022 789 2231 833 Sepulchreto
2263 791 2384 824 Obser-

1380 836 1469 868 vatio
1488 858 1502 875 ‚
1531 834 1570 868 ad
1591 834 1725 869 eundem
1748 835 1812 868 fere
1836 833 1968 868 modum
1990 834 2019 868 se
2051 833 2208 867 habebant
2227 836 2381 877 praecipue

1379 877 1527 912 vertebrae
1549 902 1556 910 .
1692 879 1835 912 Primum
1867 878 1971 920 igitur
2000 877 2165 912 causarum
2200 888 2296 919 genus
2313 877 2383 911 *etsi

1379 932 1435 964 per
1458 922 1487 955 se
1512 922 1616 965 ipsum
1639 931 1865 964 nonnunquam·
1889 920 2015 954 existere
2045 945 2054 961 ‚
2087 923 2119 955 &
2141 921 2276 963 gibbum
2299 919 2384 964 posse

1379 964 1501 1003 facere,
1526 976 1590 998 non
1613 966 1814 1008 negaverim
1840 965 1950 1007 saepius
1972 973 2077 997 tamen
2099 963 2156 998 ess‘e
2178 964 2260 998 illud
2276 964 2384 998 existi-

1379 1020 1434 1042 mo
1455 1007 1602 1043 effectum
1624 1008 1786 1043 causarum
1810 1007 1937 1042 secundi
1959 1009 2082 1050 generis
2109 1029 2119 1044 ‚
2152 1006 2213 1041 hoc
2234 1006 2277 1041 est
2307 1019 2386 1041 con-

1380 1052 1557 1086 tractorum
1582 1053 1795 1086 musculorum
1809 1076 1816 1083 .

1425 1106 1477 1139 34.
1502 1096 1547 1129 Et
1569 1096 1638 1129 sane
1662 1096 1726 1139 ipse
1749 1106 1876 1139 quoque
1897 1095 2032 1137 Meryus
2053 1097 2067 1134 (
2088 1106 2107 1138 q
2129 1098 2162 1135 )‚
2186 1105 2204 1127 a
2225 1106 2290 1137 quo
2313 1094 2387 1137 Spi-

1380 1149 1428 1172 nae
1451 1139 1485 1172 in
1508 1139 1657 1182 serpentis
1690 1140 1822 1173 modum
1844 1139 2019 1171 lateraliter
2042 1139 2166 1172 inflexae
2197 1137 2390 1181 descriptio-

1381 1193 1453 1216 nem
1468 1206 1480 1223 ,
1502 1181 1772 1220 delineationem,
1795 1187 1828 1216 &
1850 1183 2101 1224 explicationem
2126 1181 2278 1215 habemus
2300 1205 2313 1222 ,
2337 1180 2387 1214 fa-

1382 1226 1443 1259 cile
1477 1228 1621 1260 omnium
1646 1238 1715 1270 quae
1741 1224 1779 1259 ad
1810 1224 1873 1258 hoc
1898 1235 2022 1267 ternpus
2055 1224 2233 1266 prodierint
2256 1246 2264 1260 ‚
2298 1226 2387 1267 opti-

1383 1281 1488 1308 mam,
1513 1271 1601 1312 quod
1623 1272 1657 1304 in
1680 1269 1812 1312 fingulis
1833 1268 1986 1301 vertebris
2009 1268 2084 1300 vitii
2105 1267 2161 1301 esse
2184 1277 2331 1310 poterat,
2353 1267 2389 1302 id

1383 1325 1444 1358 pro
1466 1311 1578 1347 effec‘hr
1603 1314 1726 1355 accepit
1751 1312 1925 1346 adfitorum
1949 1312 2064 1358 spinvae,
2077 1309 2293 1346 musculorum
2315 1334 2324 1348 ,
2349 1311 2389 1345 ab

1384 1357 1481 1391 altera
1504 1366 1590 1401 parte
1615 1357 1836 1396 trahentium,
1857 1367 1931 1388 cum
1951 1355 2095 1397 ⁴oppositi
2107 1377 2120 1395 ‚
2143 1354 2186 1388 ob
2217 1365 2389 1390 nervorum

1381 1401 1630 1435 obsti-ustionem
1655 1400 1786 1434 resoluti
1809 1422 1818 1437 ,
1841 1398 1924 1432 nihil
1948 1407 2095 1440 agerent.
2220 1400 2392 1432 Verunta-

1381 1446 1495 1478 menin
1522 1444 1581 1479 hac
1593 1455 1721 1487 quoque
1743 1444 1957 1485 explicatione
1982 1441 2104 1484 aliquid
2117 1441 2181 1480 est,
2202 1441 2293 1485 cujus
2318 1441 2390 1485 pos-

1384 1489 1422 1523 sis
1446 1488 1570 1523 causam
1596 1498 1752 1530 quaerere.
1780 1487 1813 1520 Si
1836 1487 1921 1520 enim
1946 1487 2044 1528 Spina
2067 1497 2162 1520 unam
2185 1484 2353 1519 dumtaxat
2378 1508 2391 1525 ,

1385 1542 1460 1575 puta
1484 1532 1713 1571 sinistrorsum,
1735 1538 1937 1564 curvaturam
1961 1527 2118 1563 habuisset
2131 1543 2141 1569 3
2166 1530 2301 1563 minime
2323 1526 2391 1566 dif-

1384 1575 1468 1609 ficile
1493 1576 1567 1611 esset
1591 1586 1655 1609 rem
1679 1574 1883 1616 intelligere,
1904 1571 2052 1616 ponendo
2074 1571 2330 1613 tantummode,
2352 1581 2390 1607 ut

1384 1621 1481 1663 paulo
1504 1630 1576 1653 ante
1600 1618 1779 1652 indicatum
1803 1616 1844 1650 est
1869 1640 1881 1657 ‚
1904 1615 2060 1649 resolutos
2085 1615 2245 1649 musculos
2269 1617 2307 1648 ab
2329 1627 2392 1658 op.

1383 1662 1506 1706 posito,
1532 1663 1566 1696 id
1588 1662 1631 1695 est
1654 1674 1670 1695 a
1693 1670 1870 1695 curvaturae
1892 1670 2037 1692 convexo
2059 1660 2153 1692 latere
2174 1685 2180 1692 .
2213 1661 2312 1693 Nunc
2336 1670 2393 1693 au-

1383 1716 1450 1739 tem
1473 1718 1547 1740 cum
1571 1704 1654 1738 infra
1688 1706 1825 1747 primam
1851 1711 2053 1736 curvaturam
2085 1703 2182 1736 altera
2206 1701 2351 1736 succedat
2376 1726 2387 1741 ‚

1384 1758 1420 1783 ut
1444 1751 1476 1782 in
1500 1749 1635 1782 Hildani
1659 1751 1673 1787 (
1696 1748 1745 1790 r)
1767 1769 1777 1785 ,
1812 1749 1844 1780 δι
1868 1746 2008 1779 aliorum
2031 1756 2158 1789 quoque
2191 1757 2256 1779 non
2290 1744 2392 1779 infre-

1383 1793 1554 1836 quentibus
1579 1790 1887 1831 observationibus,
1912 1789 2069 1831 superiori
2092 1798 2272 1824 curvaturae
2285 1791 2393 1822 omni-

1383 1848 1428 1870 no
1459 1837 1622 1870 contraria
1646 1847 1656 1874 3
1689 1844 1818 1878 apparet
1850 1832 1980 1877 quidem
2001 1856 2015 1874 ‚
2046 1830 2068 1864 fi
2093 1831 2149 1866 ista
2178 1832 2393 1874 explicatione

1384 1880 1529 1913 standum
1552 1879 1594 1912 est
1619 1901 1630 1918 ‚
1654 1877 1708 1911 hic
1733 1879 1829 1911 etiarn
1853 1877 2006 1910 resolutos
2032 1875 2192 1911 musculos
2217 1875 2253 1909 ad
2277 1887 2394 1909 conve-

1383 1934 1461 1956 xum
1484 1921 1647 1955 inferioris
1659 1930 1834 1955 curvaturae
1858 1920 1939 1955 latus
1961 1918 2018 1954 esse
2030 1918 2218 1961 ponendos:
2243 1917 2295 1953 sed
2307 1930 2395 1963 quo-

1385 1966 1485 1999 modo
1510 1965 1662 2006 resolutio
1685 1964 1741 1997 ista
1765 1965 1883 1997 alterne
1901 1986 1914 2003 ‚
1945 1963 1981 1997 id
2003 1963 2046 1998 est
2068 1975 2138 2006 quae
2163 1963 2254 2005 supra
2278 1975 2294 1995 a
2317 1962 2394 1996 dex-

1385 2010 1445 2042 tris
1467 2006 1524 2042 esse
1546 2007 1729 2047 dicebatur,
1754 2007 1838 2040 infra
1861 2007 2032 2049 contingat
2056 2018 2071 2039 a
2093 2006 2244 2043 sinistris,
2269 2017 2332 2039 non
2344 2004 2396 2039 fa-

1384 2053 1447 2085 cile
1471 2061 1601 2093 apparet
1631 2075 1637 2081 .
1674 2053 1748 2093 Ego
1770 2062 1845 2083 vero
1871 2051 1905 2083 in
1928 2062 1960 2083 re
1984 2049 2079 2084 ardua
2102 2051 2201 2083 velim
2232 2050 2358 2092 cogites
2381 2073 2396 2091 ,

1387 2106 1425 2128 an
1449 2093 1533 2127 forte
1555 2103 1724 2128 curvatura
1745 2092 1889 2136 superior
1913 2116 1925 2133 ‚
1956 2105 2027 2136 quae
2052 2093 2241 2128 resolutioni
2262 2092 2396 2127 debetur
2414 2105 2417 2109 ’

1387 2138 1604 2172 musculorum
1627 2136 1830 2172 dexterorum
1845 2157 1854 2174 ‚
1878 2135 1966 2169 causa
1992 2136 2049 2170 esse
2072 2137 2139 2180 ipsa
2162 2136 2254 2179 poffit
2276 2137 2395 2171 resolu-

1386 2183 1488 2216 tionis
1513 2180 1731 2215 musculorum
1753 2181 1809 2223 qui
1832 2177 1967 2213 inferius
1990 2180 2060 2214 sunt
2083 2191 2101 2213 a
2125 2179 2254 2214 sinistris
2269 2202 2283 2212 -.
2308 2180 2396 2213 Ner-

1385 2227 1418 2258 vi
1442 2227 1546 2262 enim,
1572 2236 1625 2266 per
1648 2223 1806 2257 foramina
1827 2222 1933 2266 egreffi
1957 2234 2026 2265 quae
2047 2223 2263 2257 vertebrarum
2288 2223 2398 2256 lateri-

1387 2270 1446 2303 bus
1468 2269 1720 2310 intercipiuntur
1740 2291 1752 2307 ,
1783 2267 1914 2309 oblique
1938 2277 2051 2308 magna
2087 2278 2126 2300 ex
2148 2277 2236 2309 parte
2270 2266 2398 2300 descen-

1386 2312 1490 2351 dunt,
1514 2320 1550 2345 ut
1575 2312 1602 2344 se
1624 2313 1656 2343 in
1681 2310 1840 2357 musculos
1863 2310 2048 2343 immittant
2073 2311 2130 2353 qui
2154 2309 2306 2352 subjectas
2329 2321 2399 2344 ver-

1389 2356 1493 2389 tebras
1515 2363 1664 2387 movent.
1690 2355 1796 2396 Igitur
1819 2355 1841 2386 h
1863 2363 2033 2386 curvatura
2058 2354 2200 2396 superior
2212 2355 2295 2389 arcte
2319 2354 2399 2387 adeo

1391 2398 1546 2432 vertebras
1568 2398 1602 2430 in
1626 2408 1703 2430 cavo
1725 2399 1818 2429 latere
1840 2397 1923 2429 inter
1946 2396 1973 2428 se
1984 2405 2120 2438 urgeat,
2143 2396 2306 2430 molliores
2320 2408 2400 2440 prae-

1393 2442 1502 2476 sertim
1525 2442 1562 2474 ab
1585 2449 1699 2478 aetate‚
1722 2450 1780 2473 aut
1803 2441 1899 2472 etiam
1924 2451 1939 2471 a
1963 2440 2103 2479 morbo,
2124 2448 2160 2474 ut
2182 2440 2238 2474 illa
2263 2440 2400 2473 forami-

1390 2497 1429 2518 na
1453 2495 1517 2517 non
1530 2485 1626 2527 paulo
1650 2486 1772 2516 minora
1785 2482 1882 2521 fiant5
1906 2485 1993 2515 nervi
2007 2482 2131 2525 aliqui,
2155 2494 2209 2527 per
2231 2483 2298 2516 haec
2314 2495 2400 2526 egre-

1390 2529 1535 2568 dientes,
1557 2529 1603 2560 ita
1625 2527 1799 2569 comprimi
1829 2524 1958 2559 fortass'e
1983 2535 2136 2568 poterunt
2160 2551 2169 2566 ,
2203 2536 2238 2560 ut
2261 2527 2400 2561 musculi

1391 2573 1427 2606 in
1449 2582 1531 2613 quos
1556 2571 1585 2604 se
1607 2571 1742 2604 insetum
1767 2568 1981 2609 descendunt,
2004 2568 2199 2603 resolvantur
2221 2594 2227 2601 .
2251 2571 2299 2604 At
2324 2570 2359 2604 hi
2383 2581 2401 2603 a

1393 2615 1524 2649 sinistris
1548 2614 1638 2648 sunt.
1665 2615 1739 2646 Erit
1764 2614 1867 2656 igitur
1890 2611 2121 2645 resolutiohaec
2144 2611 2284 2646 inferior
2307 2615 2342 2647 in
2355 2614 2403 2648 la-

1394 2669 1461 2692 tere
1483 2659 1535 2691 illi
1559 2657 1709 2700 opposito
1731 2659 1766 2689 in
1789 2668 1856 2699 quo
1878 2664 1945 2689 erat
1970 2655 2141 2697 superior5
2171 2665 2207 2689 ut
2234 2667 2402 2700 propterea

1393 2701 1635 2745 praevalentibus
1671 2699 1822 2734 musculis
1845 2699 1983 2733 dexteris
2002 2722 2014 2739 ‚
2046 2698 2101 2731 fiat
2124 2709 2293 2734 curvatura
2317 2700 2403 2734 infe-

1393 2747 1484 2785 rior,
1507 2756 1576 2787 quae
1599 2742 1728 2777 effeetus
1750 2742 1788 2776 fit
1812 2753 1985 2776 curvarurae
2009 2740 2178 2784 superioris
2198 2766 2210 2783 ‚
2233 2746 2265 2776 ὃ(
2290 2754 2403 2778 contra

1393 2799 1487 2831 atque
1499 2787 1567 2821 haec
1581 2811 1593 2828 ‚
1614 2785 1759 2821 conversa
1772 2786 1948 2828 spectetur.
2084 2786 2283 2820 Verumhaec
2295 2811 2307 2827 ‚
2329 2798 2403 2821 curn

1394 2833 1499 2874 plures
1522 2842 1586 2864 non
1610 2830 1709 2863 modo
1731 2832 1765 2862 in
1789 2829 1890 2864 sanis,
1915 2828 1967 2862 sed
1989 2830 2022 2862 in
2046 2829 2154 2872 gibbis
2178 2841 2304 2873 quoque
2328 2829 2404 2863 Ob-

1397 2875 1586 2909 servationes
1610 2876 1791 2916 requirant,
1815 2872 1965 2906 addidisse
1990 2884 2038 2905 me
2056 2896 2069 2913 ,
2093 2873 2221 2915 putabis
2240 2896 2249 2909 ,
2280 2884 2343 2906 non
2367 2883 2404 2907 ut

777 2919 946 2954 diutiffime
970 2918 1104 2952 musculi
1137 2917 1255 2951 servare
1280 2930 1347 2959 per·
1397 2919 1465 2961 ipse
1487 2917 1662 2961 quidquam
1686 2916 1870 2955 statuerem3
1895 2917 1945 2949 sed
1969 2918 2077 2959 potius
2100 2926 2136 2951 ut
2159 2926 2190 2950 te
2212 2916 2251 2950 ad
2270 2917 2405 2950 meliora.

340 2974 479 3010 rexerint
513 2971 560 3002 vel
584 2970 693 3011 sponte
724 2973 885 3000 curvatam
922 2963 1083 3004 Spinam5
1136 2960 1348 2995 vertebrarum
1399 2961 1611 3004 excogitanda
1635 2962 1824 2994 incitarem.
1871 2960 1972 2993 Vale.

1078 3148 1103 3169 7·
1163 3139 1178 3169 (
1189 3138 1207 3169 f
1221 3139 1229 3168 )
1245 3140 1259 3169 (
1271 3148 1290 3171 g
1308 3140 1322 3168 )
1337 3140 1394 3165 obs.
1410 3141 1453 3166 cit.
1469 3140 1552 3170 supra,
1569 3138 1597 3163 ad
1617 3146 1640 3162 n.
1658 3146 1695 3169 3¹-
1711 3138 1737 3164 in
1753 3138 1795 3164 fin.

1129 3178 1144 3194 n
1162 3170 1268 3199 append.
1286 3172 1315 3196 ad
1331 3171 1456 3196 Additam.
1474 3173 1504 3196 ad
1520 3171 1582 3195 hanc
1596 3170 1658 3194 Sess.
1676 3177 1708 3194 ir.

406 3147 589 3179 (nobas.
650 3144 800 3176 (d)1.2.
864 3142 1074 3172 (e>1.6.c‚1
1119 3170 1125 3174 Ι

406 3179 558 3209 innuat.
574 3177 609 3203 du
623 3184 692 3205 corps
709 3176 777 3200 hum.
794 3179 825 3199 tr.
846 3182 868 3203 5.
883 3174 924 3197 eh.
943 3181 964 3201 9.
1028 3174 1042 3202 (
1057 3170 1073 3195 k
1089 3172 1103 3199 )
1118 3179 1126 3195 ι
1168 3201 1173 3205 .

406 3211 421 3239 (
435 3218 459 3233 m
475 3214 485 3237 )
502 3208 563 3234 ibid.
626 3207 634 3237 (
652 3215 668 3231 η
683 3207 697 3236 )
713 3206 825 3236 Append.
843 3212 864 3230 ι.
881 3204 908 3227 ad
925 3202 982 3227 obs.
1000 3211 1022 3231 7.
1086 3203 1095 3232 k
1112 3210 1125 3226 o
1143 3201 1152 3231 J
1167 3208 1192 3225 in
1208 3200 1288 3236 Scholl.
1306 3201 1335 3225 ad
1353 3202 1413 3226 Obs.
1434 3210 1456 3227 1.

409 3241 424 3269 (
440 3248 455 3270 q
471 3240 481 3270 )
495 3242 574 3266 Mem·
589 3238 618 3265 de
633 3238 738 3264 I’Acad.
754 3239 785 3262 R.
802 3235 842 3261 des
859 3236 895 3260 Sc.
912 3235 943 3259 A.
962 3236 1031 3263 1706.
1092 3231 1103 3261 (
1121 3239 1133 3256 r
1146 3231 1161 3260 )
1179 3230 1247 3260 supra
1263 3238 1304 3258 cit.
1320 3232 1350 3257 ad
1367 3240 1391 3257 n.
1411 3239 1451 3262 3²·

1858 3138 1873 3167 (
1884 3141 1898 3164 h
1915 3140 1924 3170 )
1941 3139 2001 3164 obs.
2018 3140 2092 3164 Anat.
2109 3137 2180 3163 cair.
2196 3139 2234 3161 68.

1770 3170 1779 3198 s
1794 3170 1804 3193 Ι
1817 3172 1832 3201 )
1850 3172 1973 3200 osteolog.
1991 3171 2054 3195 Nov.
2071 3169 2141 3195 nise.
2157 3177 2182 3197 ι.
2198 3169 2256 3198 vers.
2274 3169 2318 3194 fin.

1516 3202 1531 3231 (
1543 3207 1561 3231 p
1576 3200 1590 3230 )
1606 3201 1663 3225 Vid.
1680 3199 1748 3230 supra
1763 3218 1773 3232 ‚
1788 3208 1814 3226 n.
1835 3210 1873 3234 ³²·

748 3441 1055 3497 FINIS
1129 3437 1459 3502 LIBRI
1521 3437 2029 3494 SECUNDI.
