2498 4075
436 172 536 227 262

384 252 576 293 exhalarem
600 263 766 297 nunquam
779 256 918 292 accidit;
942 254 1090 298 quamvis
1105 255 1137 287 in
1161 255 1307 297 pluribus
1321 266 1389 288 ma-

383 295 483 338 ffiignis
508 297 630 331 morbis
655 298 842 340 sanguinem
867 301 997 331 mittere
1020 298 1150 331 coastus
1173 297 1229 332 sim
1253 311 1264 338 5
1296 309 1330 332 ut
1353 302 1386 332 in

380 350 427 373 eo
449 341 601 382 sanguine
625 341 720 374 ⁴acidi
744 343 853 376 odoris
886 341 1063 384 quidquam
1088 340 1352 380 deprehenderem
1375 368 1383 375 .

378 383 592 425 Deprehendi
617 393 724 418 autem
747 385 781 418 in
805 385 940 419 foemina
965 396 1063 426 quam
1087 382 1202 417 affidua
1224 385 1329 418 aestiva
1341 385 1388 418 fe-

378 425 477 467 bris,
499 428 643 470 itemque
666 430 700 461 in
723 430 819 468 viro,
841 430 872 461 &
896 427 1024 460 sexenni
1049 438 1150 470 puero
1172 451 1183 467 ‚
1213 439 1294 470 quos
1317 439 1387 461 ver-

380 481 432 504 riae
455 472 730 511 intermittentes,
752 471 961 514 benignaeque
984 492 994 507 ,
1028 481 1062 504 ut
1085 471 1140 504 illa
1166 496 1174 510 ‚
1207 473 1353 504 tertianae
1377 494 1387 511 ,

376 514 479 547 alium
503 516 568 548 alio
591 526 676 548 anno
697 516 885 549 exercebant
910 536 921 551 ‚
955 514 1075 555 quibus
1100 524 1177 547 vena
1199 516 1296 547 certis
1318 516 1387 548 cui-

378 567 441 598 que
465 558 503 591 de
525 556 622 592 caufis
645 557 742 592 secari
766 558 880 591 debuit
903 582 910 588 .
946 558 1071 591 Durum
1096 556 1227 599 quidem
1253 569 1353 599 puero
1373 581 1386 597 ,

379 602 413 632 &
441 612 602 643 perpauco
624 613 699 635 cum
722 600 790 634 sero
814 600 1060 634 crassamentuin
1073 600 1156 638 fuit,
1182 600 1386 634 mediocritei·

332 671 335 673 .
376 653 489 679 autern
513 645 644 679 firmum
669 647 703 678 in
726 646 782 679 illa
806 645 941 678 foer-nina
959 668 968 683 ‚
987 656 1087 686 eoque
1099 645 1193 682 viro,
1216 646 1247 677 δι
1269 646 1304 677 in
1326 645 1385 678 hoc

374 697 469 721 certe
492 701 566 723 cum
590 688 660 722 sero
682 690 790 731 potius
815 699 916 731 pauco
932 712 940 726 ‚
962 698 1066 729 eoque
1090 685 1237 721 subflavo
1263 712 1272 719 .
1307 688 1385 728 Qo

376 733 482 765 etiam
506 735 540 766 in
566 735 638 766 viro
661 732 777 765 accidit
800 756 809 770 ‚
841 740 875 764 ut
897 742 972 764 cum
996 732 1130 764 odorem
1153 731 1248 764 illum
1270 741 1385 773 quarta

371 784 399 808 ‘a
423 775 566 808 missione
591 774 753 817 sanguinis
777 775 856 808 hora
879 772 1191 811 animadvertissemr.
1217 774 1286 817 post
1311 776 1386 808 alias

381 818 504 860 septem
527 821 688 861 percipere
712 820 768 851 vix
790 817 909 860 possem
931 840 944 857 ,
976 828 1042 850 non
1065 817 1202 851 obscuro
1224 818 1349 851 indicio
1376 843 1385 858 ,

381 860 477 896 fuisse
500 861 569 904 ejus
592 862 717 896 causam
741 863 775 894 in
798 861 1146 903 corpusculis.facilius
1159 861 1364 895 avolantibus
1380 887 1387 899 ‚

379 916 480 947 quam
504 918 520 938 a
542 915 734 939 caeterorum
759 905 932 947 sanguine,
956 905 990 937 in
1013 915 1080 947 quo
1103 902 1174 946 post
1197 904 1304 937 decem
1330 914 1383 938 aut

376 949 552 983 duodecim
577 949 670 983 horas
695 951 858 990 vigentem
881 958 1100 990 perceperam.
1126 947 1197 980 Nec
1221 948 1255 981 in
1279 949 1318 981 iis
1338 948 1387 981 so-

377 991 448 1026 'Ium
472 993 512 1026 de
534 993 653 1036 quibus
676 991 853 1025 indicatum
878 991 938 1026 est.
965 992 1053 1024 Nam
1077 991 1127 1024 vel
1150 991 1206 1024 ubi
1230 991 1317 1024 nulla
1339 991 1387 1024 es-

378 1035 427 1069 set
449 1035 546 1070 febris
569 1059 579 1074 ‚
617 1045 653 1069 ut
680 1036 713 1068 in
749 1044 927 1069 recurrente
952 1035 1067 1068 acerbo
1101 1036 1216 1077 capitis
1237 1034 1349 1068 dolore
1372 1058 1384 1075 ,

379 1080 528 1123 itemque
552 1092 587 1114 ut
610 1081 643 1112 in
668 1079 791 1116 scabie,
816 1078 901 1112 idem
926 1078 1088 1118 sanguinis
1111 1088 1176 1112 erat
1190 1077 1291 1117 odor,
1314 1080 1384 1120 plu-

378 1124 465 1156 rimo
497 1123 564 1156 sero
599 1123 730 1167 ptaediti
752 1124 875 1156 circum
909 1121 1153 1156 crassamentum
1177 1122 1281 1154 tenaci
1313 1133 1386 1155 cru-

368 1165 457 1201 'stula
481 1167 677 1204 obdu&um‚
703 1167 735 1199 in
759 1166 818 1199 illo
842 1175 949 1199 tamen
965 1167 1016 1199 cui
1039 1175 1133 1209 caput
1144 1163 1295 1201 dolebat,
1319 1175 1384 1198 non

377 1210 425 1242 ita
447 1209 565 1244 durum
584 1234 593 1248 ,
619 1210 649 1245 δι’
673 1211 804 1252 nigrum
827 1234 837 1250 ‚
871 1220 906 1243 ut
929 1210 963 1242 in
988 1208 1131 1242 scabioso
1155 1220 1164 1244 3
1197 1219 1383 1250 quanquam

375 1261 513 1295 uterque
537 1252 695 1287 scabiosus
718 1263 784 1286 erat
807 1278 815 1284 .
844 1253 899 1285 Ne
923 1263 998 1284 vero
1022 1251 1209 1292 sanguinem
1236 1261 1326 1292 putes
1349 1253 1382 1284 in

376 1294 527 1329 scabiosis
551 1297 703 1330 omnibus
728 1296 856 1329 acidum
879 1296 965 1329 olere
989 1306 1000 1332 3
1023 1296 1055 1326 in
1082 1294 1152 1326 aliis
1176 1305 1239 1327 non
1262 1296 1347 1328 oluit
1371 1317 1380 1332 ,

375 1348 413 1372 nt
448 1350 551 1382 neque
574 1340 607 1372 in
631 1340 718 1373 Viro
742 1338 957 1373 Nobiliffimo
988 1349 1085 1381 quem
1108 1337 1240 1370 erodens
1272 1347 1380 1371 cutem

375 1381 513 1416 crustosa
539 1381 668 1416 affeffio
692 1406 704 1423 ,
735 1382 915 1416 introrsum
938 1391 1058 1414 temere
1081 1381 1120 1413 iis
1143 1380 1254 1414 diebus
1277 1381 1381 1422 repul—

368 1426 424 1463 sa,
447 1427 528 1459 male
553 1425 689 1459 habebat
710 1448 720 1463 ,
745 1425 898 1469 sanguine
923 1424 980 1458 sub
1003 1423 1171 1458 lentiffima
1194 1422 1291 1458 crasl'a
1315 1426 1382 1466 pel-

375 1470 405 1502 le
427 1468 579 1503 diffluens
611 1469 853 1504 crassamentum
876 1467 1016 1502 habente
1041 1493 1047 1499 .
1086 1469 1177 1510 Qin
1202 1468 1252 1501 illi
1274 1468 1380 1501 eidem

374 1512 524 1557 scabioso
547 1513 641 1555 cujus
665 1512 802 1548 secundo
827 1513 900 1545 loco
923 1512 1076 1548 memini,
1101 1523 1176 1546 cum
1201 1511 1277 1544 esset
1301 1523 1379 1554 qua-

374 1564 424 1590 ter
447 1557 532 1589 intra
555 1559 699 1599 quinque
723 1556 840 1590 menses
856 1554 984 1602 sanguis
1007 1553 1155 1593 emissus,
1179 1566 1217 1588 ex
1229 1554 1292 1588 hoc
1317 1557 1381 1588 aci-

373 1600 434 1633 dus
457 1600 539 1634 odor
563 1600 684 1634 exstitit
722 1611 785 1633 non
811 1599 867 1633 nisi
891 1599 1009 1631 semel.
1142 1598 1200 1631 Sed
1224 1598 1380 1636 ejusmodi

373 1642 539 1685 sanguinis
561 1643 646 1677 haud
669 1646 712 1677 ita
737 1653 862 1678 raram,
886 1651 922 1675 ut
946 1643 1054 1678 vides,
1078 1641 1281 1676 affeffionem
1306 1643 1380 1675 mit-

374 1693 503 1727 tamus,
528 1695 565 1722 ηε
590 1689 694 1720 multo
708 1688 884 1725 rariorem,
907 1697 978 1726 quae
1003 1687 1228 1719 Pataviianno
1253 1684 1379 1718 abhinc

374 1732 523 1767 decimo,
549 1741 613 1764 non
638 1728 819 1764 olfaciendo
842 1753 853 1769 ,
878 1727 927 1762 sed
951 1727 1112 1770 tangendo
1136 1737 1284 1771 percepta
1308 1729 1349 1762 est
1370 1752 1379 1767 ‚

374 1774 610 1809 confideremus
626 1800 633 1807 .

339 1820 341 1823 '
420 1820 470 1850 26.
495 1817 674 1851 Catharina
707 1818 745 1851 B.
769 1815 892 1850 honesti
929 1816 994 1849 viri
1011 1814 1148 1860 Josephi
1183 1815 1227 1848 R.
1254 1814 1382 1848 honesta

373 1873 456 1897 uxor
477 1884 486 1898 ,
524 1861 680 1895 mediocri
705 1862 821 1895 statura
853 1858 970 1893 mulier
991 1881 1004 1898 ,
1036 1867 1252 1900 temperatura
1280 1868 1383 1891 autern

373 1906 547 1949 sanguinea
571 1928 578 1942 ,
614 1915 648 1938 tit
683 1917 757 1939 cum
781 1914 902 1942 annum
925 1905 1034 1945 agenti
1059 1902 1223 1936 decimum
1248 1903 1381 1934 tertium

372 1950 531 1983 menstrua
557 1949 726 1989 coepissent
741 1973 751 1988 ,
773 1959 830 1981 nec
853 1947 949 1985 copia
972 1946 1098 1980 modica
1122 1969 1132 1983 ,
1155 1943 1263 1978 eadem
1288 1965 1298 1981 ‚
1333 1944 1381 1977 vel

372 1993 490 2036 majori
514 1993 613 2026 fluere
637 1992 769 2035 singulis
793 1991 955 2025 mensibus
979 1990 1202 2032 perrexerint,
1227 1987 1382 2021 etiamla-

369 2039 475 2072 &anti
490 2061 498 2074 ‚
522 2041 554 2070 &
578 2037 625 2069 lac
649 2036 789 2069 multum
815 2033 885 2078 post
908 2034 1074 2074 primum,
1097 2033 1298 2075 alterumque
1311 2041 1381 2072 par-

372 2092 462 2117 tum;
485 2081 534 2114 bis
559 2081 646 2113 enirn
670 2081 821 2122 peperit,
845 2078 993 2120 gignenti
1018 2101 1028 2117 ,
1062 2085 1133 2109 tum
1156 2077 1253 2108 etiam
1277 2074 1381 2117 postera

372 2124 462 2158 febre
488 2123 742 2157 inflammatoria
766 2121 941 2165 quotannis
964 2123 995 2153 δε
1020 2130 1116 2159 vere,
1138 2121 1168 2151 δέ
1193 2128 1349 2152 autumno
1373 2141 1381 2155 ,

370 2170 471 2210 idque
497 2169 585 2201 annis
608 2167 805 2202 duodecim,
830 2164 991 2197 laboranti
1013 2186 1025 2203 ,
1049 2161 1175 2196 tametsi
1199 2162 1315 2196 crebro
1337 2160 1381 2193 ob

374 2225 441 2247 eam
467 2211 584 2245 febrim
609 2210 736 2252 sanguis
757 2210 965 2246 mitteretur,
991 2209 1061 2239 imo
1083 2206 1139 2240 etsi
1164 2206 1302 2247 primam
1329 2215 1379 2237 ea-

372 2269 445 2290 rum
472 2255 611 2289 febrium
636 2262 726 2287 tanta
750 2264 788 2286 ex
812 2260 905 2285 utero
927 2250 1165 2292 haemorrhagia
1188 2246 1379 2291 excepisset,

372 2312 411 2334 ut
448 2300 531 2333 ultra
557 2298 765 2332 undecimum
798 2295 883 2328 diem
910 2295 1085 2337 perdurans
1105 2316 1115 2331 ‚
1139 2303 1287 2335 magnam
1310 2291 1381 2340 pul-

375 2346 469 2378 suum
492 2342 721 2376 infirmitatem
745 2339 870 2372 afferret
898 2359 906 2374 ,
943 2349 1040 2381 quam
1064 2340 1094 2371 &
1118 2338 1252 2371 morbus
1275 2346 1380 2383 regius

372 2390 500 2424 secutus
524 2386 590 2424 est,
616 2384 683 2427 post
706 2383 786 2416 duos
809 2380 935 2415 tandem
961 2382 1081 2414 menses
1100 2403 1109 2416 ‚
1142 2389 1291 2426 promota
1314 2389 1380 2411 url-

374 2442 488 2467 narum
512 2431 605 2472 copia
630 2427 774 2460 solutus·
799 2425 865 2458 liaec
887 2426 992 2466 igitur
1017 2425 1130 2457 mulier
1151 2445 1160 2459 ‚
1184 2433 1277 2464 cuius
1299 2431 1380 2454 tem-

375 2485 576 2520 peraturam,
601 2469 796 2511 morbosque
817 2479 926 2501 omnes
949 2477 986 2501 ut
1009 2468 1072 2501 tibi
1095 2466 1245 2500 haetenus
1258 2476 1379 2498 memo-

376 2521 444 2554 ravi
466 2542 474 2553 ,
509 2515 648 2550 itasum
672 2512 871 2554 insequentes
897 2521 1131 2544 memoraturus
1155 2518 1285 2551 propter
1309 2508 1379 2541 illas

375 2562 480 2599 causas
504 2572 602 2604 quas,
625 2557 811 2590 narratione
834 2554 1001 2594 absoluta,
1023 2556 1203 2594 attingam,
1227 2563 1299 2585 cum
1325 2563 1379 2585 an-

376 2618 453 2641 num
479 2615 572 2647 agens
594 2598 878 2641 undetrigesimum
901 2597 940 2631 de
964 2596 1246 2631 funestocariffimi
1270 2593 1378 2628 fratris

374 2651 446 2686 casu
471 2645 684 2689 improvisum
708 2645 860 2675 nuncium
883 2638 1067 2682 accepisset,
1093 2641 1285 2682 animoque,
1312 2639 1376 2672 acri

376 2693 522 2735 alioquin
537 2714 545 2727 ,
569 2686 796 2729 &intrepido‚
819 2686 908 2718 illico
919 2682 1102 2721 defecissem
1127 2682 1208 2715 adse
1234 2683 1375 2718 rediens,

376 2736 555 2774 menstrua,
577 2734 610 2765 in
634 2732 751 2772 quibus
775 2738 846 2762 tum
871 2727 956 2762 forte
980 2737 1066 2763 erat,
1091 2724 1250 2759 emansisse
1273 2747 1282 2761 ,
1305 2728 1375 2758 ani·

376 2779 573 2817 madvertit,
600 2774 751 2818 postridie
775 2783 879 2805 autem
903 2773 1019 2804 iterum
1046 2769 1154 2809 vidit,
1178 2780 1242 2801 non
1266 2770 1374 2811 qualia

377 2835 467 2860 antea
493 2848 501 2861 ‚
538 2819 586 2854 sed
611 2830 700 2861 aquae
725 2815 821 2850 instar
846 2818 879 2848 in
903 2827 965 2858 qua
986 2825 1061 2847 caro
1084 2824 1189 2846 recens
1213 2814 1278 2845 lota
1303 2812 1343 2844 est
1367 2825 1375 2845 .·

377 2863 581 2910 cujusmodi,
606 2860 756 2895 insecutis
777 2859 925 2901 deinceps
950 2858 1073 2899 aliquot
1087 2856 1266 2903 mensibus,
1290 2855 1374 2888 statis

377 2908 579 2952 temporibus
604 2906 769 2948 prodiere.
796 2901 1021 2941 Quamobrem
1046 2901 1149 2934 misius
1172 2900 1213 2934 est
1227 2899 1375 2940 sanguis,

378 2967 436 2991 nec
468 2951 563 2985 semel
588 2973 599 2989 ‚
632 2960 707 2981 mox
732 2957 835 2980 autem
860 2945 970 2987 saepius
994 2946 1026 2976 in
1051 2943 1229 2986 gravissima
1262 2944 1377 2975 oborta

379 2998 464 3034 febri
489 3021 497 3035 ‚
528 3005 598 3035 quae
623 2991 735 3024 sudore
769 2990 862 3024 finita
885 2988 930 3021 est
954 3014 960 3019 .
998 2989 1120 3021 Verum
1145 2986 1215 3029 post
1248 2986 1314 3020 haec
1340 2985 1378 3019 ad

378 3043 522 3085 priorem
549 3046 693 3070 naturam
721 3033 877 3066 menstrua
902 3032 1040 3067 rediere,
1066 3042 1168 3073 neque
1194 3029 1265 3072 ipsis
1278 3029 1380 3063 obsti-

379 3088 423 3123 ἵξῃ
447 3082 565 3123 duplex
587 3080 723 3112 tertiana
746 3078 897 3110 continua
922 3074 1019 3107 febris
1041 3096 1050 3110 ‚
1082 3086 1153 3116 quae
1180 3085 1277 3106 verno
1300 3082 1380 3105 tem-

379 3140 457 3172 pore
481 3124 675 3168 quotannis,
700 3120 796 3162 idque
820 3120 855 3152 ad
874 3118 1086 3154 decennium,
1112 3126 1290 3154 revertens,
1316 3128 1378 3148 non

380 3172 438 3207 nisi
462 3171 580 3202 iterata
605 3166 763 3207 sanguinis
787 3162 928 3195 miffione
945 3187 953 3201 ,
989 3163 1020 3193 δι
1045 3160 1123 3194 dato
1146 3161 1265 3194 cortice
1291 3163 1382 3193 Peru-

381 3219 504 3251 viano,
525 3209 723 3244 discedebat.
752 3206 819 3239 1³0st
842 3205 874 3238 id
898 3205 1087 3238 decennium
1108 3226 1116 3240 ,
1148 3204 1253 3237 aestate
1278 3202 1381 3237 febres

381 3257 519 3300 ejusdem
543 3253 643 3287 ferme
668 3253 790 3294 generis
814 3251 1001 3290 ingruerunt
1022 3270 1031 3285 ‚
1069 3248 1117 3281 sed
1142 3261 1178 3281 eo
1203 3248 1345 3281 acerbius
1367 3270 1380 3286 ,

383 3306 413 3335 δι
437 3297 646 3342 periculosius
670 3303 820 3327 vexantes
840 3315 848 3329 ‚
882 3291 969 3334 quod
995 3290 1089 3323 saevos
1113 3291 1302 3333 conjunctos
1326 3290 1382 3324 ha-

382 3345 502 3377 bebant
535 3341 636 3373 totius
660 3341 778 3371 ventris
810 3335 936 3369 dolores
956 3356 965 3371 ‚
1006 3336 1155 3378 uterique
1188 3334 1380 3367 haemorrha-

383 3391 489 3427 giam,
514 3395 590 3417 tunc
615 3382 680 3415 fere
715 3381 814 3422 magis
847 3379 1067 3420 augescentem
1089 3402 1097 3416 ‚
1122 3389 1197 3411 cum
1227 3378 1276 3411 illi
1301 3388 1383 3409 non-

382 3428 465 3466 nihil
490 3431 519 3461 se
544 3427 772 3460 remittebant.
800 3423 980 3464 Pugnatum
1006 3426 1049 3456 est
1074 3422 1177 3455 modis
1201 3420 1351 3454 omnibus
1371 3445 1380 3459 ‚

381 3478 415 3509 in
438 3473 486 3507 his
511 3472 610 3504 sexies
635 3478 768 3510 repetita
792 3465 954 3506 sanguinis
978 3465 1142 3504 miffione,
1166 3463 1259 3506 cujus
1278 3462 1381 3497 serum

381 3526 530 3553 croceum
556 3522 642 3551 erat,
665 3509 908 3546 craffamentum
933 3517 1039 3542 autem
1062 3509 1177 3542 durum
1192 3530 1201 3545 ,
1224 3510 1255 3540 &
1278 3508 1382 3541 crusta

382 3558 537 3604 polvposa
562 3556 730 3593 obteflum
755 3580 761 3586 .
795 3552 855 3587 Sed
877 3554 1024 3595 quamvis
1056 3555 1087 3586 &
1111 3550 1209 3585 febris
1231 3575 1240 3591 ,
1273 3554 1303 3584 &
1327 3551 1383 3584 illa

383 3599 602 3646 symptomata
638 3607 870 3639 nonnunquam
894 3598 1067 3629 imminuta
1105 3594 1166 3628 sint
1191 3616 1200 3631 ,
1234 3605 1382 3627 nonnun-

381 3657 501 3689 quam,
525 3654 561 3678 ut
587 3643 775 3679 videbatur,
799 3639 918 3673 sublata
942 3653 951 3675 ς
987 3649 1050 3671 non
1075 3648 1180 3672 tamen
1205 3637 1256 3671 his
1276 3639 1383 3670 omni-

382 3690 444 3724 bus
466 3689 507 3721 est
532 3686 605 3720 finis
625 3686 796 3728 impositus
819 3708 827 3721 ‚
862 3682 919 3715 nisi
944 3694 996 3723 per
1020 3681 1122 3724 ipsam
1148 3704 1158 3718 ‚
1182 3692 1296 3722 magna
1321 3703 1330 3717 ‚
1364 3682 1386 3715 fi

385 3742 528 3774 unquam
545 3753 555 3769 ,
577 3731 671 3773 copia
695 3726 852 3762 reversam
876 3727 959 3759 uteri
984 3723 1258 3768 haemorrhagiam
1282 3724 1334 3758 die
1349 3736 1387 3759 ex

693 173 853 230 Liber
883 175 975 230 IV.
1009 173 1093 227 De
1127 176 1333 229 Morbis
1364 174 1720 244 Chirurgicis‚
1754 177 1809 229 &
1847 174 2237 230 Universalibus

1438 266 1505 297 quo
1537 253 1639 288 febres
1662 256 1848 298 inceperant
1881 254 2124 298 quadragesimo
2145 256 2281 298 εμιίηᾶο
2303 280 2312 286 .
2353 256 2436 290 Cito

1438 297 1651 332 nihilominus
1673 300 1839 333 convaluit
1864 299 1977 332 mulier
2000 324 2009 339 ‚
2044 309 2139 340 atque
2162 301 2207 331 ita
2231 299 2401 332 convaluit
2424 321 2435 336 ‚

1437 350 1474 375 ut
1497 343 1631 385 triginta
1663 345 1806 384 quinque
1829 356 1846 376 a
1869 342 2027 384 postrema
2051 342 2284 384 haemorrhagia
2316 343 2434 376 exactis

1435 384 1580 419 diebus,
1616 386 1781 418 menstruis
1804 386 1907 419 rursus
1942 384 2113 418 secundum
2146 395 2268 418 naturae
2302 386 2435 418 modum

1438 427 1671 468 redeuntibus,
1695 429 1841 470 justoque
1864 439 2007 470 tempore
2033 428 2153 470 semper
2177 439 2336 461 recurrere
2361 440 2435 470 per-

1439 471 1612 513 gentibus,
1634 472 1753 514 viginti
1775 472 1858 513 ipsos
1881 470 1996 504 menses
2019 474 2144 513 egregie
2169 472 2275 504 valens
2286 471 2437 504 traduxe-

1438 516 1482 547 rit
1507 539 1515 547 .
1540 515 1597 550 Sed
1623 516 1825 557 posteaquam
1848 513 1954 548 aestate
1977 516 2019 547 A.
2049 526 2140 558 1749.
2166 525 2315 556 magnam
2337 537 2348 553 ,
2381 513 2432 547 siti

1436 567 1572 598 cogente
1597 584 1604 598 ‚
1635 569 1725 601 aquae
1749 559 1816 590 vim
1840 557 1904 591 sine
1937 559 2000 592 ulla
2023 557 2178 591 stomachi
2215 556 2356 590 molestia
2381 557 2436 589 sae-

1436 603 1507 643 pius
1530 601 1679 639 bibisset,
1703 612 1800 643 quam
1825 602 1913 635 annis
1936 601 2154 643 superioribus
2176 603 2227 634 vel
2253 600 2440 634 febricitans

1440 646 1531 678 nullo
1545 645 1641 679 modo
1653 644 1732 678 ferre
1746 653 1872 686 poterat
1884 667 1892 681 ‚
1915 657 1952 677 eo
1964 654 2068 677 autem
2093 646 2149 686 qui
2163 643 2285 677 secutus
2296 643 2337 676 est
2351 668 2359 683 ,
2383 655 2442 676 au-

1439 697 1557 721 tumno
1570 699 1701 731 propter
1725 688 2128 722 externasevidentiffimas
2140 686 2242 721 causas
2258 698 2370 727 corpus
2393 687 2441 719 la-

1440 731 1571 765 boribus
1585 754 1595 770 ,
1622 734 1764 764 animum
1787 731 1981 774 aegritudine
2004 731 2174 764 afficientes
2189 754 2202 770 ‚
2224 734 2254 763 iri
2271 730 2416 763 nauseam
2431 751 2441 766 ‚

1438 776 1586 816 vigilias,
1608 775 1753 809 dolorem
1777 777 1913 817 capitis,
1935 774 2146 808 lassitudinem
2171 773 2331 807 incidisset
2355 786 2364 810 3
2397 775 2441 807 il·

1436 818 1491 851 lud
1515 818 1636 851 acceffit
1661 821 1807 859 proxima
1831 818 1968 860 hyeme,
1991 827 2026 850 ut
2052 830 2125 851 cnm
2149 816 2266 850 thorax
2290 838 2299 853 ,
2332 819 2362 849 &
2387 828 2440 850 ca-

1436 870 1505 903 put·
1519 862 1610 895 valde
1633 861 1821 898 aestuarent,
1845 871 1956 894 venter
1980 886 1988 901 ‚
2018 862 2167 903 artusque
2192 859 2356 892 inferiores
2381 860 2442 892 fri-

1436 915 1569 947 gerent,
1594 916 1651 937 nec
1675 904 1830 944 vestibus,
1852 916 1908 938 nec
1934 904 2000 938 ullo
2025 906 2089 938 alio
2115 903 2237 937 auxilio
2253 903 2324 936 satis
2348 915 2363 935 a
2379 903 2440 936 fri-

1437 959 1515 990 gore
1536 947 1664 982 defendi
1689 948 1812 990 possent
1833 970 1846 987 ,
1880 950 2022 991 itemque
2046 958 2082 981 ut
2115 947 2251 981 horrore
2275 958 2328 987 per
2362 948 2441 980 dor-

1437 993 1507 1025 sum
1544 1001 1682 1033 vagante
1704 993 1921 1033 corriperetur
1954 1004 1970 1024 a
2006 990 2141 1034 prandio
2168 1015 2175 1029 ,
2209 991 2306 1022 noeti]
2331 1000 2438 1024 autem

1438 1035 1539 1077 magis
1562 1046 1636 1069 cum
1660 1036 1692 1067 in
1718 1035 1800 1068 1εὲὶο
1823 1034 1851 1068 se
1874 1046 1914 1067 ex
1937 1046 2000 1068 uno
2023 1036 2055 1067 in
2080 1036 2214 1067 alterum
2234 1043 2438 1066 converteret

1437 1078 1545 1113 latus:
1568 1080 1648 1122 quin
1673 1079 1771 1112 etiarn
1795 1078 2008 1115 tremoribus,
2033 1078 2137 1120 siquid
2161 1077 2263 1110 somni
2287 1087 2439 1116 caperet,

1438 1124 1468 1154 &
1501 1122 1678 1164 repentinis
1700 1122 1877 1155 terroribus
1910 1124 2133 1158 excitaretnr3
2166 1130 2349 1163 quanquam
2382 1132 2440 1153 nec

1436 1166 1567 1199 deerant
1600 1166 1707 1198 diurni
1730 1165 1863 1208 quidam
1890 1190 1900 1205 ‚
1933 1163 2043 1198 falsam
2066 1174 2153 1198 certe
2189 1164 2326 1205 quadam
2351 1164 2384 1197 in
2406 1175 2440 1197 re

1436 1210 1704 1251 imaginationem
1730 1209 1977 1251 consequentes,
2001 1209 2044 1241 ob
2066 1219 2148 1251 quos
2173 1207 2349 1240 identidem
2371 1208 2440 1240 ani-

1436 1264 1489 1284 mo
1512 1251 1684 1285 deficiebat
1709 1276 1716 1285 .
1751 1253 1842 1285 Hinc
1864 1253 1919 1285 illa
1941 1254 2052 1285 omnia
2074 1252 2113 1284 de
2135 1251 2252 1293 quibus
2276 1249 2440 1284 noviffime

1432 1297 1556 1329 dietum
1581 1296 1642 1332 est,
1668 1297 1701 1327 in
1725 1295 1790 1328 dies
1814 1296 2034 1336 augebantur,
2058 1297 2089 1327 <Sc
2112 1296 2244 1327 interna?
2256 1294 2437 1336 oppressio-

1432 1342 1480 1372 nis
1505 1338 1608 1372 sensus
1632 1340 1764 1380 urgebat
1788 1361 1796 1376 ,
1829 1349 1988 1382 caputque
2012 1340 2045 1371 in
2079 1340 2192 1380 primis
2228 1347 2325 1378 grave
2357 1336 2438 1370 adeo

1434 1380 1557 1415 fastum
1582 1391 1649 1415 erat
1666 1406 1674 1419 ,
1699 1385 1730 1416 δε
1756 1384 1911 1424 vertigini
1935 1382 2139 1421 obnoxium,
2162 1389 2199 1414 ut
2222 1380 2350 1413 mulieri
2374 1378 2441 1414 ful-

1432 1437 1489 1460 cro
1511 1436 1591 1468 opus
1614 1425 1686 1459 esset
1701 1448 1709 1463 ,
1733 1437 1771 1458 ne
1795 1427 1943 1460 caderet.
1970 1426 2097 1467 Agebat
2121 1434 2199 1457 tunc
2225 1434 2437 1465 annuinqua-

1431 1469 1644 1511 dragesimiini
1666 1470 1824 1508 tertium,
1847 1480 1922 1502 cum
1946 1469 2112 1503 Medicum
2136 1465 2298 1502 accersivit
2322 1467 2437 1504 suum;

1431 1516 1457 1546 is
1481 1525 1496 1546 a
1522 1522 1658 1555 quatuor
1682 1514 1771 1545 annis
1794 1511 1860 1554 jam
1894 1521 1960 1546 erat
1985 1512 2152 1545 Mediavia
2175 1510 2277 1544 noster
2300 1523 2309 1547 3
2345 1511 2439 1554 eique

1431 1556 1505 1597 ipsis
1529 1555 1637 1588 Nonis
1661 1555 1740 1598 Maji
1763 1558 1807 1589 A.
1833 1566 1926 1597 1750.
1952 1555 2018 1589 haec
2052 1555 2194 1589 narravit
2217 1556 2328 1587 omnia
2356 1576 2365 1591 ‚
2397 1555 2441 1588 il-

1432 1600 1550 1642 ludque
1584 1599 1711 1641 insuper
1734 1598 1822 1642 quod
1855 1602 1888 1632 in
1913 1597 2071 1640 ejusmodi
2106 1598 2240 1632 muliere
2276 1598 2438 1640 praecipua

1434 1644 1479 1676 est
1503 1643 1713 1676 adnotatione
1746 1644 1880 1685 dignum
1904 1665 1914 1680 ,
1955 1640 2111 1675 menstrua
2137 1666 2146 1681 ‚
2178 1653 2321 1683 quorum
2343 1642 2438 1683 copia

1433 1697 1503 1729 quae
1527 1686 1647 1728 semper
1670 1685 1778 1718 fuisset
1803 1708 1812 1722 ,
1836 1698 1874 1719 ex
1897 1684 2116 1727 superioribus
2140 1685 2337 1726 intelligitur
2358 1708 2369 1723 ,
2406 1687 2438 1716 Sc

1434 1740 1507 1770 quae
1542 1731 1689 1771 proxima
1714 1728 1819 1762 aestate
1843 1741 1907 1762 non
1931 1731 2037 1762 minor
2060 1726 2164 1760 fuerat
2187 1751 2199 1767 ,
2235 1727 2360 1761 tametsi
2385 1727 2434 1760 bis

1434 1772 1566 1813 singulis
1590 1771 1736 1806 fluebant
1760 1771 1939 1810 mensibus,
1962 1775 1992 1803 ἃ
2016 1782 2113 1813 quam
2135 1770 2334 1805 consuessent
2353 1796 2362 1812 ‚
2385 1783 2439 1804 ca-

1437 1815 1557 1849 lidiora
1583 1839 1591 1853 ,
1618 1825 1714 1857 atque
1737 1816 1815 1848 adeo
1839 1814 2022 1848 calidissima
2042 1836 2050 1850 ,
2075 1814 2139 1855 jam
2164 1813 2222 1846 fibi
2245 1826 2283 1847 ex
2305 1825 2372 1857 quo
2395 1813 2437 1847 sic

1437 1857 1547 1893 affecta
1573 1859 1649 1893 esset
1664 1883 1672 1897 ,
1693 1870 1758 1892 non
1782 1858 1880 1893 modo
1904 1859 2078 1891 imminuta
2101 1880 2110 1894 ,
2137 1856 2186 1890 sed
2210 1856 2332 1900 frigida
2356 1867 2437 1899 pro-

1436 1903 1508 1936 dire
1532 1901 1661 1944 coepisle
1684 1924 1693 1938 ,
1725 1905 1756 1935 &
1778 1901 1899 1944 frigida
1932 1903 2031 1933 etiam
2055 1900 2220 1933 noviffime
2245 1899 2396 1943 prodiisse
2426 1925 2434 1932 .

1434 1945 1566 1988 Quibus
1589 1945 1729 1981 auditis,
1752 1946 1847 1985 alvo,
1869 1943 1958 1986 cujus
1984 1944 2183 1978 adstriffioni
2209 1945 2326 1977 mulier
2353 1943 2435 1977 sern-

1433 1999 1490 2030 per
1512 1989 1654 2023 obnoxia
1677 1987 1804 2030 fuerat,
1828 1986 2017 2025 confestim,
2044 1987 2093 2020 sed
2117 1987 2230 2020 leniter
2256 2012 2264 2026 ,
2297 1987 2402 2020 soluta
2422 2010 2435 2027 ,

1433 2034 1613 2075 imperatur
1636 2032 1800 2073 sanguinis
1825 2030 1948 2071 miffio,
1972 2043 2040 2073 quo
2064 2041 2128 2063 non
2151 2029 2333 2072 prosiliente
2349 2052 2358 2068 ,
2384 2029 2437 2063 sed

1433 2076 1552 2109 lentius
1575 2075 1759 2115 defluente,
1781 2074 1862 2108 illud
1884 2074 1971 2116 quod
1997 2075 2130 2116 prolix-ie
2147 2072 2241 2115 liujus
2264 2086 2341 2107 meae
2364 2085 2438 2106 nar-

1432 2119 1568 2152 rationis
1597 2117 1721 2152 causam
1746 2119 1883 2161 praebuit
1909 2142 1917 2156 ‚
1952 2117 2046 2151 simul
2082 2118 2120 2150 ab
2153 2128 2235 2159 aegra
2260 2142 2268 2157 ‚
2304 2118 2436 2151 simula

1431 2162 1599 2204 Chirurgo
1620 2185 1633 2202 ,
1655 2162 1804 2204 spectatae
1827 2160 1902 2195 fidei
1925 2172 2035 2202 aeque,
2060 2172 2095 2193 ac
2120 2163 2327 2202 experientiae
2343 2163 2433 2198 viro,

1431 2205 1568 2240 Daniele
1601 2205 1749 2239 Fasolato
1774 2205 1893 2239 summa
1924 2215 1996 2238 cum
2022 2204 2190 2250 utriusque
2215 2205 2434 2241 admiratione

1434 2249 1690 2283 animadversum
1713 2249 1755 2282 est
1779 2271 1789 2287 ‚
1820 2249 2004 2291 sanguinem
2019 2270 2031 2287 ‚
2055 2258 2146 2288 cujus
2170 2250 2316 2281 exeuntis
2339 2247 2437 2284 vehe->

1434 2303 1574 2327 mentem
1597 2292 1757 2327 fervorem
1781 2294 1814 2326 δε
1840 2292 1895 2326 illa
1919 2291 2019 2330 alias,
2044 2290 2255 2333 &Chirurgi
2273 2314 2283 2329 ‚
2307 2302 2359 2325 vas
2370 2303 2436 2333 quo

1429 2338 1590 2378 excipitur
1612 2359 1622 2374 ,
1658 2337 1796 2370 vitreum
1820 2347 1916 2369 manu
1950 2344 2094 2380 tenentes
2117 2336 2305 2369 mirabundi
2333 2336 2437 2368 inter-

1431 2380 1508 2413 dum
1534 2389 1741 2421 perceperant
1766 2403 1779 2419 ‚
1811 2390 1894 2412 nunc
1919 2379 1998 2412 adeo
2022 2377 2179 2420 frigidum
2204 2378 2336 2420 prodire
2359 2401 2368 2415 ,
2399 2386 2436 2412 ut

1430 2434 1513 2464 aegra
1536 2423 1574 2456 de
1598 2423 1721 2465 gelida,
1745 2422 1786 2456 sic
1811 2424 1894 2456 enim
1920 2420 2046 2463 ajebats
2072 2433 2124 2463 per
2147 2421 2251 2455 cubiti
2273 2421 2435 2455 flexuram

1430 2466 1593 2500 defluente
1616 2476 1804 2508 quereretur
1823 2490 1836 2507 ,
1859 2467 2018 2508 Chirurgi
2043 2474 2148 2511 autem
2175 2477 2285 2498 mantis
2309 2465 2435 2507 frigore

1432 2509 1628 2543 afficeretur.
1655 2511 1813 2547 Paucum,
1841 2513 1872 2542 &
1894 2520 2046 2543 croceum
2069 2519 2137 2550 ejus
2149 2509 2305 2551 sanguinis
2332 2507 2435 2541 serum

1431 2552 1521 2590 fuit;
1544 2555 1693 2595 nigrum,
1718 2556 1748 2585 &
1772 2552 1929 2586 viscidum
1954 2551 2196 2584 crassamentum
2219 2577 2226 2585 .
2251 2551 2433 2593 eujusmo-

1431 2596 1465 2630 di
1489 2599 1520 2629 &
1542 2596 1684 2637 frigore,
1708 2599 1738 2628 &
1762 2595 1862 2629 ferme
1884 2599 1980 2629 etiam
2006 2605 2115 2628 natura
2139 2593 2204 2628 fuit
2232 2596 2257 2628 is
2281 2597 2337 2637 qui
2367 2595 2435 2628 ves-

1430 2640 1635 2681 pere-missus
1671 2640 1713 2673 est
1737 2638 1775 2671 de
1807 2639 1916 2682 pede.
1950 2640 2037 2670 Cum
2072 2649 2169 2680 prope
2204 2639 2326 2671 nullum
2361 2638 2435 2673 esset

1429 2684 1529 2723 hinc,
1551 2686 1581 2717 δέ
1604 2695 1620 2714 a
1643 2683 1792 2716 remediis
1816 2681 2005 2725 quibusdam
2020 2707 2030 2721 ,
2054 2691 2090 2714 ut
2116 2692 2254 2718 vocant,
2279 2682 2436 2716 cardiacis

1430 2727 1571 2760 levamen
1596 2725 1732 2760 relatum
1756 2738 1768 2766 ‚·
1791 2737 1856 2759 non
1877 2725 2043 2759 dubitavit
2069 2724 2214 2758 Medicus
2241 2727 2272 2758 in
2298 2724 2436 2766 ejusmo-

1427 2770 1461 2804 di
1484 2770 1659 2812 praesertim
1685 2768 1819 2803 foemina
1843 2792 1854 2808 ,
1886 2781 1952 2812 quo
1976 2769 2101 2811 sanguis
2123 2772 2157 2802 in
2183 2770 2338 2810 majorem
2363 2782 2434 2803 mo-

1428 2824 1499 2847 tum
1521 2815 1759 2852 concitaretur,
1785 2813 1933 2855 postridie
1957 2824 1973 2844 e
1997 2812 2129 2844 brachio
2153 2836 2165 2852 ‚
2198 2815 2227 2845 &
2251 2814 2328 2854 pede
2354 2816 2432 2847 mit-

1429 2867 1495 2890 tere
1527 2857 1637 2889 eodem
1662 2866 1808 2900 tempore
1831 2882 1840 2889 .
1879 2858 1921 2888 Et
1955 2865 2034 2888 voto
2067 2854 2231 2896 respondit
2268 2868 2399 2890 eventus
2423 2879 2434 2890 .

1430 2902 1519 2934 Nam
1542 2903 1574 2932 &
1600 2899 1726 2942 sanguis
1758 2901 1879 2943 prodiit
1904 2910 1967 2931 non
1993 2900 2071 2943 adeo
2096 2897 2231 2940 frigidus
2253 2901 2270 2940 ”,
2303 2903 2334 2932 &
2357 2902 2434 2935 dum

1430 2945 1594 2986 prodiret,
1617 2944 1703 2977 demi
1728 2945 1789 2977 sibi
1811 2942 2018 2988 oppressionis
2044 2942 2169 2977 sensum
2198 2965 2207 2979 ,
2231 2944 2347 2978 mulier
2371 2944 2435 2986 aje-

1431 2989 1486 3020 bat
1511 3012 1520 3027 ‚
1551 2989 1582 3019 &
1606 2989 1730 3030 vespere
1764 2988 1879 3020 oborta
1903 2986 2057 3018 sebricula
2083 3009 2091 3023 ,
2126 2988 2224 3020 noctu
2260 2986 2435 3021 inferiores

1431 3040 1555 3073 parteS,
1578 3043 1649 3073 quae
1675 3031 1891 3073 superioribus
1915 3030 2072 3062 mensibus
2099 3029 2219 3073 semper
2244 3034 2431 3073 riguerant,

1431 3074 1581 3107 nonnihil
1605 3074 1769 3113 calefecit‚·
1795 3084 1886 3106 mane
1910 3083 2013 3105 autem
2038 3073 2157 3106 remifit
2178 3099 2186 3112 ,
2206 3078 2236 3107 &
2262 3075 2433 3108 mulierem

1431 3130 1508 3151 mox
1533 3120 1687 3161 reliquit.
1714 3120 1795 3152 Bene
1818 3116 1885 3149 haec
1910 3116 1937 3149 se
1961 3116 2074 3149 habuit
2097 3116 2163 3150 dies
2185 3118 2293 3151 decem
2315 3140 2324 3154 ‚
2349 3116 2432 3152 infe.

1432 3162 1572 3195 rioribus
1595 3163 1733 3195 artubus
1750 3160 1867 3203 tepidis
1882 3183 1891 3198 ,
1916 3158 2056 3202 pulsibus
2080 3162 2138 3203 qui
2160 3161 2237 3196 duri
2261 3186 2269 3199 ‚
2303 3163 2394 3202 parvi
2419 3185 2429 3200 ‚

1432 3205 1571 3239 humiles
1593 3228 1602 3242 ‚
1637 3207 1793 3247 prementi
1817 3204 1925 3244 digito
1959 3214 2025 3236 non
2049 3204 2221 3238 resistentes
2245 3212 2335 3237 antea
2359 3203 2434 3237 fue-

1433 3259 1528 3284 rant,
1553 3261 1636 3282 nunc
1659 3248 1855 3291 oppreffione
1881 3246 2002 3279 sublata
2025 3271 2033 3286 ‚
2056 3249 2090 3281 in
2114 3248 2226 3282 melius
2249 3247 2430 3288 conversis,

1434 3291 1597 3334 urinisque
1619 3293 1690 3334 ipsis
1714 3304 1784 3334 quae
1808 3293 1916 3334 prius,
1943 3300 1977 3322 ut
2002 3291 2110 3324 multae
2133 3315 2142 3330 ,
2167 3291 2210 3325 sic'
2231 3291 2336 3325 crudae
2359 3315 2368 3330 ‚
2402 3293 2432 3322 &

1432 3337 1577 3377 limpida:
1601 3337 1852 3369 excernebantur
1876 3346 1887 3374 ,·
1919 3334 1981 3375 jam
2005 3335 2042 3368 ad
2066 3336 2243 3370 naturalem
2267 3333 2396 3367 modum
2418 3355 2431 3372 ,

1432 3380 1637 3420 coloremque
1661 3378 1883 3412 accedentibus
1895 3405 1902 3411 .

1477 3433 1528 3463 27.
1553 3424 1682 3464 Accipe
1706 3434 1789 3455 nunc
1811 3423 1934 3464 reliqua
1957 3432 1969 3460 ,·
2003 3434 2103 3465 neque
2126 3424 2212 3454 enim
2237 3422 2313 3454 satis
2335 3418 2393 3453 esse
2416 3443 2429 3459 ,

1432 3465 1538 3503 duco,
1560 3477 1631 3508 quae
1656 3464 1817 3508 praegressa
1832 3486 1842 3503 ‚
1866 3468 1896 3497 &
1919 3468 2076 3499 comitata
2100 3465 2159 3499 sint
2182 3463 2336 3508 ejusmodi
2358 3462 2430 3495 san-

1433 3510 1539 3551 guinis
1562 3508 1764 3542 affectionem
1789 3508 1985 3551 proposuisse
2011 3535 2020 3548 ‚
2054 3510 2112 3543 nisi
2137 3512 2167 3542 δε
2190 3520 2261 3551 quae
2283 3507 2431 3547 deinceps

1433 3552 1601 3586 consecuta
1634 3551 1707 3585 sunt
1730 3553 1842 3586 omnia
1876 3553 1914 3586 ad
1937 3562 2062 3587 certum
2095 3553 2194 3596 usque
2217 3560 2343 3591 tempus
2366 3560 2434 3582 me-

1435 3604 1623 3630 morentur.
1648 3595 1756 3638 Igitur
1779 3595 1905 3629 decimo
1929 3597 2039 3630 exacto
2061 3596 2113 3630 die
2135 3620 2148 3636 ,
2180 3606 2250 3629 ecce
2272 3593 2349 3625 levis
2373 3592 2436 3625 do·-

1434 3638 1483 3672 loi·
1507 3652 1575 3673 eam
1610 3649 1733 3681 partem
1757 3638 1916 3673 metatarsi
1951 3640 2063 3673 sinistri
2090 3640 2176 3682 pedis
2209 3635 2332 3670 invadit
2363 3647 2434 3678 quae

1437 3683 1544 3724 digito
1568 3684 1680 3724 pollici
1705 3682 1896 3725 respondet,
1921 3683 2117 3716 breviffimus
2141 3682 2196 3714 ille
2217 3679 2347 3722 quidem
2366 3704 2376 3718 ‚
2399 3688 2435 3714 ut

1438 3738 1512 3761 cum
1534 3725 1626 3760 semel
1650 3728 1756 3769 primo
1778 3726 1830 3761 die
1851 3748 1864 3765 ,
1889 3725 2046 3769 postridie
2072 3736 2176 3761 autem
2211 3722 2363 3756 tredecies
2384 3724 2435 3756 in-

2299 3777 2392 3808 grue-
