2498 4075
528 195 682 261 Epist.
719 196 881 251 Anat.
918 196 1135 254 Medica.
1170 200 1228 254 L.
1265 201 1387 255 Art.
1422 215 1501 268 49·r
1534 203 1590 256 &
1624 214 1700 262 50.

84 288 153 313 tem
177 300 186 316 ,
220 275 296 310 satis
326 274 407 308 bene
437 271 615 308 constituta
648 273 785 310 ostendit
819 276 962 319 reliqua.

84 320 246 357 Thoracis
268 325 441 359 utrumque
464 328 579 351 cavum
604 328 685 360 aqua
717 318 781 353 fuit
804 318 902 353 ferme
925 321 1057 363 plenum
1079 347 1090 364 ,

82 364 245 400 sinistrum
268 361 446 404 praesertim
471 372 480 393 ε
515 362 549 393 in
573 371 675 402 eoque
699 364 809 404 pulmo
831 375 894 405 qua
927 375 1014 406 parte
1038 366 1088 399 ul-

47 433 49 435 ·
80 409 146 444 ceri
169 404 402 449 respondebat,
428 403 553 442 aridus,
577 405 609 437 δὲ
633 407 866 448 propemodum
889 406 1087 449 formosus,

80 453 229 494 arsitque
252 450 299 483 ibi
325 448 363 482 ad
386 448 529 489 pleuram
545 445 726 487 adhaerens,
751 462 823 493 quae
847 451 953 486 multo
968 454 1086 488 arfflus

79 495 204 531 ibidem
237 491 418 527 adhaerebat
443 490 482 525 ad
515 489 616 540 costas
638 513 647 529 ‚
679 494 710 535 ὃς
733 493 821 535 quafi
851 495 968 530 callosa
1002 495 1085 530 sach

79 548 148 575 erat
171 549 234 582 qua
266 545 355 581 parte
376 535 529 569 eXteriori
553 543 616 566 aeri
650 536 791 578 exposita
813 536 920 572 fuerat
943 565 950 572 .
985 540 1083 575 Tunc

79 582 175 618 corde
198 581 342 624 inspecto
366 605 375 620 ,
397 578 486 621 cujus
507 588 609 612 caveae
633 578 772 614 dexterae
794 581 918 624 aliquid
943 583 1081 625 polypo-

78 628 119 662 sae
141 624 361 661 concretionis
384 621 587 658 habuerunts
611 621 650 656 ad
672 624 835 657 exteriora
851 625 991 659 reditum
1013 627 1056 660 est
1070 640 1080 660 ε

76 669 250 713 omnesque
283 666 443 700 Axillares
474 664 602 698 sinistrae
634 665 792 707 glandulae
824 669 963 702 inventae
1008 670 1080 705 sunt

76 725 144 748 non
174 713 279 746 solum
302 711 468 752 aliquanto
500 707 660 743 craffiores
683 733 692 748 ‚
726 710 777 744 sed
808 714 839 745 &
873 713 906 745 in
931 717 1079 748 acervum

74 765 208 792 mutatae
231 753 462 789 scirrhosorum
485 753 729 787 tuberculorum
753 776 763 792 ‚
790 753 913 789 summa
937 756 1079 790 firmitu-
1127 777 1131 780 ,

74 802 170 838 dine,
194 799 304 833 colore
329 796 432 830 livido
456 810 464 827 τ
490 807 562 839 quae
585 796 737 830 cellulosa
763 800 909 839 proxima
933 802 1078 842 comple-

73 845 220 880 &ebatur
256 840 440 875 membrana
463 862 472 877 ‚
506 839 573 881 ipsa
602 849 731 883 quoque
754 841 788 874 in
820 842 911 876 valde
944 843 1076 879 firmum

74 888 161 932 quali
187 886 340 919 steatoma
364 881 534 917 conversa.
559 883 610 917 Ex
633 881 683 916 his
706 892 839 925 autem,
862 888 1010 928 proxima
1024 900 1077 922 va—

73 933 129 970 sa,
155 929 331 971 nervosque
355 926 647 970 comprimentibus
671 948 680 962 ‚
712 927 805 961 causa
835 929 1076 973 intelligebatur

73 985 145 1009 tum
168 971 318 1016 paralysis
339 969 559 1013 imperfe&ae,‘
579 978 650 1005 turn
675 972 846 1011 pertinacis
868 973 1035 1009 oedematis
1057 998 1069 1016 ‚

70 1018 190 1063 quibus
214 1026 299 1049 artus
322 1014 376 1049 ille
400 1013 624 1053 laboraverat,
649 1021 720 1047 tum
741 1013 864 1051 doloris
890 1019 928 1050 ad
941 1019 1070 1052 axillam

68 1074 143 1097 cum
167 1059 378 1095 attollebatur
400 1056 552 1091 humerus
575 1081 583 1096 ‚
607 1067 677 1091 tum
699 1057 839 1100 denique
861 1061 994 1101 periculi
1019 1064 1070 1095 in-

67 1105 176 1140 stantis
200 1128 210 1144 ,
235 1115 273 1137 ne
297 1112 402 1144 pravae
425 1101 544 1135 indolis
567 1110 677 1135 tumor
702 1101 781 1135 alter
806 1101 863 1136 sub
887 1104 984 1138 axilla
1015 1118 1072 1140 ex.

68 1150 224 1183 cresceret
248 1146 454 1190 posteaquam
478 1146 568 1187 prior
592 1155 757 1178 emamma
782 1144 889 1179 fuerat
905 1146 1071 1184 exseCms.

67 1193 138 1235 Qi
161 1202 235 1226 cum
259 1192 407 1232 protinus
432 1189 471 1221 ab
494 1187 698 1224 exsectione,
722 1187 854 1231 dempta
879 1202 950 1233 quae
966 1191 1073 1227 adhae..

66 1236 178 1276 rebat,
201 1232 395 1278 pinguedine
415 1255 427 1272 ‚
450 1230 660 1278 inspiceretur
684 1253 692 1268 ‚
727 1230 832 1266 forma
856 1234 1007 1268 inventus
1030 1234 1074 1271 est

66 1279 106 1313 ad
128 1279 254 1313 evalem
280 1274 447 1310 accedente
461 1301 468 1314 ,
492 1286 585 1317 quus
599 1275 711 1318 :major
733 1277 801 1310 axis
825 1278 974 1319 pollicem
999 1292 1073 1314 cum

66 1321 366 1357 dimidiocirciter
378 1318 544 1361 aequabat.
571 1318 659 1352 Cum
672 1330 709 1353 eo
733 1327 818 1356 tres,
844 1328 898 1354 aut
911 1331 1074 1363 quatuor,

64 1367 145 1401 alius
170 1366 231 1401 alia
255 1362 478 1406 magnitudine
499 1384 509 1400 ‚
535 1360 586 1396 sed
610 1365 700 1403 parvi
724 1373 834 1397 omnes
856 1386 865 1401 ,
900 1368 1075 1409 continua.

64 1411 204 1444 bantur.
228 1407 282 1442 Ad
306 1406 422 1440 horum
447 1427 456 1443 ,
488 1407 520 1438 δε
542 1406 629 1440 illius
653 1414 801 1439 centrum
823 1405 969 1441 disseffio
1002 1409 1076 1444 san.

63 1455 196 1496 guinem
219 1450 356 1485 ostendit
378 1448 546 1491 putridum
561 1470 570 1485 ,
595 1449 835 1492 pallidumque:
861 1449 947 1484 hunc
973 1463 1074 1487 mate-

63 1499 111 1531 ria
137 1492 433 1538 comprehendebat
457 1491 560 1526 media
584 1495 669 1527 inter
692 1491 904 1536 puriformem
928 1516 938 1532 ,
973 1499 1005 1529 &
1029 1497 1074 1531 se.

62 1540 102 1574 ba
131 1553 201 1575 eam
216 1566 223 1573 .
521 1539 527 1546 ’

104 1552 158 1628 {9-
182 1581 357 1618 Nonnulla
379 1589 473 1622 quae,
497 1577 672 1620 respirante
697 1580 851 1617 muliere,
878 1582 911 1614 in
936 1584 1045 1626 piem-a
1060 1607 1069 1622 ‚

62 1628 97 1660 in
121 1628 240 1664 costis,
263 1629 294 1660 &
320 1621 578 1658 Intercostalium
601 1622 821 1657 musculorum
848 1635 938 1667 parte
960 1650 970 1667 ,
995 1639 1070 1661 cum

59 1671 127 1706 haec
151 1677 318 1714 paterent,
342 1667 539 1707 diligenter,
564 1665 757 1708 solerterque
780 1667 946 1703 observata
974 1670 1071 1710 sunt,

58 1711 271 1757 praetermis,
296 1721 361 1744 non
385 1708 474 1752 quod
498 1719 561 1743 non
583 1708 683 1751 digna
707 1709 803 1744 essent
826 1722 898 1753 quae
915 1726 1073 1747 memora-

58 1769 173 1793 rentur
193 1782 206 1798 ,
230 1755 281 1790 sed
301 1752 390 1799 quod
416 1754 521 1786 minus
546 1756 583 1786 ad
607 1752 809 1796 propositum
833 1756 984 1797 Epistolae
1009 1758 1071 1791 hu-

57 1799 106 1841 ius
141 1803 318 1835 attinerent
341 1821 349 1828 .
387 1797 520 1830 Attinet
554 1805 659 1830 autem
691 1808 766 1831 curn
801 1799 913 1840 primis
960 1813 976 1834 a
1016 1801 1071 1835 Cl.

53 1839 256 1888 Gahrliepio
281 1844 358 1882 (m)
382 1839 538 1882 descripta
563 1839 721 1877 historia,
743 1833 958 1884 quaesfflura
972 1843 1068 1877 habet

55 1900 133 1922 curn
156 1900 189 1923 ea
215 1897 314 1932 quam
340 1884 438 1917 modo
463 1882 640 1924 proposui,
665 1882 861 1918 conferenda
886 1907 894 1921 ,
919 1887 1069 1930 illudque

54 1931 189 1975 insuper
211 1929 300 1974 quod
323 1928 355 1960 in
380 1926 543 1960 cadaveris
568 1925 708 1959 sectione
731 1926 963 1969 deprehensum
987 1932 1031 1964 est
1056 1953 1067 1970 ‚

52 1985 168 2020 nempe
190 1974 377 2010 carcinoma
401 1970 441 2004 ab
464 1981 497 2002 ea
522 1980 660 2002 mamma
683 1981 722 2002 ex
744 1982 807 2012 qua
832 1971 971 2017 excisum
998 1973 1068 2007 fue-

50 2028 123 2057 rat,
146 2019 285 2052 latenter
308 2041 317 2055 ‚
349 2023 387 2048 ut
412 2023 508 2046 nemo
532 2015 567 2045 in
591 2014 665 2046 viva
689 2013 722 2047 id
747 2014 820 2048 esset
855 2016 1031 2058 suspicatus
1054 2039 1065 2056 ,

55 2060 254 2104 transverfim
281 2057 375 2102 super
398 2054 453 2100 offe
478 2055 576 2096 sterni
597 2057 636 2090 ad
657 2055 792 2090 alteram
823 2068 939 2100 quoque
962 2071 1063 2094 mam-

49 2115 135 2139 mam
156 2106 247 2139 virus
277 2102 372 2146 suum
391 2097 594 2149 propagasse..
725 2100 799 2143 jam
823 2112 901 2135 vero
925 2103 962 2137 ad
986 2103 1064 2136 reli-

50 2160 133 2190 quos
166 2150 198 2181 &
222 2146 365 2182 thoracis
389 2167 398 2183 ‚
432 2144 464 2175 δι
489 2152 612 2176 ventris
646 2151 789 2177 tumores
813 2147 1062 2187 properantibus

50 2203 149 2233 quem
172 2192 207 2224 in
230 2188 386 2224 clavicula
410 2184 637 2228 conspeximus
661 2209 671 2223 ,
699 2186 828 2222 videtur
851 2190 1060 2224 commodius

52 2235 93 2268 ad
116 2233 270 2269 exostoses
305 2233 343 2266 de
364 2230 484 2274 quibus
507 2228 590 2263 infra
614 2230 676 2262 erit
701 2228 803 2264 sermo
826 2253 835 2268 ‚
866 2230 1061 2267 differendus

51 2278 143 2321 (n)
169 2303 178 2312 .
215 2278 288 2320 Qui
312 2287 389 2310 vero
426 2273 465 2307 ad
497 2272 718 2315 aneurysmata
754 2273 895 2315 spthant
931 2278 1059 2311 arteriae

52 2322 205 2364 Magnae,
229 2320 395 2355 thoracis,
419 2326 476 2351 aut
499 2320 620 2351 ventris
644 2317 778 2358 parietes
802 2319 986 2355 extrorsum
1010 2330 1060 2354 at-

16 2401 18 2407 ,
51 2365 202 2399 tollentia
216 2387 228 2404 ,
252 2375 326 2398 cum
351 2375 367 2397 a
391 2361 485 2395 nobis
507 2361 546 2395 de
558 2362 692 2395 internis
706 2383 719 2400 ,
742 2360 780 2394 ad
802 2373 884 2408 quos
895 2365 1036 2398 attinent
1050 2387 1060 2402 ,

52 2409 177 2442 morbis
200 2407 371 2450 agentibus
404 2404 480 2438 satis
504 2405 579 2438 alias
602 2408 615 2444 (
637 2415 653 2436 ο
677 2408 687 2442 )
712 2407 866 2446 propositi
902 2406 1024 2441 fuerint
1048 2431 1057 2445 ,

50 2463 116 2485 non
141 2461 232 2485 vacat
256 2450 455 2493 Sepulchreti
480 2447 663 2496 exemplum
686 2449 810 2481 imitari
831 2472 844 2488 ,
876 2452 906 2483 δε
931 2453 984 2484 hic
1009 2463 1056 2484 re-

49 2504 162 2538 petere
184 2520 192 2528 .
215 2495 308 2533 Quin
335 2494 354 2526 si
381 2491 467 2525 forte
492 2501 527 2526 ut
552 2494 585 2524 in
610 2499 739 2524 vivente
763 2502 905 2534 caupone
930 2498 1056 2528 arteriae

48 2538 214 2580 cujusdam
248 2535 468 2572 Intercostalis
501 2534 692 2577 aneurysma
724 2535 861 2577 dignovi
885 2548 923 2570 ex
949 2538 1057 2580 pulsa..

49 2585 141 2616 tione
165 2581 338 2615 secundum
363 2580 605 2622 longitudinem
626 2578 757 2621 quidem
782 2580 815 2611 in
839 2581 1056 2615 transversum

50 2626 143 2659 valde
168 2625 325 2667 produ&a
349 2646 359 2662 ‚
394 2622 445 2657 sed
467 2622 641 2657 latitudine
666 2623 872 2656 intervallum
894 2626 984 2667 quod
1008 2627 1058 2659 in-

47 2678 97 2702 ter
120 2671 219 2702 costas
243 2678 309 2702 erat
333 2668 432 2705 duas,
456 2666 611 2709 nusquam
635 2674 922 2708 totumaequante,
947 2670 992 2702 ita
1016 2671 1057 2702 51-

46 2713 101 2746 lud
124 2713 332 2746 intervallum
357 2712 390 2744 in
414 2720 577 2744 tumorem
603 2734 612 2749 ,
643 2719 678 2742 ut
702 2710 867 2744 Lancisius
893 2715 903 2750 (
925 2712 982 2753 p)
1007 2716 1057 2745 vi-

47 2755 98 2792 dit
114 2781 122 2795 ,
146 2755 286 2798 demque
309 2754 460 2788 attollens
484 2750 653 2793 vidissem,
675 2754 708 2785 &
731 2754 763 2786 in
787 2753 959 2789 demortuo
984 2777 993 2793 ,
1019 2767 1055 2790 ut

50 2809 99 2832 ter
122 2808 279 2839 quaterve
305 2796 489 2839 Ruyschius
515 2797 602 2840 (q)
626 2820 638 2837 ‚
661 2805 729 2829 tam
754 2799 875 2831 exilem
901 2800 1055 2833 arteriam

50 2843 90 2876 ad
112 2843 166 2876 ovi
190 2841 357 2884 gallinacei
370 2839 628 2883 magnitudinem
651 2840 822 2882 expansam
833 2840 1055 2878 offendissem

51 2884 161 2919 nescio
182 2907 191 2923 ‚
217 2895 255 2917 an
278 2886 363 2918 inter
384 2896 485 2918 caveae
508 2884 650 2917 thoracis
674 2886 783 2924 potius
806 2906 815 2921 ,
847 2896 946 2928 quam
970 2887 1055 2919 inter

51 2928 111 2963 hos
145 2929 184 2962 de
216 2928 334 2971 quibus
365 2927 420 2962 hic
455 2928 651 2971 loquimur,
681 2935 823 2961 tumores
858 2928 1053 2971 posuissem:

52 2983 239 3015 quanquam
263 2971 327 3005 hoc
353 2970 487 3006 licuisset
513 2972 616 3013 magis
637 2991 647 3007 ‚
679 2981 775 3011 quam
793 2994 802 3009 ‚
826 2982 860 3006 ut
884 2975 917 3005 in
943 2973 1053 3016 Sepul-

50 3017 164 3050 chreto
181 3038 189 3053 ,
214 3016 277 3049 huc
301 3013 419 3048 referre
444 3015 587 3058 ipsorum
611 3024 754 3047 tumores
777 3015 936 3049 viscerum
962 3043 972 3057 ,
997 3019 1052 3051 ab-

49 3059 167 3093 domen
190 3058 370 3093 extrorsum
393 3060 580 3100 urgentium
605 3070 614 3090 ι
648 3057 766 3100 quibus
789 3058 829 3092 de
867 3062 1053 3095 tumoribus

50 3105 64 3142 <
89 3115 104 3136 ν
126 3106 159 3142 ),
183 3105 214 3135 &
236 3101 274 3136 de
298 3102 478 3135 abdominis
500 3103 599 3144 ipsius
618 3098 739 3135 herniis
762 3102 865 3145 (s),
887 3106 919 3136 ἀ
941 3104 980 3138 de
991 3104 1054 3147 hy-

49 3145 272 3180 drorachitide
285 3156 415 3188 quoque
439 3146 453 3188 (
474 3152 489 3177 t
511 3149 524 3184 )
548 3145 618 3178 aliis
631 3144 669 3178 ad
693 3155 726 3178 te
739 3145 872 3179 Litteris
897 3146 1053 3190 scriptum

0 3222 3 3224 a
49 3190 90 3223 est
115 3215 122 3223 .
146 3189 228 3223 Sunt
252 3197 357 3222 tamen
382 3188 545 3222 interdum
570 3188 705 3230 quidam
729 3190 913 3224 abdominis
945 3200 1054 3226 tumo-

49 3244 98 3268 res
121 3234 201 3275 qui,
226 3244 300 3266 cum
324 3243 432 3264 revera
456 3231 495 3265 ad
518 3231 623 3273 ipsum
646 3232 815 3266 dumtaxat
839 3235 1021 3277 pertineant
1044 3262 1053 3277 ‚

52 3276 92 3311 ad
116 3276 232 3310 viscera
258 3276 393 3309 attinere
414 3275 602 3308 videantur.
628 3276 769 3315 Qalem
793 3279 825 3309 in
840 3279 916 3319 pio,
938 3279 1054 3313 docio-

51 3331 114 3362 que
140 3319 310 3353 Sacerdote
335 3318 475 3351 vidimus
498 3319 598 3351 instar
611 3322 717 3362 magni
743 3318 963 3363 hemisphaerii
978 3334 1054 3364 pro-

51 3364 246 3396 minentem.
273 3363 343 3403 Qi
367 3373 441 3395 curn
465 3371 591 3403 apertus
615 3365 751 3397 multam
778 3387 787 3402 ,
824 3363 1054 3407 foedilfimique

51 3407 161 3439 odoris
187 3408 354 3439 materiam
378 3405 533 3440 effudisset
551 3427 563 3443 ,
587 3418 602 3438 a
627 3407 804 3450 Chirurgis
827 3409 962 3442 demisio
987 3409 1054 3451 spe-

51 3450 129 3483 cillo
162 3448 398 3483 animadversus
421 3448 465 3482 est
497 3457 628 3483 tantum
650 3452 827 3485 introrsum
857 3454 1018 3494 pertinere
1044 3479 1053 3493 ,

50 3502 211 3536 quantum
234 3494 373 3527 exterius
398 3493 620 3534 prominuerat
640 3504 652 3532 ,·
675 3504 710 3528 ut
735 3495 880 3539 plerique
903 3507 968 3532 non
992 3497 1052 3531 du-

1976 220 2076 270 279

1140 278 1313 315 bitandnm
1334 280 1502 317 crederent
1523 302 1534 320 ‚
1560 282 1640 324 quin
1663 281 1702 316 ad
1735 281 1837 316 viscus
1860 281 1991 324 aliquod
2022 284 2141 326 speeta-

1139 327 1188 359 'ret
1212 348 1221 356 .
1253 324 1382 359 Verum
1406 336 1507 368 neque
1529 328 1635 359 exitus
1658 333 1727 359 erat
1749 325 1848 371 ullius
1867 336 1941 368 quae
1964 325 1998 360 id
2019 326 2141 361 confir-

1139 377 1265 407 maret,
1289 369 1430 403 materiae
1450 391 1461 406 ,
1492 379 1594 410 neque
1617 367 1679 402 laefi
1703 369 1892 412 cnjusquam
1927 368 2057 404 visceris
2079 381 2139 403 no-

1138 422 1179 445 tae
1191 434 1203 451 ‚
1228 415 1260 446 δε
1282 411 1420 453 perfecta
1440 411 1582 453 denique
1602 413 1680 454 aegri
1693 436 1702 452 ,
1723 410 1867 446 feliciter
1891 413 2012 447 multos
2024 414 2139 447 exinde

1138 466 1237 490 annos
1249 457 1410 495 viventis,
1432 454 1554 489 sanatio
1578 456 1726 496 praeclare
1745 455 1902 496 ostendit,
1926 467 1998 500 quae
2021 458 2055 490 in
2067 465 2140 490 tan·-

1137 509 1174 532 to
1197 509 1325 534 tumore
1348 497 1494 542 congesta
1518 496 1646 533 fuerant
1670 521 1680 536 ‚
1704 498 1902 534 musculosos
1924 499 2057 542 quidem
2082 500 2140 533 ab-

1134 542 1279 577 dominis
1314 543 1446 584 parietes
1468 564 1478 579 ‚
1512 543 1544 574 &
1577 544 1790 585 peritonaeum
1821 543 1908 576 intra
1933 545 2052 577 ventris
2084 554 2139 577 ca-

1133 597 1213 621 vum
1256 583 1432 620 incurvasse
1454 599 1464 623 3
1509 595 1575 619 non
1620 585 1789 629 perforasse
1834 595 1940 620 tamen
1967 609 1977 625 ‚
2034 596 2138 630 neque

1131 640 1168 664 ut
1214 631 1351 664 tumoris
1391 638 1510 663 cavum
1552 639 1627 662 cum
1677 631 1799 664 ventris
1841 641 1922 663 cavo
1956 656 1966 671 ‚
2018 630 2137 665 nedum

1135 684 1211 750 cusin
1256 672 1373 709 viscere
1416 670 1486 715 ejus
1530 670 1641 717 aliquo
1662 694 1675 714 ‚
1719 674 1975 716 communicaret
2007 696 2019 715 ,
2061 672 2138 708 effe«-

1133 728 1162 751 ci
1191 728 1228 750 e.

1179 771 1228 801 50.
1251 758 1398 795 Testium
1421 759 1484 797 s&
1506 758 1792 800 circumjeaorum
1818 758 1868 794 his
1890 759 2138 799 involucrorum

1129 812 1272 838 tumores
1297 825 1306 839 ,
1339 803 1378 838 de
1401 801 1519 845 quibus
1543 803 1711 845 aliquanto
1744 804 1835 845 plura
1860 804 1996 838 scribere
2032 803 2139 845 posse-

1129 859 1198 881 mus
1223 870 1231 884 ‚
1254 844 1346 881 fuisse
1369 845 1504 880 anobis
1528 846 1588 880 alia
1614 845 1760 887 Epistola
1783 846 1839 888 (u
1865 851 1879 887 )
1903 848 2112 890 pertraEtatos
2128 871 2138 888 ‚

1129 891 1322 925 meministi.
1456 890 1506 922 De
1529 890 1569 923 iis
1592 898 1698 923 autem
1721 891 1778 933 qui
1796 891 1832 922 ad
1857 902 1967 932 penem
1983 913 1995 930 ‚
2020 901 2136 931 anum,

1127 937 1158 967 &
1182 934 1341 968 naturalia
1366 932 1540 967 mulierum
1565 936 1727 973 attinent,
1751 932 1808 967 etsi
1833 935 1938 977 plures
1963 933 2133 972 vidimus3

1122 988 1229 1012 tamen
1254 988 1327 1011 cum
1360 975 1532 1011 dissecandi
1555 975 1679 1010 occasio
1710 987 1875 1018 nunquam
1912 977 2012 1011 fuerit
2037 1001 2046 1015 ‚
2080 977 2137 1011 vix

1123 1020 1246 1064 aliquid
1269 1021 1312 1055 est
1334 1019 1422 1063 quod
1446 1021 1666 1063 attingamus.
1692 1020 1896 1054 Cancrosum
1922 1030 2085 1054 tumorem
2100 1021 2134 1054 in

1123 1076 1222 1107 quem
1245 1065 1333 1106 glans
1348 1088 1355 1101 ,
1376 1066 1407 1096 &
1432 1074 1546 1104 magna
1572 1075 1641 1105 pars
1664 1063 1746 1102 colis
1770 1065 1919 1106 proxima
1944 1073 2131 1097 excreverat
2160 1066 2165 1069 “

1123 1119 1198 1141 cum
1223 1115 1402 1149 amputaret
1426 1106 1574 1141 Valsalva
1589 1129 1600 1146 ,
1625 1107 1776 1148 aderam.
1801 1107 1886 1145 Quae
1910 1107 1977 1141 duo
2000 1118 2037 1140 ne
2051 1108 2137 1141 acci-

1124 1151 1259 1190 derent,
1284 1150 1477 1189 verebatur,
1499 1162 1612 1184 eorum
1637 1159 1790 1183 neutrum
1815 1149 1954 1184 accidit.
1979 1151 2136 1184 Alterum

1125 1204 1213 1232 erat,
1238 1205 1277 1228 ne
1302 1195 1417 1236 exigua
1442 1192 1645 1235 superfutura
1670 1204 1740 1236 pars
1764 1193 1845 1227 colis
1867 1192 2042 1228 introrsum
2067 1192 2141 1227 for-

1126 1248 1158 1273 te
1182 1237 1210 1272 se
1233 1239 1395 1272 continuo
1420 1234 1618 1273 retraheret:
1643 1237 1781 1271 alterum
1805 1261 1813 1275 ‚
1851 1248 1889 1271 ne
1914 1237 1970 1270 illa
1996 1237 2138 1278 perstan-

1127 1292 1160 1317 te
1183 1305 1195 1322 ‚
1227 1280 1405 1315 introrsum
1429 1290 1536 1314 tamen
1571 1280 1602 1315 se
1626 1280 1825 1314 retraherent
1844 1282 1974 1326 arteriae
1998 1306 2008 1315 .
2043 1280 2138 1323 Quas

1127 1336 1202 1360 cum
1223 1325 1258 1358 in
1282 1327 1390 1359 animo
1413 1323 1567 1362 haberet,
1592 1334 1627 1358 ut
1651 1323 1731 1358 fecit
1754 1347 1763 1362 ‚
1787 1324 1937 1366 trajectas
1961 1335 2018 1358 acu
2044 1323 2139 1357 filum

1128 1367 1297 1407 trahente,
1321 1368 1383 1403 hoc
1405 1368 1633 1403 circumducto
1652 1394 1670 1408 ‚⁷
1695 1368 1933 1410 constfflstoque
1956 1367 2105 1410 obligare
2127 1380 2139 1405 5

1127 1413 1150 1446 si
1174 1413 1366 1446 utrumlibet
1392 1412 1525 1445 illorum
1552 1411 1733 1448 accideret,
1759 1413 1977 1454 maximopere
1993 1420 2059 1444 erat
2084 1410 2144 1460 ad-

1127 1456 1351 1490 versaturum.
1379 1455 1433 1489 Ne
1456 1457 1593 1489 alterum
1618 1456 1802 1497 accideret,
1827 1465 1899 1489 ante
1924 1455 2137 1499 providerat:

1124 1500 1147 1534 fi
1171 1500 1307 1532 alterurn
1332 1498 1512 1537 accidisset,
1538 1509 1610 1532 turn
1630 1498 1801 1533 necessario
1825 1500 1859 1533 id
1881 1499 1971 1543 quod
1984 1499 2139 1540 nolebat,

1125 1543 1290 1578 faPturus.
1319 1544 1494 1576 Cruciatus
1517 1543 1603 1575 enim
1629 1569 1638 1582 ‚
1672 1555 1740 1586 quo
1762 1545 1800 1578 ad
1824 1543 1891 1584 ejus
1918 1541 2024 1577 facere
2048 1552 2144 1584 pote-·
2178 1553 2185 1555 *

1126 1597 1174 1620 rat
1200 1609 1209 1623 ‚
1242 1588 1281 1619 iis
1305 1597 1388 1629 quos
1411 1583 1499 1619 ferro
1524 1586 1656 1618 curabat
1680 1609 1691 1626 ,
1725 1588 1918 1621 imminuere
1954 1586 2102 1621 studebat
2128 1609 2138 1621 c.

1126 1630 1352 1668 Quamobrem
1381 1640 1482 1672 neque
1507 1630 1583 1671 igne
1608 1631 1657 1662 uti
1682 1630 1734 1663 hic
1759 1630 1864 1663 voluit
1886 1652 1893 1663 ‚
1918 1640 1953 1662 ut
1979 1631 2143 1666 Scultetus

1124 1676 1138 1712 (
1159 1683 1181 1706 x
1203 1676 1235 1712 )‚
1262 1682 1317 1706 aut
1342 1674 1453 1706 vitiati
1477 1672 1624 1715 aliquid,
1650 1683 1684 1706 ut
1709 1675 1775 1716 ipse
1802 1695 1811 1712 ,
1836 1673 2015 1711 relinquere
2040 1696 2048 1710 ‚
2084 1686 2139 1707 ne-

1124 1728 1187 1757 que
1211 1717 1297 1750 areta
1322 1714 1401 1749 adeo
1425 1719 1513 1759 penis
1536 1716 1789 1754 constriffione,
1814 1717 1948 1750 vinculo
1974 1717 2067 1760 supra
2089 1720 2143 1751 vi-

1125 1763 1240 1793 tiatam
1266 1770 1391 1800 partem
1417 1760 1538 1800 injecio
1561 1781 1572 1797 ,
1608 1769 1643 1793 ut
1667 1760 1830 1804 quidquid
1854 1759 1938 1793 infra
1966 1762 2138 1795 vinculum

1124 1803 1217 1839 effet,
1246 1805 1337 1835 brevi
1361 1814 1577 1847 emoredreture
1603 1812 1764 1844 quantum
1797 1805 1883 1837 enim
1910 1803 1962 1838 hic
1984 1804 2155 1840 dolorem¹

1125 1846 1316 1879 constriffio
1349 1845 1404 1879 illa
1429 1847 1539 1880 aflerat
1565 1867 1573 1881 ‚
1608 1848 1711 1880 XXX.
1737 1847 1897 1890 Ruyschii
1931 1847 2140 1883 Observatio

1122 1890 1210 1931 (y)
1237 1889 1310 1921 satis
1334 1888 1456 1923 indicat
1480 1913 1488 1922 .
1527 1889 1598 1924 Nec
1623 1900 1728 1924 tamen
1754 1901 1924 1934 propterea
1947 1892 2133 1935 Chirurgos

1122 1934 1202 1966 alios
1226 1932 1523 1973 Experientiffimos
1538 1959 1546 1973 ,
1572 1936 1604 1966 in
1628 1935 1747 1977 quibus
1771 1935 1936 1969 Heisterus
1960 1940 1970 1975 (
1996 1947 2020 1979 z
2038 1937 2133 1977 )est‚

1119 1980 1153 2010 &
1177 1976 1358 2009 Benevolus
1382 1980 1393 2015 (
1417 1987 1434 2009 a
1459 1980 1468 2016 )
1495 1987 1559 2010 non
1585 1976 1648 2011 sine
1672 1979 1764 2021 gravi
1788 1980 1913 2013 ratione
1934 1980 2135 2014 constrifiiio-

1120 2031 1194 2054 nem
1220 2019 1302 2053 hanc
1336 2019 1529 2062 praetulisse,
1555 2022 1662 2057 credas
1684 2046 1692 2052 .
1730 2023 1779 2056 Ut
1804 2024 1890 2057 enim
1915 2023 2065 2058 Valsalva
2090 2036 2134 2057 te-

1120 2074 1216 2106 grum
1241 2063 1334 2098 illum
1359 2064 1449 2097 suum
1475 2063 1715 2106 persanaverit3
1739 2067 1863 2110 aliquid
1888 2077 1992 2101 tamen
2008 2070 2136 2111 pericu-

1117 2108 1141 2139 li
1168 2119 1229 2141 una
1252 2119 1291 2140 ex
1316 2109 1431 2151 primis
1461 2108 1611 2143 noctibus
1635 2108 1699 2144 fuit
1725 2133 1737 2150 ‚
1769 2111 1922 2154 sanguine
1945 2111 2005 2147 sibi
2041 2114 2130 2147 viani

1117 2150 1251 2196 reserare
1276 2153 1453 2194 incipiente
1476 2175 1485 2190 ,
1514 2152 1572 2186 nisi
1596 2154 1653 2195 qui
1678 2155 1846 2196 proximus
1869 2180 1878 2196 ,
1912 2164 1949 2190 ut
1972 2156 2132 2192 Valsalva

1113 2192 1267 2235 jusserat,
1293 2195 1484 2238 paratusque
1508 2196 1649 2230 cubabat
1674 2198 1843 2239 minister,
1867 2200 2031 2233 celerrime
2057 2226 2066 2240 ‚
2091 2201 2134 2234 si-

1114 2238 1183 2270 cuti
1207 2238 1489 2281 praemonstratum
1513 2238 1642 2277 fuerat,
1665 2240 1835 2277 obstitisset
1858 2269 1866 2277 .
1901 2245 2066 2278 Provestae
2090 2257 2134 2279 ae-

1116 2283 1194 2314 tatis
1217 2292 1282 2315 erat
1306 2284 1331 2315 is
1354 2294 1460 2325 aeger.
1596 2283 1654 2318 Sed
1679 2286 1838 2327 provectae
1862 2290 1894 2320 δε
1916 2287 1994 2320 alter
2010 2311 2018 2326 ‚
2042 2288 2133 2330 cujus

1116 2335 1155 2357 ex
1180 2325 1296 2366 podice
1328 2334 1383 2368 per
1405 2327 1486 2360 duos
1509 2327 1670 2370 depressos
1692 2327 1889 2371 pedunculos
1912 2330 2133 2365 excrescentia

1114 2368 1334 2414 propendebat
1369 2381 1476 2412 pravae
1501 2380 1622 2404 naturae
1644 2394 1658 2410 ,
1689 2372 1728 2405 ad
1751 2374 1834 2406 renis
1869 2375 2130 2416 magnitudinem

1112 2414 1320 2455 formamque
1345 2414 1495 2447 accedens
1517 2439 1525 2447 .
1551 2416 1660 2450 Quam
1685 2415 1788 2449 senior
1813 2418 1894 2451 alter
1918 2417 2129 2461 Chirurgus,

1113 2465 1163 2488 nie
1188 2456 1428 2490 adolescentulo
1452 2456 1624 2499 aspiciente
1638 2482 1647 2498 ,
1669 2457 1817 2492 deorsum
1837 2462 1998 2501 trafitam,
2019 2462 2130 2497 incisis

1111 2498 1300 2539 pedunculis
1324 2512 1398 2534 cum
1419 2500 1588 2535 excidisset
1612 2524 1623 2541 ‚
1659 2503 1718 2535 imi
1744 2513 1851 2538 auten-l
1882 2505 2028 2540 intestini
2055 2518 2126 2549 pars

1110 2553 1150 2574 ex
1174 2554 1236 2584 qua
1258 2544 1308 2576 illi
1333 2554 1562 2585 excreverant,
1587 2547 1747 2580 continuo
1772 2547 1800 2579 se
1824 2561 1836 2588 ,-
1869 2550 1900 2582 id
1925 2550 2012 2591 quod
2039 2551 2129 2584 Chi-

1112 2596 1226 2631 rurgus
1252 2597 1317 2619 non
1339 2588 1553 2630 expe&abat·‚
1579 2589 1754 2624 introrsum
1779 2592 1957 2626 retraxisset
1982 2617 1990 2632 ‚
2028 2593 2122 2637 seque

1110 2639 1181 2670 ejus
1203 2631 1305 2664 oculis
1324 2651 1333 2666 ‚
1357 2633 1388 2663 δι
1414 2632 1561 2666 manibus
1587 2632 1784 2667 subduxisset
1808 2647 1818 2673 ,-
1851 2636 2032 2677 perturbari
2058 2642 2125 2679 pri-

1111 2683 1201 2706 mum
1225 2674 1393 2707 hominem
1419 2675 1509 2713 vidi,
1534 2679 1702 2718 quamvis,
1726 2677 1823 2721 fiquis
1836 2680 1939 2716 alius,
1965 2682 2124 2715 exercita-

1109 2724 1201 2754 tum.
1225 2720 1255 2750 ἃ
1281 2717 1334 2753 sua
1359 2719 1393 2750 in
1421 2721 1503 2752 Arte
1527 2721 1695 2760 nobilem,
1719 2732 1797 2757 mox
1822 2732 1929 2757 tamen
1953 2735 2028 2757 cum
2053 2724 2119 2758 san.

1109 2761 1218 2801 guinis
1242 2760 1327 2795 haud
1353 2763 1492 2796 multum
1516 2762 1687 2802 efflueret,
1712 2765 1908 2800 confirmato
1933 2768 2065 2804 animo,
2089 2772 2121 2803 δε

1108 2803 1265 2838 mediocri
1288 2806 1427 2839 turunda
1451 2804 1611 2844 immissa,
1637 2807 1801 2841 albumine
1823 2811 1927 2848 illita,
1953 2814 1984 2844 &
2008 2811 2124 2853 pulve-

1108 2848 1197 2880 ribus
1223 2847 1390 2889 conspersa
1413 2851 1469 2891 qui
1493 2847 1710 2891 adstringendi
1735 2851 1801 2884 vim
1824 2852 1944 2887 habent
1968 2877 1977 2892 ‚
2002 2855 2122 2888 disces-

1108 2888 1169 2924 fit.
1196 2892 1319 2925 Verum
1343 2893 1456 2925 exasto
1480 2894 1534 2926 vix
1559 2891 1646 2926 horae
1670 2894 1867 2936 quadrante,
1889 2896 2017 2940 sanguis
2040 2910 2115 2941 pro-

1109 2933 1206 2968 fluere
1229 2936 1321 2976 copia
1346 2946 1409 2967 non
1435 2936 1582 2975 modica,
1607 2939 1657 2974 &,
1680 2937 1769 2978 quod
1791 2941 1896 2974 multo
1921 2940 2039 2983 majori
2064 2944 2116 2976 in-

1105 2986 1156 3022 tra
1179 2977 1557 3020 intestinuminfluxisle‚
1581 2979 1770 3021 indicabat,
1793 2994 1906 3026 rogare
1927 2996 2032 3027 aeger,
2056 2998 2115 3021 cu-

1102 3029 1155 3061 jus
1178 3022 1298 3054 interea
1322 3021 1430 3063 pulsus
1455 3023 1544 3056 valde
1569 3022 1774 3059 subsederant
1800 3049 1810 3064 ‚
1832 3038 1869 3061 ut
1894 3028 2033 3063 turunda
2056 3030 2116 3064 de-

1106 3074 1244 3099 meretur
1264 3087 1273 3102 ‚
1306 3068 1383 3107 quia
1408 3066 1588 3100 vehementi
1611 3067 1676 3100 alvi
1700 3071 1910 3104 exonerandae
1935 3072 2113 3107 necessitati

1106 3107 1243 3142 refistere
1268 3109 1406 3156 amplius
1430 3121 1492 3142 non
1508 3109 1627 3152 posset.
1653 3112 1838 3154 Revocatus
1849 3115 2033 3157 Chirurgus
2057 3127 2113 3151 tu-

1106 3153 1243 3185 rundam
1268 3154 1371 3185 ausert
1386 3177 1394 3190 ‚
1417 3165 1517 3195 qnam
1541 3157 1685 3196 ingentia
1697 3160 1839 3190 concreti
1863 3159 2026 3200 sanguinis
2042 3158 2113 3194 fru-

1105 3194 1149 3227 sta
1172 3196 1411 3239 consequuntur
1434 3222 1442 3230 .
1466 3198 1557 3230 Tum
1578 3199 1685 3241 digito
1707 3200 1762 3233 ille
1787 3200 1929 3234 immisso
1952 3227 1960 3240 ,
1996 3203 2113 3237 vulnus

1105 3238 1228 3271 diutius
1254 3240 1461 3280 comprimit,
1487 3252 1588 3283 neque
1611 3252 1756 3276 removet
1768 3243 1868 3278 donec
1892 3245 2032 3280 turunda
2055 3246 2111 3279 iis-

1105 3282 1179 3315 dem
1204 3295 1238 3316 ac
1264 3283 1373 3323 prior,
1398 3284 1640 3318 medicamentis
1664 3286 1771 3325 illita,
1797 3288 2029 3328 &conspersa,
2054 3290 2109 3324 sed

1104 3330 1118 3365 (
1142 3327 1244 3368 qualis
1275 3338 1290 3358 a
1316 3329 1424 3367 primo
1447 3329 1651 3362 immittenda
1682 3328 1787 3364 fuerat
1811 3334 1821 3369 )
1847 3331 1974 3364 crassior
1998 3344 2105 3374 parata

1106 3368 1180 3402 esset
1203 3382 1275 3413 quae
1299 3369 1481 3404 inderetur:
1505 3383 1651 3413 aegreque
1673 3373 1800 3407 tandem
1825 3386 1878 3416 per
1900 3374 1967 3409 haec
1981 3376 2106 3418 sanguis

1104 3413 1296 3456 compreslus
1319 3416 1383 3447 est.
1410 3415 1469 3448 Sed
1493 3415 1560 3448 haec
1584 3426 1647 3448 non
1672 3417 1766 3449 aliam
1789 3418 1968 3452 oboausam
1983 3431 2107 3454 memo-

1104 3466 1171 3489 rata
1195 3456 1267 3489 sunt
1286 3479 1297 3495 ,
1321 3457 1380 3490 nisi
1404 3467 1439 3491 ut
1463 3460 1497 3491 in
1521 3459 1727 3493 controversa
1751 3461 1916 3496 excidendi
1941 3465 2031 3504 penis
2056 3475 2110 3496 ra-

1105 3501 1195 3533 tione
1226 3500 1305 3543 quid
1350 3510 1429 3534 tunc
1460 3502 1620 3535 Valsalvae
1655 3503 1812 3546 placuerit
1835 3529 1844 3546 ‚
1877 3506 2072 3548 intelligeres
2099 3528 2110 3545 ‚

1970 3559 2068 3584 item-

70 3644 2103 3668 Ἣ

179 3717 188 3748 )
204 3720 264 3749 Eph.
283 3723 314 3745 N.
331 3722 359 3745 C.
377 3723 434 3745 Dec.
453 3728 476 3750 3.
495 3722 523 3745 A.
542 3732 562 3752 5.
580 3724 602 3747 8<
619 3727 641 3747 6.
660 3725 718 3749 Obs.
735 3729 788 3756 163.

849 3720 860 3755 s
875 3737 892 3752 n
910 3727 919 3757 )
936 3727 990 3753 Vid.
1007 3711 1037 3753 ns
1053 3730 1090 3758 58.

1152 3732 1166 3760 (
1182 3740 1195 3755 υ
1210 3732 1218 3759 l
1236 3732 1306 3761 Epist.
1324 3736 1361 3756 26.
1380 3741 1405 3758 n.
1423 3741 1460 3762 19.
1476 3736 1498 3759 Bc
1515 3735 1588 3764 Epist.
1604 3742 1644 3763 40.
1661 3741 1686 3757 n.
1705 3737 1741 3757 26.

112 3717 122 3776 (i
137 3727 182 3778 ἵ)
199 3753 239 3784 ΒΕ,
252 3752 390 3781 Aneurysm.
407 3751 423 3774 l.
440 3759 464 3775 2.
479 3759 500 3776 e.
517 3761 539 3776 2.
559 3754 653 3789 Propos.
671 3758 709 3779 28.
724 3756 811 3786 cujus,
830 3759 852 3781 8:
869 3757 1023 3788 praece‘dentis
1038 3759 1111 3784 titulo
1126 3769 1155 3786 ne
1171 3761 1261 3789 fallaris
1272 3780 1278 3791 ,
1296 3763 1368 3787 faciet
1386 3765 1480 3792 propos.
1497 3773 1535 3796 ²5·
1598 3767 1611 3794 ζ
1629 3774 1644 3794 q
1660 3766 1672 3790 )
1689 3764 1759 3789 Thes.
1778 3766 1849 3789 Anat.
1869 3774 1890 3793 9.
1908 3774 1930 3790 n.
1951 3775 1973 3794 <-

113 3780 127 3807 (
143 3788 153 3803 r
170 3779 179 3809 )
198 3782 269 3816 Epist.
289 3782 365 3816 363&
384 3789 423 3810 39-
484 3784 496 3812 (
513 3783 553 3812 Ῑ)
569 3786 643 3814 Epist.
662 3794 697 3815 34,
759 3788 766 3816 (
785 3795 796 3810 t
814 3789 820 3815 l
837 3790 908 3817 Epist.
927 3797 962 3814 12.
1025 3790 1032 3819 s
1050 3799 1065 3814 u
1083 3794 1094 3817 >
1110 3800 1148 3822 43.
1210 3793 1224 3822 (
1239 3803 1254 3818 x
1269 3794 1282 3822 )
1299 3795 1356 3821 Obs.
1375 3795 1441 3820 Chir.
1457 3799 1497 3820 60.
1557 3795 1601 3826 (y
1616 3796 1629 3824 )
1646 3797 1716 3820 Cent.
1733 3795 1791 3821 Obs.
1810 3799 1881 3822 Anat.
1898 3796 2010 3828 chii-urg.

110 3810 127 3838 (
143 3818 160 3837 ²!
176 3810 189 3838 )
206 3812 280 3837 instit.
297 3812 407 3841 Chirurg.
425 3813 449 3836 P.
467 3820 488 3837 2.
505 3817 527 3840 S.
546 3825 568 3845 ς.
585 3824 607 3840 c⁴
628 3826 677 3847 ¹3²·
736 3818 746 3847 (
767 3826 781 3841 a
798 3819 811 3848 2
827 3820 919 3845 Offerv.
938 3829 976 3849 ²7-
