2498 4075
437 193 588 261 Epist·
625 197 788 251 Anat.
823 197 1034 253 Medica
1069 201 1196 255 XX.
1219 202 1349 264 Art.
1384 205 1462 271 38.
1481 219 1560 274 39·
1576 208 1824 271 40.&41.

128 272 417 320 deprehendimus,
438 273 707 317 quemadmodum
728 274 797 308 haec
817 299 831 317 ,
867 277 1000 323 aliaeque
1023 279 1134 314 nostrae

129 318 302 355 ostendunt
322 316 500 360 Epistolae,
527 316 701 360 praesertim
725 329 799 365 cum
824 322 934 362 pulmo
953 323 1045 356 valde
1075 324 1133 356 du-

130 376 186 399 rus
209 361 250 403 est
349 360 564 401 aequabiliter,
587 359 718 403 &solito
729 373 851 407 major,
874 367 906 398 δε
926 364 1001 405 plus
1019 368 1132 408 ponde-

127 418 203 442 rans
229 431 238 446 ‚
260 404 323 438 hoc
346 403 388 438 est
404 427 418 444 ,
449 412 487 436 ut
507 413 567 436 nos
598 404 813 447 intelligimus
836 430 849 446 ‚
883 408 1099 443 inflammatus

129 450 190 486 Sed
212 451 372 491 &praeter
395 447 513 480 nostras
525 445 757 484 observationes
769 473 781 491 ,
804 450 893 487 aliae‚
917 461 972 484 nec
995 464 1101 495 paucae
1115 476 1128 494 ,

127 494 267 528 aliorum
289 490 361 525 sunt
383 490 432 523 vel
454 491 488 524 in
512 490 574 522 IV.
601 490 660 523 hac
684 504 694 530 3
726 503 764 525 ne
786 493 913 535 longius
948 494 1094 529 abeamus
1117 508 1129 535 3

125 535 330 579 Sepulchreti
353 534 525 572 Seffione,
548 542 584 566 ut
608 535 754 569 Panaroli
778 539 792 575 (
805 535 835 579 f
848 539 863 577 )
882 560 894 576 ,
917 539 973 579 qui
997 551 1053 573 cor
1077 550 1128 571 [ο-

123 591 195 616 tum
218 577 365 613 albidum
387 597 397 612 ‚
428 578 461 609 δε
484 575 687 618 tomentosum
709 579 754 612 ob
776 581 942 613 materiam
971 604 980 620 ‚
1016 582 1128 617 tunicae

123 623 222 668 ipsius
243 619 478 659 adhaerentem,
503 620 695 661 proposuit,
722 632 757 655 ut
769 623 908 657 Harderi
933 628 946 663 (
967 636 989 668 g
1009 630 1047 667 ),
1069 627 1125 666 qui

123 665 338 712 pericardium
362 662 449 696 intus
471 662 647 706 Inspiciam,
670 664 707 698 (θ’
730 665 819 701 velut
841 665 1004 707 holoserico
1028 668 1123 701 obclu-

122 712 208 747 ctum
230 704 394 748 descripfit
411 726 422 742 ‚
455 717 511 740 cor
534 716 639 740 autern
662 705 789 749 lympha
820 708 917 752 craffa
949 711 1122 744 circumda-

121 763 192 790 tum
214 777 227 794 ‚
249 762 319 796 quae
342 749 471 782 corticis
503 749 536 782 in
559 750 683 784 modum
703 750 785 784 illud
807 752 975 787 ambientis
998 753 1122 787 detrahi

120 798 231 841 potuit
249 819 262 835 ,
296 800 389 836 atque
412 801 448 825 ut
479 802 540 825 una
564 792 668 834 plures
703 793 940 829 observationes
977 796 1122 840 comple-

120 842 211 881 ctar,
233 847 270 873 ut
292 836 488 870 Guarinonii
510 838 525 875 (
544 834 565 868 h
586 839 620 875 )‚
645 837 700 880 qui
722 836 832 882 vidiffe
855 838 885 872 se
906 863 918 879 ,
950 840 1087 874 affirmat
1112 862 1121 877 ,

112 882 276 929 plerosque
299 879 410 913 lateris
432 878 534 914 dolore
556 879 598 912 (φ
626 880 877 921 peripneumonia
899 881 1049 928 oppressos
1079 885 1121 917 &

117 926 274 962 extinblos
287 947 299 964 ,
322 925 355 956 in
379 919 491 964 quihus
515 922 632 956 vitiosa
655 925 787 958 materia
809 925 894 959 cordi
925 926 1055 960 loricam
1076 926 1122 959 al-

116 969 188 1003 bam
211 968 363 1012 efficeret,
386 964 449 998 five
471 976 522 998 cor
544 966 626 1009 quasi
649 966 813 1010 lanugine,
837 976 894 1001 aut
915 969 997 1003 calce
1019 979 1122 1011 coope-

116 1013 194 1048 riret
215 1015 229 1051 (
251 1012 264 1048 ι’
286 1014 320 1049 ),
344 1018 380 1043 ut
403 1008 495 1050 supra
518 1013 531 1048 (
552 1009 572 1051 l<
592 1013 606 1049 )
628 1009 753 1044 dixerat
778 1037 788 1050 ,
819 1010 874 1044 ubi
898 1012 995 1045 etiam
1032 1012 1123 1045 testa-

115 1064 190 1095 tur,
212 1055 247 1088 in
269 1052 449 1087 illiusmodi
474 1053 676 1086 cadaveribus
700 1065 763 1086 non
786 1055 886 1087 modo
909 1054 1119 1089 seca-,vitatem

115 1098 259 1133 thoracis
275 1095 432 1139 saepcffime
454 1095 557 1140 aquofi
569 1120 578 1135 ,
603 1096 668 1130 albi
690 1105 818 1138 tamen,
841 1097 980 1132 humoris
991 1098 1118 1140 plenam

113 1140 294 1185 conspexisse
305 1164 318 1180 ,
340 1139 391 1175 sed
414 1141 446 1176 ὃ(
468 1138 628 1181 pulmones
647 1138 777 1182 plenos,
808 1140 851 1176 Θ
873 1141 964 1176 duros
979 1165 988 1181 ‚
1007 1153 1116 1184 quem-

113 1182 289 1221 admodum
313 1192 403 1216 antea
433 1182 479 1222 (l
500 1186 514 1222 )
550 1181 730 1218 indicatum
760 1183 833 1224 est,
866 1186 908 1218 (φ
936 1184 996 1226 sua
1019 1196 1117 1218 mem-

113 1227 210 1263 brana
233 1226 403 1271 craffiffima
419 1223 511 1267 Ῐὶιὲῗιτ
535 1225 669 1269 detersos
690 1250 702 1267 ,
733 1237 769 1260 ac
784 1226 812 1268 fi
835 1226 1014 1269 erysipelate
1029 1225 1115 1271 fuis-

103 1270 181 1313 sent
202 1269 327 1314 affec‘lz’.
354 1268 479 1304 Videor
502 1278 610 1304 autem
633 1269 687 1302 hic
710 1270 819 1311 mihi,
843 1269 1013 1305 secundum
1035 1272 1120 1305 mul-

108 1314 239 1356 tiplices
263 1314 500 1350 observationes
522 1324 606 1348 meas
638 1325 708 1356 quae
732 1313 843 1355 saepius
866 1339 875 1355 ‚
910 1316 942 1349 &
965 1325 1036 1357 quae
1069 1326 1118 1348 ra-

107 1358 175 1393 rius
186 1367 380 1397 occurrant,
405 1356 597 1400 spectando,
621 1355 705 1398 posse
727 1356 855 1394 facilius
867 1356 1010 1395 credere,
1033 1358 1117 1391 cras-

107 1399 223 1434 fiorem
255 1402 498 1436 concretionem
530 1399 842 1435 membraniformem
864 1424 874 1438 ,
909 1400 1117 1443 pulmonibus

107 1443 321 1488 impositam,
345 1458 360 1478 a
383 1445 590 1479 Guarinonio
613 1442 705 1477 fuisse
726 1444 952 1487 conspectam:
976 1455 1031 1477 nec
1054 1443 1117 1478 fine

105 1490 199 1523 omni
221 1490 401 1533 suspicione
424 1487 492 1522 sum
513 1510 525 1527 ‚
546 1488 786 1524 concretionem
809 1487 938 1522 fortasse
960 1487 1117 1530 ejusdem-

104 1532 218 1572 modi,
239 1534 291 1570 sed
315 1533 520 1572 tenuiorem,
542 1530 658 1571 fuisse,
679 1542 750 1573 quae
766 1530 893 1574 supra(
916 1542 949 1581 m.
970 1535 984 1571 )
1005 1532 1116 1565 aVal-

104 1575 186 1611 salva
210 1575 297 1611 dicta
321 1577 362 1610 est
385 1575 565 1610 membrana
589 1575 709 1610 extima
734 1587 750 1608 a
772 1573 856 1608 duro
878 1576 967 1609 Senis
981 1575 1112 1619 pulmo—

103 1630 141 1654 ne
163 1618 319 1660 facillime
344 1619 547 1661 separabilis.

148 1663 201 1705 38.
228 1662 287 1697 Sed
310 1672 347 1700 tu
381 1663 483 1703 magis
506 1659 635 1697 fortass‘e
668 1672 737 1695 aves
761 1660 837 1695 scire
856 1685 868 1703 ,
901 1673 960 1697 cur
983 1663 1018 1697 in
1039 1665 1113 1708 qui.

102 1706 235 1742 busdam
265 1717 305 1743 ex
328 1704 489 1748 postremo
522 1705 628 1739 allatis
662 1707 935 1748 peripneumoniae
967 1706 1111 1744 historiis

101 1750 256 1787 nonnulla
280 1748 465 1792 pleuritidis
488 1748 608 1783 indicia
633 1747 776 1789 fuerint,
801 1759 837 1785 ut
863 1751 896 1783 in
921 1752 1027 1793 priore
1046 1753 1110 1797 Ju-

100 1805 178 1827 vene
201 1803 343 1837 pungens
368 1792 464 1827 dolor
483 1815 496 1832 ,
530 1793 565 1828 in
590 1794 668 1828 Sene
692 1803 800 1827 autern
830 1793 869 1827 de
891 1805 959 1836 quo
983 1805 1054 1828 ante
1078 1797 1107 1828 i-

99 1837 192 1880 psum
216 1838 363 1880 proxime
387 1836 544 1880 scriptum
566 1835 610 1870 est
632 1860 646 1878 ,
670 1836 775 1879 pulsus
797 1836 926 1872 durus?
962 1840 1108 1886 Primum

97 1882 222 1925 igitur,
245 1880 334 1925 quod
357 1881 395 1914 ad
419 1889 614 1923 pungentem
636 1880 781 1914 dolorem
807 1881 925 1915 attinet
944 1905 957 1923 ,
990 1883 1032 1916 ilc
1058 1882 1113 1917 ha-

96 1925 174 1959 beto
193 1947 205 1964 ,
245 1925 304 1967 qui
327 1924 412 1959 inter
445 1924 652 1959 Recentiores
685 1922 781 1960 docte
822 1934 915 1967 atque
948 1926 1114 1969 ingeniose

97 1979 159 2012 pro
191 1977 294 2004 vetere
318 1966 504 2010 pleuritidis
535 1967 604 2001 sede
636 1967 787 2002 steterunt
808 1991 823 2008 ‚
855 1969 904 2004 vel
928 1969 1013 2013 ipsos
1046 1982 1112 2006 non

100 2022 201 2048 unum
223 2011 359 2047 modum
382 2011 469 2046 ultro
492 2010 660 2053 agnoscere
676 2032 687 2049 ‚
712 2010 921 2055 &proferre,
945 2024 1034 2057 quo,
1060 2014 1111 2048 so-

98 2055 141 2088 lis
166 2055 375 2096 pulmonibus
405 2054 615 2090 inflammatis
635 2077 645 2094 ‚
678 2054 827 2091 molestus
850 2054 947 2091 dolor
973 2080 984 2096 ,
1016 2066 1110 2101 atque

96 2101 196 2132 etiam
220 2108 333 2134 acutus
358 2099 482 2141 percipi
504 2108 620 2142 queat:
644 2097 831 2142 eosdemque
858 2101 991 2135 minime
1024 2101 1111 2135 diffi-

94 2143 178 2183 teri,
201 2141 406 2185 pleuritidem
420 2164 428 2179 ‚
452 2141 596 2177 absolute
619 2141 784 2184 loquendo
799 2165 809 2180 ,
835 2142 951 2186 absque
975 2144 1038 2179 hoc
1051 2143 1109 2178 do.

95 2185 165 2219 lore
189 2195 287 2222 acuto
310 2186 509 2229 puntftorio‚
529 2185 580 2220 vel
603 2184 717 2218 saltem
739 2185 801 2218 levi
825 2194 954 2221 tantum
972 2188 1109 2220 comita-

94 2239 165 2265 tam
186 2227 244 2265 esse
266 2229 375 2274 posset.
398 2239 541 2272 quorum
565 2229 716 2264 omnium
737 2227 789 2262 fac
811 2230 993 2264 memineris
1019 2242 1030 2270 3
1053 2243 1107 2264 ve-

97 2284 132 2306 ra
161 2273 247 2308 enim
282 2271 353 2307 sunt
376 2294 390 2312 ‚
422 2273 454 2305 &
486 2281 560 2303 cum
592 2270 750 2306 valsalvae
773 2296 784 2312 ,
816 2271 990 2316 nostrisque
1031 2274 1107 2322 Ob-

95 2315 333 2351 servationibus
354 2318 368 2355 (
390 2325 410 2347 n
432 2317 444 2353 ὶ
468 2313 591 2347 videbis
614 2313 673 2348 esse
694 2317 904 2357 congruentia
926 2341 933 2349 .
959 2318 1043 2357 Quae
1067 2318 1107 2350 11-

95 2359 165 2393 cuti
198 2360 283 2394 inter
304 2356 509 2401 relegendum
542 2354 598 2391 has
620 2356 783 2399 Epistolas.
813 2359 950 2393 libenter
981 2372 1107 2403 cogno-

95 2404 223 2441 vimus,
247 2402 294 2435 ita
317 2403 416 2435 etiam
447 2401 584 2435 libenter
604 2400 743 2434 vidimus
767 2425 781 2442 ‚
812 2414 874 2444 qua
899 2404 1025 2436 ratione
1048 2405 1105 2437 alii

96 2444 343 2481 Praestantiffimi
375 2445 453 2478 Viri
488 2454 554 2477 non
586 2442 736 2479 dubitent
768 2468 782 2485 ,
815 2447 896 2488 quin
930 2446 1038 2488 pulsus
1072 2449 1109 2482 in

77 2489 360 2534 'peripneumonia
388 2486 490 2521 modo
525 2484 582 2521 esse
626 2486 741 2529 possint
775 2488 885 2530 duri,
917 2490 1020 2524 modo
1051 2503 1106 2525 au-

94 2542 159 2566 tem
192 2532 302 2566 molles
326 2556 335 2567 .,
370 2530 531 2574 vais
557 2531 646 2566 enim
676 2532 868 2574 pulmonum
891 2535 1013 2568 arteriae
1037 2557 1047 2573 ‚
1080 2535 1105 2569 fi

94 2575 307 2612 Bronchiales
331 2576 472 2617 excipias
492 2596 502 2611 ,
536 2585 603 2609 non
624 2574 685 2608 sint
708 2598 717 2614 ,
752 2585 788 2608 ut
811 2585 932 2611 caeterae
956 2589 1067 2611 ornnes
1093 2605 1104 2620 ,

93 2621 128 2654 δε
158 2621 193 2653 in
227 2617 279 2654 his
308 2618 526 2654 Intercostales
561 2641 574 2658 ‚
615 2629 690 2652 cum
720 2620 826 2652 Aorta
870 2622 1068 2656 continuatae
1092 2645 1102 2661 ‚

93 2671 131 2696 ut
164 2673 237 2698 cum
270 2662 330 2698 hac
364 2672 435 2696 tota
466 2661 538 2697 suas.
570 2661 684 2703 poffint
715 2665 957 2699 communicare
993 2666 1106 2699 irrita-

91 2707 220 2745 tione53
243 2715 349 2742 tamen
370 2707 496 2740 irritata
518 2704 710 2748 pulmonum
740 2707 809 2741 vasa
832 2719 866 2742 ea
897 2708 1097 2743 vehementia

93 2750 279 2790 sanguinem
312 2761 424 2793 urgere
457 2750 494 2783 in
522 2747 681 2783 finistrum
718 2751 824 2785 cordis
858 2754 1097 2795 ventriculum,

94 2802 131 2827 ut
150 2788 219 2826 ‘hic
251 2795 394 2828 irritatus
424 2792 612 2836 sanguinem
650 2792 852 2829 vehementer
883 2796 917 2829 in
958 2800 1098 2831 Aortam

93 2836 266 2881 compellat
287 2860 300 2878 ,
333 2836 439 2883 ficque
468 2836 570 2879 ipsam
593 2837 700 2870 irritet
724 2861 737 2879 ‚
770 2838 874 2873 donec
897 2840 941 2873 ob
973 2843 1103 2876 auctam.

92 2880 382 2915 inflammationem
415 2881 605 2924 pulmonum
638 2881 810 2923 compressa
832 2908 840 2923 ,
875 2887 908 2916 &
940 2885 1102 2927 impedita

91 2923 211 2958 horum
232 2923 302 2958 vasa
324 2927 431 2959 minus,
461 2922 688 2961 vehementer,
708 2925 889 2971 minorique
914 2931 1008 2971 copia
1032 2929 1102 2963 san-

91 2968 225 3010 guinem
247 2969 285 3001 in
305 2979 376 3003 eum
397 2967 609 3003 ventriculum
629 2993 640 3008 ,
671 2970 703 3001 δε
725 2968 779 3003 hic
811 2971 847 3004 in
868 2973 1003 3005 Aortam
1035 2974 1100 3006 im-

55 3036 57 3041 ,
94 3011 193 3053 pellat
208 3034 218 3049 ‚
249 3009 355 3057 sicque
376 3011 434 3047 hac
456 3013 583 3050 minus,
607 3011 773 3059 min-usque
796 3013 925 3048 irritata
949 3037 958 3052 ‚
990 3017 1098 3051 minus

92 3053 167 3087 duri
190 3054 296 3098 pulsus
318 3064 412 3099 atque
436 3055 513 3090 adeo
534 3055 647 3089 molles
659 3056 756 3089 hant.
784 3057 868 3099 Qae
893 3060 1002 3093 omnia
1026 3069 1096 3096 tum

93 3097 132 3132 de
156 3107 318 3141 pungente
340 3099 453 3133 dolore
474 3123 487 3140 ‚
518 3107 590 3133 tum
613 3098 651 3133 de
675 3099 785 3142 pulsus
807 3102 928 3135 duritie
952 3103 985 3136 in
1008 3106 1096 3147 peri-

94 3143 289 3183 pneumonia
311 3141 366 3176 hic
389 3142 451 3177 tibi
474 3142 564 3176 volui
585 3154 838 3178 commemorare
858 3169 871 3186 ,
904 3154 940 3180 ut
962 3158 1034 3190 quae
1057 3160 1101 3183 ex

94 3183 151 3219 hisv
170 3185 269 3227 licet,
289 3184 404 3220 addere
427 3185 517 3228 poffis
537 3186 576 3220 ad
599 3186 654 3219 illa
687 3197 742 3229 per
764 3199 835 3231 quae
868 3198 1038 3233 utrumque
1061 3193 1099 3226 in

94 3228 249 3263 Matrona
267 3251 277 3269 ‚
311 3228 400 3271 cujus
422 3228 532 3264 casum
562 3231 673 3265 multo.
692 3229 836 3274 superius
873 3235 889 3273 (
908 3244 924 3267 ο
946 3237 959 3273 )
982 3234 1097 3269 descri-

94 3270 140 3315 psi
154 3298 164 3314 ,
187 3272 253 3308 tibi
274 3274 433 3317 explicare
453 3281 589 3308 conatus,
609 3273 677 3308 sum
702 3296 712 3312 ‚
740 3276 881 3319 itemque
912 3278 952 3311 ad
975 3289 1009 3311 ea
1041 3290 1096 3321 per

93 3327 164 3359 quae
187 3317 226 3351 in
246 3317 420 3360 propofitis
444 3317 520 3350 Sene
541 3339 551 3355 ‚
576 3320 611 3352 δε·
627 3319 749 3361 Juvene
773 3318 893 3363 singula
916 3321 1014 3355 etiam
1037 3323 1095 3355 ali-

74 3359 147 3394 'ter
175 3371 258 3397 nunc
281 3360 452 3404 explicabo
471 3385 481 3393 ..
511 3361 661 3396 Durities.
688 3363 778 3397 enim
808 3364 915 3406 pulsus
949 3366 983 3398 in
1017 3366 1093 3400 Sene

94 3413 195 3437 annos
227 3402 294 3446 jarn-
321 3414 400 3439 nato
430 3404 627 3446 septuaginta
657 3416 803 3448 quatuor·
829 3410 930 3450 magis
975 3408 1093 3443 fortas-

94 3446 125 3480 se
147 3450 237 3481 aetati
269 3460 330 3490 qua
364 3449 470 3491 rigent
501 3448 610 3481 omnia
631 3472 644 3489 ‚
679 3461 777 3493 quam
810 3452 959 3493 morbo,
990 3452 1092 3487 videri

94 3490 198 3532 potest
228 3491 435 3527 adscribenda
468 3516 476 3524 .
519 3493 559 3525 In
586 3493 710 3536 Juvene
749 3503 854 3528 autem
898 3508 1090 3542 pungentem

95 3534 191 3569 illum
225 3535 370 3570 dolorem
402 3536 426 3570 fi
458 3535 497 3570 ad
528 3536 671 3571 validam
699 3539 894 3575 inflammati
933 3542 1100 3585 pulmonis

386 3768 392 3775 .
425 3768 435 3785 .-
499 3752 542 3782 (g
556 3751 570 3781 )
586 3753 615 3776 ln
632 3750 753 3778 Additam.
770 3753 829 3779 obs.
850 3761 887 3780 11.

484 3798 490 3805 '
508 3781 601 3842 '53le
615 3783 932 3847 23:¹2.²1‡.'seh51.⁷238.
945 3794 986 3842 ῗέἷ
1000 3816 1059 3843 obs.
1077 3825 1115 3843 ω.

155 3749 173 3838 ΑᾼΑ

180 3815 195 3835 O
181 3749 204 3804 &1⁸⁴1

211 3747 229 3844 Ἶ-’ψν

236 3819 262 3836 Ρ
246 3782 270 3805 o

296 3829 302 3837 .
273 3767 303 3805 5<-

364 3751 394 3806 gno·

409 3759 430 3806 ρκι

434 3786 444 3807 Η

469 3780 482 3812 ⁴0⁵

947 3756 962 3785 (
976 3756 991 3779 h
1009 3755 1023 3785 )
1040 3755 1102 3782 ibid„
1117 3754 1175 3780 obs.
1194 3756 1255 3791 μς.
1272 3764 1294 3782 2.
1727 3791 1730 3794 ,

1048 3787 1062 3816 ζ
1077 3795 1094 3810 n
1111 3785 1119 3816 )
1136 3786 1191 3812 Vid.
1207 3788 1288 3814 histor.
1306 3788 1371 3817 seqq.
1388 3788 1411 3813 tt
1426 3789 1502 3820 Epist.
1517 3799 1553 3816 ιι.
1571 3799 1594 3815 n.
1613 3799 1651 3821 ¹7·
1668 3790 1692 3815 ἃ
1708 3789 1788 3815 histor·
1808 3789 1870 3821 seqq.

2026 228 2117 277 199

1183 292 1259 315 cum
1291 282 1399 324 pleura
1431 285 1664 318 connexionem
1696 287 1868 326 retulero3
1908 299 2011 322 nonne
2040 292 2086 323 ita
2119 303 2183 327 rem

1183 335 1297 365 potero
1331 325 1487 360 declarare
1509 350 1521 366 ,
1554 336 1589 361 ut
1622 328 1762 370 pleuram
1784 352 1797 369 ‚
1827 333 1975 373 quamvis
2008 331 2091 367 haud
2132 336 2182 368 in-

1181 365 1401 406 flammatam,
1425 370 1557 404 distrahi
1581 372 1764 412 intelligas,
1786 375 1911 415 quoties
1933 375 2180 419 distentusjam,

1180 411 1232 445 sed
1256 423 1318 444 non
1342 414 1499 452 omnino,
1525 413 1563 446 ab
1584 414 1846 451 inflammatione
1869 420 2001 459 pulmo,
2025 420 2181 462 inspirato

1179 467 1246 488 aere
1269 456 1369 497 magis
1391 454 1582 491 distenditur
1602 480 1615 497 ,
1648 461 1680 492 ὃ(
1713 458 1774 493 hoc
1809 459 1880 501 ipso
1910 465 2017 496 omnia
2051 462 2179 505 superfi-

1179 500 1240 531 ciei
1265 497 1325 532 suae
1348 500 1464 541 puntfta
1488 499 1574 533 aliud
1599 502 1636 534 ab
1649 501 1713 534 alio
1735 500 1920 544 dimovere,
1943 505 2075 550 &quod
2099 517 2179 539 con-

1179 542 1320 584 sequitur
1343 563 1352 577 ,
1387 553 1539 589 annexam
1562 544 1704 585 pleuram
1729 543 1815 586 quafi
1839 545 1985 582 divellere
2008 558 2144 583 conatur
2167 574 2174 580 ,

1178 587 1230 617 Sic
1254 584 1351 618 ferme
1375 586 1553 627 expositum
1577 587 1698 621 videbis
1723 588 1756 620 in
1781 589 1988 630 Sepulchreto
2012 596 2066 634 (p
2088 596 2102 632 )
2125 603 2178 624 ca-

1175 628 1243 661 sum
1267 627 1363 671 hujus
1389 627 1486 663 nostri
1509 629 1645 664 similem
1660 655 1668 662 .
1693 631 1786 664 Num
1810 642 1907 674 ergo,
1932 636 2038 678 inquis
2059 659 2071 674 ,
2097 646 2179 677 puu-

1172 682 1248 713 gens
1272 672 1365 705 dolor
1388 683 1440 705 eos
1462 683 1571 706 omnes
1594 674 1692 707 afficit
1715 685 1853 716 quorum
1877 676 2095 711 inflammatus
2108 678 2179 720 pul-

1172 726 1228 748 mo
1253 714 1291 749 ad
1314 715 1455 757 pleuram
1480 713 1618 749 adhaeret
1640 715 1653 749 ?
1690 718 1769 750 Non
1794 720 1904 761 utique
1928 732 2037 755 omnes
2056 744 2067 760 ‚
2090 721 2176 764 quod

1172 759 1278 800 plures
1301 758 1348 792 vel
1372 759 1406 791 in
1440 757 1500 792 hac
1523 758 1667 802 Epistola
1690 759 1940 796 Observationes
1973 763 2142 798 ostendunt
2163 775 2178 803 ;

1172 812 1244 834 nam
1268 810 1303 835 ut
1326 802 1359 834 in
1384 812 1489 835 earum
1513 802 1618 845 aliqua
1634 813 1843 849 ,pungentem
1869 805 1999 840 scribere
2031 806 2177 841 dolorem

1173 844 1324 878 Valsalva
1357 843 1443 877 forte
1465 845 1589 879 oblitus
1620 846 1693 884 iit,
1728 847 1761 879 in
1785 856 1836 881 tot
1873 850 2002 892 reliquis
2035 850 2177 883 oblitum

1172 885 1251 927 effe,
1275 898 1338 920 non
1360 887 1403 921 est
1424 887 1598 922 credibile.
1625 888 1717 931 Qd
1742 902 1817 932 ergo
1840 892 1913 926 est?
1937 895 2023 927 Aliis
2048 892 2175 927 fortass‘e

1172 933 1278 964 minus
1303 930 1386 966 arc‘ta
1419 931 1535 973 pleurae
1567 955 1579 972 ‚
1627 936 1659 965 &
1693 934 1853 974 pulmonis
1877 938 2071 976 connexi03
2106 936 2176 971 aliis

1174 975 1288 1018 pulmo
1325 973 1522 1017 superficiem
1555 975 1660 1009 versus
1694 976 1773 1010 adeo
1811 979 2067 1013 inflammatione
2110 982 2177 1013 im-

1176 1017 1305 1058 peditus
1329 1041 1342 1058 ,
1374 1029 1408 1049 ac
1442 1017 1538 1052 durus
1564 1041 1572 1055 ,
1608 1028 1643 1051 ut
1675 1019 1721 1053 ibi
1756 1020 1793 1053 ab
1826 1021 1983 1064 inspirato
2016 1035 2081 1057 aere
2126 1023 2177 1056 di-

1172 1059 1272 1094 stendi
1306 1071 1370 1093 non
1395 1060 1515 1102 poffit;
1551 1062 1621 1094 aliis
1654 1061 1789 1106 denique
1822 1063 1879 1099 effe
1909 1066 1969 1099 alia
2001 1067 2091 1101 causa
2116 1078 2177 1108 ro-

1170 1104 1237 1137 tuit
1260 1126 1272 1143 ‚
1303 1114 1357 1137 cur
1393 1103 1440 1135 vel
1476 1115 1509 1136 ea
1542 1103 1644 1147 polita
1676 1107 1875 1141 connexione
1898 1132 1909 1148 ‚
1942 1109 2037 1142 dolor
2070 1120 2177 1144 tamen

1169 1157 1312 1190 pungens
1345 1156 1410 1179 non
1435 1145 1534 1182 fuerit
1558 1171 1566 1179 .
1600 1148 1687 1181 Nam
1712 1161 1809 1191 quare
1847 1150 1901 1184 hic
1924 1151 1961 1186 fit
1985 1176 1996 1192 ‚
2030 1163 2084 1187 aut
2108 1164 2175 1187 non

1169 1189 1207 1222 fit
1229 1214 1241 1231 ,
1273 1188 1444 1232 aliquando
1478 1190 1566 1224 causa
1596 1192 1630 1223 in
1665 1194 1837 1234 propatulo
1867 1194 1941 1234 est3
1979 1195 2172 1239 aliquando,

1167 1243 1205 1269 ut
1237 1245 1347 1268 verum
1383 1231 1504 1273 fatear,
1528 1244 1591 1266 non
1626 1236 1672 1267 ita
1706 1234 1800 1269 facile
1823 1239 1965 1272 occurrit
1990 1264 1997 1271 .
2036 1241 2177 1274 Utrum·

1168 1288 1229 1355 lque
1263 1289 1302 1314 ex
1338 1277 1499 1322 proximis
1543 1277 1723 1320 intelligere
1767 1282 1892 1323 poteris
1925 1281 2178 1317 observationi-

1194 1331 1247 1354 us.

1218 1376 1266 1405 39·
1292 1364 1378 1397 VIR
1401 1374 1558 1398 annorum
1581 1365 1709 1399 circiter
1743 1366 1793 1401 sex
1817 1370 1848 1400 δε
1873 1367 2034 1409 sexaginta
2058 1396 2069 1411 ,
2101 1382 2176 1406 cum

1170 1406 1228 1441 diu
1261 1405 1472 1440 catari-halem
1505 1407 1875 1451 exspfflsscffmateriam
1905 1436 1917 1452 ,
1945 1409 2105 1458 ‘denique
2138 1426 2177 1449 ex

1171 1450 1287 1492 frigidi
1312 1450 1542 1494 aerisdnjuriis
1566 1453 1741 1493 corripitur
1765 1453 1880 1487 dolore
1913 1468 2074 1499 pungente
2100 1458 2175 1491 fini-

1168 1495 1223 1529 stri
1248 1495 1381 1536 lateris,
1404 1494 1578 1538 plurimum
1595 1495 1704 1535 tuffit,
1730 1496 1919 1532 febricitat.
1945 1502 2058 1535 Cuma
2083 1502 2177 1535 dolo-

1167 1539 1212 1573 ris
1249 1537 1345 1581 usque
1379 1538 1540 1580 principio
1571 1539 1750 1583 ingentem
1787 1541 1906 1583 semper
1948 1543 2176 1586 expeeto-:assct

1165 1582 1307 1617 materiae
1340 1582 1469 1624 copiam
1504 1581 1609 1616 cralsae
1633 1605 1647 1622 ,
1683 1583 1771 1617 flavae
1805 1608 1819 1625 ,
1861 1585 2015 1629 lineisque
2048 1588 2176 1631 sangui-

1165 1626 1231 1659 neis
1263 1625 1373 1669 paucis
1414 1624 1571 1659 distinctae
1593 1648 1606 1666 ,
1637 1627 1766 1661 tandem
1801 1627 1897 1670 sputo
1930 1629 2092 1673 suppresso
2124 1634 2175 1665 in-

1164 1667 1514 1711 teritseptimodie.
1649 1669 1728 1705 IN
1774 1672 2175 1708 THORACIS

1163 1712 1288 1746 finistro
1323 1723 1404 1744 cavo
1440 1723 1519 1754 aqua
1550 1721 1616 1746 erat
1649 1712 1764 1748 similis
1800 1713 1859 1748 seri
1892 1718 2016 1750 vaccini
2058 1731 2067 1757 3
2102 1720 2177 1762 pul-

1162 1767 1219 1791 mo
1251 1763 1356 1789 autem
1391 1756 1555 1801 przedurus
1590 1779 1603 1796 ,
1637 1756 1677 1790 ad
1708 1757 1932 1793 mediastinum
1963 1784 1977 1801 ,
2020 1764 2052 1794 &
2085 1764 2176 1805 pleu-

1161 1811 1228 1834 ram
1252 1822 1261 1837 ,
1296 1798 1396 1835 costas
1432 1800 1667 1841 luccingentem
1690 1824 1703 1842 ‚
1736 1801 1838 1836 valide
1862 1802 2039 1839 adhaerebat
2065 1830 2072 1837 .
2106 1808 2177 1841 Eo-

1165 1843 1299 1886 demque
1333 1843 1431 1885 paeto
1464 1844 1574 1886 pulmo
1607 1843 1717 1879 dexter
1750 1845 1941 1880 mediastino
1964 1872 1976 1889 ‚
2009 1852 2041 1882 &
2085 1850 2176 1892 pleu-

1166 1899 1208 1922 rae
1251 1897 1315 1929 qua
1347 1885 1556 1929 diaphragma
1591 1909 1601 1923 ‚
1645 1891 1677 1922 &
1719 1889 1896 1932 praesertim
1937 1903 1998 1934 qua
2033 1894 2174 1927 anterius

1168 1932 1305 1966 summas
1347 1929 1446 1962 costas
1482 1929 1634 1965 convestit
1668 1955 1699 1973 ,N
1727 1933 1923 1975 alligabatur
1958 1961 1964 1967 .
2001 1935 2053 1970 Ad
2091 1936 2175 1970 hunc

1164 1976 1321 2011 ultimum
1353 1973 1461 2007 locum
1500 1973 1618 2007 latebat
1650 1976 1683 2008 in
1724 1977 1875 2020 pulmone
1910 1978 2000 2013 ulcus
2042 1990 2176 2014 cancro-

1162 2019 1231 2055 sum
1263 2042 1276 2058 ‚
1321 2015 1407 2051 sedes
1438 2016 1569 2051 fortasse
1602 2019 1710 2054 morbi
1742 2022 1913 2055 inveterati
1949 2047 1956 2056 .
1993 2023 2106 2057 Minor
2139 2025 2174 2057 in

1162 2062 1288 2097 sinistro
1320 2059 1429 2093 cordis
1462 2062 1642 2097 ventriculo
1675 2062 1739 2097 fuit
1777 2064 1935 2108 polyposa
1969 2069 2172 2106 concretio;

1160 2108 1195 2141 in
1238 2105 1373 2138 dextero
1417 2113 1522 2138 autem
1566 2107 1672 2141 multo
1710 2106 1816 2151 major
1853 2135 1862 2148 ‚
1915 2110 1969 2143 cui
2027 2113 2172 2145 concreti

1161 2149 1213 2183 san
1239 2149 1325 2182 uinis
1364 2149 1459 2190 copia
1503 2146 1685 2183 adhaerebat
1708 2175 1715 2182 .
1853 2155 1890 2187 In
1936 2154 2059 2188 Ventre
2107 2157 2175 2189 ani-

1162 2204 1212 2227 ma
1239 2190 1343 2227 versus
1398 2190 1441 2228 est
1496 2192 1589 2227 lienis
1644 2193 1737 2229 color
1792 2194 1830 2231 ad
1884 2195 2018 2233 rubrum
2077 2200 2174 2234 incli-

1161 2246 1256 2271 nans.

1204 2291 1256 2323 40.
1283 2280 1316 2312 Si
1338 2279 1376 2313 de
1401 2279 1471 2314 sede
1501 2281 1626 2325 antiqui
1650 2284 1756 2317 morbi
1782 2308 1792 2323 ,
1827 2287 1982 2322 Valsalvae
2006 2288 2173 2331 conjec‘izu-

1160 2334 1230 2357 ram
1264 2324 1382 2357 merito
1416 2324 1531 2367 probas
1553 2337 1567 2365 ,·
1599 2327 1757 2371 intelligis
1790 2328 1861 2364 sane
1892 2356 1904 2372 ‚
1944 2331 2023 2375 quid
2065 2343 2172 2367 catar-

1161 2367 1261 2400 rhalis
1284 2368 1424 2400 materiae
1448 2369 1578 2401 nomine
1601 2372 1692 2412 aegris
1715 2373 1900 2416 interdum,
1928 2377 2053 2410 utinam
2076 2389 2114 2410 ne
2139 2383 2171 2412 &

1161 2410 1302 2443 Medicis
1326 2411 1516 2453 quibusdam
1541 2436 1553 2452 ‚
1587 2413 1759 2456 imponat.
1785 2417 1844 2451 Sed
1868 2419 1931 2453 hoc
1953 2420 1986 2452 in
2011 2420 2146 2455 transitu
2162 2447 2169 2454 .

1161 2454 1229 2487 I-Iic
1252 2453 1334 2487 illud
1359 2454 1554 2496 potiffimum
1579 2457 1720 2491 attendas
1754 2461 1851 2494 velim
1880 2487 1891 2503 ,
1925 2474 1991 2505 quo
2014 2465 2047 2496 in
2072 2465 2169 2498 latere

1160 2508 1303 2539 pungens
1326 2506 1392 2529 erat
1416 2496 1537 2538 dolor,
1559 2499 1595 2531 in
1618 2511 1655 2532 eo
1678 2513 1806 2546 quoque
1831 2507 2070 2541 inflammatum
2095 2510 2168 2551 pul-

1158 2551 1287 2573 monem
1319 2539 1422 2574 valide
1446 2540 1484 2574 ad
1509 2542 1650 2583 pleuram
1675 2544 1830 2581 adhaeliss'e
1851 2561 1862 2587 ‚-
1896 2549 2133 2586 inflammatum
2158 2576 2167 2591 ,

1157 2584 1318 2627 inquam.
1338 2583 1462 2618 tametfi
1487 2585 1633 2619 Valsalva
1657 2599 1725 2621 earn
1748 2602 1819 2633 quae
1843 2595 1876 2625 in
1900 2592 2056 2635 ejusmodi
2081 2608 2167 2630 mor-

1154 2626 1198 2660 bo
1222 2639 1287 2661 non
1310 2629 1435 2671 prorsus
1457 2627 1623 2671 defuisse,
1648 2632 1847 2676 intelligitur
1869 2660 1882 2677 ,
1914 2638 2055 2679 spirandi
2079 2638 2166 2673 diffi-

1153 2671 1326 2710 cultatem,
1353 2683 1419 2705 non
1440 2671 1528 2711 ,secus
1552 2684 1587 2706 ac
1610 2675 1644 2706 in
1669 2674 1840 2719 sequenti,
1874 2681 1907 2713 in
1932 2681 2063 2725 aliisque
2089 2684 2166 2717 Ob-

1152 2714 1381 2750 servationibus
1404 2715 1526 2751 febrem
1549 2717 1679 2759 omisit,
1702 2731 1776 2754 cum
1789 2723 1926 2758 titulum
1946 2726 1988 2758 iis
2002 2748 2011 2763 ,
2037 2735 2073 2761 ut
2088 2726 2165 2761 huic

1149 2770 1281 2803 quoque
1292 2782 1305 2799 ‚
1330 2759 1537 2803 adscripfisset
1560 2761 1649 2795 illam
1671 2766 1716 2796 De
1737 2765 1922 2801 Pulmom‘a.

1194 2813 1247 2846 41.
1274 2805 1544 2838 MULIEREM
1568 2815 1666 2838 annos
1700 2817 1807 2842 natam
1833 2810 1994 2854 sexaginta
2027 2813 2163 2856 prehen-

1152 2845 1202 2880 dit
1225 2857 1367 2890 pungens
1389 2847 1483 2881 dolor
1515 2849 1548 2880 in
1572 2848 1700 2883 dextera
1733 2851 1877 2887 thoracis
1902 2864 1987 2897 parte
2006 2879 2020 2896 ,
2053 2866 2089 2892 ut
2126 2860 2161 2892 in

1152 2889 1234 2923 hanc
1258 2894 1370 2925 cubare
1394 2891 1483 2924 nullo
1506 2892 1600 2933 paeto
1624 2893 1713 2934 poffit
1729 2920 1737 2928 .
1766 2897 1856 2931 Tuffi
1881 2907 2037 2939 vexatur5
2063 2912 2161 2944 pauca

1151 2934 1300 2977 exspuit:
1324 2933 1454 2968 difficile
1475 2935 1624 2976 quidem,
1651 2937 1701 2971 sed
1723 2950 1788 2972 non
1811 2940 2004 2977 difficillime
2026 2966 2035 2981 ‚
2060 2945 2160 2986 respi-

1149 2987 1199 3011 rat
1222 2989 1230 3009 :
1264 2978 1384 3012 viribus
1406 2977 1448 3010 est
1471 2979 1606 3011 omnino
1638 2981 1801 3022 prostratis
1824 3009 1831 3016 .
1869 2986 2026 3021 Remittit
2051 2988 2159 3028 postea

1149 3020 1279 3061 dolor,
1312 3031 1346 3055 ut
1370 3019 1433 3054 fine
1467 3022 1535 3054 ullo
1558 3023 1665 3057 labore
1687 3024 1873 3061 decumbere
1907 3029 1972 3072 jam
2019 3031 2088 3065 offit
2122 3032 2157 3065 in

1148 3064 1230 3098 latus
1253 3066 1438 3099 dexterum.
1466 3064 1524 3099 Sed
1548 3067 1669 3101 interea
1693 3072 1796 3114 magis
1827 3073 1861 3105 in
1885 3073 1952 3108 dies
2009 3074 2155 3110 efficiente

1147 3108 1238 3151 pulsu
1252 3131 1260 3147 ,
1284 3119 1366 3151 :egra
1389 3119 1513 3151 quoque
1537 3109 1667 3144 deficit.
1805 3117 2046 3152 THORACE
2067 3131 2156 3162 aper-

1149 3161 1209 3192 to,
1232 3162 1362 3200 uterque
1385 3152 1498 3193 pulmo
1533 3151 1699 3190 adhaerens.
1717 3157 1832 3200 pleurae
1866 3160 2030 3195 invenitur
2053 3174 2063 3200 5
2103 3162 2153 3197 sed

1147 3195 1258 3229 dexter
1282 3196 1400 3228 arelius
1425 3219 1433 3227 .
1467 3197 1536 3229 Hic
1560 3206 1650 3232 totus
1670 3223 1683 3241 ,
1717 3203 1749 3234 &
1771 3200 1932 3244 superiore
1970 3204 2151 3248 praesertim

1146 3248 1237 3281 parte
1268 3237 1488 3273 induruerat:
1521 3242 1555 3274 in
1585 3252 1647 3282 qua
1682 3243 1832 3279 abscessus
1865 3256 1932 3280 erat
1955 3269 1966 3286 ,
2000 3260 2065 3290 quo
2099 3250 2152 3283 in-

1144 3282 1214 3316 ciso
1236 3305 1246 3320 ‚
1279 3282 1417 3316 multum
1450 3281 1509 3316 seri
1542 3281 1671 3319 effluxit
1695 3286 1776 3321 fusci
1805 3289 1923 3323 coloris
1959 3315 1965 3321 .
2011 3292 2087 3325 Hoc
2120 3295 2151 3325 i-

1144 3325 1204 3368 pso
1225 3326 1334 3359 colore
1359 3326 1505 3367 proxima
1529 3338 1656 3371 quoque
1685 3331 1846 3373 pulmonis
1872 3332 2041 3368 substantia
2065 3334 2151 3369 infe-

1145 3369 1196 3404 cta
1220 3379 1288 3403 erat
1304 3393 1313 3407 ,
1337 3371 1368 3401 &
1393 3368 1539 3411 sphacelo
1561 3373 1802 3414 quodam-modo
1824 3387 1971 3419 correpta
1985 3403 1993 3410 .
2019 3378 2150 3412 Sinister

1145 3413 1281 3454 pulmo,
1303 3423 1366 3446 non
1390 3421 1425 3445 ut
1447 3412 1559 3447 dexter
1581 3426 1620 3448 ex
1644 3428 1730 3454 uno,
1755 3417 1805 3452 sed
1830 3419 1974 3461 pluribus
1998 3431 2036 3454 ex
2060 3422 2146 3456 lobis

1145 3457 1289 3491 constans
1308 3480 1322 3497 ,
1351 3467 1414 3498 qua
1436 3455 1567 3491 dorsum
1590 3457 1749 3501 spectabat
1772 3483 1784 3499 ,
1814 3463 1930 3497 leviter
1961 3463 2149 3499 inflamma-

1145 3508 1197 3534 tus
1215 3525 1228 3542 ,
1260 3509 1390 3541 totaque
1412 3501 1531 3535 extima
1563 3502 1724 3544 superficie
1755 3505 1875 3549 reliqua
1905 3509 2007 3550 nigris
2028 3508 2083 3542 hic
2107 3510 2152 3542 il-

1146 3542 1190 3578 lic
1222 3544 1355 3579 maculis
1396 3552 1461 3576 erat
1497 3544 1663 3580 distinftus
1698 3572 1706 3579 .
1749 3547 1790 3582 In
1823 3550 2005 3592 pericardio
2045 3553 2149 3588 multa

2004 3606 2106 3639 aqua.
2153 3608 2157 3618 ¹·

1356 3757 1370 3786 (
1385 3757 1395 3780 n·
1411 3758 1426 3787 )
1442 3759 1496 3785 Vid.
1515 3760 1591 3790 Epist.
1606 3768 1646 3790 45.
1664 3766 1686 3783 n.
1704 3762 1742 3784 16.
