2498 4075
400 185 550 254 Epist.
588 189 750 242 Anat.
786 185 996 241 Medica
1030 189 1098 241 V.

87 263 226 305 tui-igine
249 263 430 299 faciendum
453 264 519 305 est,
541 275 636 306 quam
659 264 693 295 in
705 264 868 307 proposita
882 265 1016 298 Sartoris
1025 264 1085 297 ob-

72 307 259 344 servatione
282 305 449 352 descripsi.
474 309 527 341 Ex
559 306 764 349 pulmonibus
795 309 879 341 intra
913 309 1085 341 calvariam

86 349 176 386 suiffc
200 352 405 392 translatam,
430 350 621 392 suspicarer,
645 349 666 382 si
690 350 782 388 illos,
809 360 845 384 ut
867 353 1026 393 graviores
1037 355 1087 384 in-

86 395 159 427 veni
173 416 185 433 ,
207 395 253 426 ita
267 393 398 437 usquam
409 393 496 428 laesos
508 391 777 436 deprehendissem
792 394 1086 437 :quemadmodum

85 449 125 471 ex
145 436 280 469 calvaria
296 438 332 470 ad
346 440 443 471 urinae
454 438 518 469 vias
534 435 741 470 transveeiam
754 436 810 470 esse
821 437 1006 482 aliquando,
1016 450 1089 472 cum

85 493 124 514 ex
147 481 238 518 aliis,
262 490 331 514 tum
353 494 392 515 ex
402 478 670 522 eovideturquod
682 480 961 524 VirC1.Hipp01.
977 483 1086 515 Franc.

118 524 274 557 lbertiuus
297 536 312 556 a
336 524 364 558 se
386 525 418 556 in
444 523 591 556 Tonsore
623 522 875 558 animadversum
907 525 1052 558 narrabat
1075 548 1084 557 .

122 578 192 600 uem
215 578 254 600 ex
277 567 371 610 longa
394 565 452 599 sub
473 565 536 601 sole
559 576 649 598 mora
672 576 745 599 cum
755 566 851 599 dolor
865 568 1085 611 capitis,sen-

84 610 193 654 susque
217 609 364 653 ponderis
387 610 420 641 in
443 611 562 642 vertice
576 607 898 649 ,febris,delirium‚
917 622 1083 645 nervorum

82 653 286 688 distentiones
299 678 311 694 ,
333 651 494 694 lethargus
507 678 515 693 ‚
527 652 678 685 resolutio
688 652 824 696 denique
835 653 1064 696 prehendissent
1075 680 1089 697 ‚

82 699 246 739 repentina
269 698 434 730 urinarum
458 696 739 738 copialiberavit,
762 698 795 729 in
811 698 927 740 quibus
969 710 1003 731 us
1016 697 1087 731 sub-

83 740 200 775 fidebat
219 753 227 772 .·
249 743 281 773 &
304 750 404 773 annos
427 740 555 781 quidem
579 739 705 781 aliquot
728 741 833 782 capite
856 741 936 774 male
974 741 1085 782 abuit,

83 784 134 818 sed
158 793 285 823 tamen,
303 793 376 816 curn
396 781 464 815 liaec
485 782 786 817 niihinarrabantur
800 807 809 823 ,
834 784 922 818 sanus
936 784 1082 817 vivebat.

83 826 201 864 Quid?
221 826 310 868 quod
335 837 374 859 ex
396 825 470 872 ipsis
495 825 699 868 pulmonibus
722 827 755 859 in
777 827 939 861 cerebrum
961 831 1023 866 (ut
1050 829 1084 861 in

79 874 207 905 Sartore
230 881 278 903 me
303 869 372 903 dixi
397 868 489 902 {uisse
510 868 752 912 conjecturum)
776 879 876 905 autex
888 871 993 912 pleni-a
1004 882 1084 914 quo-

79 926 139 957 que
163 924 220 955 pus
243 913 392 951 traduci,
409 923 471 949 ,nec
497 915 637 947 Duretus
659 912 842 954 dubitavit,
866 916 898 946 δε
933 915 1053 947 Paraeus
1071 935 1083 952 ,

80 966 116 993 ut
137 955 290 998 videtur,
312 956 456 996 invenit,
478 955 571 990 sicuti
595 955 691 991 habes
715 958 750 990 in
772 953 980 999 Sepulchreto
999 954 1082 999 (f).

124 1010 172 1042 14.
192 999 252 1033 Sed
276 1009 390 1042 praeter
413 1010 473 1042 pus.
496 1000 527 1031 in
539 999 668 1033 cerebro
682 1001 849 1042 genitum,
865 1008 917 1033 aut
932 998 1084 1042 adipsum

78 1043 294 1083 translatum,
315 1041 399 1085 posse
423 1043 585 1077 interdum
612 1043 688 1077 alias
709 1043 837 1083 causas,
860 1044 965 1077 minus
978 1043 1081 1077 adhuc

77 1085 329 1127 animadversas,
350 1087 549 1129 apoplexiam
572 1086 697 1126 facere,
721 1095 775 1119 aut
800 1086 949 1127 adipsam
962 1085 1083 1120 facien-

74 1131 150 1164 dam
175 1131 341 1163 convenire
356 1152 364 1166 ‚
388 1141 453 1163 non
475 1130 550 1164 levis
573 1129 654 1162 mihi
677 1129 816 1171 suspicio
839 1129 881 1163 est
903 1142 941 1163 ex
951 1130 994 1163 iis-
1007 1140 1083 1173 quas

66 1174 139 1207 stibi
152 1176 300 1216 protinus
313 1171 738 1215 subjiciam,disl‘e5tionibus
752 1198 758 1205 .
776 1173 923 1216 Qarum
934 1174 1082 1215 primam,

68 1219 220 1261 iquamvis
244 1228 308 1249 non
331 1218 480 1259 proelente
504 1228 554 1249 me
577 1215 721 1249 habitam
736 1238 746 1253 ‚
771 1227 836 1250 non
859 1216 944 1251 secus
977 1227 1082 1251 tamen

74 1271 277 1304 proponam,
302 1271 336 1292 ac
359 1258 383 1293 fi
406 1259 471 1302 ipse
494 1257 686 1293 habuissem.
710 1260 860 1304 Namque
887 1260 992 1293 aderat
1016 1261 1084 1294 Ni·

74 1305 184 1337 colaus
209 1302 369 1337 Mediavia
396 1302 561 1336 Profestor
583 1300 733 1336 Publicus
750 1327 762 1343 ,
785 1306 817 1338 ὃς
838 1316 877 1336 ex
900 1305 995 1336 Sacro
1019 1303 1081 1337 hoc

74 1345 350 1389 Philosophorum
374 1358 407 1380 ac
432 1345 638 1380 Medicorum
660 1346 815 1389 Collegio
836 1346 964 1381 1)οᾶοτ
987 1348 1083 1379 meri-

73 1391 229 1431 tiffimuS,
251 1391 304 1425 cui
328 1401 392 1422 non
415 1390 522 1436 minus
543 1401 637 1432 quam
660 1389 763 1428 mihi,
785 1388 878 1422 credo
899 1388 942 1435 ob
964 1389 1083 1432 specta-

73 1443 142 1467 tam
167 1433 486 1477 duodequadraginta,
509 1444 574 1474 Jam
597 1443 694 1465 annos
721 1444 760 1466 ex
781 1445 848 1475 quo
870 1433 974 1474 ipsum
988 1434 1022 1466 in
1035 1434 1082 1467 Re

74 1478 272 1512 Anatomica
296 1487 435 1521 exercere
458 1477 567 1518 coepi,
590 1473 684 1508 fidem
697 1499 711 1516 ,
733 1487 766 1509 ac
777 1475 983 1519 diligentiam
992 1478 1083 1518 ,pari

70 1533 146 1555 cum
159 1521 332 1554 assiduitate
342 1520 545 1561 conjuntftam
560 1531 569 1556 3
582 1526 616 1552 ut
625 1529 788 1562 quotquot
802 1519 863 1552 hoc
874 1521 988 1559 omni,
998 1519 1084 1562 quod

70 1565 141 1599 dixi
163 1586 172 1602 ‚
204 1573 347 1606 tempore
373 1562 491 1594 Patavii
518 1561 615 1595 habui
646 1560 872 1603 disseffioncs,
897 1573 960 1596 non
985 1563 1083 1596 modo

70 1609 196 1642 cunetis
219 1606 314 1639 ferme
338 1604 546 1645 interfuerit,
569 1603 621 1638 sed
644 1606 744 1638 etiam
765 1605 844 1648 saepe
866 1605 1087 1640 administran-

70 1652 115 1685 do
128 1677 138 1691 ‚
163 1652 346 1693 plerumque
357 1647 570 1688 consecando,
593 1647 785 1682 laudabilem
798 1660 943 1691 operam,
965 1661 1001 1684 ac
1015 1661 1086 1693 per-

72 1697 154 1729 utile
176 1693 334 1727 auxilium
359 1692 530 1734 praebuerit
551 1715 559 1722 .
596 1692 665 1726 Hic
689 1693 791 1734 igitur
813 1692 971 1735 quendam
990 1715 1000 1731 ,
1032 1694 1085 1726 cui

71 1741 105 1771 in
131 1736 286 1770 Patavino
307 1735 516 1768 Nosocomio
536 1736 705 1776 aegrotanti
731 1735 798 1779 ipse
819 1747 856 1769 ex
879 1736 992 1770 officio
1011 1737 1083 1770 Me-

70 1781 163 1815 dicus
187 1779 314 1819 suerat,
336 1789 410 1812 cum
434 1787 598 1811 mortuum
623 1777 750 1819 incidi,
788 1779 816 1813 se
847 1779 1042 1822 inspectante
1067 1803 1080 1821 ,

69 1823 216 1868 juliisset‚
241 1821 353 1861 eodem
376 1822 429 1854 die
443 1845 455 1862 ,
477 1822 533 1864 qui
556 1821 623 1855 dies
645 1821 710 1856 fuit
734 1823 792 1856 ΙΧ.
807 1823 881 1857 Kal.
894 1823 1023 1866 Apriles
1034 1824 1076 1857 A.

75 1879 192 1911 ¹740·³
218 1877 282 1899 rem
307 1865 389 1898 mihi
414 1866 447 1897 in
471 1863 556 1898 hunc
580 1865 715 1899 modum
737 1865 906 1907 exposuit.

119 1922 168 1951 ις.
194 1910 379 1949 SENEM,
398 1909 453 1951 qui
474 1920 513 1942 ex
523 1909 624 1943 cruris
635 1909 913 1943 ulcerelaborabat
923 1933 936 1951 ,
956 1919 1080 1954 repente

74 1955 195 1996 capitis
215 1953 310 1985 dolor
334 1950 520 1994 prehendit.
546 1953 633 1984 Cum
660 1951 790 1985 cerebro
813 1952 938 1996 aliquid
973 1953 1085 1988 instare

72 1997 210 2040 periculi
227 1994 410 2034 videretur,
433 2007 472 2028 eo
494 1994 601 2029 statim
623 2006 713 2029 mane
739 1994 864 2039 sanguis
888 1997 929 2030 est
953 1997 1081 2031 missus.

68 2040 303 2076 Nihilominus
326 2038 405 2072 hora
429 2037 598 2085 vige-iiim,
621 2040 743 2082 ingruit
768 2041 938 2083 apoplexia
963 2064 978 2082 ,
1009 2053 1084 2075 cum

71 2083 274 2118 dexterorum
299 2091 426 2116 artuum
450 2083 644 2123 resolutione
664 2108 672 2116 .
697 2084 785 2118 Huic
808 2083 963 2118 resolutio
974 2084 1076 2119 acces·

69 2126 110 2161 fit
133 2128 327 2161 inferiorum
351 2127 498 2161 omnium
522 2128 689 2168 partium,
709 2130 742 2161 &
766 2128 850 2159 intra
874 2138 989 2169 paucos
1012 2128 1079 2161 dies

68 2182 156 2205 mors
170 2197 179 2203 .
316 2170 561 2203 CALVARIA
587 2170 729 2210 exsecta,
753 2171 864 2203 arteria
876 2170 1079 2214 illainquam

70 2214 238 2249 confluunt
259 2213 484 2252 Vertebrales,
502 2215 532 2245 ἃ
555 2224 625 2255 quae
649 2214 740 2255 super
769 2212 934 2246 Callosum
963 2225 1080 2256 corpus

69 2258 155 2291 reRa
177 2257 363 2296 ducuntur,
386 2254 536 2297 sanguine
559 2264 645 2288 erant
669 2255 825 2298 turgidae5
861 2256 980 2300 reliqua
1012 2257 1083 2290 vasa

74 2311 142 2334 non
165 2301 264 2333 item.
290 2301 327 2332 In
351 2297 531 2331 ventriculo
553 2309 689 2340 utroque
714 2298 852 2331 Laterali
888 2310 952 2332 non
984 2311 1082 2342 pauca

73 2355 174 2388 aqua,
198 2346 229 2376 &
253 2341 363 2384 plexus
385 2340 568 2375 Choroides
593 2342 704 2383 pallidi
724 2365 731 2373 .
757 2343 887 2384 Septum
921 2342 1080 2380 Lucidum

72 2389 211 2420 anterius
234 2384 437 2427 disruptum.
462 2383 520 2416 Sed
544 2384 632 2426 quod
656 2385 793 2417 maxime
815 2385 848 2417 in
881 2385 994 2419 oculos
1028 2388 1079 2420 in-

70 2432 192 2469 currit,
217 2430 324 2462 omnis
348 2426 533 2460 medullaris
557 2426 724 2460 substantia
749 2426 967 2470 liemispliaerii
999 2429 1077 2465 dex-

71 2475 131 2508 teri
155 2472 244 2508 valde
268 2470 352 2505 fusca
373 2479 465 2508 erat3
487 2480 550 2502 non
573 2468 706 2504 sinistri.

117 2520 164 2549 16.
189 2517 269 2549 Haec
285 2514 429 2548 audienti·
441 2512 522 2546 mihi
534 2537 546 2553 ,
557 2512 765 2547 confestimin
775 2524 913 2549 mentem
923 2516 1011 2549 venit
1024 2518 1079 2550 Sa-

69 2559 210 2594 cerdotis
230 2555 441 2597 Veronensis,
462 2557 586 2605 inquo
609 2557 775 2600 apoplexia
800 2569 924 2601 repente
934 2558 1077 2598 sublato,

70 2613 194 2641 totam,
218 2610 255 2635 ut
278 2602 355 2635 alias
377 2599 415 2634 ad
438 2608 468 2632 te
492 2599 599 2642 icripfi
622 2604 710 2643 (g),
735 2600 937 2636 medullarem
959 2604 1080 2636 cerebri

70 2647 275 2682 substantiam
298 2643 420 2679 fuscam
443 2642 561 2677 saetam
584 2643 753 2676 adnotavi.
790 2644 962 2689 Quidquid
997 2647 1078 2680 illud

72 2691 137 2731 est,·
158 2688 247 2733 quod
259 2688 441 2731 sanguinem
453 2697 516 2720 non
528 2686 631 2720 videri
644 2709 653 2724 ,
676 2697 751 2722 tunc
769 2690 905 2728 monui,
929 2689 1010 2724 unde
1023 2690 1077 2723 illa

64 2732 208 2768 vcandida
232 2731 400 2766 substantia
422 2729 586 2770 inficitur,
610 2741 685 2768 num
709 2733 793 2764 inter
815 2733 991 2775 apoplexiae
1002 2744 1079 2767 cau-

72 2779 119 2812 sas
141 2788 204 2810 non
228 2775 269 2808 est
293 2772 534 2819 reponendum?
558 2775 648 2807 Nam
671 2774 725 2808 etsi
748 2776 782 2808 in
805 2773 868 2808 hoc
901 2777 1003 2817 Sene,
1026 2778 1079 2810 cui

73 2821 177 2864 prima
201 2818 351 2852 resolutio
374 2830 390 2851 a
415 2817 535 2851 dextris
560 2816 648 2858 fuit,
669 2820 703 2851 in
726 2817 837 2851 eodem
859 2819 978 2852 cerebri
1003 2821 1081 2853 late-

73 2876 106 2898 re
132 2861 342 2896 animadversa
364 2861 406 2895 est
429 2860 626 2897 infuscant),
650 2872 713 2894 non
737 2863 772 2894 in
795 2862 946 2903 opposito
969 2875 980 2901 ς
1021 2863 1080 2896 scis

72 2917 193 2942 tamen,
207 2904 359 2939 Valsalvae
371 2904 550 2939 dotti-mam
563 2904 626 2937 fere
636 2905 668 2937 in
681 2903 844 2943 omnibus;
856 2916 919 2938 non
929 2907 962 2939 in
973 2908 1082 2940 omni-

75 2951 135 2985 bus
148 2947 352 2991 3respondere
362 2948 420 2990 (h)⁴
434 2947 493 2981 Sed
508 2959 561 2989 age
574 2971 586 2988 ,
599 2948 635 2980 ad
651 2949 754 2981 minus
765 2947 895 2986 obscura
907 2951 1080 2984 veniamus.

124 3004 174 3037 17.
195 2992 412 3026 AETHIOPS
433 3000 500 3024 erat
526 2992 671 3024 Venetiis
696 3002 793 3037 annos
817 2990 854 3024 ad
879 2992 1013 3035 triginta
1024 3005 1080 3026 na-

75 3046 154 3077 tus,
179 3033 330 3074 torosus,
363 3037 394 3068 &
417 3034 494 3067 bene
517 3034 645 3075 valens,
669 3035 725 3067 nisi
758 3034 846 3077 quod
877 3036 920 3068 iis
952 3037 1078 3071 ultimis

76 3078 236 3115 mensibus
259 3076 362 3111 fastus
385 3087 451 3110 erat
475 3078 635 3111 obnoxius
658 3078 805 3119 languori
815 3077 945 3112 cuidam
956 3083 1078 3114 ventri-

77 3124 166 3163 culi,
189 3123 251 3155 levi
276 3132 349 3154 cum
375 3120 486 3154 sudore
509 3120 708 3163 conjuncto,
730 3121 787 3165 qui
811 3131 915 3154 tamen
942 3123 1076 3162 lanzuor

77 3168 155 3201 cibo
180 3165 310 3207 sumpto
333 3163 426 3197 illico
450 3164 644 3198 tollebatur.
670 3167 701 3198 Is
724 3176 798 3198 curn
821 3167 903 3198 cii-ca
937 3162 1080 3202 medium

78 3209 283 3251 ‘Qiindtilem
295 3209 337 3240 A.
346 3208 437 3249 1708,
449 3207 594 3241 hilariter
604 3219 677 3241 cum
689 3209 818 3242 Amicis
830 3208 1081 3253 veri'aretur,jen-

78 3253 189 3288 taculo
203 3263 298 3292 ;nam
311 3250 507 3287 matutinum
517 3261 582 3283 erat
599 3262 722 3294 tempus
737 3251 821 3295 3jam
834 3252 927 3292 usus,
937 3254 971 3286 in
982 3266 1079 3297 eoque

78 3296 155 3332 esset
166 3319 175 3335 ,
194 3304 230 3329 ut
240 3294 322 3329 stans
335 3317 349 3334 ,
360 3292 436 3327 tuba
447 3317 459 3333 ,
471 3293 561 3327 sicuti
580 3293 681 3328 facere
693 3294 812 3329 solebat
823 3319 835 3337 ,
857 3296 1015 3339 cumipfis
1028 3309 1080 3331 ca-

79 3349 188 3377 neret,
212 3337 323 3371 sensim
336 3363 343 3377 ,
358 3337 502 3380 lenteque
513 3337 590 3370 adeo
602 3338 773 3372 retrorsum
783 3338 901 3372 cecidit
914 3363 922 3378 ‚
938 3349 973 3373 ut
983 3341 1081 3374 Ami-

79 3385 109 3417 ci
134 3382 255 3417 factum
279 3380 314 3415 id
338 3378 465 3415 ludendi
481 3382 580 3423 gratia
592 3379 719 3415 fuissent
731 3381 824 3416 facile
835 3382 1016 3424 credituri,
1031 3386 1082 3418 ni-

82 3427 104 3461 fi
129 3429 212 3459 inter
235 3424 432 3460 cadendum,
455 3432 604 3458 tremores
615 3424 768 3468 quosdam
780 3428 882 3460 totius
894 3429 1083 3461 truncicor-

82 3471 173 3513 poris
199 3465 512 3502 animadvertissent.
535 3468 646 3502 Homo
671 3477 775 3502 autem
797 3471 909 3503 eodem
933 3482 999 3512 quo
1031 3482 1082 3504 ca.

35 3527 41 3536 x
80 3513 176 3547 debat
190 3536 203 3554 ,
228 3512 349 3555 ρυῃξὶο
360 3510 566 3556 tenip01·isest
578 3521 744 3558 mortuus.
869 3513 1080 3548 SECANTI

80 3566 118 3590 ut
141 3554 297 3595 adessem,
322 3566 337 3586 a
363 3566 433 3590 me⁷
456 3563 491 3588 ut
515 3554 629 3588 solitus
647 3565 736 3596 erat,
760 3557 856 3599 petiit
867 3557 920 3589 Cl.
935 3558 1083 3591 Santori-

79 3611 157 3634 nus.
182 3601 273 3633 Hora
297 3606 361 3630 erat
385 3610 401 3630 a
427 3607 531 3630 morte
555 3598 1079 3634 cii-citerduodecima.Cadaveris

81 3642 257 3686 superiores
281 3651 368 3674 artatis
391 3640 591 3678 subrigidos,
614 3641 754 3679 collum,
781 3651 931 3686 tanquam
945 3643 1086 3677 restitan-

80 3694 112 3718 te
125 3686 286 3729 sanguine,
298 3685 420 3726 nigrius
433 3684 556 3727 reliquo
566 3695 699 3725 corpore
712 3707 720 3722 ‚
732 3686 842 3720 oculos
852 3685 938 3729 quasi
948 3688 1087 3721 viventis

170 3730 333 3770 Morgagm'
343 3729 378 3761 de
387 3728 453 3761 Sed.
466 3728 509 3761 Θ
519 3726 607 3769 Caus.
619 3727 720 3761 Morb.
733 3730 832 3763 Tom.
848 3733 874 3763 1.

1131 185 1249 237 Art.
1287 200 1360 250 ¹4·
1383 201 1456 247 ις.
1481 189 1550 238 16.
1573 205 1643 249 17.
1664 189 1719 240 ὁ(
1741 188 1812 240 18.
2004 206 2063 256 4¹

1137 260 1415 296 animadvertimus
1427 282 1437 296 b
1565 265 1603 296 In
1615 264 1735 296 Ventre
1747 287 1760 304 ,
1780 263 1802 300 sl
1823 273 1988 299 omentum
1998 267 2139 309 excipias

1135 306 1232 339 nimis
1255 304 1372 345 breve,
1393 304 1518 349 hepatis
1539 305 1735 348 crepidinem
1758 307 2068 350 ipsamlivescentern
2080 313 2134 349 ,ἅς

1135 350 1228 382 lienis
1250 348 1461 382 membranam
1484 351 1516 382 in
1538 355 1678 393 connexa
1699 347 1780 383 facie
1802 360 1890 384 certo
1912 350 2049 394 quodam
2063 352 2137 386 loco

1134 390 1219 436 quasi
1242 390 1423 425 tendineam
1446 392 1562 426 saritam
1573 415 1585 432 ,
1606 403 1706 434 eoque
1729 393 1941 434 albicantem,
1966 397 2076 427 omnia
2090 396 2134 428 se-

1138 434 1278 469 cundum
1300 443 1446 468 naturam
1458 446 1665 478 apparuerunt
1684 459 1691 466 .
1716 437 1827 479 Itaque
1841 437 1925 471 nihil
1938 440 2039 479 magis
2051 448 2131 472 ocu-

1138 480 1186 511 los
1210 486 1369 511 moratum
1393 478 1434 512 est
1457 478 1603 519 nostros,
1624 489 1720 520 quain
1742 479 1812 512 vasa
1836 481 1951 515 Lactea
1961 478 2136 524 quamplu-

1137 523 1231 560 rima,
1243 520 1343 562 chylo
1351 519 1497 562 distenta,
1509 525 1541 555 ὃς
1550 521 1762 559 nodosa‚hinc
1772 523 1884 557 multis
1897 523 2054 558 radicibus
2065 526 2133 558 Te-

1136 566 1211 599 nuia
1233 562 1380 596 intestina
1402 563 1500 597 ferme
1511 565 1605 609 usque
1624 564 1665 598 ad
1683 565 2136 608 oppositamipsimesenterio

1133 617 1257 651 partem
1267 608 1597 649 complestentia,inde
1609 618 1682 641 vero
1694 607 1787 651 hujus
1796 618 1939 642 centrum
1950 609 2051 643 versus
2060 622 2136 644 con-

1139 651 1298 684 tendentia
1310 672 1320 688 ‚
1342 651 1376 683 in
1386 662 1452 694 quo
1465 651 1648 693 praelongae,
1658 662 1839 695 magnaeque
1850 651 2006 695 glandulae
2020 654 2136 694 speeta-

1138 695 1256 728 bantur
1272 718 1281 726 .
1406 694 1589 728 Thoracem
1602 694 1992 737 reclusuri,cartilaginum
2003 707 2073 738 quae
2083 707 2138 728 co·

1136 738 1193 771 stas
1205 749 1279 772 cum
1291 736 1392 770 sterno
1403 736 1831 780 conjungunt,insolitam‚ea
1844 737 2018 781 praesertim
2030 747 2138 779 aetate,

1136 780 1288 814 duritiem
1300 781 1407 814 mirati
1420 780 1524 814 sumus
1537 807 1543 813 .
1557 780 1728 814 Pulmones
1739 783 1875 815 omnino
1886 781 1951 815 sani
1962 805 1977 822 ,
1990 782 2134 825 quamvis

1134 825 1254 857 dexteri
1269 825 1350 858 latus
1361 824 1476 857 alicubi
1487 847 1499 864 ,
1524 823 1638 857 sinistri
1659 834 1731 857 vero
1752 824 1893 866 suprema
1916 835 1988 866 pars
2008 834 2078 858 tota
2097 823 2136 857 ad

1135 867 1275 909 pleuram
1283 879 1336 910 per
1346 868 1540 900 membranea
1549 866 1675 900 vincula
1685 868 1983 905 annecteretunintu
1990 867 2062 912 sque
2072 879 2139 901 am-

1133 911 1175 943 bo
1186 911 1282 954 paulo
1292 911 1363 954 plus
1374 910 1431 944 seri
1442 922 1536 953 quam
1548 909 1891 949 soleant,continerent.
1907 914 1945 945 In
1959 910 2137 953 pericardio

1136 965 1266 997 quoque
1289 966 1376 997 aqua:
1391 953 1581 988 subturbidae
1596 955 1691 995 copia
1702 966 1795 997 aequo
1809 954 1927 998 major.
1947 957 2017 988 Cor
2028 963 2136 988 tamen

1135 997 1273 1030 naturali
1286 997 1486 1031 firmitudine
1499 1009 1508 1029 .-
1519 999 1553 1030 in
1566 995 1692 1038 ejusque
1705 996 1854 1031 thalamis
1867 997 1991 1041 sanguis
2004 997 2137 1039 fluidus,

1133 1040 1236 1083 qualis
1247 1041 1279 1072 in
1290 1041 1408 1083 Magna
1420 1041 1515 1074 etiam
1532 1041 1644 1072 arteria
1658 1062 1670 1079 ,
1681 1041 1757 1073 &in
1773 1041 1957 1074 Pulmonari
1980 1042 2137 1083 praecipue

1135 1084 1281 1117 inventus
1299 1083 1340 1116 est
1353 1109 1360 1116 .
1383 1085 1439 1116 Per
1461 1084 1549 1117 illius
1567 1091 1729 1115 externam
1739 1081 1853 1117 faciem
1874 1084 2049 1117 inthorace
2061 1092 2137 1117 toto

1134 1126 1309 1169 sanguifera
1322 1125 1445 1160 vascula
1459 1127 1594 1159 maxime
1606 1124 1789 1168 conspicua.
1895 1127 2034 1159 Cerebro
2046 1126 2141 1160 deni-

1134 1181 1194 1212 que
1205 1170 1338 1210 retec‘to,
1349 1168 1406 1203 sub
1419 1171 1525 1203 Tenui
1536 1171 1681 1210 meninge
1693 1179 1773 1211 aqua
1785 1170 2027 1212 apparuit:quin
2038 1171 2136 1205 etiam

1133 1214 1167 1245 in
1182 1212 1380 1247 Lateralibus
1391 1213 1592 1253 ventriculis,
1603 1214 1635 1251 ὃς
1646 1213 1680 1244 in
1690 1210 1817 1245 sinistro
1829 1212 2002 1255 praesertim
2015 1236 2027 1253 ,
2050 1224 2137 1257 aquae

1133 1255 1199 1289 fuit
1212 1257 1390 1299 plusquam
1404 1255 1574 1291 secundum
1587 1264 1732 1288 naturam
1757 1256 1835 1289 solet
1850 1268 1861 1288 .·
1881 1255 2065 1290 Choroides
2091 1266 2140 1289 ta-

1131 1310 1203 1332 men
1214 1300 1325 1342 plexus
1338 1299 1508 1333 suocolore
1519 1323 1531 1339 ‚
1557 1302 1589 1332 &
1611 1296 1672 1331 fine
1692 1297 1904 1341 hydam-idibus
1920 1298 2140 1340 conspicieba-

1133 1351 1205 1375 tur:
1219 1343 1445 1387 cerebrumque
1458 1342 1562 1385 ipsum
1574 1340 1655 1384 justa
1665 1351 1730 1375 erat
1744 1341 1942 1377 firmitudine
1956 1369 1964 1377 .
1988 1343 2070 1376 Vasa
2083 1354 2140 1377 au·-

1134 1388 1219 1419 temi
1246 1386 1305 1420 sius
1317 1389 1371 1426 ,&
1386 1387 1499 1426 Sinus,
1511 1386 1615 1418 inania
1630 1386 1737 1427 potius
1749 1409 1762 1426 ,
1782 1399 1880 1430 quam
1905 1388 1995 1429 plena
2008 1409 2016 1423 ‚
2039 1386 2139 1429 quid-

1135 1428 1211 1472 quid
1251 1430 1383 1463 abebant
1395 1430 1575 1471 sanguinis,
1600 1428 1661 1461 sine
1676 1430 1739 1462 ulla
1752 1430 2138 1464 velminimaconcretio-

1134 1484 1172 1505 ne
1186 1471 1340 1506 habebant
1348 1484 1363 1513 ;
1373 1483 1408 1506 ut
1420 1475 1452 1505 iu
1470 1482 1541 1505 toto
1552 1472 1614 1506 hoc
1625 1471 1774 1506 cadavere
1787 1473 1941 1516 nusquam
1952 1473 2141 1515 sanguinem

1134 1515 1194 1549 nisi
1205 1516 1339 1551 fluidum
1352 1514 1576 1551 offenderimus
1589 1539 1596 1546 -
1624 1514 1685 1548 Sed
1695 1515 1847 1559 nusquam
1860 1542 1869 1556 ,
1893 1515 1951 1550 nisi
1968 1518 2053 1550 intra
2069 1528 2141 1549 cra-

1134 1561 1223 1593 nium
1232 1560 1288 1600 ,id
1298 1560 1458 1600 vidimus,
1469 1558 1558 1600 cujus
1570 1557 1765 1601 potiffimum
1775 1559 1864 1593 causa
1874 1558 1955 1594 hanc
1966 1561 2028 1593 tibi
2042 1558 2143 1594 histo-

1133 1602 1463 1638 riamdescribendam
1474 1602 1611 1644 suscepi.
1636 1601 1766 1635 Scilicet
1779 1602 1957 1645 sanguifera
1980 1602 2048 1636 vasa
2070 1615 2143 1646 quae

1136 1649 1168 1681 δε
1193 1647 1225 1680 in
1249 1647 1406 1690 superiore
1429 1644 1611 1680 disseffione
1634 1655 1809 1680 memorata
1833 1647 1923 1686 sunt,
1949 1647 2041 1690 supra
2065 1647 2143 1681 Cal-

1136 1689 1240 1724 losum
1263 1701 1381 1733 corpus.
1400 1688 1545 1724 traducfta
1555 1713 1567 1730 ,
1591 1699 1657 1721 aere
1678 1700 1751 1723 cum
1761 1701 1864 1733 pauco
1880 1689 1947 1725 sero
1962 1690 2142 1725 intermisto

1135 1733 1268 1767 distenta
1290 1742 1398 1767 erant.
1426 1734 1476 1766 Sic
1500 1733 1556 1765 illa
1579 1743 1707 1776 quoque
1730 1736 1872 1775 arteria,
1898 1746 1970 1779 quae
1995 1746 2049 1778 pei·
2082 1734 2145 1769 ba·-

1132 1776 1189 1811 sim
1212 1776 1342 1810 ducitur
1366 1776 1513 1810 medullae
1537 1776 1734 1819 Oblongatae
1758 1777 2043 1813 exconfluentibus
2059 1780 2144 1812 Ver-

1131 1820 1303 1854 tebralibus
1326 1830 1418 1861 orta,
1442 1824 1474 1853 δε
1498 1820 1558 1852 alia
1584 1830 1732 1863 praeterea
1756 1832 1810 1864 per
1834 1821 2026 1864 superiorem
2058 1833 2145 1856 cere-

1131 1863 1181 1897 bri
1205 1863 1401 1907 superficiem
1425 1864 1492 1898 vasa
1505 1863 1543 1896 ab
1556 1863 1678 1897 incluso
1690 1875 1757 1898 aere
1773 1864 1906 1899 distenta
1920 1865 2118 1909 pellucebant
2131 1892 2140 1900 .

1179 1908 1227 1941 18.
1241 1907 1309 1942 Etsi
1322 1907 1416 1950 hujus
1427 1916 1493 1941 tam
1507 1908 1677 1950 repentinae
1688 1909 1802 1943 mortis
1815 1908 1912 1943 causae
1926 1911 1993 1943 aliae
2008 1911 2144 1945 minime

1134 1952 1218 1985 intra
1229 1953 1374 1985 cranium
1385 1951 1552 1984 videantur
1562 1950 1693 1986 defuisse
1706 1976 1719 1992 ,
1743 1952 1765 1985 si
1779 1965 1813 1986 ea
1827 1952 1970 1997 placeant
1984 1966 2055 1998 quae
2068 1964 2144 1997 pro-

1133 1998 1220 2028 xima
1235 1995 1377 2038 Epistola
1395 1993 1556 2037 propofita
1568 1994 1663 2034 sunt,
1686 1996 1864 2031 tamenfive
1877 1997 1947 2032 illas
1958 2009 2024 2032 non
2034 2001 2144 2032 omni-

1134 2050 1176 2072 no
1187 2039 1295 2072 credas
1305 2039 1358 2072 hic
1371 2038 1566 2079 satisfacere,
1584 2038 1645 2071 five
1669 2038 1749 2073 hanc
1770 2041 1929 2084 praecipue
1975 2042 2143 2077 ostremam

1133 2092 1248 2124 putes,
1271 2083 1518 2125 quandocunque
1529 2085 1689 2121 occurrit,
1712 2081 1769 2118 effe
1787 2084 1939 2119 attenden
1964 2098 2037 2125 am;
2061 2086 2142 2130 quid

1132 2124 1170 2172 de
1181 2125 1245 2168 ipsa
1259 2125 1422 2166 censeam,
1443 2126 1492 2158 vel
1503 2127 1612 2167 potius
1627 2126 1826 2169 conjiciam,
1847 2129 1888 2162 iis
1912 2128 2060 2172 spectatis
2072 2142 2144 2174 quae

1132 2171 1292 2210 Jamcirca
1306 2168 1400 2212 liujus
1410 2171 1543 2202 initium·
1554 2169 1658 2203 saeculi
1673 2172 1834 2214 proposita
1845 2196 1858 2212 ,
1881 2175 1913 2206 &c
1925 2171 2089 2216 disputata
2104 2174 2144 2208 ab

1136 2213 1228 2245 Italis
1243 2212 1392 2252 fuerant,
1413 2224 1479 2246 non
1493 2213 1653 2246 reticebo.
1669 2214 1771 2257 quue
1780 2227 1820 2249 eo
1830 2216 1981 2251 libentius
1994 2216 2111 2253 faciam
2126 2241 2138 2258 ‚

1135 2256 1224 2298 quod
1248 2267 1311 2289 non
1324 2254 1418 2298 hujus
1430 2265 1557 2289 tantum
1568 2279 1586 2296 ,>
1604 2255 1655 2290 sed
1668 2259 1698 2290 &
1711 2258 1847 2292 aliorum
1857 2260 2063 2302 quorundam
2074 2260 2142 2295 san-

1133 2300 1262 2341 guinem
1286 2298 1496 2332 animadverti
1521 2298 1729 2342 spumosum,
1753 2304 1785 2335 δε
1810 2304 1906 2336 aereis
1918 2302 2015 2337 bullis
2027 2303 2142 2339 distin-

1132 2343 1220 2375 etum
1234 2366 1242 2373 .
1270 2344 1375 2384 Igitur
1385 2344 1432 2375 vel
1445 2342 1616 2376 secundum
1626 2353 1772 2377 naturam
1785 2348 1928 2379 aeremin
1951 2346 2141 2383 humoribus

1130 2383 1224 2418 inesse
1236 2407 1250 2423 ,
1271 2388 1303 2418 δε
1315 2386 1506 2419 nominatim
1519 2387 1551 2418 in
1564 2386 1738 2428 sanguiue,
1762 2398 1887 2422 certum
1896 2389 1937 2423 est
1948 2403 1961 2429 i
1983 2389 2140 2434 siquidem

1129 2428 1289 2471 ambiguis
1300 2430 1421 2462 caeteris
1435 2431 1680 2471 probationibus
1692 2431 1809 2465 orniffis
1822 2456 1833 2472 ,
1845 2431 1868 2465 sii
1877 2432 2073 2475 segmentum
2087 2448 2141 2469 va-⁷

1128 2471 1165 2505 fis
1179 2495 1187 2509 ‚
1213 2481 1288 2514 puta
1300 2471 1401 2505 venosi
1412 2494 1422 2509 ‚
1445 2474 1581 2505 viventis
1598 2472 1704 2507 bestiae
1715 2475 1891 2509 arftiffimis
1903 2480 2055 2522 utrinque
2069 2481 2140 2512 vin-

1128 2516 1214 2548 culis.
1222 2514 1431 2549 constriRum·
1441 2540 1453 2562 ,Ι
1463 2514 1691 2563 abscissumque
1703 2517 1736 2549 in
1749 2518 1909 2560 ssoyl-eaua
1918 2521 2067 2556 machina
2080 2535 2138 2566 po·-

1131 2569 1246 2605 naturs
1270 2568 1304 2592 ut
1317 2560 1541 2601 circumjectus
1553 2571 1603 2592 aet
1628 2559 1843 2603 iu-bd-ucetur,
1866 2564 1912 2596 ita
1932 2566 1958 2598 is
1979 2566 2037 2608 qui
2059 2578 2138 2600 cums

1132 2604 1281 2644 sanguine
1303 2601 1440 2636 inclusus
1463 2602 1503 2636 est
1514 2626 1526 2643 ,
1547 2604 1692 2638 vasillud
1704 2604 1858 2640 distendet
1870 2630 1877 2637 .
1898 2608 1944 2640 Et
1959 2607 2027 2641 sane
2039 2608 2095 2643 nisi
2108 2609 2138 2643 se

1132 2657 1178 2680 res
1193 2645 1233 2678 fic
1248 2644 1376 2679 haberet
1390 2657 1400 2684 3
1425 2645 1562 2688 hujusin
1582 2658 1647 2689 quo
1665 2647 1768 2681 nostra
1786 2649 1858 2683 sunt
1875 2661 2035 2694 corpora,
2060 2655 2144 2687 aeris

1128 2689 1397 2733 circumundique
1409 2692 1580 2732 prementis
1592 2692 1640 2724 vis
1650 2715 1661 2730 ‚
1673 2691 1814 2733 urgendo
1826 2692 1894 2726 vasa
1904 2717 1916 2734 ,
1929 2706 2060 2729 motumv
2070 2697 2139 2730 san-

1128 2734 1237 2776 guinis
1250 2732 1477 2768 sufslarninaret
1489 2757 1501 2774 ,
1523 2745 1619 2776 quem
1632 2746 1716 2767 nunc
1732 2735 1880 2771 admistus
1893 2749 1943 2770 aer
1954 2748 2061 2773 tuetur
2072 2751 2138 2774 non>

1130 2778 1248 2820 impari
1270 2785 1388 2810 conatu
1400 2787 1413 2814 3
1434 2788 1505 2810 nam
1518 2789 1592 2811 cum
1603 2789 1691 2820 aeque
1703 2787 1796 2821 atque
1807 2779 1858 2813 hic
1871 2782 2016 2815 exterior
2025 2806 2038 2824 ,
2056 2794 2137 2826 prae-

1133 2829 1182 2854 ter
1203 2827 1350 2854 naturam
1373 2820 1496 2853 macrus
1512 2820 1557 2862 fit
1571 2844 1581 2861 ,
1604 2829 1640 2853 ut
1665 2822 1807 2856 Platonis
1829 2824 1885 2863 (i)
1910 2825 2013 2860 verbis
2042 2835 2134 2868 utar,

1133 2874 1220 2907 aeque
1234 2862 1403 2904 secundum
1414 2871 1559 2896 naturam
1570 2865 1741 2905 renititur,
1756 2864 1849 2908 seque
1863 2877 2006 2903 revocare
2017 2870 2049 2903 in
2061 2881 2134 2904 con-

1132 2907 1267 2940 trarium
1290 2917 1440 2940 conatul·.·
1467 2908 1573 2949 itaque
1595 2907 1671 2941 dum
1684 2918 1791 2942 neuter
1801 2911 1972 2953 praevalet,
1995 2912 2138 2948 salvares

1133 2949 1194 2984 est.
1219 2951 1343 2984 Verum
1366 2960 1401 2983 ut
1425 2949 1506 2982 lianc
1521 2975 1530 2990 ‚
1549 2960 1653 2996 *atque*
1672 2953 1771 2990 alias,
1795 2965 1873 2996 quas
1896 2966 1979 2989 nunc
2011 2968 2137 2991 memo-

1131 3004 1199 3026 rare
1222 2992 1338 3026 necesse
1361 3004 1424 3025 non
1447 2992 1511 3034 est,
1537 2993 1680 3036 sanguini
1705 2996 1841 3038 praebeat
1864 2998 2047 3041 utilitates,
2069 3011 2134 3035 no-

1130 3048 1204 3070 xam
1227 3046 1331 3069 autem
1355 3037 1499 3075 nullam5
1523 3036 1561 3071 sit
1585 3040 1618 3070 in
1642 3040 1795 3072 minimas
1817 3051 1918 3082 partes
1942 3041 2137 3086 dispertitus:

1128 3089 1283 3127 oportet,
1303 3092 1373 3122 quae
1396 3081 1480 3126 int-er
1501 3082 1649 3127 minimas
1674 3082 1963 3126 sanguinislatearit
1976 3086 2073 3128 probe
2082 3087 2135 3120 in-

1130 3124 1291 3168 terieetae,
1314 3126 1344 3156 δε
1369 3125 1454 3166 quali
1476 3123 1633 3159 dissolutae
1648 3151 1655 3156 .
1682 3127 1770 3160 Nam
1794 3125 1816 3160 si
1842 3139 1880 3162 ex
1901 3127 2012 3164 harum
2045 3140 2132 3163 com-

1133 3167 1229 3210 plexu
1251 3167 1280 3199 ie
1302 3170 1478 3207 (victricem,
1500 3168 1631 3212 aliaeque
1655 3170 1726 3203 aliis
1748 3181 1941 3210 occurrant,
1960 3183 2024 3205 n-on
2048 3172 2138 3208 secus

1132 3222 1168 3243 ac
1188 3210 1361 3252 perminuti
1372 3209 1563 3254 hydrargyri
1575 3212 1697 3254 globuli
1709 3238 1722 3254 ‚
1745 3215 1778 3246 in
1791 3215 1973 3257 grandiores
1984 3226 2133 3259 prompte

1132 3253 1335 3301 coalescunt,
1359 3258 1389 3287 δε
1401 3266 1439 3287 ex
1450 3253 1608 3288 viscidulo
1620 3255 1783 3300 sanguinis
1793 3259 1858 3290 sero
1868 3257 1925 3290 sibi
1937 3258 2022 3301 quasi
2043 3262 2132 3293 tuni-

1132 3299 1208 3331 carn*
1226 3298 1451 3338 conficientes,
1472 3297 1576 3332 bullas
1594 3301 1781 3342 conspicuas
1798 3298 1966 3335 efformant
1978 3324 1988 3340 ‚
2011 3301 2072 3337 five
2094 3313 2131 3337 ut

1133 3342 1277 3374 Platonis
1299 3341 1367 3381 (Ις)
1389 3340 1520 3375 vocibus
1537 3344 1654 3376 iterum
1674 3344 1808 3385 loquar,
1830 3353 1924 3378 vento
1934 3345 2049 3388 incluso
2071 3345 2130 3380 lm-

1133 3385 1279 3419 midirate
1299 3384 1445 3426 protinus
1465 3385 1651 3428 circumfusa
1667 3386 1753 3428 fiunt
1775 3387 1917 3429 ampullae
1931 3412 1944 3429 ,
1966 3387 2128 3464 quffgil—

1134 3427 1226 3460 latim
1246 3432 1374 3468 propter
1391 3428 1588 3468 par-vitatem
1610 3429 1713 3462 videri
1723 3429 1934 3475 nonpoffunt3
1953 3432 2011 3473 jun
2044 3441 2131 3467 ceve-

1136 3482 1170 3504 ro
1185 3470 1280 3513 simul
1301 3474 1342 3504 2‘9·
1355 3470 1387 3503 in
1394 3472 1588 3512 grandiorem
1600 3470 1774 3515 tumefatl‘ae
1784 3477 1894 3507 molem
1903 3497 1917 3515 ,
1937 3471 2132 3516 conspiciun-

1135 3522 1207 3547 tur.
1233 3514 1290 3546 Eae
1313 3521 1417 3547 autem
1440 3515 1586 3555 ampullae
1597 3538 1610 3555 ,
1631 3513 1713 3554 five,
1738 3517 1779 3551 iis
1800 3516 1978 3559 disruptis,
2002 3517 2132 3560 aeripse

1136 3556 1278 3595 solutus,
1303 3567 1337 3590 ac
1360 3555 1460 3604 liber,
1482 3556 1505 3591 fi
1529 3557 1632 3600 aliqua
1664 3560 1757 3603 copia
1788 3558 1827 3592 fit
1857 3560 1942 3593 inter
1972 3559 2133 3603 sanguinis

1137 3600 1300 3641 portiones
1322 3601 1503 3647 interjeffihis
1525 3622 1534 3637 ‚
1567 3600 1679 3636 harum
1703 3604 1806 3637 motui
1830 3602 1859 3636 se
1880 3605 2020 3647 opponit
2043 3616 2055 3645 3
2078 3615 2133 3638 ne-

1137 3654 1197 3685 que
1228 3645 1312 3675 enim
1354 3644 1428 3676 sinit
1452 3666 1464 3683 ,
1511 3656 1579 3686 qua>
1623 3645 1809 3688 posteriores
1843 3645 1914 3680 sunt
1935 3670 1947 3686 ‚
1980 3658 2030 3681 eas
2061 3659 2132 3691 quce

1139 3685 1319 3728 praecedunt
1349 3708 1360 3724 ‚
1389 3687 1572 3729 contingere
1595 3711 1607 3729 ‚
1641 3699 1712 3721 curn
1746 3688 1846 3732 iisque
1878 3691 2049 3733 impulsum
2073 3715 2086 3732 ‚
2117 3704 2134 3724 a

1674 3733 1682 3739 “
1978 3734 2093 3771 corde,

145 3815 212 3847 (J)
229 3816 275 3841 lit.
293 3816 316 3840 5.
326 3823 346 3840 1.
364 3813 470 3845 O'bss40.
532 3815 576 3847 (g
591 3820 602 3844 )
619 3816 722 3846 Epist-4·
739 3824 809 3842 mn,

870 3819 879 3849 (
897 3819 911 3842 h
926 3820 939 3848 )
957 3804 1022 3848 iipist
1039 3826 1061 3843 2.
1078 3821 1148 3845 izi-16.

1210 3819 1226 3849 (
1240 3820 1251 3843 e·
1266 3820 1279 3849 )
1294 3820 1320 3845 in
1335 3822 1448 3848 Tl'mzo.
1509 3824 1524 3853 (
1539 3822 1555 3847 k
1571 3822 1585 3853 )
1601 3821 1667 3849 lbid.
