2498 4075
374 265 497 302 salubre
520 262 676 307 sumpfiffe
698 287 708 303 ,
742 272 895 301 autumno
917 271 1023 296 autem
1045 262 1105 297 illo
1126 275 1213 299 raros
1243 266 1277 297 in
1299 266 1380 299 civi-

376 318 444 343 tate
467 318 569 350 aegros
592 305 674 347 esse,
698 308 1000 346 animadverterem,
1022 307 1077 339 vix
1100 305 1313 342 dubitandum
1336 309 1381 342 er-

374 352 405 387 se
428 376 441 394 ,
472 350 616 385 intellexi
639 373 648 389 ‚
680 351 758 391 quin
782 350 884 395 ρηινὶἱ
894 348 1017 393 aliquid
1041 373 1050 388 ‚
1084 351 1117 382 δι
1140 360 1259 386 veneno
1280 350 1381 385 simile

374 407 416 430 ex
439 404 542 428 errore
567 393 707 426 fortuito
731 394 840 435 aliquo
862 392 924 424 five
950 392 1057 435 epulas
1079 415 1088 429 ‚
1113 391 1174 427 sive
1197 396 1344 438 potiones
1372 419 1382 436 ,

375 438 490 483 quibus
515 437 547 468 in
571 447 608 469 eo
631 434 766 478 prandio
788 433 833 470 usi
856 434 980 469 fuerant
998 444 1014 473 ·‚
1037 434 1192 473 infecisset
1216 461 1225 470 .
1258 439 1382 473 Verum

400 491 469 515 uam
493 477 586 512 facile
609 487 676 512 erat
700 477 762 512 hoc
785 479 963 521 generatim
995 477 1153 522 conjicere
1176 502 1189 520 ,
1221 487 1288 515 tam
1318 491 1384 517 erat

400 521 509 557 ifficile
528 522 589 556 slve
613 533 653 555 ex
673 522 902 565 aegrotantium
926 521 1196 564 symptomatibus
1218 547 1231 564 ‚
1263 523 1323 558 sive
1345 536 1384 558 ex

376 574 523 601 accurata
546 587 555 602 ‚
587 567 620 599 &
644 564 720 607 saepe
745 565 879 608 repetita
893 564 1128 608 >perquisitione
1158 568 1310 608 quidnam
1343 568 1384 600 il-

378 610 436 644 lud
458 606 589 648 fuisset,
612 607 729 650 assequi
752 633 760 640 .
792 610 1014 651 Symptomata
1039 610 1123 642 enim
1147 619 1204 651 pro
1227 612 1289 644 alia
1304 611 1384 644 alio-

382 664 455 688 rum
484 660 578 686 aetate
603 676 612 692 ,
645 650 852 694 dispositione
885 675 901 693 ‚
941 654 974 686 &
1006 661 1217 694 temperatura
1249 656 1311 688 alia
1345 657 1378 688 in

379 697 454 731 aliis
477 704 567 729 erant
590 707 601 735 5
634 705 813 738 quanquam
844 697 880 728 in
913 694 1057 737 pluribus
1081 717 1091 733 ‚
1126 695 1211 729 inter
1239 708 1351 732 caetera
1376 719 1386 736 ‚

379 741 444 774 alvi
467 739 570 773 fluxus
592 746 679 772 erant
703 762 713 778 ,
745 741 779 772 δε
800 737 940 772 tormina
963 759 973 775 ‚
1004 740 1038 771 in
1062 739 1171 782 aliquo
1192 763 1204 779 ,
1236 739 1298 774 fine
1321 751 1386 775 tor-

380 783 526 818 minibus
550 804 562 822 ‚
596 781 706 815 sinceri
729 781 889 824 sanguinis
921 780 1113 824 dejectiones
1137 806 1145 813 .
1180 784 1385 827 Perquirendi

382 835 490 861 autem
514 836 623 858 verum
647 835 682 859 ut
715 826 875 866 optimam
906 824 1100 859 occasionem
1132 825 1280 860 haberem
1304 851 1313 865 ,
1347 840 1386 862 eo

381 869 536 903 libentius
560 877 672 911 praeter
694 876 767 902 ‘eum
788 870 845 911 qui
868 867 1036 910 prandium
1059 868 1186 902 dederat
1201 892 1211 908 ,
1237 872 1383 907 ancillam

378 914 477 947 etiam
498 922 568 954 quae
591 921 740 949 coxerat,
763 914 795 945 &
820 912 969 954 reliquias
994 910 1178 945 comederat
1201 933 1213 952 ‚
1243 913 1383 949 liberali-

377 965 425 990 ter
446 953 618 990 curandam
641 953 757 998 suscepi
779 966 791 994 3
813 964 944 998 uterque
968 957 1053 988 enim
1075 956 1213 998 graviter
1234 977 1245 994 ,
1268 958 1381 992 ancilla

379 1008 488 1035 autem
510 997 686 1040 graviffime
719 997 896 1040 aegrotabat
919 1022 926 1029 .
957 999 1050 1033 Huic
1083 1000 1184 1041 igitur
1214 1010 1276 1034 non
1289 1001 1381 1036 semel

380 1041 567 1079 ostendens,
589 1050 710 1084 quanto
733 1043 838 1076 minus
859 1039 1001 1075 difficilis
1025 1043 1150 1076 curatio
1170 1042 1226 1076 effe
1249 1044 1347 1086 posset
1370 1067 1380 1083 ‚

379 1085 403 1121 si
426 1085 510 1122 mihi
535 1086 590 1119 uni
614 1084 735 1118 diceret
757 1084 835 1129 quid
857 1096 913 1129 per
935 1096 1074 1132 errorem
1098 1085 1267 1120 admisisset
1290 1110 1302 1128 ,
1333 1097 1387 1123 aut

384 1131 424 1165 ab
446 1130 558 1173 aliquo
581 1128 746 1163 admissum
779 1127 835 1163 esse
856 1151 867 1169 ,
904 1129 1109 1171 conjicerem
1141 1140 1300 1172 nunquam
1333 1144 1387 1166 ex-

379 1174 515 1217 primere
538 1171 625 1206 aliud
647 1173 742 1215 potui
766 1194 777 1210 ,
811 1172 867 1206 nisi
890 1172 954 1206 hoc
978 1183 1076 1206 unum
1099 1193 1111 1210 ‚
1143 1184 1209 1216 quo
1229 1175 1386 1216 cogitaret

380 1218 482 1260 magis
504 1239 517 1256 ,
547 1226 586 1249 eo
610 1217 710 1258 magis
733 1215 767 1249 id
790 1215 819 1248 se
841 1217 986 1258 ignorare
1010 1238 1019 1246 .
1052 1216 1144 1262 Qae,
1167 1227 1242 1249 cum
1263 1218 1309 1251 ita
1340 1218 1387 1252 es-

381 1260 474 1299 sent3
497 1258 664 1292 necessario
688 1258 816 1292 coafflms
838 1259 905 1292 sum
928 1258 1101 1302 unicuique
1122 1259 1163 1291 sic
1186 1258 1327 1302 mederi,
1350 1269 1386 1295 ut

382 1302 525 1345 singulos
549 1300 617 1335 haec
637 1325 650 1342 ,
680 1302 729 1334 vel
753 1301 809 1335 illa
832 1301 1049 1344 symptomata
1072 1303 1199 1345 gravius
1220 1326 1231 1341 ,
1263 1312 1317 1339 aut
1348 1305 1392 1338 le-

381 1347 455 1381 vius
477 1345 651 1389 urgebant.
677 1344 823 1387 Qidam
845 1346 932 1378 brevi
957 1368 969 1385 ‚
1004 1346 1036 1378 &
1058 1345 1173 1385 facili‚·
1202 1345 1254 1380 sed
1278 1348 1391 1392 reliqui

379 1391 475 1433 longa
498 1410 510 1429 ‚
542 1391 575 1422 δε
596 1386 724 1422 difficili
748 1389 913 1422 curatione
936 1386 1050 1421 servati
1074 1389 1144 1423 sunt
1167 1400 1179 1428 5
1202 1398 1239 1423 ut
1261 1391 1295 1423 in
1318 1393 1392 1433 qui-

380 1432 509 1468 busdam
532 1430 687 1465 bimestris
710 1430 806 1466 fuerit
832 1453 841 1468 ,
865 1433 898 1465 in
923 1443 961 1465 eo
982 1432 1037 1474 qui
1063 1432 1246 1474 sanguinem
1269 1433 1390 1478 dejece-

381 1486 465 1515 rat-‚
495 1474 731 1519 quadrimestris
756 1498 764 1506 .
803 1476 898 1508 Unus
916 1486 960 1507 ¹ex
982 1475 1132 1510 omnibus
1164 1478 1219 1519 qui
1243 1479 1391 1513 morbum

382 1521 506 1555 diutius
536 1518 771 1561 contempserat
795 1544 804 1556 ,
838 1516 1072 1560 undevigefima
1104 1531 1143 1553 ex
1175 1531 1241 1562 quo
1277 1520 1392 1556 cubare

381 1563 511 1598 tandem
535 1570 677 1605 cceperat
700 1559 721 1602 ‚s
745 1562 796 1595 die
820 1560 900 1595 febri
927 1584 936 1600 ‚
968 1572 1039 1595 cum
1062 1560 1200 1605 singultu
1224 1585 1233 1602 ‚
1258 1566 1393 1599 convul—

383 1606 457 1641 fivis
491 1605 686 1640 tremoribus
717 1628 728 1644 ,
774 1604 905 1647 aliisque
939 1605 1089 1647 malignis
1121 1605 1391 1649 symptomatibus

381 1650 489 1693 juncta
513 1671 523 1688 ,
556 1648 671 1683 frustra
695 1658 744 1682 me
768 1672 778 1689 ‚
800 1650 833 1681 ὃς
856 1648 976 1681 seniore
1000 1649 1065 1691 ejus
1099 1649 1234 1683 Medico
1256 1674 1270 1691 ,
1304 1662 1391 1695 qure-

385 1704 512 1737 cunque
537 1701 688 1735 poterat,
710 1703 804 1734 opem
829 1690 1005 1725 ferentibus
1019 1716 1028 1731 ‚
1053 1691 1218 1726 confefius
1240 1693 1302 1727 est.

428 1748 480 1771 22.
503 1736 589 1779 Quae
615 1746 676 1769 una
699 1734 807 1769 fuisset
829 1734 949 1780 reliqua
970 1758 983 1775 ,
1016 1735 1163 1777 ignotam
1185 1736 1312 1771 illarum
1337 1746 1389 1771 tot

381 1782 629 1825 aegrot‘ationum
651 1777 811 1823 quaerendi
833 1779 883 1812 via
906 1802 915 1818 ‚
938 1787 1084 1811 anatome
1108 1778 1257 1812 videlicet
1279 1802 1291 1819 ‚
1323 1792 1391 1814 eam

382 1826 508 1868 plures,
531 1824 691 1866 variaeque
715 1824 853 1855 rationes
876 1821 1128 1865 prohibuerunt.
1164 1822 1308 1862 Quarum
1332 1825 1394 1857 ali-

380 1879 452 1911 quae
475 1868 606 1902 alterius
628 1878 756 1910 quoque
781 1865 951 1900 sestionem
976 1874 1140 1900 vetuerant
1167 1891 1175 1904 ‚
1210 1877 1304 1909 quem
1327 1878 1392 1902 non

383 1912 462 1946 levis
486 1910 666 1953 conjectura
688 1918 755 1943 erat
779 1932 791 1950 ,
825 1920 864 1941 ex
898 1911 974 1952 opio
1001 1934 1010 1948 ‚
1045 1920 1099 1950 per
1130 1907 1393 1952 Pharmacopolae

383 1966 523 1989 errorem
547 1956 653 1988 minus
676 1965 767 1996 parce
782 1952 937 1995 praebito,
964 1951 1116 1987 deceffiffe
1140 1974 1149 1984 .
1173 1951 1277 1995 Cujus
1300 1954 1394 1988 diss'e-

383 1999 453 2033 &io
475 2010 513 2032 eo
535 2008 617 2035 nunc
640 1996 723 2031 mihi
746 1997 868 2039 gratior
891 1995 963 2030 esset
990 2018 998 2032 ‚
1031 1995 1119 2039 quod
1144 1996 1177 2028 in
1201 1995 1302 2032 brutis
1325 1999 1394 2031 ani-

387 2041 570 2082 mantibus,
594 2042 662 2084 post
684 2040 795 2075 datum
817 2040 934 2082 largius
956 2041 1071 2082 opium
1094 2038 1199 2072 incisis
1230 2039 1390 2075 observata

385 2085 425 2119 ab
447 2082 671 2129 Experientiff.
708 2084 894 2127 Sproegelio
928 2088 939 2124 (
962 2086 1017 2122 x)
1051 2084 1155 2117 minus
1187 2086 1354 2117 convenire
1377 2109 1389 2126 ‚

382 2128 479 2163 video
501 2154 510 2168 ‚
541 2139 616 2162 cum
638 2128 678 2161 iis
701 2139 772 2172 quae
795 2129 828 2160 in
849 2138 923 2160 cane
958 2125 1161 2160 adnotaverat
1196 2126 1266 2161 Cel.
1301 2129 1389 2161 Mea-

382 2172 454 2207 dius
475 2176 530 2214 (y
554 2176 587 2212 ).
719 2173 880 2205 Caeterum
915 2169 952 2204 de
985 2169 1079 2205 abusu
1112 2170 1181 2213 opii
1212 2169 1388 2205 detestabili

383 2215 467 2260 apud
489 2215 641 2250 veneficos
665 2214 787 2249 nullum
812 2226 827 2247 a
865 2225 914 2248 me
936 2213 1065 2248 verbum
1086 2214 1229 2257 expetf'tes
1254 2215 1286 2247 in
1311 2216 1388 2250 scri-

383 2262 448 2304 ptis
472 2258 621 2302 quidem.
649 2260 713 2294 Res
738 2260 821 2292 enim
844 2256 1021 2301 ejusmodi,
1045 2270 1061 2292 a
1084 2257 1221 2292 Medicis
1242 2259 1387 2303 alioquin

382 2314 448 2338 non
481 2302 672 2346 ignorandas
696 2327 708 2344 ‚
740 2304 863 2337 utinam
895 2301 1021 2336 secretis
1057 2302 1223 2337 dumtaxat
1254 2304 1336 2337 inter
1360 2305 1389 2341 se

383 2347 558 2391 colloquiis
580 2345 768 2390 agitassent3
792 2346 911 2380 chartis
935 2356 1040 2380 autem
1063 2357 1126 2380 non
1149 2346 1390 2390 commisissent,

382 2402 420 2425 ne
442 2390 528 2433 quod
552 2389 589 2424 ad
612 2391 808 2424 curationem
829 2391 1071 2434 excogitandam
1093 2389 1171 2424 scire
1193 2391 1307 2425 necesse
1329 2391 1390 2431 est,

383 2434 419 2468 id
442 2446 457 2466 a
481 2433 612 2467 nefariis
635 2433 821 2467 hominibus
845 2434 884 2468 ad
906 2435 1038 2468 latenter
1060 2457 1072 2474 ‚
1106 2436 1139 2467 ὃ(
1173 2434 1301 2476 impune
1334 2447 1389 2469 oc-

382 2476 554 2512 cidendum
577 2478 651 2511 esset
673 2477 837 2512 detortum
860 2478 872 2510 .’
904 2476 1123 2519 Qamobrem
1146 2477 1285 2512 Galenus
1317 2480 1387 2522 (z)

385 2520 556 2562 Orpheum
586 2530 804 2563 cognomento
834 2520 1025 2564 theologum
1049 2542 1059 2558 ,
1090 2521 1221 2554 Horum
1255 2521 1388 2555 Mende-

385 2563 465 2597 sium
487 2562 681 2607 juniorem,
714 2563 931 2599 Heliodorum
953 2563 1216 2601 Atheniensem,
1248 2564 1388 2608 aliosque

383 2605 542 2641 librorum
565 2606 603 2640 de
625 2608 666 2641 iis
687 2606 974 2650 compositionibus
996 2607 1155 2641 Audores
1185 2606 1280 2650 usque
1312 2609 1389 2642 adeo

395 2649 601 2692 reprehendit
624 2674 635 2690 ‚
663 2653 700 2685 'ut
723 2661 761 2684 ne
791 2650 873 2687 illud
904 2649 1031 2693 quidem
1064 2650 1216 2683 concedat
1238 2673 1252 2691 ,
1284 2662 1389 2686 earum

384 2694 537 2727 notitiam
560 2693 698 2728 Medicis
721 2694 832 2728 saltem
854 2692 910 2728 ess'e
941 2692 1160 2734 necessariam,
1193 2704 1228 2727 ut
1262 2695 1305 2727 iis
1333 2698 1389 2736 qui

383 2736 570 2780 sumpserint
592 2761 605 2779 ,
635 2736 747 2780 poffint
770 2736 947 2773 succurrere
961 2761 968 2769 .
995 2738 1170 2780 Utcunque
1192 2736 1225 2770 id
1247 2737 1291 2771 est
1299 2749 1313 2778 ,·
1344 2737 1389 2772 sa.

385 2793 421 2814 ne
455 2779 494 2814 de
524 2781 649 2815 venenis
677 2783 777 2815 'etiam
810 2782 881 2815 aliis
913 2780 1084 2823 sapientius
1113 2779 1257 2823 quaedam
1287 2781 1388 2823 poste-

385 2825 482 2858 riores
504 2825 610 2867 magni
632 2826 828 2867 caeteroquin
851 2824 971 2859 Medici
995 2821 1160 2867 pressissent
1167 2834 1181 2865 ;
1204 2835 1268 2857 non
1277 2825 1390 2868 episto-

385 2868 426 2901 lis
443 2892 451 2907 ‚
474 2877 568 2910 atque
591 2867 670 2902 adeo
692 2868 784 2902 libris
809 2869 905 2902 editis
926 2867 1101 2911 vulgassent
1117 2891 1126 2898 .
1378 2910 1380 2914 ‚

429 2921 479 2952 23.
499 2912 625 2957 „Eorum
648 2921 753 2945 autem
774 2912 832 2954 qui
855 2922 872 2945 a
894 2912 1021 2949 morsu,
1056 2920 1111 2945 aut
1134 2911 1199 2945 iem
1230 2911 1388 2947 venenosae

385 2954 694 2988 bestiae'interierint
709 2977 719 2992 ,
741 2956 842 2990 nullas
865 2956 997 2989 memini
1021 2964 1075 2989 aut
1109 2966 1124 2987 a
1148 2966 1197 2988 me
1221 2977 1232 2993 ‚
1264 2964 1318 2988 aut
1349 2957 1389 2990 ab

387 2997 514 3032 Amicis
536 2998 696 3032 institutas
709 2996 765 3033 esse
788 2997 987 3032 disseffiones
1001 3021 1011 3037 ,
1033 2998 1057 3032 fi
1079 2998 1149 3032 illas
1159 2999 1297 3041 excipias
1318 3009 1387 3040 quae

387 3041 424 3074 ad
449 3039 587 3074 morsum
609 3043 747 3075 attinent
770 3041 884 3076 rabiosi
906 3044 1018 3082 canis,
1047 3055 1065 3077 a
1100 3052 1151 3075 me
1173 3051 1280 3076 tecum
1311 3042 1386 3076 alias

386 3088 477 3124 (a)
507 3086 759 3128 communicatas
782 3110 792 3120 .
824 3086 953 3119 Scilicet
985 3085 1082 3121 ltalia
1109 3108 1122 3126 ,
1150 3082 1387 3129 frigidioresque

387 3129 525 3169 regiones
547 3127 605 3167 hac
628 3139 743 3171 quoque
762 3136 854 3170 parte
879 3127 1102 3171 salubritatem
1135 3127 1247 3162 habent
1268 3152 1281 3169 ‚
1309 3129 1388 3171 quod

387 3172 493 3205 minus
515 3172 673 3206 terribiles
695 3182 809 3214 angues
830 3172 946 3214 edunt,
968 3183 1066 3214 quam
1089 3171 1253 3210 aestuosae3
1277 3180 1312 3206 ut
1335 3184 1387 3206 ve-

390 3215 434 3248 ris
456 3211 540 3247 Celsi
562 3219 576 3255 <
598 3213 617 3247 b
638 3220 652 3256 )
673 3215 774 3248 verbis
807 3225 878 3250 utar
903 3240 912 3247 .
949 3215 1022 3249 Nec
1054 3216 1118 3250 fere
1158 3215 1248 3248 aliter
1279 3214 1307 3248 se
1340 3226 1388 3250 res

388 3257 485 3293 habet
506 3258 540 3290 in
563 3260 721 3293 venenatis
743 3258 882 3293 bestiolis
900 3282 910 3300 ‚
942 3269 1014 3302 quse
1049 3259 1119 3294 sunt
1152 3258 1308 3301 anguibus
1328 3260 1392 3292 rni-

483 3577 498 3593 x
514 3567 524 3599 )
538 3569 628 3599 Exper.
644 3569 706 3604 eirca
721 3570 784 3596 varia
799 3576 891 3595 venena
906 3568 953 3595 διε.
968 3570 1029 3599 Exp.
1042 3577 1080 3604 px.
1096 3569 1120 3594 &
1136 3568 1198 3599 seqq.

484 3607 502 3629 z
519 3602 527 3629 )
543 3601 579 3624 De
594 3600 704 3625 Antidot.
722 3602 737 3625 l.
752 3609 777 3625 2.
792 3608 814 3624 c.
831 3608 855 3630 7.
916 3601 924 3630 (
943 3608 958 3624 a
974 3600 988 3628 )
1004 3600 1077 3629 Epist.
1093 3602 1118 3624 8.

479 3639 491 3654 ε
506 3634 516 3655 )
534 3631 640 3655 Praelest.
654 3631 683 3655 ad
700 3631 776 3657 Instit.
795 3631 818 3661 §.
837 3637 898 3660 1132.
956 3630 970 3659 (
986 3629 1002 3653 d
1021 3632 1030 3662 )
1046 3633 1105 3655 Nat.
1123 3629 1183 3664 I-iist.
1203 3630 1222 3654 1.
1238 3636 1276 3655 ιι.
1291 3638 1313 3655 c.
1330 3637 1367 3657 ις.

478 3659 521 3695 ᾖ)
535 3661 571 3684 De
585 3660 664 3685 Finib.
683 3663 701 3685 1.
718 3670 739 3692 ς.
805 3678 809 3687 i
825 3669 844 3691 g
859 3662 872 3690 )
888 3662 924 3685 De
939 3661 1024 3689 Propi.
1043 3662 1117 3686 Sei-m».
1135 3668 1159 3684 ιη
1175 3661 1247 3696 pra
1258 3678 1263 3683 .

483 3698 506 3744 :n
509 3691 621 3750 ))’ῐΙ“ΞτῐιΡὲἔΓ
633 3693 786 3749 ι1ίεηὲ1“ιυπικ>ι’ἰ
789 3699 821 3747 ‘ps
839 3699 864 3721 3·
924 3691 931 3720 s
948 3690 965 3715 k
981 3690 995 3719 )
1011 3691 1123 3722 Compos.
1141 3692 1233 3716 Medic.
1254 3694 1305 3721 164.

625 3739 629 3748 .
685 3739 691 3748 .
708 3731 737 3754 ag
751 3741 756 3749 .
816 3739 822 3747 .

880 3723 892 3755 (
907 3731 924 3748 a
939 3721 954 3751 )
969 3721 1092 3749 annom.
1108 3721 1157 3748 alla
1174 3729 1226 3753 pag.
1242 3724 1281 3748 66.
1300 3729 1323 3747 v.
1338 3692 1628 3753 23fdeilac⁶1³=⁷stf¹÷ilos2

660 185 816 247 Liber
851 184 937 238 tv.
975 185 1053 237 De
1087 182 1296 239 Morbis
1320 181 1676 253 ChIrurgicis,
1707 185 1762 238 &
1798 182 2189 241 Universalibus

1438 274 1565 302 nores3
1596 270 1680 295 certe
1698 269 1818 309 ¹autem
1848 262 1886 297 de
1919 263 1960 295 iis
1991 264 2025 296 in
2060 264 2180 307 ‘quibus
2213 280 2273 311 ego
2293 271 2429 306 versatus

1436 307 1504 341 sum
1527 329 1536 344 ,
1572 308 1677 340 minus
1710 303 1849 339 aestuofis
1879 306 1983 340 Italiae
2014 308 2158 349 partibus
2187 322 2250 346 non
2285 326 2354 349 vera
2385 314 2438 349 illi

1433 348 1637 384 Boerhaavio
1657 352 1672 389 (
1693 359 1710 381 c
1731 351 1746 388 )
1768 348 1942 382 retulerunt
1966 368 1977 390 ‚
2009 350 2065 392 qui
2088 351 2156 386 haec
2177 365 2341 392 narrarunt
2363 371 2372 392 .·
2405 358 2439 391 in
2493 356 2498 376 ⁵

1435 392 1554 433 Italia,
1578 391 1634 426 ubi
1655 401 1767 434 magna
1789 392 1842 425 vis
1857 391 2050 435 scorpiorum
2074 393 2133 434 est,
2165 399 2315 434 neminem
2332 400 2439 444 subire

1435 435 1636 480 diversorium
1669 435 1744 477 quin
1774 433 1879 478 hospes
1911 435 1940 468 ei
1979 435 2118 478 lagenam
2150 439 2213 474 oleo
2248 442 2440 486 scorpiorum

1431 479 1557 522 plenam
1582 478 1717 527 indicem
1740 478 1820 519 quod
1840 476 1982 514 vulneri,
1999 479 2027 520 Ji
2049 481 2129 522 quod
2151 483 2180 515 ei
2201 483 2326 523 bestiola
2351 485 2438 529 infli-

1432 523 1539 560 xerit,
1561 528 1704 555 continuo
1728 528 1880 563 inungat,
1896 520 1942 563 fic
1963 524 2076 556 mortis
2107 525 2286 560 evitaturus
2318 532 2445 570 pericu-

1435 565 1520 599 lum.
1545 564 1605 598 Sed
1626 574 1725 607 neque
1749 571 1815 596 tam
1838 574 1921 597 raros
1947 564 2025 605 effe,
2057 566 2249 603 Exterorum
2272 573 2344 614 quis
2374 583 2441 604 cre-

1435 608 1490 642 dat
1513 609 1547 641 in
1569 616 1651 640 terra
1676 605 1912 655 stasim-quam
1936 608 2059 642 Plinius
2081 613 2096 650 (
2119 611 2139 644 d
2161 614 2173 650 )
2205 612 2332 649 videtur
2365 614 2444 648 scri-

1435 650 1542 694 pfiffe.
1566 654 1649 692 Saepe
1671 673 1686 699 ‚-
1719 651 1827 692 inquit
1849 671 1861 689 ‚
1893 649 1998 693 ‘Psylli
2018 674 2032 691 ,
2064 653 2119 696 qui
2141 654 2329 698 reliquarum
2353 667 2445 692 vene-

1436 706 1477 728 na
1499 702 1652 729 terrarum
1673 691 1852 742 invehentes
1874 715 1885 731 ‚
1920 693 2045 735 quaestus
2072 696 2126 738 sui
2159 699 2249 741 caufiz
2267 702 2442 744 peregrinis

1437 737 1530 772 malis
1558 735 1730 785 implevere*
1755 735 1886 770 ltaliam
1908 759 1919 777 ,
1957 735 2012 770 hos
2033 748 2149 782 quoque
2179 742 2194 780 (
2225 742 2408 786 scorpiones
2432 748 2445 784 )

1436 782 1604 823 importare
1627 787 1727 813 conati
1745 778 1841 821 sunt:
1860 778 1917 822 sed
1937 780 2047 816 vivere
2069 782 2153 816 intra
2176 784 2275 820 Siculi
2308 786 2374 821 caeli
2396 799 2445 822 re-

1433 825 1554 867 gionem
1576 833 1635 856 non
1654 830 1786 871 potuere
1799 845 1808 854 .
1832 822 1982 870 Visuntnr
2003 832 2107 859 tamen
2128 827 2292 870 aliquando
2313 832 2346 863 in
2378 834 2445 865 Ita-

1437 867 1483 902 tia
1506 891 1514 907 ,
1538 866 1594 909 sed
1626 866 1747 899 innocui
1773 890 1780 897 .
1818 866 1851 898 Si
1889 878 1921 899 ea
1944 867 2078 902 {merent
2099 880 2168 912 quae
2192 871 2230 905 de
2261 873 2445 915 vulgaribus

1438 910 1571 952 scorpiis
1594 909 1792 952 sequuntur5
1826 919 1891 943 non
1923 908 1960 943 de
1993 911 2045 945 his
2072 936 2085 953 ,
2118 913 2168 947 sed
2198 914 2237 949 de
2259 917 2443 952 volucribus

1435 951 1556 987 Africae
1580 951 1801 995 scorpionibus
1822 951 1861 986 de
1882 953 1997 996 quibus
2019 956 2187 991 noviffime
2208 957 2352 1000 dixerat,
2377 961 2445 995 Pli-

1431 999 1521 1032 nium
1545 996 1648 1031 multo
1672 996 1822 1029 libentius
1843 1005 1975 1039 propter
1997 1010 2030 1031 ea
2052 1010 2122 1043 quae
2145 1000 2242 1044 paulo
2263 1014 2336 1037 ante
2361 1003 2440 1038 scri-

1436 1040 1539 1083 pserat
1562 1063 1575 1081 ,
1596 1042 1819 1081 interpretarer
1842 1063 1850 1072 .
1873 1041 1959 1073 Cum
1983 1052 2059 1075 vero
2081 1054 2143 1076 non
2175 1043 2275 1080 sinant
2297 1060 2307 1085 5
2342 1045 2440 1083 deesse

1438 1083 1560 1126 aliquid
1593 1083 1753 1125 suspicor:
1785 1092 1871 1130 cette
1906 1085 1932 1116 ii
1955 1087 2012 1127 qui
2046 1086 2168 1128 Romae
2201 1097 2273 1125 ante
2297 1090 2439 1126 Plinium

1438 1126 1627 1169 scripserunt
1653 1147 1662 1163 ‚
1693 1125 1839 1160 Lucilius
1862 1148 1872 1164 ‚
1905 1130 1937 1161 &
1959 1130 2075 1162 Cicero
2096 1142 2247 1171 ,raram
2279 1132 2446 1169 bestiolam

1437 1170 1573 1213 exempli
1598 1171 1673 1203 loco
1695 1179 1759 1202 non
1782 1169 1823 1201 fic
1849 1171 2069 1206 memorass'ent
2093 1198 2101 1213 ‚
2131 1174 2186 1209 ille
2208 1176 2338 1219 quidem
2359 1182 2374 1219 (
2395 1190 2410 1213 e
2430 1183 2447 1221 )

1437 1222 1474 1247 ur
1489 1213 1628 1256 scorpiu'
1648 1213 1749 1262 cauda.
1759 1211 1898 1254 sublata,
1921 1213 1976 1249 hic
1999 1227 2073 1251 vero
2094 1220 2109 1256 (
2120 1215 2177 1262 f)
2191 1220 2314 1263 serpere
2336 1224 2446 1266 angui.

1441 1261 1546 1297 culos,
1568 1267 1641 1290 nare
1662 1255 1856 1297 anaticulas,
1880 1257 1999 1293 evolare
2021 1262 2158 1297 merulas
2173 1286 2185 1302 ‚
2217 1265 2363 1300 cornibus
2395 1267 2445 1300 uti

1441 1301 1582 1334 videmus
1606 1299 1697 1347 boves
1711 1322 1724 1340 ‚
1745 1308 1839 1341 nepas
1862 1301 2001 1340 aculeiss
2025 1303 2076 1338 sed
2100 1307 2210 1347 potius
2242 1307 2351 1351 vespas
2372 1320 2447 1342 acu.

1443 1342 1501 1377 leis
1523 1342 1709 1392 scripsisset2
1733 1350 1767 1376 ut
1792 1345 1936 1385 imperiti
1959 1345 2246 1390 oiimrediderant,
2282 1362 2336 1386 aut
2358 1351 2448 1395 quod

1442 1396 1537 1428 nepa,
1560 1386 1636 1432 quid
1661 1386 1756 1435 esse-t3
1778 1387 1986 1429 ignorarent,
2008 1400 2059 1425 aut
2081 1400 2164 1425 certe
2186 1393 2273 1436 quod
2296 1396 2448 1430 Nonium

1440 1431 1531 1472 (g)
1562 1430 1716 1462 nescirent
1746 1438 1791 1463 ita
1824 1431 1872 1463 uti
1910 1430 2128 1476 descripsimus
2148 1459 2163 1478 ,
2191 1437 2259 1471 duo
2290 1439 2447 1482 postrema

1441 1474 1611 1507 Ciceronis
1648 1472 1738 1506 ve1ba
1772 1474 1951 1515 produxisse
1973 1499 1983 1515 ,
2019 1487 2119 1522 neque
2151 1480 2242 1514 aliter
2263 1504 2274 1521 ‚
2299 1492 2336 1517 ut
2358 1483 2447 1518 illius

1442 1515 1596 1563 scribendi
1619 1516 1724 1564 ordo3
1749 1519 1777 1549 ἃ
1803 1517 1954 1552 sententia
1977 1520 2163 1563 postulant,
2194 1526 2366 1566 producere
2388 1538 2449 1570 po-

1442 1561 1554 1593 tuisse.
1579 1559 1676 1596 Quod
1701 1560 1797 1602 siquis
1821 1569 1926 1595 tamen
1946 1563 2053 1597 credat
2075 1589 2088 1606 ,
2123 1567 2265 1602 Plinium
2294 1571 2328 1602 in
2352 1570 2447 1604 Italia

1441 1602 1583 1652 scorpios
1605 1604 1750 1636 innocuos
1772 1603 1851 1646 esse,
1874 1604 1977 1639 dicere
2001 1621 2010 1644 3
2043 1608 2076 1641 id
2098 1620 2176 1643 vero
2200 1622 2235 1645 ut
2271 1613 2446 1655 plurimum

1441 1656 1487 1679 ita
1511 1646 1551 1680 est
1573 1669 1586 1687 ,
1619 1657 1674 1678 nec
1698 1648 1855 1691 memini,
1881 1650 1913 1681 in
1938 1650 2134 1686 Civitatibus
2157 1653 2212 1687 ubi
2235 1656 2335 1689 vitam
2360 1658 2410 1699 egi
2433 1680 2448 1698 ,

1440 1689 1489 1722 vel
1524 1688 1778 1733 frequentiffimis
1800 1712 1810 1727 ‚
1842 1691 2007 1726 Medicum
2038 1706 2199 1737 unquam,
2231 1707 2284 1732 aut
2309 1697 2447 1733 Chirur-

1441 1743 1518 1774 gum
1540 1731 1631 1766 fuisse
1657 1730 1866 1773 advocatum,
1889 1743 1924 1769 ut
1946 1737 2065 1770 vulneri
2089 1763 2098 1778 ‚
2131 1751 2146 1771 a
2170 1741 2334 1783 scorpione
2356 1743 2448 1777 infli-

1441 1777 1517 1816 eto,
1538 1776 1736 1816 mederetur;
1758 1776 1871 1811 nedum
1895 1790 1933 1812 ex
1956 1791 1994 1811 eo
2016 1782 2141 1814 vulnere
2163 1794 2342 1827 quenquam
2363 1797 2447 1820 mor.

1442 1828 1534 1853 tuum
1557 1842 1567 1858 ‚
1604 1827 1640 1852 ut
1662 1820 1696 1851 in
1719 1819 1866 1853 cadavere
1888 1824 1999 1855 veneni
2022 1822 2130 1858 effefta
2156 1826 2277 1867 possent
2300 1829 2445 1871 inquiri.

1443 1863 1536 1910 Quin
1560 1863 1656 1895 etiam
1679 1861 1717 1895 ab
1739 1863 1850 1896 nostris
1873 1865 2066 1909 Falloppio‚
2088 1871 2119 1901 ὃς
2142 1869 2337 1904 Vallisnerio
2361 1872 2447 1907 idem

1442 1906 1624 1939 confirmari
1648 1928 1659 1944 ,
1694 1905 1809 1939 videris
1833 1931 1841 1939 .
1873 1908 1940 1941 Hic
1964 1911 2046 1943 enim
2070 1914 2084 1950 (
2107 1910 2126 1944 h
2147 1915 2161 1952 )
2184 1925 2337 1949 venenum
2362 1916 2448 1960 quasi
2492 1925 2495 1927 ’

1444 1949 1607 1995 innocuum
1631 1949 1669 1981 ab
1691 1947 1842 1998 nostratis
1865 1950 2044 1994 scorpionis
2067 1956 2177 1988 aculeo*
2198 1958 2345 1999 prodire,
2367 1959 2447 1992 scri-

1448 1991 1739 2042 p11t31Fallopp1us
1764 2002 1867 2042 autem
1891 1997 1905 2034 c
1927 1997 1940 2028 i
1962 1999 1973 2035 )
1998 2019 2007 2034 ‚
2043 1998 2076 2031 in
2099 1998 2194 2038 nostra
2218 2003 2337 2044 regione
2360 2027 2368 2042 ‚
2390 2002 2446 2038 ubi

1438 2034 1614 2077 scorpiones
1631 2036 1710 2084 sunt
1733 2046 1837 2069 minus
1858 2039 2017 2081 venenosi,
2040 2051 2104 2074 non
2128 2042 2204 2076 oriri
2228 2052 2387 2079 tumorem
2410 2047 2446 2081 in

1441 2080 1516 2110 loco
1537 2078 1576 2110 ab
1599 2080 1672 2121 ipsis
1695 2078 1784 2119 neto,
1808 2089 1843 2114 ut
1867 2081 1900 2114 in
1925 2083 2108 2125 regionibus
2129 2085 2263 2129 calidis,
2298 2088 2348 2127 sed
2373 2098 2449 2123 tan-

1439 2129 1508 2155 tum
1526 2120 1684 2164 pustulas,
1708 2133 1744 2172 nc
1766 2123 1928 2158 tubercula
1945 2136 2048 2169 parva
2069 2129 2200 2163 »ariolis
2216 2129 2357 2173 similia.
2381 2134 2447 2167 At-

1439 2175 1500 2209 que
1546 2174 1582 2199 ut
1636 2164 1838 2201 Medicorum
1876 2170 2070 2206 auctoritate
2103 2174 2160 2214 qui
2193 2174 2226 2206 in
2248 2169 2355 2210 'Italia
2390 2177 2442 2210 vel

1436 2209 1634 2261 temporibus
1655 2232 1669 2251 ‚
1700 2209 1747 2245 vel
1770 2210 1870 2250 locis,
1895 2214 1945 2247 vel
1981 2214 2121 2258 utrisque
2144 2218 2244 2261 magis
2265 2230 2359 2262 quarn
2381 2219 2449 2254 duo

1441 2254 1491 2287 illi
1529 2277 1539 2292 ,
1583 2252 1702 2290 distent
1747 2267 1764 2289 a
1787 2256 1878 2290 nobis
1894 2280 1906 2297 ‚
1947 2258 2032 2292 idem
2055 2261 2298 2303 comprobemus
2323 2286 2333 2301 ‚
2368 2274 2447 2298 num

1441 2298 1646 2332 Scribonium
1669 2308 1782 2342 putas,
1808 2299 1829 2333 fi
1857 2301 2027 2335 noxios-in
2053 2304 2147 2337 Italia
2160 2302 2286 2338 vidisset
2302 2306 2446 2350 scorpio-

1440 2352 1494 2375 nes
1517 2364 1526 2380 ,
1559 2342 1596 2377 ad
1628 2342 1711 2376 hunc
1744 2341 1876 2378 modum
1909 2342 2000 2379 fuisse
2034 2345 2225 2390 scripturum
2255 2349 2345 2391 (Ις)
2369 2362 2378 2384 ;
2408 2354 2446 2383 In

1440 2383 1583 2428 Africa,
1605 2394 1662 2420 aut
1675 2385 1777 2429 sicubi
1792 2386 1967 2430 scorpiones
1993 2388 2072 2433 sunt
2093 2391 2181 2424 noxii
2201 2390 2212 2432 ,'
2250 2394 2445 2428 Cornelium

1439 2438 1545 2463 autem
1568 2428 1699 2464 Celsum
1720 2428 1776 2469 (l)
1806 2431 1890 2465 inter-
1905 2433 2092 2476 peregrina,
2124 2433 2167 2467 (φ
2188 2435 2348 2478 aliquanto
2371 2448 2443 2471 ma-

1435 2473 1487 2520 gis
1506 2470 1648 2516 pestifera
1660 2496 1673 2513 ‚
1694 2484 1789 2522 quam
1812 2473 1985 2516 nostratia,
2009 2475 2187 2521 scorpionis
2210 2490 2362 2514 venenum
2386 2491 2447 2522 po·
2480 2493 2491 2497 “

1438 2517 1570 2550 siturum
1594 2514 1689 2550 fuisse
1713 2514 1727 2548 ?
1759 2516 1901 2552 Posuisse
1924 2528 2028 2553 autem
2052 2542 2062 2558 ,
2086 2531 2151 2554 non
2174 2521 2261 2565 quod
2281 2522 2410 2567 scorpio
2434 2549 2445 2564 ,

1438 2557 1488 2593 sed
1509 2559 1596 2602 quod
1618 2559 1808 2607 perniciosus
1831 2561 1959 2605 scorpio
1981 2562 2073 2597 esset'
2081 2567 2261 2607 peregrinus
2272 2567 2354 2601 mihi
2375 2567 2449 2609 qui-

1438 2601 1509 2636 dem
1532 2603 1589 2637 illa
1611 2614 1676 2646 ejus
1699 2603 1790 2637 verba
1813 2604 1881 2646 post
1903 2606 1988 2639 varia
2019 2606 2170 2641 recensita
2201 2609 2338 2643 remedia
2371 2610 2449 2644 satis

1439 2646 1586 2681 videntur
1608 2647 1746 2681 indicare
1765 2649 1780 2686 (
1792 2648 1851 2687 *).·
1875 2649 2009 2691 Cognovi
2029 2656 2134 2684 tamen
2146 2652 2284 2685 Medicos
2298 2676 2308 2693 ‚
2332 2654 2386 2696 qui
2407 2652 2448 2687 ab

1434 2688 1594 2732 scorpione
1617 2690 1691 2724 mis
1711 2688 1793 2724 nihil
1813 2689 1920 2732 aliud,
1949 2702 2043 2734 quam
2066 2703 2104 2728 ex
2124 2693 2250 2728 brachio
2266 2693 2449 2740 sanguinem

1440 2733 1609 2776 miserunt.
1633 2734 1725 2767 Loco
1747 2742 1873 2772 autem,
1898 2745 1962 2768 non
1989 2745 2151 2778 tempore,
2187 2748 2203 2770 a
2226 2739 2320 2773 nobis
2351 2737 2449 2774 dista-

1439 2775 1493 2809 bat
1516 2776 1635 2812 Redius
1648 2799 1658 2815 ,
1680 2775 1837 2820 distatque
1859 2778 2021 2817 Gentius,
2043 2780 2167 2814 Medici
2190 2781 2283 2816 ambo
2293 2783 2446 2818 Etrusci.

1441 2820 1592 2862 Qorum
1614 2820 1735 2865 primus
1756 2823 1845 2862 (m)
1867 2821 1950 2857 idem
1973 2822 2060 2866 quod
2083 2823 2206 2858 Plinius
2226 2847 2240 2865 ,
2269 2825 2446 2861 affirmabat

1441 2873 1608 2906 propterea
1631 2864 1718 2908 quod
1741 2866 1860 2899 centies
1882 2866 2005 2901 viderat
2027 2865 2098 2900 scor
2123 2867 2230 2903 iorum
2263 2868 2445 2904 venditores

1439 2908 1538 2941 nudas
1562 2919 1671 2943 manus
1693 2910 1727 2942 in
1750 2907 1890 2943 sacculos
1912 2908 2044 2943 inserere
2066 2910 2090 2942 ii
2107 2910 2178 2945 dem
2202 2911 2332 2954 plenos,
2346 2917 2378 2949 δι
2392 2913 2448 2948 sae·

1438 2961 1477 2993 pe
1500 2951 1582 2986 iet-tus
1605 2953 1644 2986 ab
1665 2954 1707 2986 iis
1729 2950 1843 2985 referre
1863 2975 1877 2993 ‚
1907 2963 2004 2996 neque
2026 2963 2165 2996 unquam
2186 2978 2200 2996 ‚
2236 2957 2359 2990 tametsi
2381 2956 2448 2990 fer.

1437 3004 1528 3028 vente
1549 2996 1691 3031 canicula
1713 2995 1784 3030 haec
1807 2994 1937 3036 fierent,
1958 3007 2030 3031 cum
2042 2995 2116 3035 ullo'
2130 2998 2180 3031 vel
2203 2999 2341 3032 minimo
2362 3010 2444 3035 con..

1438 3035 1584 3080 sequente
1603 3040 1716 3074 veneni
1737 3037 1880 3073 indicio.
1903 3040 1996 3073 Alter
2017 3043 2087 3081 (n)
2110 3040 2341 3084 ascorpionum
2363 3044 2442 3077 ic'ti-

1438 3082 1496 3116 bus
1520 3080 1638 3117 funesta
1661 3083 1741 3119 mala
1764 3081 1828 3116 fere
1852 3093 1916 3116 non
1937 3084 2040 3125 oriri,
2062 3081 2121 3116 nisi
2142 3085 2175 3117 in
2207 3084 2323 3119 Africa
2349 3111 2358 3120 .
2387 3087 2441 3121 Ab

1437 3124 1531 3158 Italis
1552 3127 1638 3161 enim
1650 3126 1784 3169 scorpiis
1806 3125 1888 3164 istos
1911 3127 2034 3170 aliquos
2057 3126 2117 3160 esse
2138 3127 2267 3171 quidem
2279 3138 2446 3170 mortuosff,

1438 3168 1489 3203 sed
1513 3181 1609 3212 pauca
1633 3171 1805 3207 admodum
1827 3169 1866 3202 ab
1890 3181 1995 3205 rerum
2017 3179 2136 3210 naturae
2159 3171 2377 3216 Scriptoribus
2409 3185 2441 3207 e-

1439 3214 1579 3260 jusmodi
1604 3214 1715 3249 referri
1738 3214 1902 3255 exempla.

1486 3269 1538 3303 24.
1568 3261 1648 3295 Duo
1690 3258 1755 3293 Vir
1797 3257 1851 3291 ille
1880 3258 2035 3295 Erudirus
2078 3256 2230 3302 producit
2252 3280 2263 3296 ,
2308 3259 2444 3294 alterum

2364 3313 2403 3337 ex

1259 3570 1274 3598 (
1290 3576 1306 3600 y
1325 3568 1333 3598 )
1348 3570 1429 3595 ’ri-ast.
1445 3569 1474 3594 de
1491 3570 1598 3596 Venenis
1613 3571 1690 3595 Tent.
1708 3580 1733 3602 ς.

1181 3600 1195 3628 (
1209 3599 1225 3624 b
1240 3600 1249 3630 J
1265 3602 1301 3624 De
1316 3601 1407 3626 Medic.
1423 3601 1440 3626 1.
1459 3609 1481 3631 ς.
1500 3609 1521 3627 c,
1538 3610 1576 3631 ²7.
1592 3608 1618 3625 n·
1634 3608 1684 3626 Ios

1429 3632 1437 3658 (
1456 3639 1467 3655 e
1482 3631 1496 3660 )
1514 3639 1544 3656 ex
1559 3632 1639 3661 Satyr.
1656 3633 1674 3655 1.
1692 3639 1730 3662 30.
1747 3639 1772 3656 n.
1787 3639 1825 3661 ²3.

1328 3661 1342 3690 (
1357 3662 1372 3686 h
1387 3662 1401 3690 )
1418 3662 1500 3690 opere
1516 3662 1562 3687 Fis.
1577 3661 1649 3686 Med.
1664 3663 1742 3688 Tem.
1758 3669 1780 3686 ι.
1798 3664 1827 3686 Ρ.
1843 3669 1868 3687 1.

1643 3690 1659 3722 (
1673 3691 1688 3707 ⁷<
1705 3694 1718 3724 2
1735 3691 1800 3719 lbid.
1814 3699 1839 3718 n.
1856 3700 1882 3723 ς.
