2498 4075
362 189 586 255 Epistola
623 190 791 242 Anat.¹
821 188 1036 247 Medica
1072 192 1140 244 X,
1177 189 1299 241 Ait.
1332 205 1379 254 4.
1418 203 1459 249 5.
1494 191 1540 241 6.
1574 205 1619 252 7.
1654 190 1710 242 ὃ(
1745 187 1790 240 8.

85 267 127 301 (φ
147 264 180 298 in
202 264 283 298 alias
299 263 554 309 figuram-quam
575 266 608 298 in
631 272 695 299 tres
716 273 910 301 enumeratas
928 289 941 307 ,
962 266 1076 301 videli-

81 318 129 341 cet
153 316 188 340 ut
211 317 263 340 aut
287 310 362 341 recti
388 308 472 348 fint,
496 317 548 342 aut
572 308 748 342 anti-orsum
769 311 891 342 curvati
912 331 920 346 ‚
951 320 1005 343 aut
1029 321 1076 343 re-

84 349 223 383 trorsum
246 351 319 385 flexi
334 363 530 393 ,·>nunquam
554 362 659 396 autem
682 352 902 392 dextrorsum,
925 363 978 385 aut
1001 352 1075 385 sini-

82 393 252 427 strorsum.
388 394 487 435 Qod
519 393 729 429 auum-hunc
763 405 904 429 teramum
928 407 983 437 per
1016 397 1075 429 ali-

87 445 167 480 quot
190 437 256 470 dies
279 437 418 471 faucium
442 437 589 480 praeceffit
613 439 851 472 incommodum
877 462 889 478 ,
923 449 998 472 num
1020 439 1077 479 sub

85 491 124 513 eo
147 480 243 513 latuit
267 481 361 523 ipsius
395 484 492 514 tctani
518 480 688 519 initium„>
721 483 771 515 Sic
792 483 878 515 enim
914 481 997 515 hunc
1019 482 1086 522 alia

88 524 209 565 quoties
233 523 458 557 animadvertit
484 523 652 566 Wepferus
675 547 684 562 ,
719 534 754 558 ut
778 526 810 557 in
845 524 987 562 Sestione
1020 524 1078 558 hac

86 567 100 604 (
122 565 171 606 c)
197 568 393 610 Sepulchreti
419 567 521 610 leges,
545 569 576 599 in
598 567 752 609 principio
772 567 850 610 gulae
872 568 1082 610 incipientem

86 619 160 642 cum
182 612 311 651 quadam
343 609 531 652 deglutiendi
554 609 735 653 difficultate
754 634 767 651 ‚
799 622 893 652 quam
918 612 1012 645 tertio
1034 612 1083 644 die

86 652 269 686 manifestus
290 652 467 694 excipiebat
493 661 634 686 tetanus.
767 656 867 686 Porro
890 655 1008 688 multus
1032 654 1082 687 su-

87 695 147 728 dor
168 697 223 738 qui
247 707 400 738 perpetuo
422 695 579 738 profluxit
600 699 633 730 in
657 707 694 728 eo
713 697 857 739 Juvene,
880 708 955 730 num
979 697 1012 730 id
1037 698 1082 729 le-

86 739 223 771 vaminis
247 739 376 777 attulit,
400 749 435 773 ut
458 750 567 780 manus
582 761 590 776 ,
613 738 763 781 pedesque
786 738 934 774 nonnihil
958 740 1081 773 moveri

87 780 277 824 coeperint?
312 783 389 815 Sane
425 783 559 815 Boutius
583 794 594 821 5
621 781 710 824 ,quod
735 784 768 815 in
802 783 909 816 eadem
942 784 1086 817 Sectione

90 828 103 864 (
124 825 177 867 d)
200 825 304 857 videas
327 838 336 863 3
370 827 561 868 experientia
587 824 717 859 edoetus
743 826 825 868 apud
849 825 946 859 Indos
965 850 977 866 ,
1007 837 1086 869 quos

90 871 174 901 inter
197 891 209 907 ,
241 867 334 910 hujus
358 870 478 910 generis
511 868 629 911 malum
654 880 740 912 aeque
771 868 925 902 familiare
949 869 1020 909 est,
1055 880 1089 902 ac

93 910 169 947 alibi
194 923 296 944 rarum
317 935 324 948 ,
357 915 439 945 inter
461 922 571 945 caetera
595 912 808 946 ⁴commendat
841 924 909 955 qua:
945 910 1091 946 sudorem

91 964 256 988 moveant.
282 953 341 987 Sed
365 955 418 988 hic
441 954 568 995 fortaffe
593 956 707 996 utilior
729 955 770 989 est
791 967 863 988 cum
887 953 1014 988 affectio
1027 955 1086 988 fri-

91 998 164 1039 gori
189 997 326 1031 successit
351 1002 375 1039 ,‘
398 1001 451 1032 cui
475 1009 590 1040 temere
613 998 801 1035 calefactum
823 1009 939 1041 corpus
963 998 1087 1040 exposi-

92 1051 162 1074 tum
185 1040 307 1080 fucrit,
330 1051 366 1075 ut
390 1042 423 1073 in
447 1043 552 1076 milite
574 1053 666 1083 quem
679 1051 834 1075 memorat
856 1046 870 1081 (
891 1053 906 1075 e
928 1044 1016 1082 >per
1039 1043 1088 1074 in-

92 1093 210 1126 tegram
234 1084 351 1118 nossem
377 1084 496 1119 ebrium
519 1086 551 1118 in
567 1085 635 1129 solo
658 1085 847 1130 decubuisse,
870 1086 903 1117 in
927 1084 1090 1126 tribusque

93 1129 164 1161 aliis
185 1150 193 1164 ‚
218 1138 298 1169 quos
323 1129 445 1160 Patavii
469 1129 535 1162 scio
555 1152 567 1169 ,
599 1139 672 1162 cum
695 1140 781 1160 mero
801 1129 938 1160 calentes
961 1126 1090 1170 frigida:

94 1171 124 1204 se
147 1182 227 1203 aurae
251 1170 496 1211 commisissent,
519 1172 635 1214 pariter
658 1170 779 1213 rigidos
803 1169 858 1204 esse
881 1171 982 1204 factos
1004 1193 1013 1208 ,
1038 1182 1092 1213 pa-

92 1216 233 1256 riterque
258 1214 342 1249 intra
366 1222 501 1256 quatuor
522 1215 609 1253 dies,
636 1226 718 1257 :egre
739 1226 804 1248 uno
827 1215 998 1254 evadente,
1022 1226 1090 1257 per-

92 1255 159 1290 iisse
181 1280 192 1297 ,
224 1255 496 1299 quemadmodum
531 1269 584 1300 per
621 1258 887 1299 supervenientem
920 1258 1093 1300 malignam

95 1299 217 1334 febrem
242 1302 268 1332 is
292 1311 368 1342 puer
390 1301 504 1341 evasit,
527 1313 619 1344 quem
644 1301 764 1335 ibidem
796 1299 880 1344 (f)
913 1301 1035 1335 videbis
1057 1311 1095 1334 ex

91 1343 246 1388 suppreffo
262 1342 374 1386 sudare
397 1344 428 1377 in
448 1344 636 1388 paroairsmo
661 1342 775 1387 febrili
798 1345 830 1376 in
864 1353 1007 1378 tetanum
1032 1345 1096 1386 ple-

95 1389 265 1429 rarumque
289 1388 428 1429 partium
451 1388 613 1422 incidisse.
639 1388 767 1420 Scilicet
778 1388 992 1429 Hippocratis
1015 1399 1097 1429 prae-

97 1431 276 1464 diffitionem
299 1433 353 1473 (g
374 1434 389 1471 )
412 1430 535 1464 hiduo
558 1442 621 1463 non
648 1430 732 1464 secus
766 1442 799 1463 ac
824 1431 874 1463 illi
897 1454 909 1471 ‚
943 1434 974 1464 δε
999 1431 1096 1464 ferme

95 1476 192 1507 etiam
211 1474 344 1519 Juvenis
378 1484 444 1517 quo
465 1474 504 1508 de
527 1475 691 1517 loquimur
710 1497 722 1513 ‚
753 1484 932 1516 quanquam
955 1474 1012 1507 alii
1038 1475 1097 1507 ali-

94 1529 165 1557 ter,
189 1517 459 1559 comprobarunt,
483 1529 577 1560 quam
600 1518 769 1550 Cornelius
792 1517 903 1550 Celsus
926 1521 939 1557 (
961 1517 981 1550 h
1002 1522 1016 1557 )
1054 1517 1095 1551 ad

95 1561 180 1595 hunc
205 1560 339 1593 modum
363 1559 505 1593 reddidit
529 1573 536 1592 :
570 1564 615 1592 Ea
638 1561 718 1593 mala
735 1559 814 1602 saepe
837 1560 921 1593 intra
945 1569 1093 1603 quartum

84 1606 176 1639 *diem
201 1602 316 1637 tollunt
340 1617 349 1635 .·
367 1602 395 1645 fi
418 1602 497 1647 hunc
521 1602 683 1646 eraserunt
702 1626 714 1644 ,
742 1602 808 1645 fine
829 1604 966 1645 periculo
982 1603 1059 1646 sunt
1083 1629 1090 1635 .

96 1648 188 1683 Alibi
214 1655 317 1679 tamen
341 1644 434 1688 hujus
459 1646 563 1678 morbi
588 1645 684 1680 finem
708 1647 835 1688 longius
861 1647 1094 1689 Hippocratem

95 1687 265 1726 distulisse,
288 1688 510 1722 animadvertit
536 1689 743 1724 Dofflffimus
768 1691 954 1723 Swietenius
977 1693 990 1729 (
1013 1691 1026 1724 i
1046 1694 1060 1731 .)
1084 1714 1097 1731 ‚

96 1736 151 1778 qui
174 1732 363 1766 dilationem
388 1731 468 1765 hanc
493 1744 723 1775 nonnunquam
748 1732 886 1765 accidere
910 1755 918 1770 ‚
952 1744 1097 1767 accurate

96 1779 209 1819 scripta
226 1802 234 1815 ‚
261 1779 288 1809 δέ
317 1777 349 1809 in
373 1777 535 1809 nonnullis
565 1787 638 1810 cum
660 1775 720 1810 hac
744 1776 900 1809 Valsalvae
934 1775 1100 1810 conferen-

95 1822 132 1856 da
147 1845 160 1862 ,
183 1821 283 1852 tetani
309 1818 541 1852 Observatione
563 1818 784 1854 confirmavit.
934 1822 938 1826 ”

141 1876 173 1906 4.
197 1862 323 1897 Rubras
356 1872 459 1896 autem
483 1863 620 1897 maculas
641 1888 650 1904 ‚
688 1874 758 1905 quae
791 1862 902 1896 multae
938 1863 1099 1898 cadaveris

94 1917 205 1943 cutem
228 1904 422 1946 foedabant,
448 1917 484 1939 an
510 1906 679 1940 secundum
706 1905 893 1940 Boerhaavii
920 1906 972 1948 (1⁴x
994 1911 1007 1947 )
1031 1907 1100 1949 pla-

97 1953 161 1990 cita
186 1961 225 1983 ex
247 1961 285 1983 eo
307 1948 441 1983 deduces
463 1949 552 1992 quod
577 1949 709 1992 musculi
738 1950 835 1983 nimis
858 1950 953 1991 rigidi
971 1950 1100 1992 sanguia

95 2006 165 2030 nem
187 1992 387 2028 excludebant
406 2015 414 2031 ‚
440 1992 526 2036 isque
551 2002 714 2036 propterea
748 1991 933 2038 suchutem
956 2005 1017 2036 qua
1041 1995 1102 2026 mi-

103 2050 162 2072 nus
185 2035 294 2070 resistit
318 2035 467 2070 cellulosa
492 2038 634 2076 tunica,
667 2036 695 2069 se
719 2035 748 2068 se
770 2034 992 2070 effundebat?
1026 2047 1100 2070 nam

96 2082 288 2125 pulmonum
311 2079 407 2113 rubor
423 2103 435 2119 ,
459 2078 545 2123 isque
567 2079 605 2113 ad
628 2078 758 2113 dorsum
781 2081 902 2122 magis,
928 2078 1101 2122 praesertim

97 2136 169 2160 curn
192 2124 318 2166 sanguis
340 2124 439 2160 etiam
461 2123 530 2165 post
553 2133 692 2156 mortem
717 2122 992 2156 suum·conservat
1018 2122 1102 2155 fluo-

96 2180 183 2206 rem,
208 2168 313 2201 minus
337 2164 432 2201 habet
445 2166 686 2200 admirationis.
709 2198 712 2199 γ
822 2165 881 2211 Ob
892 2164 957 2207 ejus
977 2175 1101 2205 autem,

101 2224 118 2246 a
138 2210 292 2246 musculis
315 2208 456 2249 exclusi,
476 2209 605 2243 'moram
629 2209 681 2243 hic
705 2208 774 2240 illic
798 2219 974 2250 majorem,
998 2210 1103 2240 mino-

103 2266 207 2291 remve
233 2277 246 2294 ‚
279 2252 464 2287 faciliorem
488 2264 593 2294 aqueae
620 2252 720 2294 partis
754 2251 962 2285 secretionem
986 2250 1104 2285 faecim

98 2298 280 2339 intelliges,
306 2294 388 2328 unde
405 2295 569 2336 ,plurimus
593 2295 647 2327 ille
669 2293 762 2327 sudor
779 2316 788 2332 ,
814 2296 845 2325 δέ
871 2295 987 2327 iucava
1011 2293 1103 2333 haec,

100 2351 155 2375 aut
180 2341 237 2373 illa
265 2339 324 2372 seri
348 2336 479 2372 effusio:
504 2337 560 2372 nisi
585 2337 647 2371 hoc
660 2339 760 2370 mavis
785 2337 830 2370 ibi
841 2337 1012 2371 collec‘tum
1036 2349 1103 2370 cre-

102 2384 174 2418 dere
197 2384 258 2415 viis
282 2393 336 2424 per
359 2393 434 2424 quas
458 2380 596 2415 recedere
606 2378 778 2426 debuisset,
800 2380 1001 2414 convulsione
1025 2392 1103 2413 con-

99 2427 233 2461 traffiffis.
258 2423 358 2463 Quod
379 2422 403 2457 fi
427 2423 510 2458 haud
535 2425 610 2457 alias
632 2423 724 2457 fuisse
747 2423 875 2462 causas,
901 2423 1066 2464 suspicaris
1090 2448 1099 2463 ,

100 2471 143 2504 ob
166 2480 241 2512 quas
265 2468 365 2502 serum
387 2466 425 2499 fit
449 2468 482 2499 in
507 2467 634 2500 cerebro
666 2478 796 2509 quoque
822 2467 1074 2501 animadversum
1087 2492 1105 2508 ,-

99 2513 234 2556 ideoque
256 2522 316 2554 pro
338 2511 439 2543 tetani
462 2508 573 2544 effeciu
590 2535 601 2550 ,
625 2521 688 2551 uon
714 2521 772 2551 pro
782 2509 894 2550 causa,
917 2509 1098 2544 habendum

99 2555 227 2596 videri,
248 2552 423 2598 praesertim
446 2563 520 2586 cum
545 2564 736 2596 perpaucum
759 2552 887 2594 fuerit,
910 2556 942 2587 &
965 2557 997 2586 in
1023 2555 1100 2586 alte-

100 2612 138 2634 ro
168 2598 334 2632 dumtaxat
370 2597 550 2630 ventriculo
583 2595 840 2640 deprehensum5
875 2595 925 2630 fac
949 2596 1039 2632 simul
1064 2600 1097 2631 in

100 2652 240 2677 mentem
263 2641 392 2680 veniat,
415 2639 476 2674 hoc
500 2649 604 2673 tamen
629 2638 718 2674 fuisse
744 2639 879 2677 salsum3
903 2653 974 2683 quse
1000 2654 1045 2676 res
1065 2643 1103 2679 de

104 2684 273 2730 pericardii
289 2708 302 2724 ,
323 2686 355 2717 &
377 2682 521 2717 thoracis
545 2684 612 2717 sero
634 2684 768 2717 minime
793 2696 808 2716 a
833 2684 982 2717 Valsalva
1007 2686 1103 2721 adno-

101 2738 168 2764 tata
192 2728 254 2767 est3
277 2730 309 2760 &
332 2725 508 2770 majorem,
532 2737 585 2762 aut
608 2737 692 2760 certe
715 2737 889 2759 extremam
909 2726 1002 2771 hujus
1026 2742 1104 2764 con..

101 2771 253 2808 vulfionis
276 2771 342 2803 vim
365 2771 399 2803 in
417 2772 524 2811 valtero
548 2770 745 2816 potiffimum
767 2771 1025 2813 corporislatere
1049 2786 1105 2817 ap-

98 2813 252 2861 paruisse.

146 2868 176 2900 5.
201 2857 360 2891 VIRGO
383 2857 490 2891 eadem
514 2857 610 2891 ferme
643 2867 737 2891 :etate
761 2870 796 2895 ac
820 2858 947 2899 Iuvenis
978 2856 1015 2892 de
1038 2872 1104 2903 quo

104 2900 228 2935 dietum
255 2898 296 2932 est
311 2921 323 2939 ‚
355 2898 440 2934 febre
462 2911 552 2935 aenta
576 2902 720 2936 laborans
741 2923 750 2938 ‚
778 2896 986 2935 'co'nvulfione
1016 2905 1119 2937 circa.

100 2944 187 2978 diem
212 2943 382 2984 septimum
406 2946 581 2987 corripitur
596 2968 608 2984 ,
631 2954 666 2978 ut
691 2945 884 2986 interrogata
909 2943 1010 2977 rideat
1034 2947 1098 2980 sar-

101 2988 203 3021 donio
225 2985 322 3021 risu..-
355 2996 460 3025 motus
482 2998 587 3021 autem
611 2986 786 3022 convulsivi
810 2988 881 3020 sunt
908 2986 985 3021 adeo
1004 2991 1097 3023 vehe-

100 3040 222 3065 mentes
244 3052 255 3068 ‚
292 3037 329 3063 ut
351 3031 484 3065 vinculis
507 3033 540 3064 in
576 3032 660 3065 lec0to
685 3030 795 3064 debeat
820 3032 949 3063 retineri
980 3056 987 3063 .
1024 3034 1098 3066 Hos

103 3083 213 3108 motus
236 3073 415 3115 comitatur
437 3074 588 3108 delirium
611 3100 617 3106 .

100 3127 174 3151 ante
196 3125 335 3150 mortem
358 3115 440 3154 hora
458 3120 666 3160 quieverunt.-
689 3130 783 3161 quae,
808 3117 904 3150 auLOto
926 3117 1098 3161 semperla-

101 3159 235 3195 borioso
259 3157 434 3201 respirandi,
456 3171 600 3204 conatu,
622 3162 675 3194 die
702 3172 785 3194 nona
810 3162 972 3203 contigit.

99 3205 131 3238 E
153 3203 425 3238 CADAVERIS
449 3214 518 3237 aure
539 3204 666 3239 dextera
689 3206 818 3247 paulum
843 3203 900 3237 seri
924 3203 1099 3245 emanasse,

101 3245 354 3281 animadversum
378 3244 420 3278 est
442 3269 449 3277 .
484 3248 659 3282 Cerebrum
685 3258 789 3281 autem
824 3249 957 3281 omuino
989 3248 1097 3281 sanum

103 3290 190 3324 fuit:
213 3300 321 3335 neque⁴
337 3287 425 3321 aliud
449 3289 636 3325 adnotat-um
659 3291 721 3331 est,
745 3290 801 3325 nisi
826 3291 903 3324 dum
913 3289 1019 3325 Crassa
1029 3303 1095 3324 rne-

99 3336 179 3367 ninx
202 3331 390 3375 quibusdam
410 3332 512 3378 locis,
531 3345 546 3366 a
567 3336 702 3368 calvaria
728 3334 913 3375 avellendo,
937 3334 1095 3367 laceraba-

98 3386 153 3411 tur
177 3399 189 3417 ,
213 3375 380 3409 nonnullas
411 3376 468 3408 {eri
491 3376 617 3419 erupisse
639 3387 746 3420 guttas
769 3401 782 3419 ‚
813 3381 845 3411 &
868 3389 883 3410 e
906 3377 1098 3420 quibusdam-

98 3421 244 3454 minimis
258 3442 271 3458 ,
294 3430 364 3462 quae
385 3416 471 3460 forte
480 3419 754 3462 disrumpebantur
766 3446 776 3463 ‚
798 3419 874 3454 vasis
889 3420 1094 3464 sanguinem,

99 3464 204 3498 multo
225 3462 366 3497 dilutum
384 3461 451 3494 sero
464 3489 473 3503 ,
496 3461 666 3497 effluxisse.
802 3466 840 3497 In
863 3465 1026 3497 Thoracis
1043 3476 1093 3497 ca-

101 3518 145 3540 vo
168 3505 299 3540 dextero
323 3528 335 3547 ,
357 3504 446 3549 cujus
469 3506 582 3550 pulmo
603 3506 705 3546 sterno
728 3532 742 3551 ,
775 3510 806 3541 &
830 3507 923 3541 costis
958 3519 974 3541 a
997 3509 1094 3542 latere

653 3075 777 3108 Omnia
810 3073 876 3107 haec
910 3083 1014 3108 tamen
1037 3088 1097 3110 una
1119 3094 1123 3099 ·

1128 263 1326 301 adhaerebat‚
1349 267 1426 300 οὲὶο
1445 289 1457 306 ‚
1479 274 1535 305 ¹aut
1557 274 1669 298 novem
1692 263 1750 298 seri
1773 264 1875 298 unciae
1899 263 2079 304 stagnabant
2104 276 2118 294 :-

1126 308 1204 351 quin
1224 306 1328 341 eidem
1349 309 1494 351 pulmoni
1516 320 1578 353 qua
1607 307 1792 341 claviculam
1817 306 1973 349 [perstabat
1993 329 2001 344 ‚
2034 316 2119 339 exte-

1127 353 1192 384 rius
1213 350 1356 393 quaedam
1379 354 1509 385 materia
1532 360 1725 390 accreverat,
1749 349 1859 384 mediae
1882 351 1964 382 inter
1987 349 2115 392 pingue«

1127 393 1235 427 dinem
1255 417 1267 433 ‚
1298 397 1330 432 ὃς
1349 394 1549 439 gelatinosam
1571 394 1807 435 concretionem
1832 400 1949 426 naturae
1970 416 1982 433 ,
2015 391 2118 434 qual's

1129 436 1289 471 interdum
1322 438 1356 472 in
1379 437 1633 479 hydropicorum
1665 448 1744 478 aqua
1766 444 1853 469 natat
1874 460 1883 475 ,
1919 445 1956 470 ut
1980 435 2119 477 suspicio

1129 479 1223 520 esset,
1248 481 1353 523 aliqua
1378 478 1505 514 fortasse
1524 505 1537 521 ,
1559 489 1628 515 ante
1652 478 1736 512 hunc
1759 480 1910 512 morbum
1935 502 1946 519 ‚
1981 477 2120 512 thoracis

1131 522 1299 557 affeftione'
1320 523 1487 564 Virginem
1511 521 1657 559 laborasse
1672 546 1679 552 -
1706 522 1869 565 Polyposae
1879 523 2095 555 concretiones
2109 543 2120 560 ‚

1131 565 1217 609 quasi
1240 567 1327 600 muci
1345 567 1439 599 instar
1464 592 1473 606 ‚
1502 567 1631 609 fingulae
1652 565 1781 609 singulis
1803 564 1908 598 cordis
1939 564 2150 603 ventriculis.

1133 612 1282 648 inerant,
1307 610 1408 651 major
1430 618 1533 643 tamen
1557 610 1707 648 dextero,
1730 620 1826 652 quam
1847 605 1992 641 finistro.
2076 649 2086 654 -

1175 657 1204 686 6.
1229 651 1297 685 Etsi
1322 664 1384 685 non
1407 652 1547 685 diffiteor
1566 676 1578 693 ,
1600 661 1666 686 tarn
1689 652 1924 686 vehementium
1948 650 2130 683 convulsio-.

1133 709 1208 730 num
1230 696 1349 729 causam
1375 696 1501 738 prorsus
1524 696 1619 729 latere
1643 694 1777 739 potuisse
1798 708 1809 734 3
1841 704 1896 727 nec
1919 691 2000 727 illud
2022 702 2128 725 tamen

1137 740 1338 782 negaverim,
1364 738 1499 781 potuisse
1523 740 1689 772 nonnullas
1713 740 1784 772 illas
1806 738 1993 778 seri.guttas
2017 747 2049 769 ea
2074 746 2127 769 na-

1137 793 1206 817 tura
1229 782 1308 820 esse,
1331 792 1367 815 ut
1378 784 1501 815 Duram
1526 782 1916 824 meningemvehernenter
1938 780 2126 812 irritarent.

1137 828 1253 868 Neque
1277 829 1360 858 enirn
1384 837 1422 858 ex
1444 827 1550 866 mole,
1575 825 1625 859 sed
1649 837 1687 858 ex
1709 827 1739 857 vi
1765 827 1963 862 irritamenta
1976 821 2131 856 aestiman-
2154 845 2159 849 -

1135 870 1175 902 da
1200 868 1279 908 csse,
1303 871 1437 901 Litteris
1462 868 1676 910 superioribus
1699 871 1712 907 (
1734 868 1746 901 l
1767 872 1781 909 )
1802 866 1956 914 ostensum
1968 864 2032 901 est,
2058 866 2131 898 Nec

1137 917 1206 945 iane
1229 913 1490 947 commentitium
1515 911 1578 952 est,
1606 912 1704 945 serum
1727 912 1759 944 in
1783 911 1875 954 hujus
1889 911 2008 951 generis
2032 919 2134 951 aegro-

1140 957 1278 989 tantium
1289 955 1416 987 cerebro
1426 953 1676 995 deprehensum,
1697 953 1853 998 ejusmodi
1875 953 1932 986 esse
1947 978 1956 994 ,
1979 961 2016 986 ut
2038 959 2135 995 queat.

1140 1001 1285 1037 irritare3
1309 998 1437 1040 quando
1461 998 1572 1031 salsum
1595 1000 1760 1032 inventum
1783 996 1839 1031 esse
1861 1019 1870 1034 ‚
1891 1008 1965 1030 cum
1988 998 2140 1038 explora-,

1141 1052 1212 1077 rum
1234 1040 1450 1084 gustandoest
1466 1064 1477 1080 ,
1501 1045 1533 1074 &
1557 1041 1732 1083 praecedens
1754 1040 1847 1074 docet
1868 1039 1996 1073 historia
2010 1063 2019 1078 ‚
2042 1042 2073 1071 δε
2096 1039 2137 1070 il-

1142 1086 1178 1118 lae
1201 1082 1396 1117 confirmant
1427 1095 1503 1125 quas
1528 1083 1624 1117 habes
1658 1085 1691 1116 iu
1715 1083 1921 1125 Sepulchreto
1956 1086 1969 1121 (
1990 1092 2021 1114 m
2044 1079 2137 1123 >seri

1132 1128 1208 1172 salsi
1231 1128 1350 1160 indicia
1374 1126 1565 1170 proferentes
1584 1152 1592 1166 ,
1623 1127 1692 1159 imo
1724 1134 1883 1169 repertum
1918 1129 1928 1164 (
1953 1135 1972 1157 n
1994 1127 2007 1163 )
2034 1122 2141 1166 serum

1143 1182 1212 1205 acre
1236 1172 1278 1203 &r
1294 1169 1506 1212 salfiiginemn
1526 1192 1535 1207 ‚
1560 1171 1611 1212 (o
1633 1169 1768 1212 >serum
1783 1168 1904 1211 salsum
1926 1191 1938 1209 ,
1971 1169 2025 1209 (p
2046 1170 2059 1206 )
2082 1165 2141 1199 hu-

1142 1225 1256 1248 morem
1273 1214 1411 1257 serosam
1423 1236 1435 1252 ,
1457 1214 1513 1255 qui
1539 1215 1653 1247 acriter
1675 1212 1814 1255 linguam
1836 1210 1995 1245 mordebat
2017 1233 2024 1241 .
2063 1209 2141 1242 Huc

1146 1257 1224 1290 adde
1247 1266 1341 1300 qua‘m
1362 1257 1501 1299 Joannes
1526 1257 1745 1291 Saltzmannus
1768 1259 1782 1295 (
1805 1265 1824 1297 q
1845 1259 1859 1295 >
1881 1253 1982 1287 edidit
2004 1277 2014 1294 ,
2044 1253 2143 1300 Juve-

1147 1302 1220 1341 nis,
1243 1302 1297 1343 qui
1321 1298 1566 1341 convulfionibns
1586 1297 1774 1342 gravzffimis
1796 1296 1963 1331 consectus
1983 1319 1996 1336 ,
2019 1293 2144 1344 notabi-

1147 1344 1207 1378 lem
1223 1342 1316 1386 firofi
1338 1342 1476 1376 humoris
1499 1343 1617 1383 copiam
1634 1341 1694 1385 sub
1719 1343 1794 1375 dura
1818 1348 1917 1375 matre
1939 1364 1951 1381 ‚
1980 1339 2076 1383 solito
2099 1346 2148 1371 te-

1146 1388 1276 1426 nuiore,
1299 1385 1413 1419 habuit
1438 1397 1472 1417 ea
1495 1386 1654 1423 acredine,
1678 1395 1713 1418 ur
1738 1385 1827 1417 illam
1851 1386 2050 1427 meningem‚
2075 1380 2149 1431 sub-

1147 1429 1322 1473 jecsamque
1355 1428 1412 1472 ipsi
1438 1430 1626 1462 interiorem
1660 1428 1870 1461 additamenti
1894 1427 1963 1460 offis
1988 1426 2146 1467 ,occipitis

1148 1475 1300 1506 laminam
1332 1473 1460 1506 exedere
1480 1495 1489 1509 ,
1520 1473 1589 1505 imo
1621 1472 1806 1505 inferiorem
1837 1482 1962 1513 quoque
1992 1467 2150 1512 perforare

1149 1518 1293 1559 potuerit
1314 1539 1323 1553 ,
1363 1515 1466 1558 sicque
1489 1516 1612 1556 exitum
1644 1514 1702 1547 sibi
1724 1526 1739 1546 e
1762 1514 1865 1547 cranii
1889 1524 1981 1546 cavea
2004 1521 2113 1555 parare
2138 1534 2149 1542 .

1143 1561 1238 1594 Acris
1260 1560 1383 1602 igitur,
1405 1559 1598 1591 irritantisve
1622 1567 1741 1591 naturae
1764 1568 1833 1590 eam
1854 1567 1982 1600 quoque
1994 1554 2154 1598 lympham

1147 1603 1236 1636 fuisse
1251 1629 1259 1642 ‚
1283 1601 1373 1644 cujus
1396 1602 1541 1644 insignem
1565 1603 1597 1634 in
1628 1600 1816 1634 ventriculis
1839 1598 1954 1634 cerebri
1986 1598 2150 1641 quantita-

1147 1655 1209 1679 tem
1239 1645 1382 1679 Michael
1406 1646 1499 1678 Bern.
1534 1644 1725 1678 Valentinus
1759 1646 1772 1682 <
1796 1642 1841 1685 r)
1875 1640 2102 1688 deprehendit·
2118 1641 2154 1672 in

1147 1689 1256 1732 puello
1286 1688 1445 1722 horrendis
1468 1687 1713 1729 convulsione-'bus
1749 1687 1871 1720 tandem
1894 1687 2005 1720 denato
2024 1709 2037 1726 ,
2074 1682 2156 1726 ejus-

1149 1732 1284 1774 demque
1308 1733 1431 1773 generis
1454 1731 1536 1764 illud
1560 1731 1678 1773 pariter
1702 1730 1804 1764 serum
1840 1727 1931 1764 fuisse
1953 1729 2041 1772 quod
2064 1740 2080 1761 a
2104 1737 2155 1760 me

1150 1776 1213 1808 tibi
1237 1777 1270 1808 in
1295 1773 1457 1817 proposita
1480 1796 1488 1810 ‚
1525 1777 1556 1807 δε
1583 1772 1840 1816 subsequentibus
1865 1770 2154 1806 observationibus
2202 1790 2205 1792 -

1156 1827 1352 1852 memoratur
1373 1845 1380 1858 ‚
1406 1818 1502 1858 satis,
1527 1826 1562 1850 ut
1586 1819 1728 1859 opinor,
1749 1815 1918 1849 verisimile
1941 1815 2002 1850 est.

1201 1873 1232 1904 7.
1257 1862 1443 1894 PUELLA
1477 1860 1739 1903 quinquemestris
1764 1858 1849 1894 febre
1871 1883 1883 1900 ‚
1913 1862 1945 1892 δε
1967 1860 2032 1893 alvi
2069 1858 2158 1892 fluxu

1155 1906 1353 1947 corripitur.
1379 1904 1533 1938 Postridie
1557 1903 1655 1937 febris
1674 1903 1843 1937 ‘dumtaxat
1867 1913 2027 1945 permanet
2043 1927 2052 1935 .
2077 1903 2160 1934 Ter-

1152 1951 1203 1982 tio
1227 1947 1278 1981 die
1302 1958 1414 1989 magna
1438 1949 1560 1989 ingruit
1586 1946 1782 1989 superiorum
1801 1947 2067 1980 artuumclonica
2077 1955 2159 1977 con-

1152 1990 1275 2025 vulsio:
1301 2002 1371 2034 quae
1394 1990 1432 2023 ad
1456 1991 1597 2025 thoracis
1629 2002 1755 2034 quoque
1777 1989 1966 2031 posteriores
1998 1988 2158 2022 musculos

1155 2033 1386 2068 extendebatur
1407 2057 1420 2073 ,
1446 2033 1495 2068 sed
1518 2034 1631 2068 leviter
1654 2046 1665 2072 5
1698 2033 1845 2068 levissime
1871 2043 1978 2073 autem
2010 2032 2049 2066 ad
2075 2031 2162 2065 Glu—

1154 2089 1233 2112 taeos
1256 2102 1263 2109 .
1298 2076 1352 2110 Ad
1374 2078 1499 2118 quintisi
1530 2076 1595 2111 diei
1620 2076 1716 2110 finem
1749 2075 1869 2111 remissa
1893 2076 2057 2110 convulfio
2080 2074 2123 2108 est
2149 2087 2160 2114 ς

1156 2133 1210 2164 per
1232 2119 1401 2153 intervalla
1425 2130 1570 2160 tantum,
1593 2121 1684 2154 nullo
1706 2130 1812 2154 autem
1835 2120 1959 2161 modo,
1980 2131 2054 2154 cum
2076 2120 2164 2162 puel-

1156 2166 1186 2197 la
1203 2164 1407 2204 dormiebat,
1431 2164 1461 2198 se
1480 2163 1641 2207 prodens,
1667 2164 1852 2199 succedente
1865 2166 1997 2197 interim
2021 2173 2075 2205 per
2087 2163 2161 2195 uni-

1154 2207 1278 2241 versum
1300 2218 1415 2249 corpus
1439 2208 1553 2241 morbo
1576 2208 1665 2249 regio
1685 2231 1692 2238 .
1825 2207 2047 2241 MORTUAE
2078 2207 2163 2248 cutis

1156 2250 1275 2294 ubique
1290 2275 1298 2290 ,
1322 2249 1373 2282 sed
1397 2250 1570 2293 praesertim
1596 2251 1629 2283 iu
1652 2249 1745 2284 dorso
1772 2273 1785 2291 ,
1808 2251 1941 2286 maculis
1965 2258 2030 2283 erat
2052 2249 2164 2283 distin.

1158 2294 1209 2326 cta
1235 2305 1273 2326 ex
1298 2293 1425 2326 subatro
1449 2293 1652 2327 rubentibus.
1786 2295 1825 2326 In
1850 2295 1972 2326 Ventre
1996 2291 2080 2326 nihil
2106 2293 2163 2327 ad-

1157 2340 1324 2370 notatione
1347 2336 1482 2379 dignum
1503 2333 1614 2380 piaeter
1626 2336 1763 2371 Reetum
1789 2336 1995 2378 intestinum,
2022 2344 2087 2369 atra
2111 2338 2164 2370 ni-

1155 2380 1284 2421 gredine
1307 2379 1484 2414 infecsum.
1615 2382 1654 2412 In
1670 2378 1837 2418 Thorace,
1861 2379 2074 2422 pericardium
2096 2381 2164 2422 ple-

1155 2433 1233 2457 num
1258 2432 1324 2455 erat
1348 2435 1449 2467 aqua,
1472 2435 1566 2466 eaque
1590 2423 1669 2457 flava
1692 2437 1699 2455 :
1738 2423 1846 2456 cordis
1870 2433 1975 2457 autem
2000 2425 2162 2458 ventricu-

1155 2466 1203 2499 lus
1228 2466 1336 2500 dexter
1359 2468 1597 2500 concretionem
1621 2465 1756 2499 habebat
1780 2466 1968 2509 polyposam
1993 2492 2001 2506 ‚
2025 2468 2058 2500 in
2085 2469 2159 2502 Pul-

1152 2521 1313 2542 monarem
1337 2512 1482 2543 arteriam
1507 2510 1740 2551 pertinentem,
1764 2512 1903 2544 concreti
1928 2510 2014 2544 muci
2039 2511 2154 2545 instar.

1153 2551 1452 2597 SanguisTreliquus
1476 2561 1540 2586 erat
1563 2554 1700 2585 omnino
1723 2552 1860 2586 fluidus:
1886 2564 1989 2587 tamen
2014 2555 2077 2587 aeri
2102 2567 2155 2590 ex..

1152 2595 1295 2639 positus,
1320 2596 1388 2638 post
1420 2596 1551 2639 aliquod
1576 2605 1700 2638 tempus
1735 2595 1972 2631 concrescebat.
2107 2601 2158 2632 Iu-

1156 2647 1204 2671 tra
1226 2641 1382 2674 Craniurn
1405 2638 1540 2682 denique
1565 2641 1672 2672 omnia
1697 2640 1863 2682 conspetffta
1887 2640 1958 2674 sunt
1983 2641 2158 2676 secundum

1156 2692 1302 2717 naturam
1326 2682 1354 2715 se
1377 2683 1526 2718 habentia
1546 2706 1556 2721 ‚
1581 2683 1639 2716 nisi
1662 2683 1747 2726 quod
1771 2685 1855 2719 inter
1871 2683 2017 2719 Crassam
2039 2708 2052 2725 ,
2089 2687 2157 2720 Te-

1158 2735 1314 2773 nuemque
1344 2728 1524 2770 meningem
1547 2726 1663 2761 serosus
1696 2728 1843 2761 inventus
1867 2727 1908 2760 est
1930 2728 2046 2762 humor
2069 2753 2078 2769 ,
2098 2733 2157 2772 qui

1157 2771 1241 2803 circa
1276 2770 1453 2813 {anguifera
1488 2770 1556 2804 vasa
1586 2770 1730 2814 gelatinae
1752 2771 1787 2804 in
1820 2769 1954 2805 modum
1986 2783 2156 2808 concreve-

1157 2822 1225 2846 rat.

1200 2857 1229 2890 8.
1254 2857 1307 2890 An
1331 2857 1491 2892 convulsio
1511 2881 1524 2898 ,
1556 2857 1735 2891 dormiente
1756 2859 1860 2901 puella
1880 2883 1889 2900 ‚
1920 2859 1994 2893 ideo
2016 2859 2156 2903 quiesce-
2180 2890 2182 2893 .

1154 2901 1231 2941 bat,
1255 2901 1341 2943 quod
1365 2902 1433 2935 haec
1455 2902 1612 2935 dormiret
1634 2901 1649 2934 ,ἒ
1684 2913 1721 2934 an
1745 2904 1855 2944 potius
1889 2901 1963 2937 ideo
1986 2903 2054 2937 haec
2076 2904 2155 2938 dor-

1149 2945 1266 2978 miebat
1288 2944 1374 2989 quod
1398 2946 1452 2977 illa
1474 2945 1669 2987 quiesceret,
1691 2945 1903 2980 dormientem
1928 2947 2074 2990 alioquin
2098 2960 2153 2982 ex*

1149 2989 1311 3021 citatura?
1333 2989 1407 3020 Hoc
1431 2997 1514 3021 certe
1537 2991 1569 3021 &
1593 2989 1656 3020 veri
1677 2988 1809 3023 similius
1833 2989 1898 3030 est,
1920 2992 1950 3023 &
1977 2992 2010 3023 in
2031 3002 2153 3025 merno-

1154 3034 1238 3065 riam
1261 3029 1376 3073 redigit
1400 3043 1494 3074 quem
1519 3042 1642 3065 mecum
1665 3034 1755 3066 annis
1790 3033 2008 3077 superioribus
2034 3034 2151 3072 sermo-

1149 3086 1220 3108 nem
1244 3072 1357 3107 habuit
1384 3074 1529 3108 Medicus
1551 3075 1784 3116 Dodfiffimus,
1805 3077 1952 3120 idemque
1974 3077 2150 3112 Humanis-

1150 3117 1246 3151 simus
1270 3117 1450 3151 franciscus
1475 3119 1584 3151 Seraus
1608 3144 1617 3159 ,
1642 3130 1715 3152 cum
1739 3118 1777 3153 de
1799 3120 1964 3163 veficantis
1987 3143 2000 3160 ‚
2032 3130 2067 3154 ut
2092 3121 2147 3155 hic

1150 3163 1317 3201 vocitant,
1342 3161 1565 3194 medicamenti
1588 3163 1639 3195 vel
1662 3163 1695 3194 in
1718 3163 2148 3198 convulsionibusinterdum

1149 3206 1294 3238 utilitate
1318 3204 1537 3247 loqueremur.
1565 3205 1727 3239 Narrabat
1751 3207 1801 3247 is,
1824 3209 2057 3250 quinquennem
2069 3219 2148 3250 pue-

1149 3260 1218 3283 rum
1241 3246 1332 3280 fuisse
1356 3248 1521 3291 Neapoli„
1544 3249 1600 3291 qui
1629 3258 1702 3282 ante
1724 3260 1822 3284 unum
1846 3258 1899 3283 aut
1923 3250 2057 3288 alterurn
2080 3262 2136 3284 an-

1146 3302 1225 3325 num
1247 3293 1280 3323 in
1303 3291 1485 3334 epilepticas
1504 3292 1732 3327 tconvulfiones
1754 3291 1907 3326 inciderat
1927 3316 1939 3331 ,
1973 3296 2071 3328 toties
2094 3306 2142 3328 re-

1145 3344 1326 3370 currentes,
1351 3336 1476 3377 quoties
1500 3346 1576 3376 puer
1598 3334 1738 3368 dormire
1760 3336 1956 3378 incipiebat,
1980 3337 2062 3371 unde
2087 3338 2141 3371 he-

1145 3379 1197 3412 bes
1220 3378 1320 3412 fastus
1334 3400 1343 3414 ‚
1368 3381 1399 3410 ὃ(
1420 3378 1565 3411 cruribus
1590 3379 1735 3412 resolutis
1755 3402 1767 3419 ,
1789 3389 1826 3412 ut
1848 3379 1899 3413 his
1921 3379 2055 3414 insistere
2079 3393 2144 3415 am-

1147 3422 1230 3464 plius
1253 3432 1316 3453 non
1340 3421 1461 3462 posset,
1483 3432 1557 3454 cum
1579 3421 1693 3456 frustra
1715 3424 1890 3457 innumeris
1913 3423 1983 3457 usus
2007 3422 2081 3458 esset
2093 3435 2143 3457 re-

1148 3465 1258 3498 mediis
1277 3487 1289 3504 ,
1320 3464 1380 3497 illo
1403 3476 1474 3503 uno,
1490 3464 1531 3498 est
1554 3465 1735 3507 persanatus
1754 3488 1768 3506 ,
1798 3466 1951 3509 imposito
1970 3489 1983 3506 ,
2015 3476 2051 3501 ut
2074 3467 2139 3510 ipse

1146 3509 1354 3552 imperaverat
1372 3532 1385 3549 ,
1415 3509 1498 3541 circa
1520 3507 1673 3552 posterius
1703 3517 1881 3545 extremum
1905 3511 2070 3552 Sagittalis
2093 3510 2144 3545 su-

1277 3570 1279 3573 *
2002 3562 2102 3588 turae.
2145 3588 2150 3591 ,

239 3697 265 3722 in
282 3697 368 3733 Addit..
381 3697 442 3722 0bs.
460 3706 481 3722 2.
498 3697 521 3722 ἆ
538 3698 562 3722 in
578 3698 657 3723 Scholj

254 3758 316 3783 sect.
334 3735 511 3790 [inlibris.
522 3737 550 3783 31..
613 3759 627 3789 <
643 3768 659 3783 η
675 3759 689 3788 )
704 3762 761 3786 Obs.
779 3770 799 3791 3.

209 3789 222 3818 )
240 3788 302 3818 Eph.
321 3791 354 3814 N.
372 3791 400 3814 C.
417 3792 488 3815 Cent-
506 3797 525 3820 3.
542 3789 604 3815 obs.
620 3797 639 3814 ι.

717 3703 732 3731 (
745 3701 762 3725 d
776 3701 791 3730 )
807 3700 864 3726 Obs.
882 3710 918 3732 15-
935 3702 961 3726 in
977 3702 1058 3727 Schol.

860 3763 875 3792 (
890 3772 902 3787 o
919 3762 927 3793 3
943 3762 1004 3788 Obs.
1021 3771 1045 3793 φ.

644 3729 649 3734 .
1119 3703 1130 3727 (
1149 3709 1161 3725 ²
1176 3701 1190 3730 3
1206 3703 1265 3728 ΟΜ.
1283 3701 1334 3726 ead.

609 3729 622 3757 (
639 3737 647 3751 ¹
663 3729 677 3758 >
693 3731 791 3756 Comm.
809 3732 834 3756 in
852 3733 935 3757 Boerh.
953 3732 1015 3761 aph.
1035 3733 1057 3762 §.
1076 3739 1130 3761 7¹2·

1110 3762 1124 3791 (
1136 3768 1153 3792 p
1172 3761 1180 3792 )
1196 3764 1221 3788 in
1238 3763 1360 3788 additam.
1377 3762 1433 3788 obs.
1454 3772 1474 3793 3.

1384 3703 1410 3731 ν(
1423 3701 1439 3731 f
1451 3702 1466 3731 )
1482 3704 1539 3729 Obs.
1561 3712 1596 3733 32.
1612 3703 1636 3727 in
1653 3703 1733 3738 Sestos>
1795 3705 1839 3734 (g
1859 3703 1945 3733 >Seth
1963 3713 1983 3731 ς.
2004 3705 2066 3735 Aph.
2082 3708 2105 3729 6.

1192 3734 1205 3761 c
1222 3734 1266 3762 11)
1285 3732 1387 3757 Praelest.
1407 3734 1479 3757 Aead..
1497 3738 1521 3761 in
1539 3735 1604 3760 Med.
1626 3735 1708 3758 Instic.
1727 3734 1749 3764 §.
1767 3742 1823 3763 732·
1886 3737 1899 3764 (
1916 3737 1925 3759 l
1942 3736 1956 3764 )
1972 3743 1995 3760 n.
2014 3743 2049 3760 ιι.

1537 3768 1551 3796 (
1564 3775 1578 3795 q
1598 3768 1606 3795 J
1622 3766 1674 3790 Ast.
1693 3767 1725 3789 N.
1744 3765 1772 3789 C.
1789 3767 1864 3790 Tum.
1885 3774 1907 3789 2.
1925 3765 1982 3791 Obs.
2002 3767 2040 3794 98.
