2498 4075
365 225 452 252 certe
475 213 597 249 nullam
621 211 725 254 postea
749 213 788 245 iis
811 210 849 246 de
874 211 966 244 rebus
977 211 1142 253 querelam
1168 215 1370 256 accepimus.

404 262 460 302 46.
486 256 732 290 LANARIUS
754 266 830 289 cum
854 255 1016 291 Lanario,
1041 263 1179 295 patruo,
1205 267 1243 289 an
1268 267 1369 289 avun-

362 304 462 340 culo,
486 310 570 335 certe
592 297 830 340 consanguineo
853 320 863 336 ,
899 299 1066 332 rixabatur
1090 320 1098 328 .
1133 299 1246 332 Multo
1279 310 1368 333 mero

364 355 464 388 epoto
487 353 624 383 uterque
647 342 792 379 calebat,
817 350 854 375 ut
879 342 944 374 III.
970 341 1044 374 Idus
1066 340 1267 376 Novembris
1303 344 1370 384 ple-

361 390 456 432 rique
480 385 680 431 plebeiorum
703 384 759 421 hic
782 384 909 424 solent;
931 393 996 417 erat
1019 384 1106 417 enim
1137 385 1164 417 is
1195 386 1262 419 dies
1286 407 1296 423 ‚
1329 388 1370 420 A.

366 442 460 475 1745.
489 429 603 464 Νοξὶιι
624 427 764 469 denique
785 440 801 461 a
826 426 933 460 verbis
965 427 1004 461 ad
1029 438 1115 460 arma
1138 437 1271 463 ventum
1294 429 1336 463 est
1360 455 1370 464 .

363 477 490 509 Primus
513 470 600 506 forte
622 471 731 508 cadit,
757 470 877 512 quippe
900 470 1031 504 claudus
1043 470 1279 506 attudextero.
1305 473 1370 507 AI-

361 527 412 552 ter
432 516 572 561 jacentis
596 513 700 551 femur
723 513 884 548 sinistrum
909 514 1018 548 cultro
1049 514 1198 549 vulnerat
1221 539 1234 555 ‚
1268 526 1367 559 atque

363 561 441 596 adeo
464 558 721 595 transverberat.
749 557 859 591 Cultri
884 559 971 590 enim
995 568 1108 591 mucro
1144 558 1241 600 paulo
1275 559 1367 602 supra

354 615 438 647 genu
464 615 480 637 a
503 602 603 635 latere
628 602 790 635 anteriore
813 601 940 634 interno
966 601 1113 639 subiens,
1140 613 1156 634 a
1187 603 1283 636 latere
1307 616 1365 645 po-

357 648 490 683 steriore
515 655 649 679 externo
660 644 845 687 prodierat.
871 646 1158 686 Ingenscontinuo
1173 656 1227 686 per
1239 656 1364 680 utrum-

354 701 418 734 que
440 690 582 726 vulneris
607 688 771 724 orificium
795 687 833 721 fit
858 687 1019 729 sanguinis
1051 685 1186 728 effusio,
1210 700 1302 730 quae,
1328 700 1364 723 ut

356 745 424 770 nox
445 743 512 767 erat
535 733 746 775 intempesta,
770 731 809 764 ab
831 731 871 764 iis
894 734 951 774 qui
985 732 1132 768 aderant,
1159 742 1226 765 non
1265 733 1363 767 modo

355 777 499 813 inhiberi
523 787 588 811 non
613 778 740 820 potuit,
766 774 816 808 sed
841 786 880 807 ne
904 774 1061 808 retardari
1086 775 1220 816 quidem
1245 777 1362 811 tantis-

380 833 437 861 er,
461 829 497 855 ut
523 821 608 854 intra
645 818 698 853 sex
722 817 885 861 septemve
908 816 1137 856 horasvirum,
1162 818 1304 862 denique
1327 822 1361 854 in

394 862 761 900 osocomiumillatum.
785 872 849 894 non
875 860 1079 895 absumeret.
1211 862 1361 897 CADA-

355 908 459 943 VER
484 916 629 941 macrum
654 927 664 943 ,
699 904 751 939 sed
776 906 863 938 intra
887 904 1031 938 sanitatis
1055 904 1189 940 modum
1212 928 1222 943 ,
1253 906 1363 941 studiis

350 961 417 987 erat
441 950 558 985 nostris
580 958 804 993 opportunum
831 973 839 987 ‚
874 957 1001 991 tempus
1036 958 1143 983 autem
1178 951 1252 983 anni
1277 949 1362 984 haud

351 997 582 1038 importunum
597 1017 605 1023 -
631 994 746 1036 Itaque
770 991 904 1031 Idibus,
929 995 961 1025 &
983 991 1096 1027 diebus
1119 992 1361 1037 insequentibus

350 1039 526 1081 diligenter
549 1035 785 1079 persecuimus.
812 1035 869 1069 Sed
903 1036 964 1068 alia
996 1047 1069 1078 quaa
1102 1036 1329 1071 adnotavimus
1350 1062 1361 1078 ,

350 1084 386 1117 in
411 1082 473 1115 alia
496 1082 646 1123 Scripta,
671 1078 769 1122 ipsius
781 1089 889 1113 autem
901 1079 1149 1113 claudicationis
1165 1081 1358 1123 perspeehm

351 1125 478 1161 causam
502 1126 537 1159 in
560 1124 637 1157 alias
661 1125 804 1157 Litteras
826 1125 840 1162 <
862 1122 916 1165 b)
940 1123 1126 1165 rejicimus.
1152 1124 1252 1157 Nunc
1263 1133 1358 1158 caete-

350 1182 386 1204 ra
411 1167 644 1204 adscribemus.
668 1168 712 1201 Et
737 1168 878 1209 primum
902 1177 1048 1201 accurate
1071 1167 1224 1209 adaperto
1248 1168 1359 1201 vulne-

349 1225 407 1254 re,
431 1222 529 1247 tantae
552 1211 716 1254 {anguinis
739 1207 903 1244 effusionis
924 1210 1017 1243 causa
1040 1212 1074 1243 in
1097 1209 1305 1252 conspeetum
1330 1211 1359 1245 se

348 1256 460 1292 dedit.
484 1255 658 1291 Cruralem
680 1255 769 1288 enirn
792 1254 965 1290 arteriam,
991 1256 1028 1287 ad
1052 1254 1212 1295 poplitem
1227 1264 1359 1288 conten-

349 1302 480 1334 dentem
495 1321 503 1337 ,
527 1297 711 1339 sociamque
734 1296 799 1338 ejus
824 1307 938 1329 venam
961 1319 970 1334 ‚
1007 1307 1121 1339 magna
1145 1308 1184 1330 ex
1207 1308 1298 1340 parte
1323 1300 1357 1332 in

348 1342 562 1378 transversum
595 1339 711 1376 incisas
740 1338 1025 1381 deprehendimus.
1158 1343 1196 1374 In
1231 1342 1358 1375 Ventre

348 1398 448 1429 porro
472 1394 640 1419 omentum
665 1383 829 1417 moderate
852 1385 971 1426 pingue
987 1409 997 1424 ,
1021 1396 1037 1418 a
1059 1384 1182 1418 dextris
1217 1394 1283 1419 erat
1315 1385 1356 1419 fi-

347 1429 518 1472 nistrisque
541 1429 579 1463 ad
605 1428 822 1462 ventriculum
832 1428 1026 1461 retranstum:
1050 1428 1104 1461 hic
1117 1430 1195 1461 vino
1220 1429 1356 1470 plenum

346 1473 473 1507 nullum
497 1482 603 1507 tamen
627 1470 824 1514 chyliserum
849 1470 1013 1504 vasculum
1037 1483 1094 1513 per
1106 1471 1356 1511 mesenterium‚

347 1527 402 1552 aut
426 1528 483 1559 per
505 1516 654 1551 intestina
679 1525 790 1557 repens
813 1512 946 1556 usquam
968 1516 1136 1549 occurrit.
1163 1517 1216 1548 Ex
1239 1516 1359 1558 quibus

345 1562 494 1599 Teuma,
519 1572 586 1594 uno
610 1567 744 1601 excepto
756 1557 939 1598 Duoden0‚
961 1569 1000 1591 ex
1011 1560 1139 1592 cinereo
1150 1558 1259 1593 fusca:
1287 1561 1357 1592 Co-

350 1605 374 1638 li
399 1616 469 1646 pars
492 1615 564 1647 quae
587 1603 622 1635 in
649 1600 866 1635 transversum
890 1601 1021 1637 ducitur
1040 1624 1051 1641 ,
1087 1611 1157 1635 tota
1180 1624 1190 1640 ‚
1227 1605 1258 1635 δι
1283 1614 1358 1643 par-

347 1649 434 1682 tium
458 1649 610 1688 utrinque
634 1647 859 1687 proximarum
882 1646 992 1687 portio
1015 1668 1027 1685 ,
1060 1644 1159 1678 ferme
1191 1646 1229 1679 ad
1259 1646 1358 1688 digiti

347 1691 476 1735 pollicis
498 1690 695 1726 tenuitatem
719 1689 906 1722 contraaa.
933 1689 1029 1722 Fellis
1061 1689 1195 1723 vesicula
1228 1700 1358 1731 quoque

344 1734 514 1769 contrasta
537 1742 626 1770 erat;
651 1732 750 1774 idque
773 1743 838 1765 non
862 1730 966 1764 solum
990 1742 1089 1773 pauca
1104 1756 1113 1772 ,
1133 1743 1206 1774 quae
1231 1734 1358 1769 inerat,

343 1779 419 1813 bilis
441 1776 647 1813 ostendebat,
671 1775 722 1809 sed
744 1777 775 1808 &
808 1774 903 1809 fovea
937 1774 976 1809 ad
1011 1775 1103 1808 illam
1136 1775 1358 1816 excipiendam

344 1824 379 1857 in
402 1819 547 1864 jecinore
569 1828 745 1858 excavata,
769 1830 864 1861 quae,
887 1830 961 1852 cum
986 1816 1358 1861 responderelatitudine

347 1864 505 1901 debuisset
520 1887 529 1902 ,
551 1865 656 1899 multo
679 1871 747 1897 erat
769 1873 868 1904 quam
891 1863 980 1905 ipsa,
1003 1863 1122 1896 latior.
1146 1862 1252 1896 Renes
1264 1872 1359 1904 gran-

347 1910 471 1948 diores,
500 1909 581 1943 Lien
606 1917 721 1952 parvus
736 1927 744 1943 ‚
769 1909 800 1939 &
823 1906 956 1940 insolita
979 1906 1119 1948 quadam
1144 1905 1273 1946 figura,
1297 1915 1355 1938 nec

346 1956 454 1990 minus
478 1963 583 1987 tamen
606 1962 705 1994 quam
729 1950 798 1988 illi,
822 1949 936 1988 sanus5
959 1950 1019 1983 nisi
1043 1948 1132 1993 quod
1156 1948 1239 1983 mihi
1271 1950 1356 1982 inter

344 1997 563 2034 dissecandum
588 1995 685 2038 paulo
708 1994 836 2028 firmior
860 1993 946 2027 visus
969 1992 1034 2032 est,
1057 2004 1157 2036 quam
1188 1991 1321 2026 deberet
1346 2017 1357 2026 .

480 2042 518 2074 In
543 2039 694 2074 Thorace
719 2038 908 2082 pulmones,
930 2046 1043 2070 caetera
1065 2037 1152 2074 sani,
1177 2036 1254 2069 adeo
1277 2035 1356 2069 inse

346 2085 574 2125 concidentes,
598 2083 655 2116 vix
679 2090 715 2116 ut
739 2082 823 2116 ullos
846 2080 1153 2115 minori'volumine
1166 2078 1278 2113 vidisse
1289 2090 1356 2111 me-

351 2131 527 2169 minerim;
551 2126 601 2161 sed
624 2126 735 2161 dexter
758 2126 860 2168 magis
884 2147 894 2162 ,
927 2133 964 2158 ut
986 2125 1043 2165 qui
1069 2124 1191 2158 summa
1226 2131 1356 2156 tantum

351 2187 441 2221 parte
466 2184 520 2216 per
543 2173 670 2209 laxam,
697 2181 754 2204 nec
777 2169 869 2203 valde
883 2169 979 2202 latam
994 2169 1216 2202 membranam
1240 2165 1357 2207 alliga-

351 2231 405 2255 tus
428 2227 495 2253 erat
519 2217 557 2250 ad
582 2217 741 2258 plemam,
762 2211 970 2248 eumfinistri
994 2211 1079 2246 latus
1095 2221 1212 2253 magna
1235 2220 1272 2243 ex
1286 2219 1359 2259 par-

354 2275 386 2298 te
410 2261 484 2297 esset
508 2261 546 2295 ad
566 2261 654 2292 illam
667 2258 784 2292 arffius
796 2267 976 2290 annexum.
1004 2255 1104 2290 Quod
1129 2255 1172 2288 sic
1196 2251 1360 2287 concidis-

351 2310 420 2343 sent
436 2332 444 2347 ‚
466 2308 498 2339 &
520 2304 630 2338 colore
652 2311 762 2336 tamen
786 2300 906 2339 essent3
929 2298 952 2332 si
976 2299 1185 2341 posteriorem
1207 2297 1324 2331 faciem
1345 2318 1358 2336 ,

351 2363 388 2386 ut
413 2360 468 2393 pat
491 2349 553 2388 est,
576 2346 740 2390 excipiam
765 2356 803 2378 ex
827 2345 956 2378 cinereo
979 2343 1161 2383 albicante,
1187 2339 1278 2389 causa
1292 2348 1359 2389 erat

351 2396 469 2437 ex-igua
493 2392 632 2425 omnino
654 2390 751 2431 copia
773 2388 936 2430 sanguinis
958 2409 969 2425 ‚
1001 2398 1099 2430 quam
1123 2388 1157 2419 in
1180 2386 1260 2419 vasis
1283 2393 1358 2425 qui-

349 2442 422 2473 dem
449 2436 626 2478 majoribus
650 2441 721 2466 tum
745 2433 890 2470 ventris,
912 2440 984 2463 tum
1008 2432 1106 2465 etiarn
1140 2428 1281 2462 thoracis
1306 2427 1360 2475 su-

351 2480 527 2527 persuisse,
550 2476 857 2512 animadvertimu53
882 2484 956 2507 nam
968 2473 1189 2516 pulcherrimo
1212 2472 1359 2519 alioqui-n

353 2533 443 2561 erant
467 2524 575 2558 colore
601 2519 755 2555 musculi.
780 2518 842 2553 Sed
866 2520 896 2550 &
920 2528 977 2551 cor
1000 2515 1126 2559 prorsus
1138 2524 1204 2548 erat
1228 2514 1359 2555 sangui-

353 2582 393 2604 ne
417 2577 577 2605 vacuum,
601 2566 658 2598 vix
680 2574 716 2597 ut
741 2564 775 2596 in
800 2560 944 2595 auricula
966 2560 1095 2595 deXtera
1108 2559 1259 2601 parvulus
1283 2554 1358 2589 esset

352 2623 505 2658 grumus.
528 2610 596 2642 Hic
619 2606 657 2641 ad
680 2605 871 2649 polyposam
906 2605 1147 2637 concretionem
1170 2601 1323 2644 vergebat
1346 2611 1359 2638 3

345 2668 421 2693 cum
445 2652 606 2699 quidquid
631 2651 708 2685 alibi
732 2648 866 2683 restabat
891 2645 1076 2690 sanguinis,
1099 2645 1174 2679 esset
1196 2643 1354 2679 fluidum.

394 2712 450 2744 47.
476 2700 508 2731 Si
533 2696 572 2729 ab
594 2692 749 2737 imposito
773 2692 903 2727 vulnere
927 2692 1045 2734 peritus
1080 2689 1264 2731 Chirurgus
1299 2686 1357 2720 sta-

348 2747 413 2782 tim
437 2739 539 2776 adesse
564 2737 738 2783 potuisset,
762 2738 792 2769 &
818 2735 952 2770 vinculo
972 2733 1062 2777 quod
1093 2733 1237 2766 torcular
1269 2732 1358 2763 voci-

355 2797 448 2826 tant,
474 2784 578 2820 femur
602 2783 693 2824 supra
715 2780 831 2814 vulnus
854 2777 1073 2821 adstringere5
1095 2777 1208 2810 tandiu
1242 2773 1355 2808 saltem

356 2833 524 2868 hominem
548 2825 694 2861 servasset
708 2847 717 2862 ,
741 2834 778 2858 ut
799 2824 910 2857 liceret
931 2821 970 2856 de
993 2829 1065 2854 artu
1078 2818 1277 2862 amputando
1299 2829 1356 2851 co-

355 2878 481 2920 gitare.
503 2872 593 2905 Nam
615 2866 792 2904 transversa
814 2875 887 2900 tum
910 2866 1034 2899 arteriae
1048 2887 1056 2902 ,
1080 2874 1151 2898 tum
1176 2873 1264 2896 venae
1288 2872 1357 2894 ma-

352 2931 415 2963 gna
440 2929 477 2950 ex
500 2925 589 2958 parte
612 2910 725 2946 incisio
748 2910 890 2943 rationes
911 2909 1045 2943 curandi
1059 2907 1134 2942 alias
1145 2906 1278 2940 inutiles
1289 2904 1356 2939 red.

351 2960 503 2998 didisset,
525 2969 597 3001 quae
620 2954 793 2999 prudenter
816 2966 831 2987 a
854 2951 927 2986 Cel.
951 2950 1102 2986 Heistero
1124 2954 1135 2991 (
1158 2962 1174 2984 c
1194 2954 1208 2990 )
1231 2960 1293 2983 non
1307 2947 1356 2980 so-

355 3008 424 3041 lum
449 3001 620 3046 propositae
637 3026 645 3040 ,
668 2998 721 3032 {ed
742 3000 774 3030 &
797 2994 939 3030 feliciter
962 2997 996 3029 in
1021 2994 1114 3028 usum
1138 2995 1248 3028 tractae
1262 2991 1358 3042 sunt,

355 3061 432 3086 cum
456 3046 520 3081 sere
543 3043 666 3077 ibidem
688 3042 807 3074 arteria
832 3039 921 3078 haec,
948 3050 977 3072 at
1003 3038 1178 3073 secundum
1193 3038 1357 3087 ‘longitu-

349 3094 480 3130 dinem,
506 3087 581 3122 eslet
604 3087 787 3121 vulnerata.
812 3083 929 3125 Neque
951 3081 1113 3125 ejusmodi
1136 3082 1252 3115 incisio
1281 3090 1356 3129 cum

357 3147 447 3172 tanta
470 3131 633 3174 sanguinis
656 3128 819 3164 fluiditate
842 3127 1037 3169 conjunfia,
1062 3134 1189 3167 poterat
1222 3124 1272 3158 vel
1297 3134 1359 3156 mi-

352 3182 454 3217 seram
486 3176 576 3210 illam
609 3174 697 3217 spem
727 3171 866 3215 praebere
889 3193 901 3210 ,
935 3179 968 3203 ut
1006 3169 1174 3212 grumosus
1198 3167 1324 3209 sanguis
1348 3191 1357 3205 ,

354 3220 628 3267 quemadmodum
641 3219 674 3250 in
687 3213 886 3258 eJ'uscemodi
909 3213 981 3248 casu
994 3225 1033 3246 ex
1046 3211 1282 3256 Sepulchreto(
1304 3212 1322 3243 d
1343 3210 1357 3249 )

353 3266 516 3307 intelliges
538 3262 646 3296 vidisle
671 3259 926 3297 Bartholinum,
952 3258 1068 3290 vulnus
1092 3258 1130 3290 ad
1143 3257 1269 3298 aliquot
1292 3253 1358 3287 dies

351 3313 541 3346 obturaret.
671 3306 837 3337 Caeterum
860 3302 947 3343 quod
974 3300 1012 3334 ad
1045 3301 1175 3334 vulnera
1208 3298 1359 3332 vasorum

353 3355 493 3390 attinet,
518 3352 551 3384 in
577 3348 739 3384 utrislibet
763 3346 896 3379 artubus
920 3345 1120 3379 curationem
1134 3352 1187 3377 aut
1211 3341 1356 3379 nullam,

352 3409 407 3433 aut
430 3406 497 3430 non
520 3392 584 3426 sine
604 3391 825 3435 amputatione
847 3388 1053 3422 admittentia
1077 3410 1086 3425 ‚
1117 3387 1228 3429 legesis
1252 3384 1355 3426 plures

350 3438 605 3477 Observationes
627 3437 661 3468 in
685 3434 771 3467 libro
794 3434 829 3465 de
852 3431 1090 3472 Renunciatione
1110 3430 1274 3463 Vulnerum
1297 3432 1356 3477 Lq-

346 3484 482 3520 thaliam
504 3484 518 3520 ζ
539 3490 554 3514 e
573 3483 588 3519 )
612 3478 652 3513 ab
668 3478 797 3522 joanne
810 3476 942 3511 Bohnio
954 3473 1148 3519 produstas:
1172 3483 1268 3516 quern
1287 3482 1356 3505 exi-

661 133 818 189 Liber
852 132 939 188 IV.
979 133 1057 186 De
1083 132 1687 201 ‘MorbisChirurg'iciffi
1716 133 1773 186 &
1808 131 2202 188 Universalibus

1422 211 1528 245 mium
1552 211 1625 244 sane
1647 210 1770 244 Virum
1793 221 1810 243 a
1835 222 1884 244 me
1917 211 1998 252 saepe
2030 209 2174 243 adeo-in
2201 208 2256 244 -his
2283 210 2425 244 *Litteris

1408 253 1480 288 ‘esse
1503 254 1692 292 laudatum,
1717 264 1783 286 non
1806 253 1973 287 miraberis
1996 274 2005 290 ,
2039 253 2097 287 ubi
2121 254 2170 286 vel
2202 255 2424 296 exemplorum

1418 308 1493 341 quae
1518 296 1707 340 proposuit,
1729 307 1918 334 numerum,
1941 297 1991 330 vel
2003 295 2042 330 de
2064 296 2114 330 his
2125 301 2359 339 perpetuumin
2369 298 2426 331 Se-

1421 340 1590 384 pulchreto
1615 339 1780 373 silentium
1802 340 2062 375 animadverteris
2083 360 2096 379 ,-
2128 339 2178 372 vel
2211 338 2341 375 demum
2363 345 2424 373 rib—

1422 385 1505 417 veris
1528 383 1606 426 quid
1629 383 1696 425 ejus
1717 387 1880 417 memoriae
1903 382 2057 421 debeam,
2080 382 2242 426 quimihi
2264 407 2274 423 ‚
2303 393 2423 426 praeter

1421 437 1534 460 caetera
1550 453 1559 468 ,
1583 427 1645 461 suis
1667 437 1742 460 cum
1765 426 1859 460 libris
1884 428 1973 467 aliis,
1997 426 2081 460 hunc
2103 425 2210 469 ipsum
2234 437 2364 470 quoque
2378 426 2426 460 se-

1420 481 1482 503 nex
1504 470 1697 505 adolescenti
1722 469 1859 512 benigne
1882 470 2023 506 miserit.
2275 491 2280 503 .-

1460 514 1514 556 48.
1538 515 1592 548 Ad
1617 513 1775 546 violentas
1797 515 1899 548 Artus
1923 512 2093 548 Inferioris
2104 512 2424 557 compressio-nese&

1418 555 1468 590 sus
1494 556 1625 591 videtur
1649 558 1787 590 attinere
1810 557 1992 599 cujusdanr
2012 556 2257 592 Adolescentuli
2275 582 2283 596 ‚
2303 556 2363 599 qui
2387 559 2424 590 in

1420 599 1625 634 Nosocomio
1647 599 1774 634 deceffit
1797 600 1827 632 S.
1852 602 1970 635 Mariae
1993 599 2032 633 de
2055 601 2187 639 Morte,
2212 598 2424 641 diffeuusque

1419 643 1462 677 est
1486 667 1496 682 ,
1528 656 1603 678 cum
1627 654 1688 686 ego
1720 643 1871 679 Bononia
1900 643 1987 678 forte
2011 642 2176 678 transirem
2209 646 2294 679 inter
2327 645 2424 678 initia

1419 686 1534 721 menfis
1552 687 1646 730 ,Iunii
1674 689 1714 719 A.
1743 696 1837 728 1709.

1459 743 1509 774 49.
1535 731 1880 765 ADOLESCENTI
1904 742 2005 765 annos
2027 739 2103 766 nato
2123 729 2161 764 ad
2193 729 2424 772 duodeviginti

1413 775 1544 818 plaustri
1568 783 1639 807 rota
1661 774 1752 816 super
1773 775 1877 807 imum
1901 774 1968 808 fere
1992 773 2150 808 sinistrum
2164 775 2351 809 calcaneum
2361 773 2423 806 du-

1411 819 1461 852 &a
1485 841 1494 855 ,
1527 817 1649 851 nullam
1673 819 1769 851 aliam
1802 818 1940 851 attulisle
1965 829 2083 855 noxam
2117 818 2291 852 videbatur
2315 841 2325 858 ,
2357 814 2422 849 nisi

1410 861 1500 904 quod
1522 862 1710 895 communia
1735 860 1892 894 avulserat
1927 862 2149 903 integumenta
2174 886 2181 893 .
2217 863 2306 895 Dum
2337 860 2418 895 levis

1416 905 1455 939 ad
1479 905 1617 947 speciem
1642 915 1732 937 noxae
1743 906 1870 937 curatio
1882 903 2020 938 feliciter
2032 904 2218 947 procederet
2231 917 2242 944 5
2266 916 2337 938 ecce
2350 903 2420 949 posig

1414 949 1482 982 dies
1506 950 1631 991 aliquot
1655 948 1800 984 collum,
1823 950 1855 980 ὃς
1877 947 2006 981 dorsum
2026 948 2132 990 rigida
2156 948 2262 986 fiunt;
2287 957 2322 981 ut
2333 944 2422 991 quast

1414 993 1515 1026 tetani
1548 992 1690 1034 quodam
1714 1001 1829 1033 genere
1848 1001 2015 1033 correptus
2030 1013 2042 1030 ,
2066 1001 2152 1025 artus
2185 993 2317 1034 quidem
2351 1001 2424 1023 mo-

1411 1047 1483 1069 vere
1507 1035 1630 1078 posset,
1651 1035 1773 1068 collum
1806 1044 1934 1073 autem,
1954 1035 2150 1078 dorsumque
2181 1045 2248 1068 non
2284 1034 2385 1076 posset
2410 1056 2420 1064 .

1410 1080 1490 1113 Huc
1512 1078 1594 1112 illud
1616 1077 1762 1117 acceffic,
1787 1088 1822 1111 ut
1847 1089 1901 1119 per
1924 1078 2097 1112 intervalla
2133 1076 2418 1112 vehementiffimis

1409 1126 1514 1156 totius
1536 1122 1684 1163 corporis
1707 1121 1904 1155 tremoribus
1927 1131 2154 1155 concuteretur
2176 1146 2184 1155 .
2216 1122 2347 1160 Quibus
2382 1132 2421 1153 o-‘

1412 1166 1542 1199 mnibus
1566 1165 1604 1198 ad
1627 1165 1774 1207 viginti,
1799 1166 1831 1197 &
1855 1165 1992 1208 amplius
2015 1165 2081 1199 dies
2104 1167 2143 1199 ad
2159 1164 2244 1199 hunc
2259 1165 2419 1202 modum,

1412 1211 1484 1242 sana
1509 1209 1630 1251 semper
1654 1218 1785 1249 mente,
1811 1209 2044 1249 persistentibus
2113 1220 2187 1242 cum
2219 1209 2420 1243 lumbricum

1411 1262 1547 1286 teretem
1571 1250 1738 1286 vomuisset
1763 1274 1773 1290 ‚
1808 1251 1969 1286 crescente
2001 1232 2109 1285 sensim
2142 1251 2273 1285 stertore
2311 1255 2418 1298 vivere

1410 1296 1502 1329 desiit
1517 1320 1524 1327 .
1662 1295 1757 1334 PES,
1781 1293 1839 1329 sub
1863 1295 2027 1337 vesperam
2052 1295 2212 1337 inspectus
2234 1296 2300 1329 diei
2336 1294 2421 1336 eJus*

1408 1339 1481 1373 dem
1503 1350 1570 1381 quo
1593 1347 1660 1372 erat
1683 1349 1850 1379 mortuus,
1871 1339 2054 1373 calcaneum
2066 1338 2165 1372 ferme
2176 1337 2242 1380 jam
2268 1338 2417 1372 sanatum

1408 1382 1564 1417 ostendit.
1695 1382 1907 1421 Abdomffle,
1930 1383 2018 1426 quod
2040 1382 2208 1424 turgidum
2243 1391 2332 1422 erat,
2365 1382 2420 1415 di..

1408 1426 1527 1464 ducto,
1551 1424 1721 1468 conspecta
1744 1424 1789 1459 est
1813 1438 1910 1467 pauca
1934 1437 2016 1469 aqua
2038 1424 2159 1465 effusa,
2181 1425 2328 1459 intestina
2362 1437 2418 1459 au-

1408 1479 1477 1503 tem
1499 1471 1630 1509 omnia,
1653 1471 1683 1501 &
1698 1471 1896 1504 ventriculus
1910 1471 1979 1503 sana
1989 1470 2146 1512 quidem,
2170 1468 2220 1504 sed
2244 1470 2336 1503 valde
2347 1479 2417 1502 aere

1407 1513 1561 1547 distenta.
1587 1515 1676 1546 Intra
1700 1513 1809 1547 Colon
1832 1535 1842 1552 ,
1878 1523 2011 1556 propter
2038 1512 2296 1556 Appendiculam
2329 1514 2420 1546 Ver·

1408 1556 1619 1594 misormem‚
1645 1555 1824 1591 lumbricus
1858 1567 1939 1591 teres
1974 1564 2141 1590 mortuus.
2274 1554 2415 1590 Thorax

1408 1606 1539 1643 quoque
1563 1601 1595 1632 in
1621 1597 1745 1633 sinistro
1767 1612 1847 1635 cavo
1872 1611 2004 1643 paucam
2039 1598 2156 1634 habuit
2194 1610 2308 1644 aquarn
2340 1598 2420 1634 effu-

1409 1643 1497 1682 sam,
1520 1644 1607 1678 illius
1632 1652 1739 1676 autem
1766 1645 1931 1687 pulmonis
1956 1643 2166 1686 posteriorem
2201 1652 2324 1685 partem
2355 1643 2419 1676 du-

1411 1698 1502 1724 ram,
1527 1691 1558 1721 &
1581 1698 1619 1719 ex
1643 1686 1816 1721 substantia
1849 1686 2008 1730 hepaticae
2042 1685 2139 1721 simili
2154 1714 2161 1721 .
2184 1687 2418 1721 Concretiones

1411 1725 1576 1772 polyposae
1601 1739 1693 1763 erant
1716 1734 1749 1764 in
1775 1730 1853 1764 vasis
1877 1731 2009 1772 Magnis
2033 1751 2044 1767 ,
2074 1733 2106 1764 &
2128 1731 2235 1764 cordis
2258 1731 2419 1764 ventricu-

1411 1774 1451 1806 lis
1474 1796 1486 1811 ,
1519 1774 1552 1806 iu
1575 1781 1716 1816 quorum
1747 1773 1878 1807 dextero
1910 1773 2036 1816 sanguis
2059 1784 2191 1817 quoque
2224 1785 2298 1808 curn
2321 1776 2419 1806 aereis

1411 1816 1562 1850 bullulis.
1694 1818 1819 1850 Cranio
1845 1815 1988 1857 resefflm,
2011 1817 2046 1849 in
2069 1815 2210 1850 Laterali
2233 1818 2311 1850 Sinu
2333 1816 2417 1849 dex-

1412 1870 1485 1894 tero
1507 1859 1675 1893 Crassioris
1702 1862 1859 1903 meningis
1882 1859 2010 1903 sanguis
2033 1869 2203 1894 concretus
2221 1885 2231 1901 ‚
2253 1861 2289 1893 in
2313 1860 2417 1893 altero

1408 1903 1532 1937 fluidus
1553 1901 1740 1945 consperstus
1762 1905 1806 1937 est
1830 1925 1840 1940 ‚
1873 1914 1930 1937 nec
1955 1903 2019 1937 sine
2042 1903 2140 1937 bullis
2170 1905 2267 1938 etiam
2299 1902 2421 1946 majus—

1408 1947 1509 1981 culis.
1535 1946 1639 1980 Bullae
1662 1957 1792 1990 quoque
1818 1947 1964 1989 plurimae
1983 1947 2059 1981 ‘sub
2092 1948 2200 1981 Tenui
2234 1949 2384 1990 meninge
2410 1968 2420 1984 ‚

1409 1990 1586 2033 praesertim
1610 1988 1649 2023 acl
1682 1990 1842 2024 sinistrum
1875 1991 2001 2024 cerebri
2037 1992 2230 2024 anteriorem
2262 1991 2376 2025 lobum
2400 2015 2412 2024 .

1408 2035 1506 2076 Aqua
1531 2042 1685 2075 praeterea
1712 2033 1768 2067 sub
1792 2034 1928 2072 eadem;
1951 2033 2041 2076 cujus
2065 2045 2154 2077 aquae
2178 2034 2272 2078 sapor
2295 2045 2419 2068 nonne-

1408 2079 1490 2110 mini
1512 2078 1571 2119 qui
1595 2075 1717 2118 gustare
1742 2077 1868 2115 voluit,
1895 2076 1978 2110 visus
2001 2075 2061 2111 effe
2095 2077 2221 2117 nullus,
2247 2087 2300 2112 aut
2330 2086 2420 2112 certe

1408 2124 1465 2153 vix
1488 2120 1641 2154 leviffime
1664 2118 1779 2153 salsus.
1803 2122 1842 2153 In
1867 2121 2056 2155 ventriculis
2086 2122 2211 2155 cerebri
2246 2132 2327 2164 aqua
2350 2132 2417 2154 non

1408 2175 1509 2206 pauca
1525 2188 1532 2195 .
1556 2163 1631 2197 Nec
1656 2174 1756 2205 panca
1780 2161 1910 2198 effluxit
1934 2164 2188 2199 evertebrarum
2212 2165 2317 2205 tubo,
2339 2176 2417 2209 prae.

1411 2207 1524 2241 sertim
1548 2218 1622 2240 cum
1646 2207 1794 2246 lumbos,
1818 2210 1851 2241 δε
1874 2219 1909 2241 os
1934 2209 2066 2242 Sacrum
2098 2210 2206 2243 attolli
2237 2207 2385 2250 juffiffem
2408 2225 2421 2240 ,Δ

1412 2253 1538 2286 Laxum
1562 2251 1777 2291 cerebellum,
1800 2250 1930 2285 firmum
1953 2253 2143 2286 cerebrum:
2168 2255 2280 2295 &quae
2292 2264 2346 2296 per
2357 2252 2421 2286 hu-

1411 2294 1465 2338 jus
1491 2295 1689 2328 ventriculos
1710 2295 1860 2337 repebant
1893 2294 1964 2328 vasa
1997 2295 2178 2338 sanguifera
2200 2319 2213 2337 ,
2243 2296 2419 2339 plexusque

1412 2338 1596 2373 Choroides
1621 2339 1756 2371 minime
1778 2339 1982 2373 albicabant.

1456 2393 1507 2425 50.
1532 2382 1633 2420 Quod
1657 2381 1777 2416 censuit
1801 2382 1959 2417 Vallesius
1984 2381 2064 2427 (f)
2089 2383 2180 2426 super
2203 2383 2263 2418 illo
2285 2383 2418 2426 Hippo-

1410 2427 1508 2461 cratis
1530 2424 1743 2460 Adolescente
1766 2427 1823 2468 qui
1847 2436 2030 2460 cucurrerat
2056 2437 2113 2469 per
2136 2429 2227 2461 viamv
2243 2427 2382 2470 asperam
2406 2447 2418 2464 ‚

1409 2470 1548 2510 indeque
1571 2469 1672 2502 doluit
1695 2468 1872 2504 calcaneum
1895 2472 2030 2504 maxime
2052 2470 2173 2513 inferna
2194 2479 2307 2513 parte,
2331 2482 2417 2514 qua,

1411 2515 1443 2546 &
1467 2513 1591 2546 vicinia
1615 2514 1708 2554 nigra
1732 2511 1838 2554 faeta,
1860 2514 1925 2546 dies
1947 2515 2084 2548 omnino
2106 2525 2124 2547 a
2147 2514 2236 2557 cursu
2257 2514 2345 2548 vixit
2363 2514 2417 2546 vi-

1408 2557 1515 2598 ginti,
1539 2558 1570 2589 &
1593 2555 1683 2598 quod
1706 2556 1787 2588 item
1811 2558 2002 2599 Augenius(
2019 2569 2042 2599 g
2065 2560 2097 2595 )‚
2121 2567 2194 2592 curn
2216 2557 2256 2591 de
2269 2557 2416 2600 pluribus

1411 2600 1622 2642 loqueretur,
1645 2599 1703 2642 qui
1727 2599 1791 2633 levi
1814 2612 1853 2633 ex
1865 2601 1998 2633 vulnere
2008 2601 2187 2642 perierant,
2211 2603 2245 2634 δε
2267 2602 2416 2634 nomina-

1410 2644 1472 2677 tim
1495 2643 1534 2677 de
1556 2643 1603 2676 M.
1629 2643 1833 2675 Sobrirantio
1857 2653 1894 2676 ex
1912 2643 2007 2685 plaga
2031 2643 2064 2677 in
2087 2643 2228 2678 calcaneo
2251 2644 2416 2677 admodum

1409 2687 1520 2730 exigua
1541 2683 1684 2729 infliffc‘n,
1704 2692 1817 2727 praeter
1826 2687 1964 2720 omnium
1979 2684 2068 2728 spem
2089 2686 2320 2729 decimaquarta
2330 2698 2415 2721 mor-

1407 2738 1484 2768 tuo,
1507 2731 1665 2763 nimirum
1688 2729 1728 2761 ab
1750 2728 1873 2763 levibus
1895 2729 2110 2764 exterioribus
2132 2729 2415 2772 ejusmodivc‘aufis

1408 2772 1511 2812 nihil,
1537 2772 1595 2807 nisi
1617 2771 1838 2813 occasionem,
1862 2785 1879 2807 a
1902 2773 1987 2806 malo
2011 2782 2120 2807 autem
2143 2775 2299 2817 corporis*
2314 2785 2415 2816 appa-

1407 2827 1482 2851 ratu
1497 2839 1508 2855 ‚
1532 2817 1762 2858 succorumque
1784 2817 1989 2860 malignitate
2012 2818 2122 2859 gravia
2155 2817 2374 2860 symptomata
2399 2839 2410 2853 2

1408 2860 1573 2904 ipsamque
1596 2860 1675 2894 adeo
1699 2869 1839 2893 mortem
1860 2863 1941 2894 oriri
1966 2873 1975 2898 3
2003 2860 2094 2894 'idem
2130 2856 2415 2895 facilevidebitur

1408 2904 1471 2938 tibi
1494 2906 1527 2938 in
1551 2903 1613 2938 hoc
1635 2903 1709 2938 casu
1732 2902 1955 2938 statuendum:
1979 2904 2075 2946 idque
2100 2915 2138 2937 eo
2161 2905 2260 2949 magis
2284 2925 2295 2942 ‚
2324 2903 2414 2947 quod

1408 2949 1585 2986 lumbrici,
1610 2950 1640 2981 δι
1663 2957 1728 2981 tarn
1751 2948 1817 2981 cita
1840 2958 1999 2981 aerearum
2011 2947 2171 2982 bullarum
2183 2959 2221 2981 ex
2235 2947 2411 2990 sanguine,

1407 2994 1438 3025 &
1461 2992 1652 3026 humoribus
1676 2991 1822 3024 evolutio
1844 2991 1945 3033 accipi
1968 3001 2027 3033 pro
2051 2991 2179 3024 indiciis
2198 2991 2327 3034 possunt
2340 3002 2414 3033 pra-

1408 3046 1457 3069 vae
1480 3035 1599 3069 horum
1621 3032 1863 3077 dispositionis,
1884 3032 1970 3074 five,
1994 3044 2030 3068 ut
2055 3033 2200 3076 Maiores
2233 3034 2413 3077 loqueban-

1407 3087 1483 3117 tur,
1508 3079 1708 3122 putredinis.
1733 3077 1893 3119 Equidem
1916 3076 2036 3111 indicia
2060 3077 2216 3119 ejusmodi
2249 3089 2313 3111 non
2336 3090 2414 3112 con-

1410 3127 1545 3163 temno,
1568 3123 1607 3157 ab
1630 3123 1834 3164 Hippocrate
1847 3120 1926 3169 ⁸ipso
1948 3123 1962 3160 (
1984 3121 2039 3165 h)
2063 3121 2218 3162 dedueta,
2241 3121 2298 3155 ubi
2331 3121 2412 3155 mori

1410 3166 1548 3200 homines
1569 3165 1607 3199 ab
1630 3166 1730 3199 omnis
1747 3174 1870 3207 generis
1880 3163 2061 3199 vulneribus
2077 3188 2090 3205 ,
2114 3165 2236 3208 scripsit
2250 3188 2259 3203 ‚
2285 3167 2317 3198 &
2340 3164 2411 3197 nul-

1409 3210 1441 3243 la
1465 3221 1495 3243 re
1523 3208 1708 3252 gravibus;
1743 3216 1852 3240 tamen
1883 3217 1978 3250 neque
2014 3208 2073 3242 haec
2104 3209 2253 3243 admirari
2286 3217 2414 3250 oporte-2

1563 3275 1572 3291 ‚
1607 3252 1686 3286 illud
1708 3251 1899 3290 expendendo
1913 3271 1924 3288 ‚
1946 3251 2025 3293 quod
2049 3276 2057 3283 .
2074 3276 2101 3284 ..
2118 3277 2125 3284 .
2149 3259 2274 3292 corpora
2311 3250 2411 3286 homi-

1914 3296 2065 3329 Praeterea
2089 3306 2145 3329 nec
2168 3295 2249 3328 illud
2282 3294 2412 3328 Valerii

2174 3348 2413 3372 commemora-f

1410 3263 1442 3287 re
1464 3277 1472 3287 Ι
1486 3277 1494 3288 fl
1510 3278 1516 3286 Ι
1531 3277 1539 3287 1

1409 3306 1482 3330 num
1500 3296 1675 3339 plurimum
1697 3292 1846 3371 ιίἔζῖενκηῑ
1868 3317 1877 3326 .

1405 3340 1553 3381 ignorare
1577 3352 1649 3379 me,
1671 3350 1713 3372 no
1744 3338 1776 3373 i,
1799 3339 1857 3379 qui
1880 3338 1943 3371 tibi
1965 3339 2040 3372 alias
2062 3340 2076 3377 (
2098 3340 2111 3372 z·
2130 3343 2145 3379 >

1406 3384 1507 3417 verim
1520 3396 1528 3417 ε
1546 3383 1610 3426 fine
1623 3382 1697 3416 vitae
1717 3380 1819 3419 nostrae
1832 3381 1934 3414 variis
1945 3383 1987 3415 Θ
2000 3382 2132 3416 occultis
2141 3380 2239 3423 caufis
2252 3380 2384 3422 expofito
2393 3402 2411 3419 ,.

1406 3426 1562 3460 interdum
1573 3427 1767 3459 immerentza
1772 3423 1911 3466 supremi
1924 3422 1995 3466 fati
2004 3425 2313 3466 titulumoccupare;
2335 3433 2405 3456 cum

1406 3471 1508 3513 magis
1529 3471 1563 3504 in
1585 3477 1709 3511 tempus
1731 3468 1843 3502 mortis
1865 3468 2004 3502 incidant
2018 3492 2027 3509 ‚
2051 3478 2144 3510 quam
2179 3467 2245 3510 ipsa
2278 3473 2409 3501 mortem·

1478 3546 1493 3563 0
2264 3519 2362 3544 acser-

344 3600 2387 3629 Μ

475 3691 483 3721 J
501 3691 575 3719 Epist.
591 3693 628 3719 56·
643 3698 668 3714 n.
685 3697 722 3718 14.
813 3718 818 3722 ,

478 3723 486 3748 )
501 3722 641 3744 Commmt.
659 3722 685 3744 in
701 3723 718 3744 1.
734 3727 755 3749 ς.
772 3719 885 3748 Epidem.
902 3725 925 3741 n.
942 3723 984 3744 47·
1047 3715 1061 3743 (
1072 3721 1093 3744 g
1113 3716 1121 3743 )

415 3690 463 3748 ἒξ
577 3750 580 3753 ⁴
1053 3746 1056 3748 ,

420 3751 436 3779 (
450 3751 465 3773 h
484 3752 493 3781 )
509 3749 614 3774 Praedia.
633 3751 650 3774 1.
667 3758 690 3774 2.
708 3758 733 3775 n.
752 3757 791 3779 19-
808 3752 831 3775 ὅς
854 3746 976 3778 ιο,,εριιά
992 3744 1120 3772 Manneu.

781 3688 795 3716 (
812 3695 824 3712 c
837 3687 852 3716 )
867 3686 962 3710 Differt.
979 3683 1007 3708 de
1025 3686 1106 3708 Arter.
1122 3681 1216 3707 erui-al.
1233 3679 1333 3704 Vulner.
1351 3681 1415 3712 (μᾶ.
1432 3678 1454 3702 8t
1471 3678 1532 3712 seqq.

1137 3716 1212 3739 Tom.
1230 3718 1251 3736 ι.
1268 3713 1286 3735 1.
1303 3717 1324 3737 9.
1342 3709 1416 3738 Epist.
1434 3710 1529 3734 Medic.
1547 3715 1569 3733 2.
1586 3707 1624 3732 vel
1639 3712 1719 3737 potius
1739 3714 1762 3737 3.

1180 3745 1190 3774 (
1209 3743 1246 3770 i)
1262 3739 1337 3771 Epist.
1354 3744 1394 3766 26.
1412 3748 1439 3765 n.
1457 3748 1495 3770 14·
1714 3757 1715 3760 η

1593 3677 1607 3706 (
1621 3676 1637 3700 d
1653 3676 1667 3704 )
1684 3676 1746 3710 sest.
1765 3676 1809 3701 hae
1825 3684 1850 3706 ς.
1866 3676 1929 3702 Obs.
1944 3680 1985 3701 ιε.
2002 3675 2025 3705 §-
2042 3675 2066 3700 8.
2127 3675 2141 3705 ζ
2156 3682 2168 3699 e
2183 3673 2197 3704 )
2214 3671 2274 3697 Sest-
2294 3677 2317 3696 ι.
