2498 4075
459 191 609 259 Epist.
647 196 811 246 Anat.
847 192 1060 246 Paedica
1096 192 1249 246 XXI.
1285 193 1402 243 Art.
1440 209 1519 257 29·
1555 194 1610 246 ὃς
1645 208 1724 259 30.

89 271 260 313 cognosces
280 293 289 308 ‚
323 283 487 314 nunquam
519 270 666 305 accidisse
689 272 782 306 nobis
803 297 816 312 ,
848 281 883 306 ut
906 273 997 306 illam
1032 272 1096 306 sine

90 315 150 348 hac
170 338 182 354 ,
218 314 271 347 sed
294 325 332 348 ne
353 327 427 349 cum
453 316 513 349 hac
536 316 665 358 quidem
698 316 948 358 conspiceremus
971 342 977 348 .
1015 320 1095 350 Sunt

91 366 198 391 autem
223 370 301 391 meae
333 370 397 391 non
423 359 522 392 modo
553 359 708 392 haetenus
741 360 914 403 propositae
939 385 951 400 ‚
988 359 1039 393 sed
1063 363 1095 393 &-

91 413 164 444 quae
190 401 262 435 aliis
286 403 318 434 in
342 402 499 444 Epistolis
533 406 547 441 (
570 414 601 436 m
622 406 635 442 )
669 404 802 444 prolatae
826 404 897 438 sunt
924 428 933 444 ‚
971 406 1003 436 ἃ
1025 415 1096 445 quoe

90 454 239 487 praeterea
263 445 297 477 in
322 444 388 478 liac-
404 448 559 479 continuo
581 445 801 488 proferentur.
826 446 1000 481 Laefionem
1025 447 1099 489 qui-

90 487 163 522 dem
187 490 220 521 in
244 489 373 521 illarum
394 488 582 532 quibusdam
599 513 610 528 ,
634 493 662 521 δε
688 491 722 521 in
746 488 797 523 his
808 502 878 533 quae
903 489 1099 533 sequuntur,

91 532 239 565 omnibus
263 532 378 574 pleurae
401 534 540 565 invenies
563 544 636 566 cum
660 533 853 574 pulmonum
874 534 998 567 laefione
1021 544 1098 565 con-

81 574 256 617 iunctam,-
282 575 332 609 sed
355 586 430 608 num
457 584 579 609 tantam
595 600 606 616 ‚
631 586 666 609 ut
692 576 786 618 perse
811 587 948 611 mortem
965 575 1096 615 afferre,

93 628 149 652 aut
172 630 257 652 certe
279 619 381 660 magis
405 630 501 661 quam
524 619 579 653 illa
606 620 796 661 pulmonum
821 621 905 653 laelio
926 645 937 661 ,
973 619 1098 663 potuis-

94 661 161 701 set,
188 663 254 706 ipse
280 661 497 695 existimabis.
597 662 600 667 ’
1020 681 1040 700 2

135 718 187 747 29.
212 705 426 740 ANCILLA
453 717 611 739 annorum
634 706 861 749 undeviginti,
909 708 981 740 aulo
1005 705 1097 739 habi-

90 749 159 783 tior
182 751 314 792 Virgo,
336 751 369 783 ἃ·
392 749 569 791 plethorica
588 773 601 789 ,
635 750 711 783 dum
733 752 769 783 in
802 718 966 784 mensli-ui's
991 750 1061 784 esset
1085 773 1098 790 ‚

89 805 162 836 quae
187 806 202 827 a
225 794 327 826 tribus
350 803 413 833 Jam
438 792 592 827 mensibus
618 796 743 836 parcius
766 806 863 836 quam
879 804 969 829 antea
985 818 997 834 ‚
1022 805 1098 836 pro-

89 839 195 870 venire
218 837 446 869 consueverant
468 860 480 876 ,
510 849 547 869 ex
572 849 652 870 aurae
676 836 805 880 frigidae
829 836 961 870 occursu
991 848 1099 869 corre-

90 890 145 922 pta
168 880 210 914 est
232 889 389 922 pungente
413 881 552 921 pectoris
576 880 686 914 dolore
706 905 718 922 ‚
749 884 781 914 δε
804 880 931 913 difficili
967 880 1101 922 respira-

91 925 179 956 tione
200 949 207 957 .
243 925 340 957 fixus
364 922 503 957 haerebat
537 925 563 957 is
587 924 680 959 dolor
713 924 797 958 infra
822 935 991 957 mammam
1026 922 1103 955 fini-

90 967 208 1007 stram,
232 970 263 1000 δε
286 966 447 1008 tangendo
474 969 670 1010 augebatur,
693 977 730 1001 ut
753 969 866 1002 cubare
891 968 925 1000 in
960 967 994 1000 id
1017 967 1098 1000 latus

90 1021 156 1043 non
181 1012 309 1044 liceret.
338 1010 433 1043 Illata
457 1011 498 1045 est
521 1013 553 1044 in
580 1011 778 1046 Bononiense
805 1010 1042 1044 Nosocomium
1066 1011 1096 1042 S.

87 1055 202 1088 Mariae
237 1054 275 1087 de
312 1055 420 1087 Morte
454 1054 618 1097 postquam
652 1056 743 1089 domi
771 1066 848 1088 vena
882 1053 964 1087 se&a
996 1053 1099 1087 fuerat

89 1097 216 1132 brachii
240 1099 348 1131 lateris
373 1097 528 1139 ejusdem.
556 1098 734 1133 Perstabant
756 1110 790 1131 ea
816 1108 885 1141 quae
898 1097 984 1131 dieta
1009 1099 1078 1131 lunt
1093 1123 1100 1129 .

84 1141 219 1185 jacebat
243 1143 275 1175 in
301 1141 451 1175 dorsum.
476 1144 665 1184 Frequentes
688 1151 775 1175 erant
800 1140 905 1183 pulsus
929 1165 941 1181 ,
971 1142 1064 1183 'parvi
1091 1165 1104 1180 ,

88 1188 122 1218 ἃ
146 1197 282 1229 parum,
304 1184 325 1219 si
351 1196 528 1228 premeres,
554 1185 670 1229 digitis
704 1185 894 1224 resistentes5
919 1196 973 1217 nec
999 1194 1104 1217 tamen

87 1231 258 1272 inaequales
282 1242 289 1263 .·
323 1228 416 1262 sonus
439 1228 525 1272 quasi
560 1230 725 1264 bullientis
748 1228 896 1262 humoris
930 1230 962 1260 in
985 1228 1106 1270 Aspera

87 1276 226 1307 arteria:
252 1272 413 1316 profunda
438 1273 542 1310 mffis,
570 1277 602 1307 δε
625 1273 755 1315 prorsus
768 1275 884 1305 irrita:
911 1272 1020 1314 lingua
1045 1271 1102 1305 sic-

87 1329 146 1349 ca:
171 1318 257 1351 alvus
281 1317 376 1354 laxa,
402 1315 451 1349 sed
476 1317 559 1349 intra
585 1316 738 1350 modum.
764 1318 839 1350 Huc
862 1327 916 1358 per
950 1316 1103 1348 interval-

88 1361 118 1393 la
143 1360 350 1395 subdelirium
374 1359 513 1393 accessit.
539 1362 671 1402 Sanguis
696 1360 803 1394 missus
827 1372 841 1392 e
866 1359 1000 1392 brachio
1023 1359 1102 1392 dex-

88 1413 161 1437 tero
183 1428 199 1445 5
231 1417 303 1439 cum
326 1403 536 1445 inspiceretur
568 1403 635 1446 post
658 1403 753 1437 horas
777 1403 828 1436 sex
849 1427 861 1443 ,
896 1414 1032 1444 paucum
1057 1402 1102 1436 se·-

89 1458 162 1481 rum
182 1472 191 1489 ,
216 1448 312 1491 idque
336 1448 423 1481 aurei
446 1448 589 1487 coloris,
613 1451 645 1480 &
669 1447 819 1480 nonnihil
844 1446 1009 1480 turbidum
1030 1470 1041 1486 ,
1065 1458 1102 1478 o-

87 1491 228 1531 stendit,
252 1491 388 1525 crustam
412 1501 516 1525 autem
528 1490 726 1524 craffitudine
749 1490 886 1524 duorum
898 1489 1102 1532 digitorum,

87 1535 196 1569 colore
220 1536 327 1572 flavo,
351 1546 387 1569 ut
412 1535 533 1569 lardum
559 1534 724 1568 rancidum
749 1533 901 1572 referret,
926 1544 1045 1566 corona
1070 1535 1103 1566 in

87 1589 185 1616 quam
209 1577 410 1621 assurgebat,
434 1578 511 1611 vasis
536 1579 632 1611 latera
657 1579 864 1611 circumcirca
889 1578 1070 1618 attingente
1095 1600 1101 1608 .

89 1623 174 1664 Qa:
198 1622 322 1662 crusta,
345 1634 419 1655 cum
442 1633 492 1654 vas
516 1622 724 1654 inclinaretur
747 1645 759 1662 ,
783 1622 817 1653 in
841 1621 945 1664 plures
970 1621 1103 1654 laminas

87 1665 117 1699 se
148 1666 217 1708 ipsa
241 1664 400 1708 disjunxit
420 1688 428 1702 ‚
466 1664 604 1707 subjecfta
627 1675 733 1698 autem
768 1674 838 1707 pars
871 1665 1035 1707 sanguinis
1069 1665 1102 1696 in

87 1710 192 1751 plures
217 1719 344 1750 grumos
358 1721 371 1745 ,τ
393 1719 456 1740 non
482 1708 566 1742 secus
601 1720 634 1741 ac
657 1708 832 1751 quodpiam
867 1710 1069 1750 pulmentum
1094 1733 1103 1742 2

86 1752 143 1786 Ab
166 1752 224 1785 hac
248 1763 333 1784 venre
358 1751 497 1785 sectione
519 1752 627 1785 eodem
652 1753 703 1785 die
726 1751 878 1785 nonnihil
903 1752 1066 1793 sanguinis
1091 1775 1099 1790 ,

87 1796 135 1828 vel
168 1796 280 1839 potius
305 1796 363 1828 seri
398 1795 546 1829 leviffiine
567 1797 692 1829 cruenti
727 1808 765 1828 ex
798 1805 891 1831 utero
928 1796 1064 1830 defluxit
1091 1821 1099 1828 .

87 1839 254 1874 Omnibus
277 1840 311 1871 in
336 1837 423 1880 pejus
437 1840 601 1873 ruentibus
616 1865 624 1879 ,
649 1839 804 1883 pulsuque
817 1839 1027 1883 profundiore
1052 1837 1101 1871 fa-

87 1884 141 1916 eto
164 1907 177 1923 ,
211 1882 298 1926 quasi
323 1885 437 1916 arteria
462 1883 636 1916 introrsum
671 1883 805 1916 retr-asta
828 1881 902 1917 esset
925 1907 937 1923 ,
967 1894 1040 1916 cum
1064 1893 1102 1916 ex

86 1937 141 1959 ore
163 1926 281 1961 humor
303 1926 448 1960 efflueret
473 1939 561 1969 aquae
585 1927 681 1960 instar
706 1926 882 1968 spumosae,
907 1929 940 1960 in
963 1939 1025 1970 qua
1051 1926 1103 1958 cai-

86 1981 124 2006 ro
147 1981 254 2005 recens
277 1971 343 2003 lota
370 1968 433 2010 sit,
458 1970 514 2005 sub
536 1971 669 2004 initium
693 1970 757 2003 diei
789 1969 932 2012 septimae
956 1972 1023 2003 vita
1047 1969 1101 2003 de-

87 2012 187 2047 fecit.
323 2014 558 2047 CADAVER
593 2015 676 2048 secui
712 2013 895 2056 postridie,
940 2016 997 2057 qui
1031 2013 1100 2048 dies

87 2056 152 2091 fuit
176 2060 269 2094 XIV.
297 2058 371 2091 Kal.
397 2058 526 2099 Apriles
552 2059 592 2090 A.
625 2060 716 2101 1706.
853 2058 1018 2091 Thoracis
1044 2069 1100 2101 pa-

87 2102 222 2136 rietibus
255 2103 296 2134 iis
328 2102 425 2133 etiam
449 2113 530 2143 quos
561 2100 641 2135 facit
677 2102 800 2145 septum
836 2101 1067 2135 Transversum
1091 2127 1100 2140 ‚

86 2145 205 2188 ubique
241 2144 445 2180 adhaerebant
479 2146 646 2186 pulmones
668 2169 680 2185 ,
714 2147 824 2187 paucis
857 2146 891 2176 in
926 2145 1007 2177 locis
1047 2156 1100 2186 per

89 2189 286 2223 membranas
301 2213 312 2228 ,
335 2189 370 2222 in
393 2187 498 2221 multo
522 2198 629 2222 autem
655 2189 803 2230 pluribus
830 2210 839 2224 ‚
867 2190 899 2219 &
924 2187 1099 2229 praesertim

88 2232 127 2265 ad
151 2232 270 2272 latera,
295 2235 326 2264 &
349 2231 480 2264 dorsum
498 2253 507 2268 ,
531 2232 636 2272 perpse
658 2230 769 2273 ipsos,
792 2231 847 2264 ubi
863 2241 976 2264 eorum
1001 2242 1103 2263 mem-

88 2276 186 2309 brana
210 2274 309 2309 illaesa
334 2276 451 2316 pleurae
475 2273 504 2306 se
527 2274 712 2312 anneerat
739 2275 836 2316 paulo
860 2285 954 2315 quam
979 2273 1101 2312 soleat,

89 2320 260 2353 dumtaxat
284 2317 445 2355 crassiori,
470 2320 501 2349 &
528 2315 621 2350 facile
635 2319 668 2351 in
692 2317 770 2351 duas
794 2318 930 2350 laminas
943 2317 1102 2351 dividuae.

91 2361 217 2396 Sinistri
242 2362 405 2405 pulmonis
430 2359 573 2402 superior
597 2361 690 2394 lobus
714 2370 752 2393 ex
775 2360 852 2394 dura
879 2370 989 2399 totus,
1013 2371 1104 2393 com-

89 2406 270 2449 patotaque,
294 2404 448 2447 liepati'cae
473 2403 567 2436 instar
584 2427 597 2443 ‚
621 2404 815 2443 substantia,
838 2403 945 2436 colore
972 2403 1009 2435 ad
1034 2402 1105 2436 sub-

91 2449 200 2482 album
243 2457 424 2490 vergente.
462 2447 598 2490 Reliqui
633 2458 743 2480 omnes
777 2447 966 2488 pulmonum
1001 2447 1105 2487 lobi,

90 2494 238 2535 quamvis
261 2490 412 2533 spumoso
436 2488 570 2522 humore
596 2490 722 2533 prorsus
747 2490 901 2526 distenti,
925 2491 1104 2523 naturalem

90 2535 270 2570 substantiae
295 2535 429 2567 modum
454 2532 615 2567 servabant
642 2544 651 2566 .·
689 2546 727 2567 ex
749 2546 811 2576 qua
835 2532 964 2567 diffeeta
990 2535 1016 2567 is
1042 2533 1103 2567 liu-

90 2591 162 2613 mor
184 2577 334 2621 prodibat
353 2602 365 2618 ‚
389 2575 480 2610 simul
506 2586 663 2611 autemex
686 2577 999 2610 broncliiorumnon
1026 2589 1101 2620 pau-

90 2624 136 2656 cis
159 2622 291 2656 ramulis
315 2622 445 2656 materia
471 2618 622 2655 effluebat
635 2621 730 2662 alba,
754 2622 889 2654 omnino
915 2620 1102 2663 similispu-

88 2668 138 2706 ri;
160 2677 199 2700 ex
222 2677 287 2700 uno
310 2674 438 2703 tamen5
462 2662 521 2697 nisi
545 2663 629 2697 forte
653 2663 718 2698 fuit
752 2664 968 2708 sanguiserum
994 2664 1104 2698 vascu-

88 2710 178 2748 lum3
202 2710 272 2744 alba
294 2708 425 2751 quidem
446 2731 459 2748 ,
491 2706 544 2742 sed
565 2720 630 2742 non
652 2707 758 2744 fluida
779 2734 787 2748 ‚
822 2707 1070 2751 comprimendo
1093 2732 1105 2749 ‚

88 2753 195 2788 exibat
219 2754 349 2787 materia
373 2777 385 2794 ‚
415 2763 474 2794 pro
498 2752 653 2795 polyposa
675 2752 878 2785 concretione
903 2764 918 2785 a
943 2764 992 2785 me
1016 2750 1106 2785 habi-

90 2806 143 2830 ta.
169 2799 207 2831 In
232 2796 303 2839 ipso
326 2795 456 2839 Asperae
481 2797 602 2828 arteriae
626 2806 764 2834 trunco,
789 2794 1013 2838 majorumque
1036 2820 1048 2836 ,
1072 2796 1105 2828 in

93 2852 164 2883 quae
189 2839 217 2873 se
240 2840 383 2882 primum
405 2839 461 2872 illa
484 2838 606 2872 dividit
621 2863 633 2880 ,
656 2839 890 2872 bronehiorum
912 2863 924 2880 ,
949 2839 1105 2882 aggestam

91 2883 146 2917 hic
169 2884 264 2923 illic,
288 2885 319 2916 δε
342 2881 599 2916 concrescentem
625 2884 791 2916 materiam
814 2883 883 2916 vidi
908 2895 945 2916 ex
961 2883 1036 2915 albo
1060 2884 1106 2915 ci-

92 2938 217 2961 neream
238 2950 252 2968 ‚
284 2938 346 2969 qua
370 2928 478 2968 lingua
501 2938 631 2969 quoque
655 2926 876 2960 obducebatur
900 2940 907 2959 .-
943 2925 1108 2960 subalbam

93 2978 226 3011 autem,
251 2973 283 3003 &
305 2970 535 3004 craffiusculam
560 2981 598 3003 ex
620 2970 739 3004 osculis
771 2969 989 3012 exprimebam
1015 2972 1106 3012 glan-

93 3014 241 3048 dularum
264 3024 334 3055 quae
359 3025 375 3046 a
398 3021 489 3055 tergo
511 3015 552 3047 iis
574 3015 696 3047 truncis
718 3013 878 3047 inhaerent
899 3040 906 3049 .
982 3026 1028 3047 uae
1052 3025 1107 3047 au-

94 3067 160 3092 tem
182 3056 318 3099 majores
341 3055 379 3090 ad
402 3058 537 3100 primam
562 3057 652 3090 illam
676 3057 865 3091 divisionem
898 3066 1070 3091 occurrunt
1095 3083 1105 3098 ‚

94 3100 303 3136 Brouchiales
325 3099 444 3141 dictae,
467 3111 532 3133 non
556 3112 666 3134 omnes
690 3101 768 3135 sanae
792 3101 866 3135 visae
891 3101 962 3135 sunt
984 3126 992 3132 .
1029 3104 1106 3134 Por-

95 3156 133 3178 ro
156 3146 241 3179 inter
264 3144 375 3177 lobum
397 3166 407 3181 ,
442 3146 474 3176 &
497 3144 610 3179 lobum
636 3146 830 3188 pulmonum
854 3144 1047 3188 quibusdam
1070 3147 1104 3177 in

96 3189 176 3222 locis
198 3186 438 3222 intercedebant
462 3187 538 3221 albae
563 3189 628 3223 illte
652 3201 722 3232 quse
747 3188 962 3232 saepiussupra
988 3188 1104 3221 descri-

96 3241 161 3274 ptae
185 3231 257 3266 sunt
277 3254 288 3271 ‚
323 3229 378 3263 hic
400 3229 589 3265 duriusculae
613 3232 899 3276 craffiusculaeque‚
924 3232 975 3266 sed
999 3241 1105 3265 tamen

95 3274 181 3309 falsae
196 3298 206 3313 ,
229 3274 420 3310 membranae
441 3298 449 3306 .
480 3276 519 3307 In
544 3276 722 3317 pericardio
744 3278 840 3319 copia
865 3278 970 3320 aliqua
995 3276 1106 3310 subru-

96 3320 164 3356 brae
187 3331 294 3363 aquae.
320 3320 358 3351 In
382 3317 489 3351 cordis
512 3320 697 3353 ventriculis
722 3320 805 3354 nihil
831 3319 993 3362 sanguinis
1015 3343 1027 3361 ‚
1052 3320 1102 3353 sed

98 3363 264 3406 polyposae
298 3362 519 3395 concretiones
543 3362 651 3397 solidae
685 3366 826 3398 maxima
859 3377 896 3397 ex
920 3373 1007 3407 parte
1030 3388 1038 3403 ,
1061 3366 1102 3397 ·&

97 3406 185 3450 quafi
208 3418 247 3441 ex
269 3405 410 3440 carnosis.
432 3406 623 3440 membranis
645 3408 843 3446 constante53
869 3421 906 3441 ex
924 3409 1031 3450 aliqua
1054 3416 1103 3439 ta-

97 3461 169 3483 men
193 3452 292 3484 etiam
316 3449 452 3483 mucosae
472 3475 479 3482 .
515 3449 635 3484 Earum
659 3463 729 3494 quae
753 3462 841 3487 erant
865 3453 898 3485 in
922 3452 1105 3485 ventriculo

97 3492 230 3529 dextero
249 3517 259 3533 ,
294 3495 390 3530 altera
414 3494 444 3527 se
467 3494 551 3527 intra
583 3496 758 3529 auriculam
782 3498 964 3538 proximam
987 3495 1105 3529 dilata-

98 3536 175 3576 bat,
201 3541 234 3571 ἅτ
255 3539 289 3571 in
312 3540 415 3571 Cavas
440 3536 588 3580 pergebat
611 3549 703 3572 venas
724 3552 734 3578 ,-
767 3541 864 3573 altera
885 3564 897 3580 ,
930 3551 1001 3582 quae
1038 3549 1104 3572 erat

98 3589 202 3622 teres,
226 3582 254 3615 se
279 3584 313 3615 in
338 3581 561 3615 Pulmonarem
585 3584 756 3623 arteriam,
780 3583 908 3627 ejusque
932 3595 1036 3616 ramos
1051 3595 1104 3616 ex-

99 3625 267 3659 tendebat.
295 3628 352 3659 Per
372 3625 588 3659 ventriculum
611 3634 717 3661 autem
741 3626 899 3662 sinistrum
924 3639 984 3662 una
1010 3651 1022 3668 ,
1058 3637 1105 3660 te-

1985 208 2077 259 ²13

1147 283 1194 304 res
1219 272 1359 314 pariter,
1381 272 1549 305 dumtaxat
1574 269 1749 310 transibat,
1772 270 1892 304 inflexa
1917 271 1993 303 hinc
2018 274 2049 303 in
2064 273 2151 305 Aor-

1147 325 1213 348 tam
1229 341 1236 354 ‚
1261 316 1333 348 iride
1356 327 1432 347 vero
1454 316 1486 346 in
1509 313 1661 346 sinistram
1676 314 1874 354 auriculam,
1898 317 1930 347 &
1954 325 2064 347 venam
2078 315 2151 347 Pul-

1147 369 1315 392 monarem
1330 382 1338 396 ‚
1363 359 1532 393 Cellulosae
1549 356 1738 389 membranae
1753 382 1761 397 ‚
1784 369 1853 399 quae
1878 367 2072 391 memoratos
2086 369 2150 389 ma-

1148 413 1286 441 gnorum
1300 402 1444 435 vasorum
1467 411 1597 434 truncos
1620 401 1778 441 cingunt,
1802 412 1817 432 e
1844 401 2019 442 pericardio
2042 401 2140 441 egres-

1150 442 1257 479 sorum
1279 470 1288 486 ,
1323 445 1364 477 ob
1397 444 1576 486 congestam
1611 455 1723 486 aquam
1759 444 1894 477 mucosae
1924 443 2146 477 videbantur.

1280 488 1466 521 Abdomine
1490 487 1646 533 diducto?
1671 488 1775 529 gravis
1798 486 1899 524 odor,
1925 487 2028 530 qualis
2040 499 2077 519 ex
2101 488 2151 518 vi-

1151 533 1288 566 sceribus
1312 531 1548 569 inflammatis,
1572 533 1603 563 ἃ
1628 541 1691 574 jam
1716 530 1748 562 in
1773 540 1972 572 gangraenam
1989 531 2151 571 vergenti-

1148 578 1207 610 bus
1228 601 1235 607 .
1272 575 1330 608 Sed
1356 574 1452 617 hepar
1477 574 1611 607 albidius
1636 583 1701 605 erat
1727 585 1736 606 :
1768 573 1853 614 splen
1879 584 1985 607 autem
2008 584 2152 616 gangra:-

1150 620 1222 653 nosa
1246 619 1376 662 quidem
1400 618 1565 659 nigredine
1589 615 1726 650 infectus
1748 638 1757 653 ‚
1782 615 1832 651 sed
1857 628 1922 649 non
1947 619 1991 649 ita
2016 615 2153 659 profun-

1149 664 1209 700 da,
1234 666 1266 695 δε
1290 663 1329 697 ad
1354 661 1512 695 mediocre
1538 660 1694 703 spatium,
1721 660 1816 701 idque
1839 659 1996 697 inferius,
2021 672 2056 694 ut
2084 660 2155 692 clia·-

1148 707 1326 750 phragma,
1351 704 1439 749 quod
1465 704 1573 738 sanum
1597 714 1688 742 erat,
1712 715 1746 735 ea
1770 712 1858 744 parte
1883 714 1944 735 non
1959 704 2151 745 attingeret.

1149 751 1382 784 Graveolentia
1408 756 1513 782 autem
1535 760 1573 780 ex
1596 757 1689 779 utero
1708 769 1716 783 ‚
1752 746 1939 786 adnexisque
1970 748 2121 789 utrinque
2143 769 2156 786 ‚

1150 798 1181 827 δέ
1205 806 1219 826 a
1244 804 1334 836 tergo
1360 792 1501 835 partibus
1524 792 1660 823 maxime
1683 789 1853 823 existebat.
1879 791 1974 822 Circa
1996 789 2077 832 ipsas
2090 798 2157 822 erat

1153 848 1232 879 aqua
1256 838 1406 876 modica,
1431 847 1527 877 eaque
1552 833 1727 867 subrubra:
1751 844 1863 865 omnes
1888 843 1993 867 autem
2015 834 2155 866 exterius

1153 880 1292 914 livebant
1317 892 1332 912 a
1357 877 1515 921 praegressa
1541 878 1821 921 inflammatione,
1848 888 1917 918 quae
1940 878 1973 909 in
1999 877 2062 910 ima
2088 887 2159 918 par-

1154 934 1185 956 te
1208 925 1304 957 Reffi
1329 923 1470 956 intestini
1493 947 1501 961 ,
1536 924 1568 953 &
1595 920 1731 962 pudendi
1757 931 1885 962 quoque
1910 919 1937 953 se
1962 920 2018 952 suo
2043 921 2158 954 rubore

1155 967 1258 1000 adhuc
1284 967 1438 1010 prodebat
1462 989 1474 1005 ,
1509 964 1643 996 vasculis
1666 964 1712 996 vel
1736 965 1881 997 minimis
1905 962 1990 1006 quasi
2016 963 2054 996 ab
2077 962 2160 1004 inje-

1157 1012 1208 1044 eta
1233 1009 1408 1044 rubicunda
1431 1020 1501 1041 cera
1521 1007 1723 1051 conspicuis.
1752 1007 1842 1050 Qas
1866 1006 1944 1040 dum
1956 1018 2065 1040 omnes
2089 1016 2160 1049 par-

1157 1064 1204 1087 tes
1227 1053 1319 1086 simul
1344 1052 1514 1085 exsecarem
1536 1074 1548 1091 ,
1581 1061 1615 1083 ut
1637 1049 1773 1091 singulas
1806 1049 1992 1092 inspicerem
2022 1050 2162 1092 diligen-

1157 1100 1223 1131 tius
1244 1121 1256 1137 ,
1293 1099 1325 1129 in
1350 1096 1463 1129 oculos
1488 1097 1693 1128 incurrerunt
1718 1092 1836 1125 femina
1861 1116 1872 1133 ,
1906 1094 1946 1126 ab
1970 1095 2043 1135 igne
2067 1104 2162 1136 quem

1159 1141 1320 1176 multum,
1347 1151 1380 1171 ac
1407 1138 1518 1180 saepius
1543 1136 1596 1168 sibi
1625 1136 1755 1169 subdere
1791 1135 1936 1177 hyberno
1961 1147 2104 1177 tempore
2127 1147 2162 1168 ea

1159 1187 1268 1220 Virgo
1291 1183 1493 1216 consueverat
1508 1203 1515 1217 ‚
1539 1179 1707 1212 foedissime
1731 1181 1890 1221 variegata
1913 1192 1920 1212 .·
1954 1180 2042 1223 quod
2064 1178 2105 1212 sic
2129 1181 2164 1211 in

1159 1222 1291 1261 transitu
1316 1226 1463 1264 adnoto,
1486 1225 1560 1266 quia
1584 1222 1621 1256 de
1645 1222 1846 1266 quorundam
1872 1223 2026 1256 sententia
2060 1221 2165 1255 videri

1154 1280 1281 1314 poterat
1305 1270 1349 1303 ob
1374 1269 1454 1303 hanc
1477 1268 1601 1301 causam
1625 1265 1766 1301 debuisse
1790 1266 2165 1309 proximisliyemalibus

1154 1313 1310 1350 mensibus
1334 1312 1459 1356 sanguis
1483 1323 1520 1344 ex
1545 1320 1635 1344 utero
1657 1311 1782 1352 magis,
1807 1322 1871 1342 non
1885 1312 2011 1347 minus,
2037 1309 2166 1352 respon-

1155 1360 1226 1392 dere
1245 1383 1251 1389 .
1277 1356 1410 1396 Testes,
1433 1354 1582 1388 virilibus
1607 1354 1824 1387 mediocribus
1849 1365 1912 1386 non
1938 1356 2078 1387 minores
2098 1377 2109 1393 ,
2131 1364 2168 1386 ac

1156 1403 1292 1440 molles,
1317 1401 1398 1433 inter
1420 1399 1670 1442 quamplurimas
1694 1396 1842 1431 vesiculas
1867 1395 2002 1439 majores
2022 1421 2035 1438 ,
2059 1398 2169 1430 mino-

1156 1447 1263 1489 resque
1287 1444 1451 1482 humoris,
1476 1452 1512 1476 ut
1538 1441 1660 1483 solent,
1687 1442 1794 1483 plenas
1815 1465 1827 1481 ,
1850 1443 1882 1473 85
1907 1440 2169 1484 {anguiferorurn

1155 1490 1380 1527 vasculorum,
1403 1485 1647 1528 quaeinnumera
1672 1484 1769 1518 iuliis
1793 1483 1923 1517 testibus
1937 1484 2033 1517 obvia
2057 1493 2170 1524 erant,

1156 1532 1342 1567 ramusculis
1367 1529 1616 1563 instructissimas
1641 1552 1653 1568 ‚
1686 1527 1804 1569 singuli
1827 1526 1919 1560 binas
1955 1527 2087 1561 cellulas
2113 1527 2171 1560 ha-

1154 1579 1313 1615 buerunt,
1338 1585 1474 1617 quarum
1500 1573 1598 1607 altera
1621 1571 1851 1613 corpusculum
1875 1572 2005 1613 nigrum
2031 1569 2170 1612 perfecie

1157 1620 1346 1663 sphaericum
1367 1642 1380 1659 ‚
1411 1617 1518 1660 grumi
1546 1614 1710 1656 sanguinis
1742 1614 1891 1648 exsiccati
1927 1614 2135 1648 simillimum
2158 1637 2171 1654 ‚

1154 1662 1364 1701 continebat,
1388 1661 1485 1694 altera
1510 1669 1615 1694 autem
1639 1658 1746 1698 nihil,
1770 1657 1996 1701 constansipsa
2020 1670 2058 1691 ex
2071 1669 2172 1691 mem-

1155 1708 1284 1740 branula
1310 1714 1502 1743 corrugata,
1527 1714 1596 1746 quae
1621 1713 1659 1735 ex
1684 1702 1757 1736 albo
1774 1728 1783 1741 ,
1809 1704 1839 1735 δε
1865 1700 1955 1735 flavo
1967 1702 2171 1741 virescebat,

1157 1760 1286 1793 eratque
1310 1751 1343 1781 in
1369 1744 1471 1781 alfei-o
1496 1747 1608 1779 saltem
1633 1744 1706 1781 teste
1732 1746 1881 1787 proxima
1907 1744 2085 1787 superficiei
2101 1769 2114 1786 ,
2147 1744 2171 1778 fi

1154 1806 1219 1827 non
1247 1793 1348 1827 hianti
1375 1804 1412 1824 eo
1435 1794 1468 1823 in
1495 1791 1569 1822 loco
1584 1815 1591 1829 ‚
1616 1798 1648 1823 at
1670 1798 1754 1822 certe
1778 1800 1842 1822 non
1855 1788 1918 1822 fine
1941 1788 2074 1823 indiciis
2090 1800 2173 1832 prae-

1154 1836 1259 1879 gressae
1284 1836 1439 1869 laesionis.
1467 1835 1595 1873 UterO,
1620 1836 1652 1865 δε
1674 1835 1788 1875 vagina
1812 1834 1952 1875 apertis,
1975 1834 2009 1866 in
2034 1831 2094 1866 hac
2105 1833 2172 1866 cir-

1154 1876 1189 1915 ca
1212 1881 1300 1913 illius
1324 1879 1469 1913 osculum
1494 1877 1558 1911 duo
1582 1885 1671 1911 crant
1697 1876 1800 1910 adhuc
1814 1876 1977 1919 sanguinis
2002 1876 2171 1920 grumuli:

1154 1936 1249 1967 quem
1273 1924 1363 1957 nullo
1386 1922 1521 1965 negotio
1545 1922 1722 1963 exprimere
1747 1920 1864 1953 licebat
1888 1933 1926 1954 ex
1948 1921 2104 1954 interiore
2127 1920 2175 1953 il-

1154 1970 1216 2002 lius
1239 1969 1381 2007 cei-vice„
1406 1964 1581 2009 praesertim
1607 1974 1713 1999 autern
1739 1975 1777 1997 ex
1800 1962 1927 1998 fundo:
1952 1964 2042 2007 cujus
2064 1965 2173 2007 super-

1153 2012 1241 2045 ficies
1258 2038 1266 2050 ‚
1292 2021 1412 2054 quippe
1436 2009 1489 2042 liic
1516 2019 1579 2043 non
1603 2007 1688 2041 tensa
1703 2031 1713 2047 ,
1736 2007 1897 2051 quendam
1921 2007 2012 2052 quasi
2039 2019 2170 2042 mucum

1153 2069 1219 2099 quo
1252 2056 1320 2097 ipsa
1344 2053 1482 2087 obduc‘m
1515 2050 1589 2085 esset
1615 2078 1623 2092 ,
1649 2053 1756 2099 primo
1780 2052 1906 2094 aspestu
1929 2052 2174 2095 repraesentave-

1155 2110 1222 2132 rat.
1249 2098 1307 2132 Sed
1330 2097 1393 2131 hoc
1419 2097 1553 2130 minime
1576 2096 1618 2131 est
1642 2095 1738 2139 hujus
1763 2094 1851 2137 loci,
1874 2106 1910 2130 ut
1934 2108 2033 2139 neque
2057 2096 2177 2132 Tuba-

1154 2154 1225 2176 rum
1250 2142 1347 2182 situs,
1371 2144 1404 2174 &
1430 2152 1583 2183 rugarum
1607 2141 1728 2183 vaginae
1751 2149 1864 2175 natura
1883 2165 1896 2183 ,
1929 2143 1961 2175 <Sc
1985 2140 2066 2175 sedes
2087 2166 2099 2182 ‚
2138 2144 2172 2175 δι

1153 2186 1295 2228 globosae
1319 2186 1498 2218 carunculae
1512 2196 1592 2227 pone
1617 2184 1811 2226 liyinenem‚
1836 2184 2173 2229 hicintegerrimum‚

1155 2230 1290 2266 locatae,
1316 2233 1348 2262 &
1373 2228 1434 2261 alia
1459 2228 1680 2270 ejuscemodi,
1704 2240 1774 2271 quae
1800 2230 1881 2263 mihi
1907 2231 1941 2263 in
1968 2231 2028 2264 hac
2044 2255 2056 2271 ,
2079 2230 2115 2263 in
2141 2241 2177 2263 a-

1156 2272 1272 2315 liisque
1296 2273 1492 2315 Virginibus
1516 2271 1687 2308 adnotata,
1713 2272 1847 2315 quidam
1870 2275 1946 2307 Viri
1973 2275 2074 2308 Doffl
2098 2283 2174 2317 par-

1156 2317 1219 2349 tim
1244 2327 1308 2348 non
1333 2315 1483 2349 videntur
1508 2314 1639 2352 vidisse,
1665 2317 1786 2357 partim
1810 2317 1961 2352 videntur
1986 2330 2001 2351 a
2025 2330 2073 2352 me
2088 2319 2172 2352 olim

1159 2358 1217 2392 ess'e
1244 2358 1433 2401 propofita,
1457 2369 1521 2391 non
1545 2357 1743 2392 meminisse.
1770 2361 1885 2403 Neque
1898 2363 1996 2396 etiam
2019 2361 2173 2397 satishuc

1160 2403 1321 2444 pertinent
1355 2402 1565 2444 deprehensus
1597 2404 1630 2435 in
1664 2401 1722 2435 hac
1748 2405 1885 2446 Virgine
1922 2406 2173 2441 Pituitariorum

1158 2445 1283 2480 sinuum
1307 2447 1556 2484 Maxsslarfflm,
1580 2448 1612 2478 ὃς
1637 2445 1928 2487 Sphenoidaeorum
1940 2449 2108 2488 defectus,
2134 2461 2170 2486 ut

1157 2501 1297 2532 quorum
1321 2488 1392 2522 usus
1417 2491 1509 2522 auecta
1533 2489 1759 2531 magnitudine
1780 2514 1793 2530 ,
1816 2494 1848 2524 &
1873 2503 2009 2527 numero
2033 2504 2172 2528 caetero-

1158 2544 1229 2566 rum
1255 2532 1484 2574 supplebantur
1507 2557 1513 2563 .
1548 2533 1595 2564 At
1620 2532 1741 2575 reliqua
1766 2535 1952 2577 pertinent,
1977 2549 2046 2581 quae
2072 2538 2172 2582 subji-

1156 2578 1241 2609 ciam
1256 2600 1263 2607 .
1396 2578 1433 2608 In
1458 2577 1576 2617 Capite
1599 2577 1686 2609 enim
1709 2576 1814 2611 fauces
1834 2602 1846 2619 ,
1882 2583 1914 2613 ἃς
1938 2582 2057 2614 vicinia
2082 2581 2171 2626 quasi

1156 2632 1194 2652 ex
1218 2620 1482 2653 inflammatione
1504 2618 1618 2652 stetere
1643 2621 1843 2662 incipiebant
1864 2647 1873 2655 .
1899 2625 1952 2657 Ex
1976 2634 2088 2668 aperto
2113 2637 2170 2661 au-

1157 2674 1224 2696 tem
1248 2665 1361 2696 cranio
1384 2663 1468 2696 odor
1492 2664 1546 2696 ille
1569 2663 1740 2705 prodibat,
1766 2675 1804 2699 ut
1827 2665 1867 2699 sic
1879 2666 2004 2707 dicam,
2029 2667 2169 2710 acidus,

1155 2709 1212 2749 qui
1237 2719 1275 2740 ex
1296 2719 1351 2740 ore
1375 2707 1586 2741 verminantis
1610 2709 1697 2749 pueri
1723 2707 1825 2741 solet.
1948 2714 1985 2745 In
2009 2712 2170 2756 superiore

1156 2751 1259 2785 Falcis
1272 2753 1350 2788 Sinu
1358 2755 1575 2784 concretiones
1590 2751 1751 2793 polyposae
1762 2751 1895 2786 subalbae
1908 2779 1918 2785 ..
1939 2755 2023 2789 Vasa
2035 2768 2089 2798 per
2102 2758 2172 2790 Te-

1156 2806 1251 2828 nuem
1276 2798 1456 2837 meningem
1482 2795 1621 2836 repentia
1649 2795 1747 2836 paulo
1771 2797 1955 2839 turgidiora
1979 2823 1986 2830 .
2014 2801 2104 2833 Inter
2128 2801 2169 2833 il.

1157 2839 1246 2879 lam,
1271 2842 1303 2872 ἃ
1326 2839 1490 2872 cerebrum
1515 2849 1621 2881 aqua,
1646 2839 1741 2880 copia
1766 2848 1873 2873 tamen
1898 2841 2024 2875 modica
2040 2868 2051 2883 ‚
2073 2851 2108 2876 ut
2132 2845 2168 2878 in

1158 2883 1346 2916 ventriculis
1383 2894 1509 2925 quoque
1533 2881 1737 2915 Lateralibus
1759 2906 1768 2920 ‚
1804 2885 1836 2916 in
1873 2884 1990 2928 quibus
2015 2886 2168 2921 subrube-

1158 2926 1212 2959 bat
1237 2952 1244 2958 .
1280 2927 1392 2960 Plexus
1417 2924 1601 2958 Choroides
1626 2924 1776 2968 palliduli
1803 2953 1811 2969 ‚
1846 2927 2017 2971 hydatides
2049 2942 2166 2973 paucas

1158 2970 1289 3012 quidem
1312 2996 1320 3009 ‚
1351 2968 1401 3002 sed
1427 2968 1611 3010 majusculas
1630 2992 1643 3009 ‚
1665 2968 1843 3006 habuerunt
1867 2998 1874 3005 .
1908 2974 2063 3017 Denique·
2083 2986 2167 3009 cere-

1160 3015 1253 3047 briim
1278 3014 1398 3059 paulo,
1421 3012 1613 3046 cerebellum
1644 3023 1752 3047 autem
1778 3017 1883 3059 multo
1907 3019 2045 3052 mollius
2065 3017 2130 3053 fuit
2156 3045 2167 3061 ‚

1160 3069 1257 3101 quam
1283 3058 1400 3090 soleat.

1200 3113 1252 3145 30.
1280 3102 1363 3134 VIR
1387 3111 1485 3133 annos
1509 3109 1601 3134 natus
1626 3098 1676 3135 sex
1699 3104 1732 3135 δε
1755 3104 2014 3147 quinquaginta,
2038 3104 2165 3140 medio.

1156 3148 1204 3178 cri
1229 3144 1365 3184 habitu,
1389 3143 1505 3177 statura
1530 3155 1684 3186 procera,
1707 3147 1774 3180 vita
1800 3149 1911 3181 multis
1936 3150 1969 3181 in
1994 3150 2084 3183 rebus
2108 3161 2164 3183 ex..

1156 3199 1203 3222 tra
1229 3199 1375 3221 normam
1398 3188 1490 3226 aeia,
1513 3199 1587 3221 cum
1611 3190 1643 3221 in
1668 3191 1752 3225 nolis
1778 3190 1937 3226 sacrarum
1969 3194 2108 3226 turrium
2130 3205 2165 3226 a-

1155 3232 1320 3277 gitandis,
1343 3243 1405 3274 qua
1430 3231 1457 3277 se
1482 3240 1545 3264 arte
1567 3234 1738 3274 tuebatur,
1762 3235 1900 3268 nimium
1913 3234 1997 3268 haud
2023 3237 2069 3269 ita
2094 3238 2162 3278 pri-

1156 3278 1228 3311 dem
1262 3275 1405 3309 laborem
1430 3274 1618 3310 sustinuisset
1635 3301 1644 3316 ‚
1681 3278 1805 3320 aliquot
1831 3277 1897 3319 jain
1927 3277 1994 3311 dies
2018 3279 2163 3314 dolorem

1155 3321 1271 3354 tulerat
1295 3319 1408 3351 leviter
1434 3329 1626 3362 pungentem
1651 3320 1687 3354 ad
1711 3321 2162 3366 interioreminferioremque

1156 3365 1249 3399 sterni
1275 3373 1396 3405 partem
1412 3384 1419 3398 ‚
1444 3373 1519 3396 cum
1545 3364 1671 3397 tandem
1696 3367 1721 3398 is
1745 3364 1838 3398 dolor
1861 3364 1951 3398 valde
1976 3367 2085 3400 anetus
2097 3366 2162 3407 est,

1158 3407 1344 3446 accedente,
1369 3417 1425 3438 nec
1448 3408 1553 3441 multo
1577 3408 1670 3450 post,
1694 3407 1779 3441 febre
1795 3407 1909 3441 eodem
1934 3408 1985 3442 die
1996 3421 2071 3443 cum
2094 3408 2162 3444 dif-

1158 3452 1237 3486 ficili
1262 3449 1637 3497 respiratione..Interea
1662 3452 1747 3486 alvus
1771 3450 1881 3494 sponte
1901 3461 1989 3485 mota
2012 3453 2163 3496 spuman-

1157 3507 1225 3530 tem
1256 3493 1425 3528 humorem
1449 3494 1600 3527 biliosum
1622 3519 1633 3535 ,
1666 3495 1846 3530 &calidum
1870 3496 1919 3530 bis
1942 3504 2027 3529 terve
2042 3496 2158 3539 ejecit.

1155 3541 1306 3582 Denique
1341 3539 1374 3570 in
1408 3537 1494 3570 idem
1527 3538 1797 3579 Nosocomfflrn,
1830 3539 1864 3572 in
1888 3552 1955 3583 quo
1987 3548 2060 3573 ante
2085 3539 2162 3575 duas

1157 3582 1372 3617 hebdomadas
1398 3582 1506 3623 Virgo
1538 3583 1662 3617 obierat
1685 3582 1725 3615 de
1756 3594 1819 3625 qua
1843 3583 2006 3617 novissime
2036 3582 2164 3620 dietum

1159 3627 1222 3666 est,
1247 3628 1313 3660 sero
1337 3626 1416 3660 adeo
1441 3627 1482 3659 est
1506 3626 1615 3660 illatus
1637 3653 1646 3669 ,
1680 3636 1715 3660 ut
1739 3628 1794 3659 vix
1826 3637 1896 3660 ante
1919 3626 2015 3660 finem
2037 3628 2102 3661 diei
2126 3638 2166 3661 ex

2056 3683 2125 3714 quo

99 3756 2168 3776 —ss——ss-——mffl

164 3821 178 3849 (
192 3823 299 3852 m)V1.
317 3832 342 3848 n.
361 3832 397 3850 12.
414 3826 436 3849 Bc
454 3824 512 3848 v11.
529 3832 556 3849 n.
573 3831 610 3850 11.
630 3825 652 3849 δι
670 3832 707 3855 13.
