2498 4075
414 257 472 290 44.
499 244 685 282 MULIER
710 243 878 286 hystericis
900 241 1315 283 affeftionibus‘obuoxim
1348 244 1380 277 &

376 289 475 325 faciei
497 290 608 323 colore
631 286 815 322 illaudabili
829 312 837 324 ‚
858 286 984 328 aliquot
1021 287 1198 322 liberorum
1245 298 1346 321 mater
1368 307 1378 323 ,

372 344 449 368 cum
473 343 599 367 uterum
621 330 787 365 noviffime
809 328 932 368 ferret,
953 328 1136 370 praesensit,
1159 339 1287 373 partum
1302 341 1378 373 pro-

373 379 501 412 ximum
525 374 582 408 sibi
608 372 773 409 exitialem
796 372 962 408 futurum.
986 372 1031 406 Et
1055 373 1162 415 reapse
1186 376 1272 409 inter
1304 378 1389 416 par-0

373 418 560 459 turiendum
583 418 686 458 coepit
707 417 843 459 digitis,
864 418 898 451 δέ
921 414 1096 451 abdomine
1133 416 1343 453 intumescere
1368 427 1376 447 .-

371 474 451 498 mox
473 470 581 496 autern
604 470 680 496 cum
704 460 844 502 puellam
867 458 1035 500 peperisset
1060 459 1248 502 puerirloco
1279 470 1378 502 quem

370 505 573 548 speraverat,
597 505 629 537 &
651 513 784 546 propter
826 500 1029 543 sponfionem
1073 504 1172 539 etiam
1216 503 1379 547 quandam

373 550 480 583 inulto
504 546 690 587 maluisset,
713 546 811 588 idque
834 542 895 587 ipfi
918 544 957 578 de
979 546 1134 580 industria
1158 546 1199 581 ab
1221 546 1384 580 assidenti-

368 592 428 625 bus
442 590 632 625 mulieribus
653 590 875 626 occultatum,
900 589 1034 623 maritus
1057 600 1112 631 per
1134 589 1386 632 imprudentiam

369 633 562 670 revelasset,
584 642 674 667 tanta
698 635 799 670 animi
821 632 1015 676 aegritudine
1039 643 1130 666 corre
1156 642 1189 668 ta
1221 633 1264 666 est
1286 658 1295 672 ‚
1342 642 1378 666 ut

369 678 462 715 illico
485 675 592 719 pulsus
615 677 813 719 deficerent,
836 675 1016 718 corpusque
1040 674 1121 718 frig'e
1138 685 1224 712 ceret
1248 689 1260 713 ‚¹
1280 677 1378 711 Tunc

367 721 448 758 hora
473 723 529 755 vix
552 731 617 758 erat
640 732 680 754 ex
701 731 769 764 quo
790 719 928 762 puellam
951 718 1117 760 ediderat,
1139 731 1240 764 neque
1263 730 1377 762 praeter

372 765 516 807 aliquam
540 763 799 799 membranarum
823 771 969 805 partem,
992 773 1090 807 quam
1114 762 1186 797 sana
1210 766 1240 796 &
1265 764 1375 797 vitalis

370 808 478 850 puella
503 806 608 843 securri
633 815 798 847 traxerat,
821 805 1002 848 quidquam
1034 807 1254 843 Secundarum
1299 819 1376 849 pro-

368 851 497 889 dierat,
520 851 584 886 sive
607 850 694 892 quod
721 849 870 891 placenta
894 850 1011 883 arctius
1055 849 1232 886 adhereret
1252 872 1267 890 ‚
1312 849 1375 885 five

367 894 457 936 quod
481 893 640 928 obstetrix
663 903 787 927 naturae
808 903 903 934 opem
926 894 1159 935 expeffitandam
1182 892 1375 932 censuisset,

367 946 406 971 ut
427 948 499 980 quae
522 946 651 979 neptem
678 935 871 970 meminisset
915 934 1001 970 suam
1046 937 1129 973 olim
1175 936 1374 975 restitantem

365 980 548 1021 placentam
572 980 716 1015 feliciter
740 979 870 1022 ejecisse
892 979 1021 1015 decimo
1043 980 1110 1023 jam
1134 993 1151 1017 a
1174 992 1268 1023 partu
1290 982 1341 1014 die
1365 1004 1373 1013 2

365 1024 454 1059 Cum
477 1025 582 1067 igitur
602 1032 709 1067 neque
735 1025 864 1067 pulsus,
888 1033 990 1069 neque
1012 1028 1104 1060 calor
1128 1026 1293 1064 redirent‚·
1324 1025 1373 1057 in-

364 1076 413 1100 tra
437 1065 659 1110 sesquihoram
680 1079 721 1105 ex
742 1079 809 1110 quo
830 1064 866 1099 hi
889 1066 1094 1107 defecerant,
1119 1079 1204 1102 mors
1228 1069 1376 1110 superve-

361 1111 433 1148 nit,
460 1122 526 1145 non
549 1112 754 1149 intermisso,
777 1109 866 1153 quod
890 1111 924 1143 in
948 1123 985 1144 eo
1010 1111 1161 1154 pulsuum
1172 1111 1301 1150 defectu
1314 1113 1378 1144 mi-

361 1154 511 1193 raberi53
534 1153 574 1188 ad
598 1155 752 1193 ultimum
777 1154 875 1197 usque
900 1154 977 1192 vitae
1003 1165 1184 1188 extremum
1217 1155 1375 1191 consueto

362 1197 532 1240 sanguinis
556 1209 596 1235 ex
619 1207 713 1238 utero
735 1196 850 1233 efluxu
866 1222 875 1233 ι,
1005 1198 1247 1233 CADAVER
1291 1199 1376 1235 inci-

360 1239 469 1274 dimus
492 1241 573 1275 hora
598 1242 638 1279 ab
661 1243 802 1279 interitu
826 1238 979 1282 vigesima
1000 1251 1118 1282 quarta
1147 1267 1152 1273 ‚
1199 1241 1306 1284 Cujus
1338 1254 1377 1279 ex

358 1295 439 1322 ore,
463 1286 494 1318 &
517 1284 650 1319 naribus
674 1284 774 1320 multa
789 1308 798 1323 ‚
822 1285 854 1316 &
878 1293 974 1325 grave
996 1285 1085 1317 olens
1108 1297 1189 1330 aqua
1202 1282 1376 1321 effluebat„

361 1327 499 1361 Ventris
522 1336 635 1364 tumor
657 1338 724 1363 erat
749 1336 881 1364 tantus,
907 1337 942 1361 ut
967 1327 1125 1370 majoris,
1148 1340 1186 1362 ne
1208 1331 1242 1362 in
1267 1329 1375 1364 asciti,

356 1372 402 1404 cis
425 1369 584 1414 quidem,
608 1382 624 1404 a
649 1371 743 1407 nobis
768 1368 827 1404 visi
850 1371 1081 1406 recordemur.
1107 1373 1199 1411 Qui,
1246 1374 1375 1413 perito-

356 1425 429 1455 naeo
452 1413 578 1451 inciso,
604 1424 670 1449 non
694 1413 753 1450 nisi
777 1424 890 1455 parum
914 1414 1189 1455 subsedit5fiebat
1203 1414 1293 1454 enini
1303 1426 1374 1452 tum

358 1467 376 1491 a
401 1458 608 1498 ventriculo,
634 1460 666 1495 &
689 1458 875 1498 intestinis,
898 1469 969 1492 aere
993 1460 1113 1495 mirum
1159 1462 1194 1494 in
1237 1461 1372 1496 modum

354 1500 500 1534 distentis
517 1523 526 1539 ,
552 1509 624 1536 tum
648 1502 691 1540 ab
715 1511 808 1536 utero
831 1500 883 1534 his
908 1501 1053 1544 subjecto
1077 1528 1085 1543 ,
1129 1506 1186 1547 qui
1230 1505 1372 1540 rotunda

353 1544 401 1578 sui
425 1545 511 1578 mole
534 1552 640 1583 totam
666 1546 786 1588 pelvim
809 1555 875 1582 non
900 1548 1029 1583 tenebat
1054 1547 1178 1588 modo,
1203 1547 1257 1581 sed
1279 1559 1369 1582 exce-³

352 1588 470 1625 debat.
498 1587 597 1626 Hunc
620 1600 696 1624 cum
718 1588 874 1625 omnibus
896 1601 969 1634 quae
995 1589 1033 1624 ad
1057 1590 1165 1633 ipsum
1187 1593 1332 1625 attinent
1358 1617 1368 1633 ,

351 1632 500 1674 partibus
523 1632 714 1675 priusquam
738 1632 983 1672 exc-ideremus,
1008 1631 1139 1669 effusam
1162 1636 1196 1668 in
1241 1637 1367 1669 ventris

351 1676 475 1718 pelvim
499 1685 666 1715 cruentam
691 1687 808 1718 aquarn
833 1676 1140 1716 animadvertimus.
1167 1682 1275 1713 Antea
1311 1691 1367 1715 au-

351 1728 418 1751 tem
465 1718 538 1752 vasa
584 1731 657 1764 qua}
703 1719 770 1761 sub,
803 1719 964 1753 feminum
1001 1732 1075 1755 cute
1100 1733 1204 1765 prope
1225 1722 1365 1765 genitale

349 1762 445 1804 sunt,
470 1761 603 1808 oppleta
628 1760 780 1803 sanguine
805 1763 1159 1802 animadverteramus:
1191 1769 1224 1798 δέ
1268 1766 1365 1806 pubis

348 1805 416 1840 ossa
439 1817 503 1851 qua
526 1816 710 1848 junguntur
731 1808 819 1842 inter
840 1807 892 1847 sc,
915 1819 990 1846 curn
1015 1818 1090 1843 ante
1115 1808 1290 1844 sectionem
1312 1810 1363 1843 di-

349 1851 425 1891 gito.
447 1858 570 1895 tentata
591 1872 603 1889 ,
628 1849 814 1890 dehiscere,
832 1860 895 1890 ⁴³tut
918 1860 1006 1890 certe
1029 1851 1187 1888 laxiffime
1231 1852 1368 1895 conjun-

352 1894 403 1929 eta
429 1895 636 1930 viderentur,
659 1894 768 1935 reapse
783 1917 791 1931 ‚
817 1894 967 1935 junctura
991 1897 1046 1933 vix,
1068 1896 1177 1931 cultro
1211 1901 1331 1931 attacta
1355 1918 1366 1934 ,

347 1936 487 1972 alterum
511 1937 551 1970 ab
575 1938 678 1975 altero.
697 1936 891 1979 disceffisse,
910 1937 1046 1978 humore
1071 1939 1181 1981 aliquo
1205 1941 1370 1981 prodeuna

349 1989 398 2013 te,
426 1981 499 2015 Nec
521 1979 712 2022 diffimilia,
735 1992 810 2015 cum
835 1992 912 2016 mox
936 1980 1102 2023 juncturas
1124 1982 1239 2022 Qffium
1272 1984 1368 2020 ilium

346 2034 422 2058 cum
446 2024 543 2061 Sacro
566 2026 845 2063 examinaremus,
870 2026 977 2065 videre,
1001 2025 1060 2061 visi
1083 2025 1215 2063 sumus5
1238 2036 1276 2060 ut
1299 2038 1366 2064 nori

351 2068 449 2110 longe
474 2080 490 2106 a
516 2079 595 2105 veros
618 2067 733 2102 abiisse
757 2068 979 2109 crederemus,
999 2071 1058 2115 qui
1083 2080 1148 2105 non
1172 2069 1276 2105 solum
1299 2075 1366 2113 pri-0

349 2113 511 2154 miparis,
534 2110 615 2146 ficut
638 2112 863 2155 Hippocrates>
883 2113 936 2156 (*
958 2116 969 2152 )
993 2114 1127 2150 docuit,
1158 2112 1209 2146 sed
1240 2118 1270 2151 ὅς
1304 2114 1362 2147 ali-

352 2155 486 2195 quando
501 2176 512 2192 ‚
535 2156 634 2189 etiam
658 2158 694 2191 in
740 2166 813 2190 artu
837 2166 902 2190 non
929 2155 1022 2193 valde
1044 2155 1228 2198 laborioso,
1252 2169 1364 2191 coxena

345 2198 430 2234 dices
452 2197 632 2242 disparari,
656 2208 707 2237 tra
725 2199 882 2238 iderunt,
907 2199 1060 2234 Excisum
1086 2210 1215 2234 uterum
1260 2203 1363 2236 attola

346 2242 447 2280 lentes
461 2242 717 2285 ,praegrandem
740 2244 887 2281 concreti
910 2244 1073 2285 sanguinis
1097 2244 1232 2281 massam
1245 2256 1300 2286 per
1312 2256 1363 2279 va„

346 2287 432 2327 ginae
453 2285 623 2325 orificium
645 2285 768 2324 effundi
788 2310 802 2326 ,
823 2286 1048 2329 conspeximus
1071 2314 1080 2322 .
1125 2288 1361 2330 Nympharum

347 2330 404 2366 vix
425 2328 611 2372 quidquam
634 2330 809 2374 apparuit,
832 2341 872 2364 an
894 2332 985 2374 quod
1008 2333 1042 2368 in
1066 2341 1159 2374 partu
1182 2331 1328 2368 cedentes
1351 2358 1362 2373 ,

345 2383 386 2411 ne
410 2374 565 2416 proxima,
588 2374 672 2407 cutis
694 2373 872 2413 laceretur,
893 2374 923 2407 se
946 2376 1148 2414 extendant,
1172 2375 1264 2408 brevi
1289 2377 1359 2418 post

345 2425 499 2462 tempore·
520 2415 559 2454 ad
583 2417 754 2458 pristinam
774 2416 919 2454 formam
943 2417 1128 2454 redituras?
1160 2418 1214 2452 Sic
1246 2417 1360 2457 Fabri-

346 2461 414 2496 cius
437 2459 542 2497 noster
565 2459 609 2492 ab*
632 2460 886 2503 Aquapendente
906 2463 962 2503 (g
983 2465 998 2501 )
1019 2461 1207 2505 priusquam
1231 2464 1265 2496 in
1279 2463 1360 2496 Vir„

348 2505 425 2545 gine
450 2502 673 2538 membranam
705 2502 866 2542 incideret
899 2504 1128 2542 occludentem
1158 2505 1241 2542 illud
1270 2505 1360 2541 orifi,

293 2575 296 2578 .
346 2549 460 2586 cium,
484 2547 692 2590 maximaque
715 2548 863 2590 impositi
887 2548 1050 2589 sanguinis
1075 2551 1108 2582 vi
1153 2547 1324 2586 distentam
1348 2576 1359 2592 ‚

346 2589 507 2633 nymphas
528 2588 628 2624 ferme
652 2589 757 2627 nullas
780 2590 959 2633 apparuisse
979 2616 988 2631 ‚
1035 2591 1204 2629 adnotavit
1226 2616 1239 2633 ,
1282 2605 1359 2636 quas

344 2646 424 2669 mox
440 2658 449 2674 ,
473 2633 531 2670 illa.
555 2634 742 2671 membrana
765 2634 866 2671 incisa
888 2658 902 2675 ,
947 2633 1138 2680 sublataque
1180 2635 1325 2671 tensione
1346 2661 1358 2677 ,

345 2677 550 2715 efformatas‚
572 2677 765 2720 conspexit,
790 2678 843 2714 Ex
864 2678 1003 2722 quibus3
1028 2679 1050 2713 fi
1074 2692 1091 2713 a
1106 2680 1269 2721 partu'res
1281 2681 1362 2714 sem-2v

344 2732 402 2765 per
424 2720 463 2755 ad
485 2719 623 2757 eundem
647 2720 804 2760 modum,
829 2730 866 2759 ut
888 2721 1013 2760 indicat
1036 2721 1205 2757 Dionisius
1224 2726 1238 2766 (
1263 2723 1282 2756 Ι)
1305 2727 1318 2763 )
1341 2747 1351 2762 ,

334 2765 376 2801 ,se
399 2764 497 2801 habet
512 2777 524 2803 3!
548 2774 649 2799 unum
670 2776 711 2798 ex
732 2765 953 2808 nympharum
977 2765 1085 2803 usibus
1107 2766 1268 2809 conjicere
1279 2779 1353 2801 cum

344 2821 383 2842 eo
406 2817 514 2851 potes.
540 2808 632 2843 Dum
655 2809 817 2848 exteriora
841 2808 1082 2854 speffitabamus,
1114 2809 1243 2845 lacunas
1274 2817 1352 2852 quas

344 2855 380 2888 in
402 2853 519 2887 Primis
541 2851 744 2888 Adversariis
767 2854 785 2895 (
803 2853 852 2894 i)
874 2864 959 2889 anno
982 2854 1143 2897 superiore
1179 2855 1351 2897 proposue-

344 2905 435 2933 ram,
460 2895 586 2932 Amicis,
606 2895 729 2934 ostendi
741 2914 758 2934 ,·
777 2895 970 2938 subalbum,
993 2898 1083 2941 quali
1105 2899 1142 2933 in
1174 2909 1209 2931 ea
1243 2896 1353 2934 foemi-

344 2950 406 2977 na,
431 2949 534 2980 neque
558 2940 606 2975 ita
630 2950 761 2981 pauco,
789 2941 1020 2981 abundabant,
1040 2941 1212 2978 humorem
1246 2942 1354 2983 expria

345 2993 455 3018 mens,
481 2981 565 3015 Mox
588 2984 686 3016 etiam
710 2982 968 3026 lymphaeduetus
992 2987 1077 3019 uteri
1110 2984 1353 3025 animadverti,

344 3029 378 3060 &
398 3024 617 3059 demonstravi
636 3048 646 3063 ‚
668 3027 942 3068 quemadmodum
965 3029 1101 3064 &lutei
1125 3030 1271 3072 corporis
1317 3031 1352 3063 in

334 3067 421 3112 *teste
445 3069 549 3103 altero
566 3068 782 3118 structuram.
806 3071 869 3106 Sed
890 3071 928 3105 de
951 3072 1023 3113 his,
1045 3075 1077 3108 &
1100 3071 1142 3106 de
1174 3072 1352 3109 Teretibus

343 3113 430 3149 uteri
451 3111 590 3148 vinculis
614 3123 796 3155 quantam,
829 3115 875 3148 ob
919 3116 990 3150 vasa
1034 3115 1157 3158 quibus
1200 3126 1352 3157 magnam

343 3165 468 3199 partem
488 3157 770 3199 compinguntur,
796 3158 954 3202 sanguine
976 3158 1109 3197 distenta
1132 3184 1143 3201 ,
1172 3159 1354 3202 crassitudi-

342 3211 418 3235 nem
440 3199 619 3239 haberent,
642 3201 674 3235 &
696 3200 736 3235 de
758 3210 852 3237 utero
872 3201 944 3245 ipso
979 3204 1100 3245 quibus
1143 3214 1184 3238 ex
1226 3202 1319 3237 fibris
1341 3225 1352 3240 ‚

342 3239 526 3292 finibusque
548 3242 729 3283 constaret,
752 3247 785 3282 ὃς
799 3243 869 3285 his,
893 3246 1031 3288 vasisque
1056 3245 1244 3289 sanguiferis
1265 3256 1352 3280 exte-

345 3287 487 3335 rioribus
509 3289 770 3336 quamamplis,
794 3297 865 3325 turn
886 3288 925 3324 de
949 3291 1069 3326 uterini
1100 3290 1205 3330 osculi
1235 3290 1352 3333 ampli-

344 3329 457 3379 tudine
471 3351 481 3366 ‚,
502 3339 560 3363 nec
583 3332 704 3366 minori
727 3334 888 3374 cervicis,
908 3344 1008 3374 quam
1032 3332 1127 3369 fundi
1151 3332 1249 3376 ipsius
1269 3333 1354 3368 dila-

345 3382 493 3410 tatione,
517 3373 724 3409 creberrimis
746 3376 889 3418 denique
911 3378 944 3410 in
976 3376 1035 3410 illo
1079 3377 1192 3412 osculo
1216 3402 1228 3418 ‚
1270 3378 1353 3410 ima-

343 3427 407 3458 que
429 3418 553 3450 cervice
575 3418 710 3451 mucosis
732 3419 893 3461 glandulis
915 3431 926 3458 3
971 3420 1010 3454 de
1053 3419 1105 3454 his
1127 3443 1139 3461 ‚
1182 3421 1319 3464 inquam
1342 3442 1353 3459 2

342 3460 510 3495 omnibus,
542 3458 617 3493 satis
661 3461 696 3494 in
740 3463 879 3498 Quartis
922 3462 1121 3499 Adversariis
1165 3466 1180 3502 (
1201 3464 1220 3503 l<
1243 3467 1254 3502 )
1279 3463 1354 3496 scri-

345 3511 440 3546 ptum
461 3503 531 3538 est.
554 3502 653 3539 Nunc
678 3504 700 3538 si
725 3505 805 3548 quid
826 3507 874 3543 ibi
896 3517 964 3543 non
987 3506 1102 3544 habuit
1132 3507 1244 3544 locum
1267 3532 1278 3549 ‚
1308 3505 1354 3543 est.

962 163 1120 220 Liber
1152 164 1245 217 111.
1279 164 1366 218 De
1398 160 1607 218 Morbis
1641 163 1860 218 Ventris
1890 223 1892 226 Α

1431 243 1673 286 adjiciendum,
1697 253 1732 277 ut
1754 244 1844 279 illam
1865 269 1875 284 ‚
1899 244 2175 288 quemadmodum
2197 243 2430 289 promisi,jam

1429 297 1534 322 totam
1556 287 1671 321 habeas
1693 288 1984 322 observationem.
2008 289 2117 323 Testis
2141 300 2275 332 uterque
2297 300 2363 322 non
2388 286 2430 320 fi-

1428 343 1467 366 ne
1489 332 1600 374 aliquo
1622 333 1656 371 in
1680 330 1846 373 superficie
1869 332 2066 375 {oraminuio
2089 331 2350 375 conspeQusest,
2373 337 2430 373 per

1428 374 1516 419 quod
1540 376 1637 407 tenue
1669 373 1835 416 specillum
1867 376 1958 409 intro
1992 376 2225 411 admittebatur
2243 371 2258 407 ¹.
2295 375 2333 412 In
2369 373 2431 410 illo

1427 428 1536 453 autem
1559 418 1672 452 eodem
1696 419 1791 455 teste,
1811 420 1849 452 ‘in
1872 431 1938 461 quo
1961 419 2084 453 luteum
2095 430 2232 462 corpus,
2254 417 2429 451 subrotun-

1428 461 1468 495 da
1491 460 1556 498 fuit
1579 459 1662 495 ossea
1685 461 1822 499 cellula,
1846 462 1880 495 in
1904 460 2063 511 hujusque
2086 473 2166 496 cavo
2189 471 2338 496 cruentus
2360 460 2431 494 'hu-

1432 515 1524 539 mor.
1547 505 1653 540 Tubae
1677 504 1838 546 longiores
1881 517 1979 548 quam
2024 507 2100 539 alias
2145 505 2268 538 solent.
2293 504 2434 549 Vaginae

1434 550 1569 593 parietes
1592 550 1780 587 extenuati,-
1803 548 1934 592 ipsaque
1960 549 2064 586 multo
2086 550 2214 592 quidem
2238 549 2357 588 latior,
2381 544 2434 579 led

1438 592 1544 628 nihilo
1568 592 1697 625 brevior
1712 616 1720 631 ,
1744 594 1831 632 rugis
1853 601 1958 625 autem
1980 593 2148 627 dumtaxat
2171 594 2320 634 aliquot,
2364 601 2434 623 ure-

1429 636 1510 671 thrae
1532 635 1832 678 corporiglandoso-
1849 634 2132 678 respondentibus.
2161 637 2260 670 Uteri
2285 632 2434 668 osculum

1429 691 1468 714 ex
1491 679 1591 713 rubro
1614 678 1814 719 nigrescens,
1838 681 1870 712 δι
1894 679 2013 713 alicubi
2037 681 2230 713 laceratum.
2257 677 2435 711 Nullaein-

1428 733 1479 757 tra
1500 723 1658 756 cervicem
1683 722 1836 756 exstantes
1859 720 2023 756 chordula:
2039 746 2047 759 ,
2071 735 2171 765 neque
2186 721 2440 756 membranulae..

1427 768 1584 809 Supremo
1605 766 1687 800 uteri
1712 764 1815 800 fundo
1837 765 2015 808 placentam
2040 769 2082 801 fic
2096 765 2275 804 adhaeiisse,
2300 764 2436 799 uttubae

1431 810 1600 852 utriusque
1624 808 1751 844 orificia
1775 809 1968 850 obtegeret,
1993 809 2201 845 manifestum
2224 818 2293 844 erat
2316 834 2323 840 .
2370 807 2437 840 Ea-

1428 854 1566 896 demque
1589 854 1687 885 etiam
1712 862 1804 891 tum,
1826 864 1867 886 ex
1891 857 1980 896 parte
1996 875 2005 889 ,
2030 852 2229 888 adhaerebat.
2267 851 2327 885 Sed
2370 861 2435 892 qua

1428 896 1627 933 adhaeserat,
1650 896 1696 928 ibi
1719 896 1783 937 jam
1808 896 1898 928 valde
1923 899 2089 931 commeta
2112 906 2202 931 erant
2226 896 2310 939 uteri
2340 894 2435 927 oscu-

1426 941 1478 979 123
1500 952 1563 983 qua
1588 937 1792 977 adherebat,
1815 940 1917 980 ampla
1940 950 2098 982 quantum
2119 942 2153 973 in
2187 940 2253 974 illis
2275 938 2436 979 Adversa-

1425 985 1482 1018 riis
1504 985 1628 1018 dictum
1651 981 1712 1020 est,
1737 982 1912 1021 veriffime,
1939 993 1973 1016 ut
2001 992 2138 1018 caetera:
2160 983 2248 1026 quod
2270 983 2343 1016 ideo
2377 979 2434 1014 hic

1426 1027 1608 1065 confirmo,
1633 1037 1671 1059 ne
1693 1027 1810 1069 quibus
1833 1029 1867 1058 in
1892 1026 1967 1059 talia
1993 1028 2126 1061 necdum
2146 1026 2301 1070 incidere·
2320 1026 2434 1073 clatum

1427 1072 1471 1105 est
1493 1094 1504 1110 ,
1535 1069 1697 1112 paradoxa
1721 1070 1786 1104 alio
1808 1068 1893 1103 forte
1916 1081 2012 1111 quam
2035 1071 2143 1105 Graeci
2168 1081 2247 1103 voce
2281 1069 2339 1103 hac
2383 1076 2436 1100 uti

1425 1113 1681 1154 consueverant,
1707 1113 1795 1148 sensu
1818 1113 2008 1148 videantur.
2034 1115 2072 1146 In
2093 1113 2214 1148 finibus
2238 1109 2435 1155 quibuscum

1425 1160 1482 1193 illa
1505 1157 1627 1191 oscula:
1639 1157 1925 1191 communicabant
1949 1180 1960 1197 ,
1993 1157 2079 1192 nihil
2120 1167 2191 1192 erat
2234 1156 2399 1198 sanguinis
2422 1176 2435 1187 .

1557 1200 1694 1235 Thorax
1717 1201 1880 1242 denique3
1907 1212 1980 1233 nam
2004 1211 2102 1242 caput
2126 1212 2191 1234 non
2227 1201 2397 1241 attigimus
2421 1211 2433 1237 ς

1429 1246 1597 1287 pulmones
1620 1244 1761 1282 habuit5
1787 1243 1810 1278 si
1836 1243 2014 1286 posteriora
2040 1245 2179 1287 excipias
2202 1244 2236 1278 in
2257 1254 2328 1287 quae
2362 1244 2436 1274 ‚an-

1426 1291 1496 1332 guis
1520 1288 1565 1321 ob
1588 1288 1737 1327 supinum
1759 1286 1921 1321 cadaveris
1943 1289 2107 1328 positum,
2131 1288 2255 1322 utsolet
2271 1309 2280 1324 ,
2304 1285 2436 1320 descen-

1427 1334 1538 1368 derat3
1563 1340 1653 1364 totos
1675 1343 1714 1367 ex
1734 1331 1809 1365 albo
1831 1329 1919 1364 foede
1941 1331 2077 1365 liventes
2093 1355 2100 1361 .
2126 1333 2194 1369 Cor
2218 1330 2312 1374 supra
2335 1338 2435 1372 quam

1425 1375 1491 1412 dici
1517 1375 1609 1419 poffit
1625 1397 1634 1412 ‚
1657 1373 1858 1414 flaccidum,
1882 1373 1965 1407 nihil
1989 1373 2054 1408 fere
2075 1375 2242 1417 sanguinis
2274 1376 2309 1407 in
2345 1373 2436 1407 auri-

1424 1420 1530 1456 culis,
1552 1419 1748 1462 dextereque
1771 1419 1955 1455 ventriculo
1970 1441 1980 1458 ,
2003 1417 2088 1455 nihil
2112 1428 2221 1453 autem
2247 1416 2376 1461 prorsus
2398 1418 2435 1448 in

1424 1462 1551 1498 finistro
1575 1463 1784 1496 continebat.
1876 1500 1878 1504 f
2023 1465 2027 1469 '

1465 1517 1519 1549 45.
1548 1506 1698 1541 Multum
1720 1505 1855 1549 quidem
1879 1505 2084 1548 sanguinem,
2107 1506 2153 1540 ob
2185 1505 2366 1548 placentam
2396 1515 2436 1540 ex

1421 1549 1704 1599 partewsolutam,
1728 1560 1784 1592 per
1806 1560 1935 1584 uterum
1959 1548 2141 1591 effluxisse,
2187 1560 2255 1588 non
2298 1558 2437 1590 negave-

1420 1595 1505 1631 rim;
1529 1594 1621 1635 copia
1647 1603 1751 1628 autem
1775 1593 1882 1626 exiisse
1907 1601 2018 1630 tanta,
2045 1604 2079 1627 ut
2104 1595 2131 1627 is
2154 1593 2294 1630 effluxus
2317 1593 2436 1627 mulie-

1419 1648 1486 1671 rem
1509 1637 1693 1677 ceciderit,
1715 1637 1861 1671 dubitari
1885 1635 2013 1671 fortasse
2038 1637 2160 1678 potest.
2195 1637 2286 1671 Nam
2329 1647 2434 1678 neque

1419 1681 1457 1715 de
1483 1693 1517 1716 ea
1541 1683 1635 1722 copia
1660 1681 1878 1721 quaerentibus
1901 1681 1994 1713 nobis
2017 1682 2058 1713 ab
2078 1682 2118 1714 iis
2142 1691 2215 1722 quae
2242 1680 2429 1720 astiterant,

1417 1723 1565 1759 foeminis
1589 1724 1784 1759 affirmatum
1808 1725 1876 1763 est,
1898 1726 1929 1757 &
1955 1722 2026 1756 vasa
2050 1724 2195 1766 quaedam
2224 1733 2261 1757 ut
2285 1724 2393 1766 legisti
2417 1748 2428 1763 ‚

1419 1767 1572 1810 sanguine
1595 1768 1691 1802 etiam
1715 1767 1784 1808 post
1811 1776 1948 1801 mortem
1972 1777 2061 1800 erant
2084 1767 2222 1802 distenta
2242 1780 2251 1803 ς
2275 1777 2340 1800 non
2359 1764 2430 1809 fere

1413 1810 1566 1855 sanguine
1587 1821 1710 1850 vacua,
1733 1820 1768 1845 ut
1792 1811 1845 1846 Cl.
1871 1811 2124 1852 Ta-barranus'(
2142 1809 2187 1849 b)
2212 1810 2249 1842 in
2281 1810 2433 1843 mulieri-

1420 1855 1479 1888 bus
1500 1856 1626 1889 invenit
1641 1877 1649 1892 ‚
1676 1855 1785 1895 paucis
1808 1854 1877 1896 post
1900 1854 2028 1894 parturn
2050 1853 2139 1888 horis
2163 1851 2335 1894 profluvio
2360 1853 2434 1887 san-

1419 1899 1529 1940 guinis
1552 1898 1724 1932 extinctis:
1749 1907 1820 1932 tum
1845 1896 1974 1940 pulsus,
1997 1900 2028 1931 δε
2049 1898 2138 1931 calor
2162 1907 2227 1931 non
2249 1897 2358 1936 -paula
2370 1898 2433 1931 tim

1420 1951 1532 1978 antea,
1558 1941 1609 1976 sed
1633 1952 1709 1975 tunc
1733 1949 1863 1984 repente
1886 1950 1982 1983 atque
2027 1942 2165 1975 omnino
2210 1939 2432 1980 defecerunt»,

1419 1997 1494 2019 cum
1518 1996 1565 2019 res
1590 1996 1751 2027 puerperae
1774 1984 1903 2019 molesta
1927 1996 1961 2019 ac
1985 1987 2093 2025 gravis
2116 1993 2243 2017 narrata
2268 1983 2333 2021 est3
2379 1985 2434 2016 ni-

1417 2027 1465 2064 hil
1489 2032 1572 2063 enim
1597 2027 1757 2068 eiusmodi
1782 2039 1819 2060 eo
1843 2037 1988 2070 tempore
2013 2028 2124 2062 audire
2147 2027 2301 2060 convenit
2314 2026 2431 2061 foemi-

1417 2083 1497 2109 nas,
1523 2071 1693 2113 minusque
1715 2071 1788 2104 illas
1811 2082 1904 2113 quae,
1927 2070 2098 2112 hystericis
2122 2068 2346 2104 affectionibus
2368 2071 2431 2104 ob-

1416 2117 1549 2152 noxiae,
1571 2115 1732 2157 proclives
1754 2125 1870 2148 nervos
1891 2112 2012 2149 habent
2038 2115 2075 2148 ad
2090 2112 2310 2150 convulsiones
2325 2137 2334 2151 ,
2357 2127 2432 2157 quae

1414 2159 1437 2193 fi
1463 2158 1579 2196 viscera
1603 2159 1726 2193 nobilia
1749 2159 1950 2202 corripiant,
1976 2157 2196 2194 infirmiores·
2218 2155 2314 2192 facile
2359 2170 2434 2201 per-

1415 2201 1521 2240 dunt,
1546 2211 1582 2236 ut
1607 2202 1736 2237 mulieri
1762 2202 1909 2237 accidisse
1925 2227 1934 2241 ‚
1959 2202 2068 2245 leges,
2090 2213 2163 2245 quae
2194 2210 2212 2234 a
2256 2201 2432 2244 praegreffis

1413 2246 1601 2283 laboribus,
1624 2249 1656 2281 &
1680 2247 1720 2281 ab
1742 2244 1868 2283 difficili
1895 2245 2100 2287 parrulaffa,
2127 2256 2204 2280 mox
2219 2245 2291 2290 post
2302 2245 2406 2287 ipsum
2423 2271 2434 2285 ,

1411 2293 1497 2324 inter
1522 2289 1741 2333 loquendum,
1766 2299 1897 2333 repente
1920 2299 2037 2333 praeter
2071 2300 2204 2324 omnem
2239 2289 2435 2332 opinionem

1412 2333 1571 2370 convulsa
1597 2345 1725 2368 mortua
1749 2333 1815 2370 est,
1839 2344 1916 2367 cum
1940 2334 2038 2368 aliam
2063 2334 2189 2367 nullam
2213 2332 2266 2365 Cl.
2287 2332 2343 2379 Jo.
2377 2334 2434 2367 Se-

1412 2378 1487 2412 bast.
1515 2376 1710 2413 Albrechtus
1734 2379 1745 2417 (
1769 2387 1801 2409 m
1824 2379 1835 2415 )
1863 2376 2016 2419 suspicari
2038 2377 2169 2413 causam
2195 2374 2295 2418 posset
2319 2399 2328 2414 ‚
2375 2376 2436 2412 nisi

1413 2420 1583 2454 molestum
1608 2433 1647 2454 eo
1671 2430 1818 2460 tempore
1842 2420 1998 2455 nuncium
2024 2432 2040 2454 a
2068 2432 2222 2464 puerpera
2259 2421 2430 2455 auditum.

1412 2464 1529 2507 Neque
1553 2464 1643 2498 aliter
1668 2463 1811 2498 foeminae
1837 2463 1931 2506 hujus
1955 2463 2068 2501 uostrae
2092 2473 2234 2498 mortem
2260 2463 2433 2502 accidisse,

1411 2508 1451 2541 iis
1475 2508 1629 2541 omnibus
1652 2507 1770 2541 Doctis
1793 2508 1932 2542 Medicis
1957 2506 2062 2542 visum
2086 2509 2130 2544 est
2162 2507 2220 2549 qui
2266 2518 2342 2540 cum
2386 2520 2433 2543 ea

1410 2562 1483 2593 quae
1508 2551 1606 2587 relata
1632 2550 1705 2584 sunt
1722 2574 1731 2589 ,
1754 2561 1878 2585 mecum
1903 2551 2119 2591 audivissent,
2145 2559 2216 2585 tum
2263 2552 2427 2586 cadaveris

1410 2594 1592 2628 disseffioni
1615 2592 1854 2629 interfuerunt.
1879 2594 1936 2626 Tu
1960 2605 2038 2629 vero
2063 2595 2254 2637 priusquam
2279 2594 2431 2636 judices,

1411 2637 1493 2671 illud
1520 2648 1618 2672 etiam
1640 2636 1819 2674 attendito,
1844 2645 2001 2678 quantum
2026 2639 2060 2671 in
2084 2648 2247 2671 tumorem
2264 2662 2273 2677 ,
2297 2639 2429 2673 &hunc

1411 2680 1642 2720 flatulentuin,
1669 2680 1814 2716 mulieris
1839 2690 1949 2716 venter
1972 2681 2168 2716 increverit.
2184 2680 2295 2715 Habes
2317 2694 2427 2718 autem

1402 2726 1453 2759 vel
1478 2726 1627 2761 sectione
1651 2724 1708 2759 hac
1733 2722 2155 2766 SepulcliretiXXXVIII.
2181 2722 2334 2765 quasdam
2346 2726 2424 2760 Ob.

1404 2769 1602 2803 servationes
1623 2768 1819 2812 quibuscum
1844 2766 1984 2801 nostram
2008 2767 2176 2801 conferas.
2203 2768 2347 2803 Primum
2371 2770 2417 2802 V.

1403 2823 1475 2855 quae
1500 2823 1555 2853 per
1577 2813 1736 2847 incuriam
1761 2811 1819 2845 sub
1844 2822 1979 2845 numero
2002 2823 2132 2855 quoque
2157 2810 2254 2844 XIII.
2279 2815 2424 2856 repetita.

1403 2854 1468 2895 est,
1490 2854 1660 2895 foeminae,
1682 2857 1737 2889 cui
1762 2864 1900 2889 mortuae
1923 2855 2045 2888 decima
2070 2868 2085 2888 a
2109 2862 2204 2897 partu
2227 2853 2308 2889 hora
2332 2866 2423 2891 totus

1406 2907 1516 2933 venter
1540 2899 1604 2935 fuit
1630 2900 1766 2935 flatibus
1788 2909 1914 2932 tumens
1933 2923 1939 2932 .
1965 2898 2021 2931 Sed
2045 2900 2206 2941 quoniam
2229 2898 2298 2940 ejus
2312 2910 2423 2936 uterus

1405 2944 1531 2986 grumis
1554 2945 1690 2986 plenus,
1713 2946 1744 2975 ὃ(
1772 2942 1882 2975 multae
1907 2942 2118 2976 vacuationes
2153 2952 2382 2978 memorantur
2404 2966 2417 2983 ‚

1405 2997 1472 3019 non
1496 2985 1580 3021 secus
1604 3001 1638 3021 ac
1663 2989 1702 3020 ab
1725 2984 1898 3021 Eustachio
1923 2989 1933 3026 (
1957 2996 1976 3018 n
1997 2989 2008 3024 l
2033 2986 2068 3019 in
2093 2996 2248 3029 puerpera
2270 2987 2326 3021 illa
2352 2989 2424 3022 Ro,

1403 3041 1496 3063 mana
1519 3030 1671 3073 copiosus
1693 3031 1820 3072 sanguis
1845 3037 2014 3068 excretus,
2037 3030 2070 3063 in
2094 3040 2158 3072 qua
2182 3040 2295 3064 renum
2341 3042 2423 3074 pro-

1402 3075 1472 3116 pria
1496 3076 1681 3109 membrana
1706 3075 1745 3108 ab
1766 3071 1893 3106 inclusis
1918 3072 2054 3106 flatibus
2075 3071 2141 3106 fuit
2167 3072 2245 3108 adeo
2259 3073 2395 3110 distenta
2411 3101 2423 3116 ‚

1401 3125 1438 3153 ut
1461 3120 1569 3159 magni
1595 3120 1733 3153 tumoris
1756 3115 1894 3158 speciem
1918 3119 2028 3159 primo
2051 3116 2179 3151 intuitu
2200 3116 2359 3156 referret;
2385 3127 2420 3152 at

1401 3170 1438 3195 tu
1461 3158 1719 3196 Observationes
1743 3160 1806 3194 IV.
1835 3162 1866 3191 &
1891 3160 1948 3192 lX.
1973 3161 2040 3204 lege
2066 3170 2104 3194 ex
2125 3160 2168 3192 iis
2192 3171 2265 3202 quae
2289 3163 2324 3194 in
2349 3162 2422 3205 Ap-

1403 3203 1540 3245 pendice
1553 3205 1775 3248 adjiciuntur.
1801 3202 1928 3237 Neutra
1940 3201 2240 3245 haemorrhagiam5
2267 3205 2317 3239 sed
2329 3214 2420 3238 uti-a-

1403 3258 1466 3291 que
1490 3257 1575 3283 intra
1599 3260 1664 3282 non
1687 3249 1828 3283 nimium
1852 3258 1869 3280 a
1892 3256 1998 3281 morte
2020 3257 2148 3288 tempus
2171 3258 2319 3283 ventrem
2353 3246 2417 3282 fla·-

1403 3290 1494 3323 tibus
1518 3291 1608 3330 supra
1631 3303 1731 3335 quam
1754 3292 1819 3326 dici
1844 3288 1959 3334 possit,
1983 3290 2149 3326 tumidum
2173 3289 2298 3328 facturn
2330 3302 2412 3333 pro-

1404 3336 1520 3375 ponit.
1545 3336 1646 3375 Quod
1670 3335 1692 3370 fi
1717 3336 1867 3370 mulieres
1889 3332 1963 3367 istas
1985 3334 2063 3369 dum
2097 3336 2319 3378 parturirent,
2344 3343 2414 3372 nou

1403 3376 1570 3422 postquam
1584 3376 1791 3424 pepererant}
1814 3386 1957 3411 mortuas
1969 3379 2056 3412 dicas
2067 3403 2075 3418 ,
2088 3388 2264 3420 earumque
2275 3379 2414 3422 primam

1404 3430 1467 3460 Jam
1492 3426 1658 3460 putridum
1683 3431 1776 3456 utero
1800 3420 1921 3455 foetum
1944 3420 2079 3464 geffisie3
2105 3420 2201 3460 vide,
2222 3421 2353 3466 quaeso,
2376 3428 2412 3452 ut

1404 3461 1624 3500 Hoffinnnnns
1648 3467 1690 3510 (0)
1713 3464 1839 3500 tametsi
1861 3460 1945 3497 inter
1969 3467 2103 3509 praevias
2114 3463 2220 3500 causas
2230 3464 2412 3499 abdominis

1404 3504 1618 3545 inflationum
1645 3513 1759 3545 nimias
1784 3508 1948 3550 sanguinis
1979 3507 2181 3554 profusiones
2208 3535 2218 3551 ‚
2248 3510 2346 3542 etiam
2377 3508 2416 3540 iri

1932 3576 1935 3577 ν
2252 3559 2370 3595 pastu,

346 3641 2390 3661 mmmm-W*

402 3708 413 3737 s
430 3707 446 3725 '⁴
464 3712 471 3740 l
485 3713 520 3736 De
537 3716 587 3736 nat.
603 3712 669 3743 pueri
687 3719 711 3737 n.
728 3721 766 3743 43.
782 3742 788 3747 ·
829 3716 844 3744 (
857 3721 878 3747 g

403 3739 419 3768 (
434 3750 443 3765 ⁸
460 3742 550 3772 )T³b-
569 3750 590 3771 3.
656 3743 662 3771 (
678 3742 696 3767 k
712 3747 724 3771 >
740 3746 862 3771 Animadv
890 3745 958 3774 supra
974 3745 1003 3768 ad
1020 3754 1042 3769 n.
1062 3753 1091 3773 43
1117 3746 1194 3769 indica
1212 3752 1227 3767 ε

401 3769 412 3801 i
429 3781 447 3800 n
461 3781 472 3803 a
488 3772 568 3799 Trast.
585 3773 615 3800 de
630 3773 717 3800 Renib.
733 3781 757 3801 c.
772 3782 811 3806 41.

892 3720 901 3742 )
920 3717 956 3739 De
971 3712 1083 3743 Chirutg,
1102 3715 1194 3744 Opera!
1222 3713 1262 3738 ubi
1281 3714 1309 3737 de
1329 3715 1444 3761 Hymene
1461 3715 1583 3740 ‘itiner-far.
1647 3723 1658 3743 ζ
1677 3715 1690 3737 li
1712 3721 1715 3730 ¹
1734 3715 1832 3738 L'Anarr
1848 3724 1868 3738 η

871 3778 882 3806 ί
898 3784 911 3801 0
927 3777 937 3807 )
953 3774 1046 3802 Medic„
1063 3777 1120 3800 Rai.
1137 3777 1212 3800 T-›iii¹>
1231 3786 1252 3804 ᾗ..
1272 3746 1347 3805 RS?
1361 3754 1374 3798 e)
1392 3751 1412 3767 b
1427 3759 1430 3765 Ι
1459 3754 1487 3769 W·
1513 3754 1527 3769 A
1543 3755 1579 3769 aa„
1660 3765 1664 3769 i

1896 3715 1923 3738 de
1941 3714 2066 3739 &hamme
2084 3713 2221 3746 Uernoni'tr.
2238 3722 2262 3741 4.
2282 3712 2341 3738 See‘t.
2368 3719 2391 3734 aa.

1648 3760 1653 3772 ·.
1676 3763 1681 3768 .
1772 3754 1793 3767 ri
1810 3759 1820 3773 a
1838 3746 1892 3770 Ast*
1910 3748 1941 3770 N.
1964 3747 1994 3769 C.
2010 3747 2086 3770 Tem.
2103 3753 2126 3775 4.
2144 3745 2201 3768 Οὓς.
2220 3752 2256 3773 50.

1397 3784 1433 3805 1,⁷
1453 3777 1508 3802 thes.
1526 3778 1594 3806 ‘vaur
1614 3793 1619 3800 .
1640 3782 1652 3806 ᾗ.)
1679 3782 1700 3800 5:
1717 3778 1737 3799 ἃ
