2458 4058
287 131 378 166 xit
853 103 893 154 P
968 101 1292 164 R²AEF
1344 96 1519 150 AT
1589 98 1615 146 1
1678 99 1754 151 O.

220 186 544 243 dierunsssuis
570 185 901 242 sub'capitibus
930 183 1149 235 indicavi,
1180 194 1453 237 quaecunque
1484 181 1598 221 inter
1626 178 1905 221 scribendum
1945 176 2285 222 succurrerunt.

225 248 365 302 Quod
398 246 497 289 ideo
526 243 655 296 dico,
686 252 736 285 ut
766 255 914 284 omnes
955 239 1118 291 sciant,
1148 237 1358 292 superesse
1387 249 1486 293 quae
1514 234 1763 286 addantur,
1794 233 2141 292 quamplurimas
2158 249 2169 285 3
2210 248 2287 277 ne-

226 317 315 360 que
347 304 466 346 enim
494 313 554 341 ex
585 299 633 340 iis
665 302 794 354 quos
817 296 1119 353 perlegeram,
1149 292 1271 335 libris
1313 291 1511 344 cun6tae,
1540 305 1597 342 ex
1639 291 1690 333 iis
1730 304 1836 333 vero
1877 305 1987 346 quos
2028 303 2120 332 non
2165 291 2287 333 vide-

227 373 325 402 ram
355 387 368 409 ,
405 365 526 398 certe
555 353 688 396 nullae
717 353 970 395 succurrere
1000 356 1233 408 potuerunt
1264 366 1278 390 :
1319 346 1480 389 multos
1520 357 1672 389 autem
1712 360 1799 389 non
1828 346 1919 389 vidi
1949 356 2025 390 aut
2066 347 2169 401 quia
2199 361 2289 389 non

225 416 315 457 huc
344 412 528 456 fuerant
560 410 628 452 his
660 408 851 464 Europae
889 404 1150 450 calamitosis
1183 403 1451 459 temporibus
1482 402 1731 458 importati,
1770 412 1847 444 aut
1887 403 1992 460 quia
2034 402 2085 443 iis
2129 400 2289 456 linguis

221 483 333 526 quas
365 482 455 512 non
486 467 587 508 satis
616 464 783 516 calleo,
814 464 869 505 ab
900 462 1170 506 Aueioribus
1214 469 1337 502 erant
1366 459 1537 513 scripti;
1570 471 1710 514 neque
1740 457 1859 499 enim
1872 458 2180 515 interpretibus
2192 455 2291 512 qui-

222 524 442 576 buslibet,
476 523 520 564 in
552 521 682 563 rebus
724 519 964 574 praesertim
995 516 1237 573 ejusmodi,
1270 515 1512 572 plurimum
1540 514 1671 556 fidere
1710 513 1944 556 consuevi.
2117 515 2166 555 ln
2205 513 2291 555 sin-

221 581 334 635 gulis
363 592 541 637 quoque
586 575 857 631 Sepulchreti
888 573 1156 618 Seeiionibus
1188 587 1198 621 3
1244 571 1275 614 fi
1305 584 1464 627 paucas
1492 583 1549 612 ex
1578 569 1794 626 prioribus
1824 570 2017 625 excipias
2034 586 2047 621 ‚·
2078 583 2178 627 quae
2203 582 2291 611 non

225 636 359 680 semel
392 634 728 679 Observationes
758 642 834 673 aut
864 644 940 688 per
973 629 1218 679 incuriam,
1247 638 1324 669 aut
1364 626 1422 669 ob
1450 625 1604 668 fucum
1634 640 1662 668 a
1690 624 2069 670 transformatoris
2095 626 2288 668 versutia

223 693 423 744 faStum,
452 698 782 746 proponantur,
812 690 854 730 &
886 688 931 728 in
960 684 1121 740 quibus
1150 695 1228 725 aut
1263 683 1366 725 sana
1396 695 1474 738 pro
1502 681 1740 733 morbidis,
1771 691 1847 722 aut
1878 683 2057 726 morbus
2086 695 2291 738 promor-

220 749 280 791 bo
311 746 401 790 alio
431 744 732 794 describatur,
760 753 837 784 aut
865 740 1163 796 typographus
1177 739 1437 789 oscitanter,
1467 739 1751 792 graviterque
1767 739 2040 792 peccaverit,
2070 748 2291 794 quantum

221 803 575 846 animadvertere
608 799 730 854 potui
762 827 775 850 ,
819 808 976 840 notare
1017 809 1104 838 non
1147 795 1307 847 0111111,-
1338 804 1387 836 111
1418 808 1505 836 11011
1535 793 1677 836 levem
1721 806 1848 848 opem
1878 793 1949 835 vel
1979 796 2026 836 in
2066 794 2248 836 minutis
2277 822 2293 846 ,

222 859 295 903 sed
329 872 412 901 non
454 856 564 899 levis
605 855 716 909 saepe
760 852 1184 906 momenti,·rebus,
1217 852 1267 893 iis
1306 851 1378 908 qui
1409 849 1558 892 rursus
1601 848 1933 904 Sepulchretiim
1962 850 2043 892 sint
2081 850 2245 892 edituri
2275 878 2290 902 ,

225 915 336 957 mihi
367 913 518 955 videar
550 909 766 952 attulisse.
802 910 983 951 Utinam
1015 921 1161 965 parem
1192 921 1318 964 opem
1347 906 1503 949 afferre
1534 905 1718 949 licuisset
1747 905 1835 947 five
1864 918 1966 947 cum
1995 904 2176 948 leeiores
2201 905 2289 953 alio

222 970 485 1021 rejiciuntur
515 998 529 1020 ,
567 967 644 1008 ubi
675 965 846 1021 plenius
877 965 1138 1021 descriptam
1164 965 1309 1015 hanc,
1338 972 1417 1005 aut
1455 961 1578 1004 illam
1611 960 1976 1004 Observationem
2015 963 2239 1017 reperiant
2271 990 2286 1014 ,

223 1041 307 1068 nec
339 1025 556 1078 signanter
602 1022 824 1064 indicatur
864 1021 1189 1063 Observationis
1231 1018 1430 1074 ejusdem
1471 1032 1681 1060 numerus
1707 1047 1720 1070 ,
1765 1016 1853 1058 five
1894 1031 1998 1059 cum
2031 1018 2284 1060 obruuntur

224 1081 473 1135 longiffimis
506 1077 684 1122 Scholiis
715 1108 728 1131 ,
767 1090 848 1119 nec
877 1086 1026 1119 tamen
1059 1075 1262 1127 utiliora,
1295 1074 1368 1117 sed
1409 1075 1543 1116 modo
1585 1074 1855 1130 supervacua
1877 1102 1888 1124 ,
1923 1074 2054 1116 modo
2077 1075 2289 1129 repetita,

223 1139 355 1181 modo
397 1136 538 1187 falsa,
585 1145 662 1177 aut
701 1147 914 1189 perquam
951 1134 1086 1176 dubia
1123 1130 1449 1175 continentibus
1476 1162 1485 1171 .
1525 1129 1595 1172 De
1629 1129 1788 1186 quibus
1831 1129 2056 1172 interdum
2110 1129 2293 1185 quidem

224 1194 460 1242 admonui;
492 1203 537 1234 at
582 1190 752 1247 semper
781 1191 926 1232 facere
957 1189 1177 1231 infinitum
1216 1186 1382 1230 fuisset.
1557 1186 1630 1228 Ad
1662 1185 1828 1226 Indices
1871 1195 2018 1227 autem
2047 1185 2290 1228 conficien-

223 1252 327 1301 dos,
359 1262 494 1305 quam
525 1247 811 1297 necessarios,
841 1255 932 1286 tam
955 1244 1074 1300 longi
1104 1275 1117 1298 ,
1159 1243 1385 1299 gravisque
1425 1241 1615 1293 laboris,
1648 1241 1791 1283 otium
1823 1241 1933 1289 mihi
1962 1239 2170 1292 defuisse,
2200 1251 2290 1284 non

224 1306 283 1349 est
314 1319 394 1347 cur
445 1302 679 1346 scientibus
710 1303 880 1344 dicam.
912 1301 1020 1344 Satis
1051 1302 1268 1357 superque
1301 1301 1350 1342 iis
1380 1299 1456 1355 qui
1497 1299 1611 1353 aequi
1643 1296 1752 1349 sint,
1794 1295 1937 1339 visum
1984 1296 2037 1344 iri
2068 1325 2082 1349 ,
2122 1297 2247 1353 spero
2281 1305 2295 1348 ',

224 1362 345 1420 quod
376 1362 461 1403 hac
494 1369 646 1409 aetate,
677 1359 853 1401 nemine
882 1357 1150 1410 adjuvante,
1179 1370 1233 1398 ne
1264 1353 1477 1411 discipulo
1507 1353 1716 1410 quidem,
1745 1362 1822 1394 aut
1857 1351 2152 1404 ariminiense,
2185 1365 2292 1394 cum

226 1421 271 1461 in
313 1417 380 1460 his
422 1414 612 1467 ultimis,
645 1426 743 1458 tum
787 1415 831 1455 in
872 1414 1043 1456 coeteris
1082 1415 1137 1457 de
1180 1413 1338 1468 quibus
1379 1410 1549 1454 clidium
1591 1410 1678 1462 est,
1707 1421 1806 1465 qiiae
1848 1407 2094 1450 distinffius
2139 1407 2293 1450 omnia

225 1487 344 1517 nunc
373 1474 527 1516 ordine
551 1469 916 1522 recensebuntur,
941 1469 1142 1526 exemplo
1176 1468 1330 1511 saltem
1365 1466 1666 1524 qualicunque
1709 1464 1976 1508 ostenderim
2025 1477 2126 1507 meo
2152 1492 2166 1516 ,
2206 1477 2296 1520 qua

227 1530 397 1575 ratione
437 1527 682 1571 existimem
713 1556 727 1579 ,
767 1525 1103 1584 Sepulchretum
1141 1525 1321 1568 auetius
1346 1552 1360 1576 ,
1401 1522 1618 1579 simulque
1669 1519 1821 1565 utilius
1872 1520 2115 1575 aliquando
2167 1519 2293 1563 reddi-

224 1586 363 1643 posse.
2330 1628 2333 1632 ,

289 1656 348 1682 12..
381 1641 528 1695 Igitur
551 1639 730 1682 ineditas
765 1638 821 1681 ad
855 1639 940 1680 hoc
962 1649 1134 1694 tempus
1158 1636 1494 1680 Observationes
1520 1632 1694 1691 profero
1718 1665 1731 1687 ,
1772 1633 1884 1677 bene
1921 1631 2082 1675 multas
2122 1631 2295 1675 Valsal-

225 1711 322 1751 vae,
357 1698 618 1740 Amicorum
654 1709 741 1737 non
780 1708 967 1750 paucas,
1007 1695 1204 1737 maxima
1241 1703 1391 1736 autem
1423 1705 1481 1733 ex
1520 1700 1641 1747 parte
1672 1704 1813 1733 meas.
1854 1689 2008 1731 Primis
2038 1692 2082 1731 &
2112 1690 2292 1742 meriti,

227 1758 271 1797 &
302 1753 483 1796 honoris
508 1751 640 1795 causa
671 1751 864 1807 primum
907 1752 951 1792 in
989 1749 1167 1804 singulis
1199 1748 1414 1805 capitibus
1450 1747 1597 1790 locuni
1637 1746 1785 1790 tribuo
1799 1779 1814 1793 .,
1844 1744 1944 1787 lllas
1987 1744 2143 1787 eadem
2185 1759 2293 1788 cura

228 1823 318 1867 qua
365 1809 452 1852 alia
482 1807 615 1860 olim,
639 1817 689 1850 ut
723 1806 767 1850 in
789 1806 883 1861 ejus
923 1806 1027 1848 Vita
1062 1806 1231 1848 1116111111
1265 1805 1349 1856 est,
1379 1803 1613 1855 mneritas,
1643 1806 1686 1845 δε
1715 1804 1791 1846 ubi
1822 1801 1965 1844 italice
1994 1801 2077 1843 scri
2111 1811 2168 1843 tae
2196 1801 2290 1844 fue-

228 1875 325 1908 rant
358 1895 370 1917 ,
412 1863 545 1907 latine
576 1863 789 1918 redditas,
818 1876 969 1906 omnes
1000 1872 1148 1905 autem
1185 1864 1273 1913 ita,
1309 1871 1358 1903 ut
1393 1860 1529 1917 ipsum
1556 1870 1708 1915 optare
1741 1856 2040 1909 consuevisse,
2090 1857 2301 1910 ciebam,

227 1921 487 1977 rescriptas,
522 1934 572 1963 ea
610 1920 695 1962 fide
722 1933 940 1976 proponO,
967 1929 1015 1961 ut
1063 1917 1198 1960 sicubi
1233 1929 1551 1975 nonnunquam
1597 1916 1880 1959 siibdubitavi
1912 1943 1925 1964 ,
1966 1927 2024 1955 an
2068 1914 2189 1956 reae
2225 1914 2289 1954 in-

204 1977 472 2030 ‘telligerem
503 2006 516 2029 ,
558 1976 647 2032 ipsa
676 1974 769 2027 ejus
810 1973 1044 2020 maluerim
1077 1974 1214 2016 verba
1240 1974 1507 2029 producere,
1536 1971 1645 2017 nihil
1682 1971 1863 2027 usquam
1891 1970 2122 2013 detrahens
2154 1999 2166 2021 ,
2211 1980 2289 2012 aut

229 2034 393 2076 addens
426 2063 439 2086 ,
481 2032 560 2075 nisi
591 2046 649 2074 ex
684 2031 801 2074 illius
838 2044 915 2073 ore
939 2040 1169 2086 acceptum
1194 2060 1206 2081 ,
1246 2031 1365 2085 quod
1399 2031 1444 2071 111
1480 2029 1629 2084 paucis
1662 2028 1822 2070 accidit
1847 2056 1860 2079 ,
1900 2039 2008 2082 quas
2044 2025 2155 2068 mihi
2190 2024 2293 2068 dili-

231 2101 383 2145 genter
422 2098 710 2141 narraverat,
738 2100 825 2129 non
854 2084 1106 2141 scripserat,
1136 2084 1554 2129 Observationibus.
1585 2084 1778 2126 Caeteras
1810 2084 1928 2126 enim
1957 2096 2014 2124 ex
2039 2081 2135 2135 ejus
2163 2082 2301 2123 char--

231 2147 285 2189 tis
317 2157 394 2188 aut
430 2147 544 2187 inter
574 2144 619 2189 se
651 2144 803 2194 nexis,
833 2151 910 2184 aut
942 2141 1095 2184 solutis
1131 2142 1306 2197 excepi.
1340 2141 1468 2196 Quas
1491 2153 1654 2182 »omnes
1694 2141 1871 2183 chartas
1901 2167 1915 2189 ,
1959 2137 2033 2180 ubi
2070 2136 2301 2180 Observa--

207 2203 398 2254 aiones,
430 2201 771 2254 Experimenta,
805 2197 979 2253 aliaque
1000 2198 1084 2241 'his
1118 2196 1317 2254 hpistolis
1351 2196 1591 2252 proposita,
1616 2195 1704 2250 jam
1738 2195 1840 2238 satis
1864 2193 2197 2249 excerpseram,
2227 2204 2294 2235 et-

232 2259 263 2301 si
295 2256 522 2314 postmodo
566 2257 625 2296 ita
655 2284 668 2306 ,
709 2254 774 2296 uti
817 2263 947 2295 antea
975 2251 1152 2296 fuerant
1181 2282 1195 2305 ,
1236 2256 1279 2295 ὃς
1321 2261 1597 2302 numeratas,
1626 2254 1669 2294 δέ
1697 2251 1941 2304 obsignatas
1973 2248 2146 2292 reddidi
2179 2248 2295 2293 illius

231 2315 411 2357 Genero
442 2311 673 2354 Ludovico
706 2306 988 2351 Montefanio
1023 2310 1130 2350 Viro
1164 2308 1234 2349 ΩΙ.
1258 2309 1334 2363 qui
1372 2306 1648 2350 Bononiensis
1696 2307 1984 2349 §cientiarum
2026 2305 2226 2348 Instituto
2269 2319 2297 2348 a

235 2368 510 2412 Bibliotheca
550 2366 609 2408 est
640 2381 651 2416 ;
693 2375 841 2407 tamen
900 2363 930 2405 si
978 2365 1075 2420 quis
1115 2364 1229 2406 sorte
1255 2363 1449 2419 aliquam
1481 2361 1588 2404 velit
1616 2376 1720 2404 cum
1750 2364 1818 2404 his
1857 2363 1964 2404 meis
1993 2360 2194 2403 conferre
2221 2362 2296 2404 de-

235 2423 541 2481 scriptionibus
567 2452 580 2475 ,
622 2424 665 2464 &
696 2434 753 2463 ex
777 2435 847 2462 me
883 2430 1078 2477 quaerat,
1108 2433 1198 2475 quo
1220 2419 1340 2462 illam
1364 2418 1483 2472 {igno
1509 2420 1553 2459 in
1587 2428 1710 2460 tanto
1731 2419 1988 2460 chartarum
2014 2430 2200 2459 numero
2230 2419 2297 2458 in.-

241 2483 393 2525 venire
423 2479 541 2535 possit
572 2507 585 2530 ,
625 2478 785 2519 docere
823 2490 910 2518 non
934 2475 1180 2529 gravabor,
1211 2486 1260 2518 ut
1290 2489 1431 2531 neque
1460 2473 1627 2517 litteras
1655 2473 1908 2525 ostendere,
1939 2487 2014 2529 per
2055 2485 2164 2529 quas
2202 2487 2296 2514 me-

236 2552 340 2581 cum
374 2535 498 2588 suas,
529 2533 689 2590 quibus
730 2542 853 2582 utor,
885 2531 1225 2575 Observationes
1258 2530 1405 2574 Amici
1440 2530 1826 2573 communicarunt
1850 2559 1864 2582 ,
1906 2527 2100 2584 speeiata
2141 2542 2293 2570 omnes

236 2594 322 2636 fide
347 2622 360 2645 ,
398 2590 580 2647 peritia,
610 2593 653 2632 ἃ
683 2588 932 2642 diligentia.
1105 2588 1227 2630 Nam
1269 2588 1388 2643 quod
1413 2586 1600 2642 denique
1635 2585 1691 2628 ad
1725 2599 1843 2628 meas
1873 2586 2052 2636 attinet,
2083 2597 2172 2640 quo
2211 2584 2297 2626 fin-

237 2649 359 2704 ξ(1111115
389 2660 528 2698 anno,
559 2644 733 2697 mense,
764 2644 860 2687 loco
895 2673 909 2696 ,
951 2647 994 2686 δί
1025 2643 1183 2700 quibus
1215 2642 1516 2694 adstantibus,
1545 2651 1620 2684 aut
1648 2641 1990 2697 adjuvantibus,
2021 2640 2255 2683 habuerim
2284 2669 2299 2693 ,

238 2706 429 2760 semper,
451 2702 530 2745 nisi
562 2711 689 2744 antea
713 2700 813 2743 satis
838 2698 1209 2754 significaveram,
1238 2700 1393 2742 diserte
1426 2697 1626 2753 adscripsi
1657 2730 1666 2739 .
1714 2698 1770 2740 Et
1804 2711 1891 2740 non
1934 2696 2066 2738 modo
2095 2705 2297 2748 aetatem,

240 2765 282 2804 δέ
322 2761 474 2803 sexum
497 2787 511 2810 ,
539 2757 613 2800 sed
638 2760 681 2800 ὃς
708 2755 822 2807 alia,
850 2766 1067 2813 quantum
1102 2755 1234 2803 scire,
1264 2758 1306 2798 &
1331 2754 1446 2797 nosse
1484 2753 1608 2796 licuit
1633 2784 1646 2806 ,
1676 2768 1775 2810 quae
1803 2754 1857 2796 de
1892 2752 2203 2806 aegrotantibus
2228 2766 2299 2795 re-

240 2817 378 2873 quirit
413 2813 602 2868 Peyerus
627 2815 639 2864 (
665 2828 685 2854 c
709 2816 762 2865 )-s,
796 2815 839 2856 δέ
874 2817 918 2855 111
952 2813 1002 2855 iis
1032 2841 1045 2864 ,
1087 2824 1185 2868 quae
1214 2811 1272 2853 ad
1305 2812 1578 2853 curationem
1613 2810 1857 2853 adhibitam
1891 2808 2084 2865 speRant
2111 2837 2124 2860 ,
2160 2808 2298 2850 adno-

240 2873 361 2915 tavi:
390 2882 645 2926 quanquam
673 2869 977 2912 admonendus
1010 2881 1055 2910 es
1079 2897 1092 2920 ,
1126 2880 1178 2908 ne
1211 2867 1319 2909 mihi
1350 2866 1559 2922 usquam,
1591 2877 1666 2911 aut
1692 2865 1909 2909 Valsalvae
1946 2864 2219 2907 curationem
2236 2863 2299 2906 ul·

241 2928 356 2979 lam,
387 2926 465 2969 nifi
496 2926 661 2982 fiquam
702 2938 731 2968 a
768 2925 892 2967 nobis
925 2923 1218 2982 praescriptam
1258 2921 1384 2965 fuiffe
1408 2952 1421 2975 ,
1464 2923 1683 2974 dicemus,
1714 2922 1849 2975 magis
1891 2921 2077 2976 imputes
2109 2950 2121 2973 ,
2162 2934 2297 2977 quam

241 2984 500 3026 morborum
539 2992 742 3025 externas
772 2980 949 3034 causas,
980 2982 1021 3023 &
1053 2979 1346 3037 symptomata
1377 2996 1394 3029 ,z
1436 2989 1485 3021 ut
1514 2980 1632 3021 enim
1677 2981 1770 3021 haec
1792 3007 1805 3029 ,
1849 2978 1909 3019 ita
1939 2980 1981 3020 &
2022 2978 2299 3020 curationem

203 3039 207 3046 '
243 3051 496 3082 narramus.
529 3039 579 3080 111
620 3037 717 3092 ipsis
763 3048 913 3079 autem
952 3035 1279 3079 diffeffionibus
1307 3035 1599 3078 describendis
1621 3034 1868 3076 cavendum
1899 3046 1988 3089 prae
2019 3034 2184 3075 caeteris
2214 3032 2299 3074 mi-

243 3094 291 3136 111
321 3093 459 3145 duxi,
490 3107 545 3136 ne
576 3093 697 3150 quod
728 3094 772 3136 in
803 3092 994 3136 aliorum
1023 3092 1153 3134 certis
1180 3090 1439 3148 quibusdam
1468 3090 1830 3147 descriptionibus
1865 3089 2184 3145 improbarem,
2213 3086 2302 3144 ipse

247 3149 556 3201 admitterem,
585 3150 617 3192 fi
657 3162 755 3207 quae
783 3160 860 3192 aut
878 3148 1125 3192 secundum
1138 3159 1344 3190 naturam
1377 3147 1499 3199 funt,
1532 3157 1709 3189 autnon
1739 3157 1865 3188 extra
1898 3157 2068 3188 naturae
2091 3144 2301 3195 modum,

248 3216 298 3247 ut
339 3203 541 3262 quaedam
591 3205 691 3247 sunt
743 3208 982 3249 varietates
1006 3234 1020 3257 ,
1070 3218 1122 3247 ea
1174 3212 1387 3260 tanquam
1439 3202 1638 3245 morbosa
1702 3215 2013 3258 proponerem.
2184 3199 2310 3242 Dedi-

251 3273 426 3316 quoque
456 3272 661 3315 operam,
691 3275 746 3304 ne
777 3261 978 3307 historias
999 3260 1273 3312 dividerem,
1306 3259 1380 3301 sed
1409 3268 1521 3301 totas
1551 3257 1678 3302 semel
1710 3257 1993 3309 exhiberem,
2022 3265 2097 3298 aut
2128 3254 2305 3312 siquan-

243 3316 325 3366 d0;
357 3328 538 3372 perraro
567 3327 714 3360 autem
744 3318 787 3360 id
815 3317 1023 3371 contigit3
1052 3316 1373 3359 conducibilius
1404 3314 1546 3357 visum
1575 3315 1634 3357 est
1657 3314 1886 3365 dividere,
1915 3324 1991 3356 aut
2008 3341 2021 3364 ,
2054 3312 2173 3368 quod
2202 3324 2301 3367 per-

249 3372 359 3427 saepe
392 3370 577 3423 accidit,
606 3384 1025 3423 commmemorare3
1058 3372 1230 3425 semper
1271 3372 1516 3414 indicarem
1554 3384 1655 3413 eum
1686 3370 1828 3425 ipsum
1857 3368 2001 3413 locum
2034 3368 2079 3409 in
2107 3381 2196 3422 quo
2224 3374 2302 3409 aut

244 3426 414 3484 reliqua
442 3440 565 3483 pars,
594 3438 673 3469 aut
701 3438 793 3471 tota
830 3429 1011 3472 historia
1047 3430 1252 3471 continuo
1273 3427 1412 3483 posset
1444 3428 1656 3477 inveniri;
1692 3439 1918 3483 nunquam
1949 3434 2191 3480 repeterem
2208 3451 2222 3474 ,
2249 3434 2305 3463 ne

2148 3490 2246 3521 tum

332 3665 345 3702 (
366 3673 378 3692 c
401 3661 414 3699 )
435 3660 539 3693 Meth.
566 3660 645 3694 Hist.
668 3663 766 3694 Anat.
789 3664 906 3697 Medic.
929 3676 954 3697 c.
978 3676 1004 3697 2-
1028 3666 1060 3698 &
1087 3678 1113 3705 ς.
