2498 4075
323 249 480 317 Epist=
515 249 677 300 Anat.
710 246 926 301 Medica
960 247 1114 301 XIX.
1151 245 1271 297 Art.
1310 260 1388 313 33.
1424 258 1504 314 34:
1539 245 1595 298 &
1623 245 1698 311 35³.

24 326 134 371 garse,
155 325 267 371 hisque
287 328 330 361 ob
353 328 487 361 nimiam
510 324 742 371 plenitudinem
774 325 877 367 ruptis
895 348 909 365 ,
932 321 1035 358 serum

31 370 112 405 iilud
135 370 309 414 limpidum
331 370 469 404 extitisse
489 395 497 402 .
522 371 630 410 Qam
655 367 864 410 suspicionem
887 367 1035 402 Valsalva

31 424 99 449 non
130 414 334 457 improbabat
355 438 367 455 ,
400 418 431 448 δε
453 412 641 447 confirmare
673 412 781 444 liceret
816 411 1036 446 observatione

29 457 167 499 quadam
189 458 404 492 Drelincurtii
436 461 447 496 (
470 468 489 499 q
511 460 523 496 )
545 481 551 488 .
587 457 760 497 Utcunque
790 453 825 488 id
849 455 892 489 est
912 466 923 494 5
955 463 1039 487 certe

31 499 166 534 Novesii
197 501 432 534 observationes
466 498 632 534 ostendunt
662 520 671 535 ,
706 497 841 540 potuisse
875 498 1037 532 Galerium

31 542 191 577 laefionem
215 543 369 578 adnotatu
392 544 521 585 dignam
545 542 665 577 nullam
696 541 802 576 videre
827 542 925 585 paulo
950 540 1036 583 post-

29 598 127 629 quam
152 590 294 621 Internas
318 584 527 621 adstrinxisset
546 586 717 631 Jugulares
741 596 831 618 venas
846 609 855 624 ,
880 584 1036 627 quando,

30 631 173 665 Internis
184 629 273 665 simul
291 657 299 670 ‚
322 629 536 672 Externisque
546 629 746 670 consuistis,
772 639 837 664 non
861 628 952 671 plura
964 628 1037 661 No-

27 672 125 708 velius
149 675 393 708 animadvertit.

74 728 123 761 33.
149 719 281 755 Quaeres
304 715 430 750 fortasse
449 738 461 756 ,
494 714 575 762 quid
599 716 662 747 Vir
697 715 858 757 experiens
892 714 1038 748 Valsalva

27 760 143 795 iisdem
164 761 343 796 constrietis
368 761 453 793 venis
464 758 655 792 observarit.
682 760 756 801 Ego
779 768 952 804 vero-curn
965 769 1038 800 pto—

28 813 100 846 pter
123 804 202 839 hanc
223 815 350 847 quoque
373 802 501 837 causam
531 803 704 844 diligenter
728 802 810 835 olim
839 812 905 844 ejus
927 811 1037 834 omnes

29 846 158 882 schedas
181 845 391 885 excuffissem3
414 845 498 880 nihil
521 845 563 880 ad
586 847 717 880 illarum
740 845 937 879 vinffionem
960 846 1038 879 atti-

28 902 128 930 nen55
151 890 201 926 sed
226 892 284 923 alia
308 891 533 924 tarneninveni
548 915 556 930 ,
580 901 650 932 quae
664 892 819 932 quoniam
843 887 881 921 ad
896 887 1040 928 easdem,

31 936 64 968 &
87 933 127 967 ad
161 933 332 968 Carotides
356 935 485 967 arterias
520 935 680 976 pertinent
699 956 712 973 ,
745 935 778 966 in
802 933 884 965 vivis
907 932 1037 965 canibus

29 976 207 1018 speetatas,
230 986 285 1011 aut
308 977 444 1017 incisas;
467 975 520 1010 hic
545 977 608 1010 tibi
631 998 641 1015 ‚
665 985 701 1011 ut
726 975 884 1018 superiore
908 977 1040 1017 promisi

31 1020 178 1063 Epistola
204 1024 218 1060 (
239 1032 255 1054 r
279 1025 316 1063 ),
339 1020 533 1058 describere,
557 1023 590 1053 δε
612 1019 693 1063 quid
717 1020 785 1063 ipse
806 1043 818 1060 ,
843 1017 955 1052 iisdem
978 1021 1040 1054 ite.

30 1065 108 1097 ratis
131 1064 407 1099 observationibus
427 1085 437 1100 ‚
468 1064 688 1106 conspexerim
709 1087 723 1105 ,
757 1064 864 1106 paucis
889 1060 1041 1105 subjicere

29 1117 95 1140 non
120 1108 302 1150 gravabor„
319 1107 468 1142 Valsalva
492 1109 592 1150 igitur
615 1106 695 1141 sefia
714 1108 748 1139 in
771 1107 857 1140 collo
867 1115 938 1140 cute
954 1130 965 1146 ,
987 1119 1042 1140 ve-

31 1150 143 1194 nisque
161 1152 372 1197 Jugularibus
396 1151 531 1186 deteffis
546 1176 554 1191 ,
579 1149 806 1185 animadvertit
826 1173 836 1188 ‚
871 1148 926 1183 has
949 1161 1041 1185 venas

28 1193 182 1237 sanguine
203 1195 372 1238 turgidas,
394 1206 499 1229 aerem
522 1195 693 1237 inspirante
716 1204 792 1227 cane
816 1216 825 1231 ‚
848 1193 1043 1228 detumesce-

28 1248 84 1276 re5
110 1238 292 1280 exspirante
316 1248 445 1279 autem,
470 1238 602 1272 viciffim
617 1247 762 1281 turgere,
785 1237 958 1280 praesertim
969 1249 1043 1272 cum

29 1280 201 1322 respiratio
225 1282 263 1316 ad
288 1284 463 1317 naturalem
487 1282 678 1316 accedebat:
702 1280 870 1324 eademque
895 1282 1043 1324 posteain

29 1324 102 1359 aliis
125 1325 222 1359 etiam
246 1326 375 1362 canibus
398 1326 558 1370 perspexit
580 1349 589 1363 ‚
623 1328 655 1359 ἅτ
680 1324 839 1369 quandam
862 1336 969 1359 earum
990 1337 1043 1358 ve-

28 1378 141 1403 narum
164 1367 337 1412 systolem,
361 1382 395 1404 ac
418 1369 602 1404 diastolem.
633 1370 784 1403 P-raeterea
806 1368 888 1411 ipsas
899 1371 1042 1412 compri-

30 1412 150 1446 mendo
169 1435 179 1451 ,
213 1412 399 1455 sanguinem
421 1414 506 1447 vidit
525 1437 538 1454 ‚
569 1413 627 1456 qui
651 1412 736 1446 infra
759 1413 864 1446 locum
886 1413 1043 1455 compres-

31 1455 101 1489 sum
124 1464 216 1497 erat,
240 1468 297 1490 cor
318 1458 423 1492 versus
448 1457 565 1496 fluere,
587 1457 734 1499 quamvis
756 1468 773 1489 a
797 1456 955 1498 superiore
978 1467 1042 1490 non

30 1507 222 1542 urgeretur.
357 1503 396 1534 In
431 1501 495 1534 alio
518 1511 593 1534 cane
628 1502 776 1534 arteriam
809 1497 956 1534 dissecuit
979 1501 1044 1533 Ca-

28 1542 171 1576 rotidem
192 1567 205 1584 ,
238 1544 385 1587 viditque
409 1543 441 1577 id
465 1544 554 1587 quod
577 1554 710 1586 propter
743 1554 903 1577 ramorum
926 1540 1044 1578 utrius-

28 1597 91 1663 gue
116 1588 288 1621 Carotidis
314 1588 445 1621 altiores
468 1589 551 1620 inter
573 1586 602 1620 se
625 1587 935 1620 communicationes
947 1598 1044 1630 expe-

66 1630 159 1667 aibat,
184 1642 200 1664 a
225 1631 386 1674 superiore
408 1642 538 1674 quoque
560 1628 698 1665 disseetae
722 1630 842 1663 arteriae
863 1639 951 1674 parte
975 1631 1044 1664 san-

29 1674 162 1716 guinem
185 1673 340 1716 effluere,
361 1686 418 1707 nec
441 1673 598 1707 mediocri
620 1675 753 1717 quidem
766 1675 860 1716 copia
874 1700 883 1715 ,
906 1673 959 1709 sed
983 1676 1044 1708 mi-

32 1727 111 1750 nore
136 1719 281 1761 impetu,
307 1728 405 1761 quarn
428 1718 470 1751 ab
494 1715 648 1752 inferiore
668 1743 676 1750 .
811 1717 870 1752 Sed
895 1717 963 1751 haec
996 1727 1046 1751 ta-

32 1771 106 1793 men
129 1772 203 1804 qnae
227 1759 267 1795 de
291 1761 447 1795 Carotide
472 1783 482 1799 ‚
516 1764 548 1794 ὃς
569 1773 604 1795 ea
626 1773 699 1804 quae
732 1760 871 1796 secundo
897 1762 972 1796 loco
1006 1761 1044 1795 de

26 1803 239 1848 Jugularibus
263 1804 451 1843 adnotavit,
477 1805 654 1848 generatim
677 1805 812 1848 quidem
835 1815 924 1839 erant
937 1807 1046 1838 omni-

32 1849 115 1886 bus,
137 1847 193 1881 ista
217 1858 325 1882 autem
347 1847 414 1891 ipsa
437 1860 499 1892 qua
523 1847 691 1882 adnotavit
711 1873 725 1890 ,
747 1851 872 1884 ratione
899 1848 983 1883 haud
1007 1861 1048 1882 o-

29 1890 181 1932 mnibus,
202 1901 306 1934 put0,
331 1904 419 1935 aeque
443 1901 519 1925 nota
543 1903 633 1926 erant
659 1903 696 1925 eo
720 1902 864 1936 tempore
887 1916 894 1924 .
922 1894 980 1926 Illa
993 1904 1047 1926 ve-

32 1946 72 1968 ro
93 1946 164 1977 quae
189 1936 298 1977 primo
321 1936 398 1970 loco
421 1934 458 1969 de
478 1936 690 1979 Jugularibus
714 1937 894 1971 observavit
909 1959 918 1975 ‚
942 1938 1045 1970 nemi-

31 1979 67 2011 ni
90 1977 219 2013 fortasse
243 1990 281 2013 ne
305 1978 372 2015 hoc
391 1979 525 2024 quidem
548 1988 695 2022 tempore
727 1990 805 2014 nota
828 1977 922 2013 essent
941 2004 949 2020 ,
986 1979 1045 2013 nisi

30 2022 141 2056 Praecl.
167 2021 399 2066 Schlichtingii
432 2022 516 2065 (s)
538 2022 776 2058 observationes
799 2048 811 2064 ,
843 2034 926 2057 anno
950 2023 1047 2058 editae

34 2075 129 2108 1750.
157 2064 355 2109 impulissent
380 2064 418 2100 ad
442 2066 646 2109 quaerendam
669 2067 819 2110 causam,
842 2069 944 2101 curin
967 2080 1049 2110 qua-

32 2110 81 2142 vis
104 2107 319 2152 exspiratione
342 2109 508 2143 cerebrum
532 2110 725 2153 attollatur,
750 2113 784 2145 in
809 2112 922 2154 quavis
939 2121 1048 2146 autem

32 2151 244 2195 inspiratione
266 2152 405 2187 subsidat
434 2176 442 2182 -
478 2153 572 2187 Illam
595 2155 681 2187 enim
713 2154 838 2189 causam
862 2165 936 2187 cum
960 2155 1050 2188 Got-

36 2196 137 2238 tingae
152 2218 166 2236 ‚
189 2198 221 2229 δ(
244 2197 425 2238 Monspelii
449 2197 650 2239 inquirerent
675 2197 869 2240 Sagaciffimi
879 2198 956 2231 Viri
974 2220 986 2237 ,
1009 2198 1044 2229 in

33 2237 164 2272 eandem
190 2251 224 2273 ac
247 2239 398 2274 Valsalva
421 2238 501 2271 olim
520 2264 528 2278 ‚
552 2240 809 2273 observationem
833 2239 1017 2273 inciderunt
1040 2262 1050 2277 ‚

35 2281 225 2325 eosdemque
259 2291 369 2316 motus
391 2292 543 2315 venarum
566 2305 576 2320 ‚
610 2284 764 2324 nemini,
796 2283 887 2326 quod
920 2282 1015 2316 sciam
1039 2306 1052 2323 ,

35 2334 151 2369 praeter
174 2326 269 2360 illum
288 2349 302 2366 ,
336 2325 373 2359 ad
397 2324 431 2358 id
455 2334 580 2368 tempus
603 2325 687 2360 visos
705 2350 719 2367 ,
749 2327 788 2361 ad
812 2328 892 2360 alias
916 2337 1051 2368 majores

38 2379 134 2403 venas
157 2368 330 2410 diligentia
355 2370 489 2412 propria
514 2369 723 2403 extenderunt
746 2394 753 2402 .
789 2370 890 2412 Qod
917 2381 1016 2403 unum
1040 2392 1050 2407 ‚

37 2410 120 2446 hanc
143 2411 324 2456 Epistolam
348 2411 505 2447 recensens
531 2434 543 2451 ,
575 2412 685 2446 addere
710 2412 763 2446 hic
794 2416 883 2447 volui
906 2414 988 2445 inter
1019 2424 1052 2445 ea

37 2467 110 2498 quae
133 2463 227 2489 tanto
250 2464 339 2488 antea
370 2455 410 2489 ad
433 2465 464 2488 te
486 2455 688 2497 scripseram:
711 2467 768 2490 nec
792 2467 895 2492 tamen
916 2465 1048 2499 propte-

40 2510 92 2533 rea
115 2498 295 2542 quidquam
319 2509 428 2531 eorum
452 2509 523 2541 quae
548 2498 715 2542 sequentur
739 2503 887 2544 protinus
911 2523 922 2540 ‚
943 2501 1047 2534 omit-

38 2550 121 2575 tere.
147 2542 179 2575 A
203 2542 312 2584 primo
335 2542 466 2584 quidem
490 2550 566 2581 tot,
589 2547 621 2575 ὅ(
646 2553 712 2576 tam
735 2544 952 2578 constantibus
975 2553 1045 2577 tum

38 2584 219 2624 Valsalvae,
243 2592 313 2618 tum
338 2584 665 2620 Praestantissimorum
686 2610 698 2628 ,
730 2599 811 2631 quos
836 2588 936 2621 modo
960 2587 1045 2621 indi-

38 2628 172 2668 cabam,
195 2629 355 2663 Virorum
374 2630 622 2671 experimentis,
643 2643 715 2674 quae
728 2643 788 2676 pro
812 2631 1045 2665 veriffimisha-

37 2673 98 2707 beo
115 2695 127 2712 ,
163 2672 298 2705 minime
321 2672 507 2714 respondere
529 2672 724 2708 videbuntur
746 2700 754 2707 .
791 2676 850 2710 Sed
874 2686 940 2708 non
972 2675 1046 2708 ideo

39 2714 335 2759 praetz-rmittenda:
357 2717 427 2749 imo
450 2727 515 2749 non
537 2715 656 2752 silenda
679 2716 737 2752 esse
760 2742 767 2756 ,
801 2719 943 2753 arbitror
979 2720 1049 2761 pri-

39 2770 130 2794 mum
151 2770 187 2794 ut
211 2768 263 2792 tot
287 2760 370 2792 inter
393 2761 571 2795 anatomica
596 2760 689 2804 hujus
712 2765 837 2806 generis
848 2764 1047 2806 experimen-

39 2812 75 2836 ta
97 2813 197 2837 unum
220 2811 332 2842 extet,
354 2803 441 2846 quod
465 2804 505 2837 iis
529 2816 598 2846 quae
623 2808 726 2843 ratio,
750 2809 817 2839 imo
841 2807 929 2841 oculi
944 2806 1050 2840 osten-

41 2847 124 2880 dunt
147 2847 180 2878 in
213 2845 403 2888 corporibus
423 2842 604 2882 viventium
639 2848 812 2883 hominum
837 2849 923 2885 haud
958 2862 1049 2893 repu-

41 2898 139 2933 gnet,
163 2887 220 2923 esse
242 2888 391 2923 videlicet
414 2890 588 2934 aliquando
619 2904 694 2927 cum
716 2905 800 2927 venae
824 2895 1049 2937 inspirationis

41 2942 190 2976 tempore
213 2932 446 2973 intumescunt,
472 2934 651 2978 eaedemque
662 2936 882 2972 detumescunt
905 2947 1047 2980 tempore

43 2975 290 3019 exspirationis:
313 2976 425 3024 deinde
444 2987 480 3012 ut
500 2980 635 3013 illorum
657 2983 950 3023 experimentorum
964 2983 1049 3015 Scri-

0 3031 3 3035 ’
45 3028 157 3070 ptores
180 3019 423 3062 Ingeniosislimi
447 3022 561 3064 possint
582 3047 595 3064 ,
627 3023 650 3057 si
675 3025 775 3058 velint
795 3050 803 3065 ,
836 3035 1051 3068 congruenter

45 3063 110 3098 suis
132 3063 268 3107 quisque
302 3064 572 3106 explicationibus
606 3068 799 3103 constituere
822 3090 831 3105 ‚
864 3080 936 3113 quae
959 3069 1049 3103 causa

45 3107 132 3141 tanti
154 3107 351 3142 discriminis
374 3105 412 3140 sit
434 3109 517 3142 inter
540 3111 595 3145 illa
618 3137 628 3153 ,
661 3115 693 3146 δε
718 3124 825 3147 meum
847 3114 1050 3155 experimen-

47 3159 121 3200 tum
140 3175 154 3193 ,
185 3162 223 3185 an
244 3150 353 3184 eadem
376 3162 471 3194 quam
494 3152 532 3187 ad
554 3154 589 3188 id
612 3156 835 3198 explicandum
858 3179 868 3195 ‚
902 3156 990 3199 quod
1014 3158 1049 3190 in

47 3204 133 3227 vrvxs
154 3194 300 3237 conspici
323 3193 528 3237 hominibus,
552 3198 694 3233 dicebam
719 3226 728 3241 ,
761 3201 857 3234 video
879 3200 937 3235 esse
959 3212 1051 3236 com.

49 3246 260 3289 memoratass'!
281 3241 296 3278 (
318 3246 332 3272 ΐ
354 3242 367 3279 )
386 3237 406 3289 .?
422 3249 478 3289 ,ἦῦ
502 3241 565 3273 alia
583 3266 596 3283 ³
628 3255 700 3286 quae
722 3242 744 3277 si
778 3247 933 3278 attentius
966 3246 1052 3288 legas

50 3292 122 3324 quae
144 3292 205 3332 ego
229 3281 296 3315 vidi
321 3283 361 3316 ab
382 3292 482 3316 mitio
505 3284 611 3320 statim
634 3286 785 3332 cujusque
807 3288 1055 3332 inspirationis,

50 3334 125 3358 cum
147 3323 198 3360 his
221 3326 324 3369 magis
345 3327 527 3374 congruat?

73 3372 74 3376 ’
98 3379 152 3412 34.
175 3369 263 3404 Cum
284 3371 369 3404 enim
402 3372 467 3413 ipse
489 3383 523 3405 ea
555 3385 625 3416 quae
647 3376 745 3419 paulo
776 3385 848 3410 ante
871 3376 1019 3419 descripsi
1044 3401 1054 3417 ,

54 3411 212 3446 Valsalvae
235 3422 408 3456 repeterem
440 3417 657 3458 experimenta
681 3419 739 3453 sub
770 3419 867 3455 finem
888 3423 928 3457 A.
958 3431 1055 3463 1723;

54 3453 97 3505 sic
119 3455 304 3490 observavi.
331 3458 568 3503 Integumentis
589 3473 606 3495 a
628 3462 754 3496 dextera
789 3466 868 3499 colli
893 3475 983 3508 parte
1008 3466 1054 3497 ita

55 3509 90 3532 in
112 3510 186 3532 cane
209 3499 361 3543 separatis
377 3527 390 3543 ,
412 3511 507 3546 atque
530 3503 669 3540 redueris
690 3531 700 3548 ,
731 3516 768 3541 ut
790 3517 860 3542 tota
884 3521 956 3552 quae
981 3507 1058 3551 ipfis

55 3541 183 3577 obtecta
205 3541 309 3579 fuerat
329 3567 339 3584 ‚
359 3547 526 3592 Jugularis
550 3549 690 3583 Externa
712 3561 788 3584 vena
812 3555 948 3587 omnino
971 3563 1057 3596 pate-

57 3594 126 3635 ret,
149 3589 304 3623 tremulus
327 3591 460 3633 quidam
482 3592 517 3625 in
541 3592 608 3634 ipsa
631 3604 760 3635 motu5‚
786 3596 837 3631 sed
863 3602 896 3631 δε
918 3599 952 3630 in
978 3609 1057 3640 pro-

56 3638 168 3671 xima,
187 3641 306 3675 quanta
328 3644 447 3677 quanta
469 3637 587 3670 reteeta
609 3647 694 3679 erat,
715 3639 794 3673 colli
817 3651 906 3684 parte
929 3641 1058 3683 conspi-

1927 242 2017 308 183

1087 322 1247 355 ciebatur.
1273 323 1359 357 Mox
1380 323 1533 357 attentius
1556 321 1659 355 oculis
1682 322 1717 354 in
1740 331 1815 355 vena
1827 320 1940 355 defixis
1954 347 1962 359 ,
1985 329 2084 353 manu

1087 376 1193 399 autem
1217 365 1380 398 abdomini
1403 365 1530 398 admota
1545 387 1555 403 ,
1579 363 1804 398 evidentiffime
1818 364 1984 407 perspexi,
2005 373 2089 406 quo-

1068 409 1271 451 -tiescnnque
1303 407 1365 443 hoc
1391 409 1429 441 ab
1462 408 1670 449 inspiratione
1700 408 1907 442 attollebatur
1930 431 1943 448 ,
1973 406 2088 439 eodem

1088 461 1233 495 tempore
1256 463 1366 485 venam
1391 452 1479 484 illam
1503 451 1606 485 statim
1630 462 1774 491 tumere,
1798 462 1897 494 neque
1922 450 2009 492 prius
2029 448 2087 482 de-

1089 495 1259 530 tumescere
1274 517 1283 532 ,
1303 506 1398 537 quam
1423 494 1576 528 abdomen
1600 496 1633 527 in
1656 494 1869 537 exspiratione
1893 492 2087 529 subsideret3

1090 548 1166 573 tunc
1189 540 1274 572 enim
1296 537 1387 572 simul
1411 550 1494 571 venae
1517 549 1643 580 quoque
1666 539 1826 580 turgentia
1850 535 2017 571 manifesto
2030 534 2087 569 de-

1086 582 1244 617 crescebat
1263 607 1271 614 .
1309 582 1395 625 Qae
1425 593 1498 615 cum
1523 582 1680 615 Vals'alvae
1704 581 1918 615 observationi
1945 577 2087 613 adversa-

1088 635 1221 666 rentur,
1246 634 1339 659 tanto
1362 625 1550 666 diligentius
1575 627 1606 659 δε
1630 624 1697 667 ipse
1721 626 1840 659 iterum
1869 648 1878 663 ,
1909 625 2088 664 iterumque

1089 670 1274 706 observavi,
1297 672 1330 702 &
1354 668 1393 701 ab
1416 669 1457 702 iis
1476 669 1533 711 qui
1558 666 1685 701 aderant
1702 691 1716 708 ‚
1753 666 1987 704 Oculatislimis
2013 667 2090 697 Pro-

1090 712 1265 748 sectoribus
1288 712 1413 755 Vulpio
1436 736 1444 750 ‚
1477 714 1510 745 &
1536 710 1696 745 Mediavia
1717 734 1728 750 ,
1763 711 1803 744 ab
1825 709 1957 752 aliisque
1991 717 2093 742 atten-

1089 755 1212 790 tissimis
1236 757 1350 796 Viris,
1373 753 1681 790 &Adolescentibus
1705 753 1864 787 observari
1876 754 1987 788 volui:
2012 753 2093 785 sem-

1091 811 1146 842 per
1170 809 1276 833 autem
1298 800 1345 832 ita
1368 807 1404 832 ut
1427 810 1465 832 ex
1490 797 1558 832 osui
1577 820 1587 836 ,
1613 809 1658 830 res
1683 797 1711 832 se
1735 798 1852 832 habuit
1874 809 1884 832 :
1907 806 2007 839 eoque
2030 794 2094 829 mi-

1090 854 1149 878 nus
1173 843 1338 878 videbatur
1361 853 1451 877 erran
1477 842 1489 874 i
1512 841 1691 885 periculum
1713 853 1813 884 ,quo
1837 842 1938 883 magis
1960 848 2091 881 utraque

1088 885 1306 929 respirationis
1332 897 1401 929 pars
1421 909 1433 926 ‚
1457 887 1489 919 &
1512 894 1597 918 certe
1618 883 1788 928 inspiratio
1811 910 1820 924 ‚
1856 894 1967 925 magna
1992 890 2058 915 erat
2080 903 2096 921 ‚

1087 933 1119 963 δεῖ
1141 930 1317 968 diuturna,
1340 932 1373 963 &
1396 930 1520 963 alterno
1542 928 1655 962 ordine
1678 929 1725 961 sui
1750 928 1869 970 semper
1892 927 2002 962 similis
2025 947 2034 962 5
2056 932 2096 959 ut.

1092 986 1156 1008 non
1180 975 1240 1007 alia
1264 974 1297 1006 in
1320 982 1390 1006 tota
1414 973 1470 1005 illa
1494 971 1592 1006 fuerit
1616 970 1859 1006 observatione.
1883 973 1929 1006 Et
1941 969 2096 1013 optabam

1091 1017 1223 1062 quidem
1245 1029 1284 1051 eo
1306 1025 1473 1058 ternpore,
1496 1024 1531 1049 ut
1555 1014 1683 1049 tandem
1707 1014 1875 1058 respiratio
1907 1013 1947 1048 ad
1968 1023 2097 1047 natura-

1092 1063 1155 1096 lem
1179 1060 1312 1095 rnodum
1336 1060 1452 1093 rediret
1477 1082 1490 1098 ,
1519 1070 1584 1101 quo
1607 1060 1727 1093 certius
1760 1070 1834 1092 cum
1856 1057 2014 1092 Valsalvae
2038 1055 2098 1089 ob-

1093 1106 1266 1140 servatione
1300 1113 1516 1146 compararem
1551 1113 1652 1135 meam
1675 1127 1682 1134 .
1717 1103 1815 1137 Nunc
1847 1112 1922 1134 vero
1953 1100 2018 1133 illae
2053 1098 2098 1132 ob

1092 1161 1171 1193 quas
1194 1148 1260 1183 haec
1285 1158 1349 1180 non
1373 1146 1508 1183 reticui,
1532 1144 1630 1179 causae
1655 1144 1801 1183 faciunt,
1825 1153 1862 1179 ut
1886 1144 1992 1178 minus
2015 1152 2098 1184 aegre

1094 1196 1214 1230 seram,
1240 1201 1303 1224 non
1328 1188 1449 1223 rediisse
1469 1213 1477 1221 .
1515 1189 1586 1222 Nec
1610 1200 1685 1221 vero
1708 1189 1803 1223 aliam
1827 1196 1975 1231 praeterea
1994 1185 2103 1235 Jugu-

1094 1239 1170 1273 laris
1196 1246 1280 1269 venae
1304 1233 1473 1274 systolem,
1498 1234 1526 1264 &
1555 1231 1719 1265 diastolem
1743 1232 1849 1266 videre
1861 1231 1982 1274 potui,
2004 1233 2037 1262 ἃ·
2060 1228 2104 1261 il-

1094 1284 1159 1317 lam
1183 1279 1285 1323 ipsam
1309 1276 1436 1311 forsaffe
1460 1274 1611 1310 Valsalva
1642 1275 1700 1309 sub
1721 1275 1772 1310 his
1796 1274 1982 1309 nominibus
2006 1271 2104 1305 intel-

1093 1326 1174 1361 lexit
1207 1320 1432 1358 subsidentiam
1453 1343 1465 1360 ,
1498 1319 1755 1364 turgentiamque
1784 1319 1951 1364 Jugularis
1983 1327 2070 1351 venae
2092 1337 2103 1354 ‚

1094 1369 1224 1405 alternis
1250 1365 1467 1409 respirationis
1492 1363 1634 1406 partibus
1656 1363 1898 1404 respondentem
1920 1388 1927 1395 .
2064 1361 2105 1393 In

1094 1414 1227 1456 reliquis
1260 1418 1366 1444 autem
1387 1407 1664 1441 observationibus
1696 1408 1780 1442 nihil
1813 1406 1877 1440 suit
1910 1404 2003 1449 quod
2023 1403 2106 1439 Val-

1095 1459 1185 1494 salvae
1210 1452 1445 1488 adversaretur.
1470 1450 1703 1484 Namsummae
1727 1452 1910 1493 proximam
1934 1460 2021 1482 venae
2031 1458 2105 1490 par-

1095 1513 1163 1537 tem
1186 1511 1259 1534 cum
1282 1498 1328 1530 ita
1351 1492 1605 1530 constrinxissem
1630 1493 1778 1537 appresso
1800 1494 1930 1536 digito,
1955 1501 1992 1526 ut
2015 1504 2032 1525 a
2055 1490 2107 1525 su-

1065 1579 1069 1582 ,
1095 1548 1220 1591 periore
1245 1541 1397 1584 sanguine
1420 1538 1609 1571 inferiorem
1642 1539 1769 1580 penitus
1791 1538 1999 1573 dividerem;
2037 1534 2109 1568 san-

1096 1593 1168 1635 guis
1190 1596 1295 1624 tamen
1319 1585 1375 1627 qui
1400 1582 1484 1616 infra
1506 1582 1648 1624 digitum
1671 1590 1739 1616 erat
1763 1605 1774 1622 ,
1806 1583 1891 1615 intra
1912 1580 2004 1613 breve
2028 1587 2110 1612 tem·

1097 1636 1184 1678 poris
1207 1630 1347 1674 spatium
1369 1626 1533 1666 defluxit,
1555 1635 1731 1668 venamque
1754 1626 1880 1659 inanem
1894 1648 1905 1665 ‚
1928 1633 1982 1657 aut
2007 1621 2109 1656 ferme

1097 1681 1223 1713 inanem
1248 1672 1378 1715 reliquit
1401 1696 1407 1704 .
1542 1669 1692 1712 Denique
1716 1668 1766 1703 his
1799 1681 1870 1713 quae
1893 1667 1979 1701 dista
2004 1667 2075 1700 sunt
2098 1688 2110 1705 ,

1098 1725 1218 1756 iterum
1241 1729 1278 1751 ac
1303 1716 1415 1758 saepius
1439 1712 1635 1757 perspectis,
1659 1714 1816 1747 Carotica
1840 1711 1978 1756 ejusdem
2004 1710 2110 1745 lateris

1094 1767 1210 1808 arteria
1233 1760 1359 1795 deteeta
1382 1758 1423 1792 est
1442 1781 1454 1798 ,
1477 1769 1495 1791 a
1517 1755 1736 1800 proximisque
1758 1756 1901 1799 partibus
1933 1754 2073 1796 sejuncta
2097 1777 2109 1794 ,

1095 1823 1166 1851 tum
1189 1802 1341 1841 nonnihil
1365 1803 1504 1841 elevata,
1528 1803 1568 1847 &⁴
1585 1800 1622 1834 ad
1647 1799 1790 1835 medium
1813 1801 1941 1834 circiter
1964 1799 2111 1841 longitu-

1097 1858 1184 1894 dinis
1207 1850 1285 1886 colli
1309 1845 1480 1880 transversa
1503 1844 1631 1878 disseeta
1655 1843 1720 1877 est.
1744 1846 1833 1878 Cum
1856 1843 2075 1877 dubitaremus
2098 1865 2109 1881 ‚

1099 1912 1176 1938 num
1199 1895 1305 1930 statim
1331 1903 1346 1923 a
1368 1887 1553 1923 dissectione
1575 1911 1587 1928 ,
1619 1896 1656 1921 ut
1679 1896 1763 1920 certe
1788 1888 1825 1921 ab
1847 1886 2000 1921 inferiore
2020 1911 2032 1928 ,
2064 1887 2111 1923 ita

1099 1948 1197 1981 etiam
1221 1939 1259 1972 ab
1284 1936 1443 1977 superiore
1468 1941 1556 1975 parte
1582 1931 1705 1974 sangnis
1729 1930 1932 1972 effluxisset;
1955 1942 1992 1965 ne
2017 1930 2113 1965 dubii

1101 1984 1223 2032 aliquid
1246 1978 1319 2015 esset
1344 1978 1377 2011 in
1403 1977 1522 2019 reliqua
1545 1974 1786 2013 observatione,
1809 1975 1932 2018 placuit
1952 1997 1965 2016 ,
1998 1984 2033 2009 ut
2056 1975 2115 2008 ci,

1101 2030 1271 2074 VulpiuS,
1294 2025 1350 2065 qui
1375 2018 1597 2054 administrans
1622 2018 1762 2053 adstabat
1785 2043 1793 2057 ‚
1819 2021 1904 2052 inter
1926 2019 2050 2062 digitos
2074 2031 2113 2054 u-

1099 2083 1246 2116 tramque
1266 2066 1406 2101 diiseetae
1431 2064 1554 2096 arteriae
1580 2072 1702 2105 partem
1731 2089 1740 2103 ‚
1777 2062 1828 2098 sed
1852 2065 1981 2097 alteram
2017 2064 2113 2098 altera

1100 2130 1195 2154 manu
1220 2114 1368 2147 retineret
1392 2107 1543 2142 haetenus
1566 2117 1603 2139 ne
1614 2106 1847 2148 conciderent,
1871 2106 2025 2151 simulque
2041 2118 2115 2140 mo-

1101 2165 1172 2197 dice
1197 2159 1327 2193 alteram
1351 2155 1385 2185 in
1410 2152 1547 2185 alterum
1580 2150 1662 2184 latus
1689 2151 1858 2184 inclinaret
1881 2175 1894 2193 ,
1928 2163 1966 2185 ne
1988 2151 2113 2194 sanguis

1103 2210 1284 2240 occurreret
1309 2196 1476 2239 sanguini,
1502 2205 1630 2236 remque
1654 2194 1865 2229 confunderet
1883 2218 1893 2234 ,
1916 2195 1968 2229 sed
1992 2195 2116 2239 procli-

1103 2262 1140 2283 ve
1165 2245 1238 2281 esset
1272 2241 1458 2275 discrimina
1483 2239 1566 2270 inter
1599 2237 1826 2280 superiorem,
1859 2242 1892 2272 &
1926 2238 2114 2272 inferiorem

1105 2291 1253 2336 praeclare
1278 2283 1525 2319 animadvertere
1548 2305 1555 2313 .
1593 2282 1694 2324 Qod
1716 2293 1790 2315 cum
1821 2282 1878 2315 ille
1900 2281 1993 2316 dieto
2015 2284 2114 2318 citius

1106 2334 1251 2372 fecissbt,
1275 2325 1540 2364 evidentissimum
1563 2322 1628 2358 fuit
1655 2348 1664 2363 ‚
1700 2325 1883 2368 sanguinem
1908 2337 1946 2360 ex
1979 2336 2114 2371 utraque

1105 2387 1196 2422 parte
1219 2375 1259 2409 acl
1282 2382 1429 2415 magnam
1453 2369 1635 2402 distantiam
1659 2369 1803 2412 prosilire
1819 2395 1827 2410 ‚
1851 2372 1998 2413 quamvis
2022 2380 2116 2406 tenu.

1105 2427 1174 2455 iore
1199 2420 1275 2459 filo,
1298 2420 1330 2450 δε
1355 2415 1477 2448 minore
1499 2415 1622 2454 impetu
1645 2424 1684 2446 ex
1707 2411 1886 2455 superiore,
1912 2414 2010 2458 idque
2033 2415 2090 2450 diu
2105 2439 2115 2455 ,

1106 2468 1138 2499 δε
1161 2465 1260 2498 donec
1282 2460 1463 2493 voluimus.
1487 2457 1567 2489 Non
1591 2465 1657 2488 erat
1682 2465 1788 2489 tamen
1813 2457 2068 2500 superiuswfilum
2079 2471 2114 2494 ea

1100 2510 1279 2544 tenuitate,
1303 2512 1338 2536 ut
1362 2511 1426 2534 non
1450 2498 1525 2531 satis
1550 2508 1709 2541 appareret
1732 2500 1824 2534 causa
1845 2523 1856 2540 ,
1878 2513 1938 2536 cur
1960 2503 2009 2535 vel
2032 2504 2114 2539 olim

1100 2546 1310 2586 admonuisset
1343 2544 1486 2578 Galenus
1521 2545 1643 2583 (u),
1680 2553 1717 2577 ut
1753 2546 1787 2577 in
1811 2545 1852 2578 iis
1884 2547 2113 2589 experimentis

1124 2596 1216 2630 uibus
1240 2587 1420 2633 sanguifera
1443 2589 1476 2619 in
1499 2585 1586 2619 collo
1610 2585 1679 2619 vasa
1704 2586 1895 2624 dissecantur
1915 2615 1924 2630 ,
1946 2601 1982 2624 ne
2004 2600 2114 2634 pereat-

1092 2608 1204 2680 >satim
1227 2633 1344 2669 animal
1366 2630 1530 2665 immodica
1547 2628 1714 2679 sanguinis
1733 2629 1909 2678 pyofufione
1941 2635 2080 2669 enectum
2104 2660 2114 2676 ,

1101 2678 1340 2717 admonuisset,
1362 2677 1494 2716 inquam
1518 2696 1530 2713 ,
1563 2681 1598 2706 ut
1618 2684 1710 2715 przus
1733 2687 1801 2717 ejus
1833 2676 1947 2711 collum
1970 2686 2039 2712 tum
2055 2678 2114 2721 su-

1096 2726 1220 2768 periore
1243 2746 1252 2761 ,
1288 2729 1356 2754 tum
1379 2716 1524 2761 inferiore
1544 2724 1635 2758 parte
1658 2716 1778 2758 laqueis
1801 2718 1919 2753 duobus
1940 2744 1954 2761 ,
1986 2721 2110 2757 scilicet

1101 2780 1184 2811 pone
1208 2768 1363 2809 Asperam
1386 2762 1539 2795 arteriam
1550 2759 1731 2799 wirdunis,
1756 2763 1838 2796 artie
1849 2763 2112 2807 constringamus,

1100 2812 1207 2846 deinde
1230 2811 1314 2844 inter
1336 2807 1461 2849 laqueos
1481 2812 1604 2850 partem
1616 2803 1763 2838 vasorum
1784 2806 1816 2839 in
1828 2807 1930 2840 media
1949 2816 2110 2850 acceptam

1095 2855 1302 2897 praecidamus
1321 2875 1328 2885 .
1365 2852 1414 2884 Re
1439 2848 1514 2882 satis
1539 2857 1603 2888 Jarn
1625 2846 1789 2881 observata
1811 2872 1823 2889 ,
1859 2849 2111 2887 animadversum

1099 2897 1164 2940 est,
1190 2897 1312 2931 arteriae
1346 2903 1467 2938 partem
1491 2889 1679 2924 inferiorem
1699 2903 1762 2933 qua
1787 2891 1868 2926 sena
1879 2903 1964 2935 erat,
1989 2894 2018 2928 se
2032 2895 2112 2930 adeo

1098 2940 1290 2976 contraxisse
1314 2962 1323 2978 ‚
1359 2937 1443 2971 nihil
1476 2944 1511 2967 ut
1553 2934 1788 2977 propemodum
1821 2935 1967 2972 efflueret
1996 2962 2005 2970 .
2050 2940 2112 2975 Sed

1100 2985 1246 3029 pauxillo
1270 2996 1309 3017 ex
1343 2981 1449 3014 eadem
1471 2987 1613 3011 extrema
1637 2987 1725 3020 parte
1747 2978 1916 3015 forficibus
1939 2981 2110 3027 adempto,

1103 3029 1231 3073 sanguis
1264 3027 1422 3060 continuo
1459 3022 1498 3056 ad
1532 3020 1701 3065 pristinum
1729 3023 1827 3057 illum
1868 3024 2027 3060 effluxum
2059 3038 2112 3060 re-

1102 3073 1168 3107 diit
1194 3085 1202 3106 :
1239 3081 1313 3105 cum
1347 3071 1465 3102 interea
1489 3066 1647 3100 musculus
1683 3066 1914 3109 Mastoidaeus,
1934 3081 2030 3112 quem
2052 3082 2109 3104 an-

1101 3126 1151 3151 tea
1174 3118 1207 3150 in
1233 3114 1340 3148 medio
1360 3111 1449 3145 collo
1472 3108 1685 3157 transversum
1708 3110 1903 3146 secueramus
1929 3137 1939 3154 ,
1962 3112 2107 3148 dissectas

1101 3170 1205 3205 partes
1228 3160 1280 3194 sua
1304 3165 1442 3190 extrema
1466 3156 1570 3199 versus
1602 3164 1666 3187 non
1689 3154 1895 3189 contraxisset
1922 3181 1931 3196 ,
1963 3166 1999 3191 ut
2023 3157 2109 3192 nulla

1101 3204 1230 3248 prorsus
1249 3204 1280 3237 vi
1305 3199 1451 3235 adhibita
1465 3221 1476 3238 ,
1499 3197 1619 3230 easdem
1642 3197 1791 3232 manibus
1808 3198 1972 3241 prehensas
1996 3201 2108 3235 liceret

1106 3248 1237 3282 alteram
1270 3246 1308 3279 ad
1343 3244 1474 3277 alteram
1506 3239 1656 3276 adducere
1682 3265 1692 3281 ‚
1726 3251 1763 3276 ut
1795 3243 1881 3276 inter
1910 3242 1940 3277 se
1973 3246 2107 3278 contin-

1105 3301 1214 3334 gerent
1248 3301 1312 3323 non
1346 3287 1431 3322 secus
1463 3297 1497 3320 ac
1528 3285 1624 3328 paulo
1662 3295 1735 3320 ante
1757 3299 1771 3326 5
1802 3287 1928 3329 vigente
1960 3286 2037 3321 adeo
2060 3297 2109 3322 et-

1106 3337 1172 3368 iam
1204 3344 1275 3368 turn
1307 3343 1383 3366 cane
1414 3355 1427 3373 ,
1459 3339 1495 3364 ut
1518 3327 1568 3362 bis
1600 3331 1751 3364 omnibus
1775 3330 1852 3363 satis
1882 3329 2035 3374 superque
2054 3333 2108 3366 in-

1105 3379 1240 3422 speffis,
1262 3381 1295 3412 &
1318 3386 1395 3410 mox
1428 3372 1598 3409 abdomine
1632 3372 1760 3409 discisso
1782 3397 1793 3413 ,
1827 3373 2002 3417 multisque
2024 3379 2109 3418 'par-

1105 3423 1192 3456 tibus
1214 3424 1249 3455 in
1271 3430 1378 3454 ventre
1400 3417 1569 3462 spectatis,
1596 3421 1628 3452 &
1651 3417 1812 3452 nonnullis
1824 3418 1945 3451 circum
1968 3418 2037 3452 vasa
2059 3419 2108 3452 Ia-

1105 3468 1197 3510 queis
1220 3464 1376 3499 adstriffis
1398 3473 1472 3498 cum
1494 3460 1657 3496 thoracem
1680 3461 1814 3503 denique
1846 3460 2075 3497 recluderemus
2094 3486 2107 3502 ,

1105 3520 1163 3542 cor
1183 3518 1261 3543 tunc
1284 3510 1382 3542 etiam
1395 3507 1555 3544 valenter,
1579 3504 1799 3548 constantique
1813 3503 1926 3538 ordine
1948 3507 2103 3540 micaret.

1106 3554 1233 3587 Verum
1256 3552 1325 3586 haec
1350 3552 1416 3585 alio
1440 3551 1599 3583 attinent.

1150 3607 1202 3640 35.
1226 3597 1329 3630 Nunc
1361 3594 1401 3628 ad
1422 3595 1563 3637 primurn
1595 3592 1678 3627 illud
1709 3593 1908 3637 propositum
1941 3599 2031 3636 (x)
2061 3605 2110 3629 re-

1107 3639 1256 3675 deamus:
1283 3652 1299 3673 a
1321 3651 1387 3683 quo
1407 3648 1439 3671 te
1459 3637 1581 3681 gaudeo
1603 3638 1730 3682 prolixa
1750 3640 2040 3681 experimentorum
2063 3649 2114 3673 re-

1999 3693 2072 3717 cerl-

72 3765 2108 3788 mm*

118 3827 164 3887 {3
177 3827 194 3890 >2
207 3829 333 3857 Experim.
348 3834 420 3857 Anat.
439 3833 548 3858 Canicid.
563 3838 587 3859 6.
606 3843 631 3861 n.
647 3843 708 3871 435.
749 3866 755 3872 ,
768 3836 783 3866 (
797 3844 809 3861 ν
824 3837 839 3867 )
854 3846 880 3862 n.
897 3846 933 3865 n.

205 3860 260 3887 Vid.
279 3863 410 3889 Walstorff
422 3864 517 3890 Dissert.
533 3864 575 3891 sist-
592 3868 717 3897 Experim.
734 3874 797 3893 circa
812 3874 871 3894 mot.
887 3869 977 3896 cerebri
995 3838 1042 3896 geg
1050 3838 1194 3902 >diffugi-noir.
1210 3841 1310 3871 present.
1326 3839 1340 3863 a
1356 3837 1455 3865 l'Acnd'
1472 3842 1504 3865 κ’
1522 3842 1562 3866 des
1579 3842 1617 3865 sc·
1633 3837 1707 3861 Tum*
1726 3844 1748 3862 ι’

1196 3874 1211 3902 (
1227 3883 1242 3897 ιι
1258 3873 1272 3902 )
1287 3879 1338 3902 cap·
1355 3869 1399 3894 illo
1415 3875 1437 3896 6.
1454 3872 1497 3898 cit.
1515 3873 1581 3903 supra
1593 3888 1601 3902 ‚
1619 3869 1648 3893 ²²1
1666 3875 1690 3892 n·
1707 3875 1745 3898 31.
1807 3869 1821 3899 (
1837 3877 1851 3894 x
1867 3870 1881 3899 )
1897 3869 1965 3900 supra
1976 3884 1984 3898 ,
1999 3876 2021 3894 n.
2040 3876 2080 3894 aot
