2498 4075
436 104 528 159 106

367 195 440 228 quo
463 182 523 216 fibi
547 181 667 216 molam
691 180 809 215 malleo
831 178 1027 223 exasperanti
1050 177 1195 220 quaedam
1226 182 1260 214 in
1292 191 1369 213 ocu-

369 228 436 262 lum
459 226 677 265 refiliverant,
699 235 770 266 quae
793 231 898 257 tamen
923 223 1080 257 continuo
1100 222 1248 265 ,eluisl‘et;
1270 222 1369 267 suspi-

364 280 458 304 catus
482 269 570 312 quod
593 276 683 308 erat,
705 266 838 302 infixam
860 265 1001 306 aliquam
1024 264 1161 308 lapidis,
1183 267 1232 300 vel
1257 268 1368 310 potius

368 313 444 349 ferri
468 311 657 354 particulam
680 312 714 344 in
737 311 886 348 Cornea,
908 308 963 341 ubi
987 319 1054 342 erat
1068 310 1214 350 macula,
1238 310 1369 344 restitis-

366 356 396 391 se
409 380 420 397 ,
443 355 580 399 indeque
601 362 709 387 ortam
731 364 803 395 quae
827 352 909 386 male
938 349 1069 386 haberer
1090 375 1100 391 ‚
1135 354 1367 388 inflammatio-

365 411 439 432 nem
457 421 466 437 ‚
493 407 674 440 magnetem
698 395 898 430 modicarum
920 395 1041 429 virium
1065 396 1156 430 semel
1181 408 1273 440 atque
1304 399 1367 431 ite-

365 455 435 477 rum
460 443 592 485 propius
614 439 768 477 admovi,
790 441 823 485 5&
846 437 1032 480 subnigrum
1056 440 1139 473 illud
1151 439 1189 475 de
1200 452 1265 483 quo
1277 451 1366 474 antea

363 487 491 520 dicium
513 484 577 523 est,
603 497 619 517 e
642 484 765 517 macula
787 492 852 524 jam
875 481 1024 516 nonnihil
1049 493 1154 517 extare
1173 507 1185 524 ,
1207 485 1366 518 continuo

365 530 512 563 intellexi
536 537 701 570 propterea
724 523 810 569 quod
835 526 868 557 in
889 524 1071 561 claudendo
1093 528 1189 561 oculo
1223 526 1365 570 superior

363 572 513 616 palpebra
536 572 635 614 asperi
661 567 785 612 aliquid
806 579 845 602 eo
867 568 985 604 inloco
997 569 1157 612 percipere
1167 571 1363 611 incipiebat.

362 616 422 650 Sed
445 615 505 649 five
528 615 583 649 illa
606 613 712 648 ferreae
736 612 845 647 scoriae
869 609 969 653 figura
992 611 1063 647 effet
1075 635 1088 652 ,
1110 623 1147 647 ut
1171 613 1365 655 profundio-

363 671 429 693 rem
452 667 576 703 partem
590 657 719 692 haberet
731 655 828 697 paulo
841 654 1013 695 latiorem,
1035 655 1098 689 five
1113 657 1221 697 potius
1233 657 1364 691 imbutae

361 702 552 738 humoribus
578 698 799 743 turgentesque
810 698 947 731 Corneae
962 698 1049 733 fibrae
1063 710 1160 741 quam
1172 700 1259 734 inter
1270 702 1366 735 initia

361 744 530 783 remiffurae
554 743 685 780 fuissent
696 765 705 780 ‚
715 740 821 785 postea
834 742 951 774 arelius
963 742 1140 784 complexae
1152 742 1284 778 infixam
1295 756 1365 788 par-

362 789 494 826 ticulam
517 788 713 826 retinerent;
734 795 799 817 non
823 783 917 817 licuit
940 795 979 818 eo
1000 784 1134 828 quidem
1157 786 1210 819 die
1220 787 1365 822 extrahe..

360 844 395 870 re
405 857 417 873 ,
442 834 509 865 imo
519 828 699 863 cessandum
712 828 822 871 potius
832 827 939 863 censui
951 839 990 861 ex
1002 839 1070 871 quo
1085 828 1186 863 homo
1198 831 1245 864 ait
1257 853 1267 869 ,
1282 843 1365 875 quo-

358 877 420 912 ties
446 884 572 917 magnes
597 873 847 910 admoveretur,
870 872 968 906 toties
979 872 1108 906 oculum
1119 872 1205 915 quafi
1218 876 1286 918 rapi
1298 886 1365 908 ma-

360 926 491 962 gnetem
502 915 622 956 versus,
633 927 696 949 non
708 914 770 949 fine
781 913 906 948 doloris
920 915 1132 956 incremento,
1143 916 1259 951 sentire
1272 943 1279 951 .
1296 920 1365 960 Igi-

359 972 413 998 tur
437 961 605 1005 imperatis
627 958 862 1002 quae‘hastenus
875 957 994 991 omissa:
1006 957 1131 994 fuerant
1142 983 1155 1000 ,
1173 960 1237 993 alvi
1249 961 1365 996 subdu-

363 1007 472 1040 &ione
487 1027 499 1046 ,
522 1006 555 1038 δε
569 1002 728 1045 sanguinis
739 1000 950 1043 detractione,
962 1010 1033 1036 tum
1043 1014 1113 1045 quae
1126 1003 1273 1038 dolorem
1282 1005 1366 1040 mul-

359 1048 482 1089 cendo,
505 1046 601 1085 fibras
625 1047 739 1080 leniter
754 1047 915 1082 laxarent,
939 1046 1038 1081 oculo
1049 1045 1365 1087 adhibitis,nonita

359 1093 466 1129 multo
489 1090 558 1135 post
580 1088 672 1124 fimul
695 1100 770 1123 cum
793 1089 944 1130 lacrymis
979 1088 1101 1136 excidit
1137 1088 1237 1124 scoria
1260 1114 1270 1130 ,
1305 1104 1367 1135 qua

357 1136 460 1178 elapsa
473 1157 484 1174 ,
507 1133 664 1172 facillime
685 1133 797 1167 omnia
819 1142 971 1166 evanuere
984 1158 991 1165 .
1005 1133 1077 1167 Nisi
1093 1143 1197 1167 autem
1209 1146 1265 1177 per
1278 1135 1306 1168 se
1316 1147 1369 1169 ex·

356 1178 507 1217 cidisset5
531 1186 712 1219 magnetem
735 1174 839 1214 rursus
861 1177 998 1218 experiri
1017 1177 1051 1209 in
1074 1178 1184 1211 animo
1207 1188 1295 1219 erat,
1315 1178 1370 1212 fir-

357 1232 449 1258 mato
472 1231 528 1265 per
552 1228 663 1261 aptum
689 1218 822 1263 aliquod
845 1219 1092 1254 instrumentum
1103 1221 1227 1265 oculo,
1250 1233 1369 1256 nemo-

356 1266 429 1304 leste
452 1265 533 1298 adeo
555 1263 647 1297 fimul
670 1275 745 1299 cum
770 1262 873 1297 scoria
897 1263 1130 1298 attraheretur.

397 1320 448 1343 22.
476 1306 597 1348 Vides,
622 1316 658 1340 ut
683 1318 720 1339 ex
745 1306 932 1348 magneticae
944 1307 1174 1348 atti-astionis,
1195 1306 1288 1342 sicuti
1312 1320 1371 1343 vo-

358 1361 457 1392 cant,
484 1350 701 1395 phaenomeno
724 1351 758 1382 in
782 1349 917 1391 speciem
942 1350 1056 1386 inutili
1082 1350 1165 1394 apud
1177 1352 1371 1395 eosquidem

357 1396 512 1433 Medicos
533 1395 593 1439 qui
615 1393 638 1430 fi
662 1401 786 1427 naturae
809 1404 904 1435 opera
929 1394 1027 1436 paulo
1052 1396 1207 1431 attentius
1230 1395 1370 1438 spesstare

312 1447 314 1449 '
355 1450 415 1481 te,
436 1438 593 1478 videant,
614 1436 727 1471 odiosa
750 1438 997 1480 percontatione
1018 1439 1180 1473 continuo
1203 1448 1348 1482 quaerunt
1361 1465 1370 1480 ,

355 1482 436 1528 quid
459 1482 535 1519 inde
561 1480 600 1516 ad
624 1481 820 1515 medicinam
845 1478 1053 1515 faciendam?
1077 1482 1385 1525 vides,‘inquam,„

357 1538 429 1571 quae
453 1524 528 1562 inde
552 1524 682 1560 existere
706 1525 833 1561 utilitas
857 1524 1023 1561 interdum
1048 1525 1140 1568 poffit
1163 1526 1243 1560 &ad
1254 1526 1369 1569 digno-

353 1570 501 1605 scendam
525 1569 630 1606 morbi
653 1568 801 1607 causam,
826 1570 860 1601 δε
885 1567 924 1602 ad
949 1567 1131 1604 tollendam
1146 1568 1269 1604 .Nihil
1283 1571 1369 1603 enim

354 1612 448 1649 dubii
470 1613 514 1650 est
535 1614 614 1658 quin
637 1611 797 1655 ejusmodi
820 1610 929 1647 scoriae
955 1621 1008 1647 aut
1032 1613 1117 1646 inter
1139 1613 1238 1647 initia
1249 1625 1323 1648 cum
1335 1612 1371 1647 fi-

353 1657 420 1694 brae
445 1656 592 1691 nondum
614 1655 797 1692 consti-idae
810 1654 884 1689 sunt
895 1679 908 1696 ,
933 1664 987 1689 aut
998 1654 1348 1699 posteacumlaxantur
1359 1681 1372 1698 ,

354 1700 452 1735 facile
474 1700 591 1746 poffint
613 1700 714 1735 eximi
738 1699 898 1741 magnetis
909 1709 991 1741 ope,
1019 1699 1251 1734 autsaltem'ita
1263 1701 1371 1734 dimo-

354 1746 450 1787 veri,
473 1747 506 1781 δε
532 1742 702 1789 protrahi,
728 1752 767 1779 ut
792 1739 853 1777 nifi
876 1752 930 1785 per
955 1741 985 1777 se
1009 1743 1160 1777 excidant
1180 1767 1193 1784 ,
1227 1744 1369 1778 volsellis

376 1797 470 1825 ueant
494 1786 711 1832 apprehendi.
736 1787 855 1829 Neque
877 1786 948 1819 haec
972 1786 1006 1820 in
1018 1787 1116 1822 oculo
1128 1796 1256 1821 tantum
1269 1786 1372 1828 dico,

352 1802 407 1869 sed
420 1833 498 1867 &in
512 1842 700 1877 quacunque
710 1831 761 1864 cui
777 1828 862 1863 forte
873 1828 982 1863 infixae
992 1829 1117 1864 fuerint
1129 1854 1142 1871 ,
1165 1839 1254 1873 parte
1267 1854 1278 1871 ‚
1291 1842 1371 1874 prae.

353 1878 466 1912 sertim
489 1886 562 1909 cum
587 1874 763 1917 aliquando
786 1873 843 1907 vix
865 1883 1064 1915 appareant,
1087 1882 1140 1908 aut
1164 1884 1202 1906 eo
1222 1885 1296 1907 cum
1311 1874 1371 1908 do-

349 1922 436 1960 lore,
464 1928 500 1955 ut
525 1930 625 1964 neque
649 1919 784 1961 arripere
808 1915 923 1958 pOOES,
946 1915 969 1951 fi
993 1917 1093 1957 velis,
1117 1925 1172 1951 aut
1187 1919 1286 1960 aegri,
1311 1919 1372 1951 im-

345 1963 525 2012 primisque
551 1962 677 2007 pueri,
701 1961 832 1994 nolint.
858 1961 946 1994 Cum
969 1969 1077 1994 autem
1100 1959 1212 1993 scirem
1227 1984 1239 2000 ,
1262 1960 1371 2004 Majo-

347 2021 399 2044 res
422 2009 502 2049 saepe
525 2005 710 2050 emplastris
726 2015 798 2048 quae
825 2002 863 2037 ad
888 2002 1121 2038 extrahendum
1144 2005 1369 2046 imponerent,

350 2061 563 2096 magnetem,
586 2049 810 2092 inpulverem
833 2048 1074 2081 comminutum
1099 2072 1108 2087 ‚
1131 2046 1369 2088 admiscuisse,

350 2098 409 2141 qui
432 2095 474 2129 fic
497 2093 748 2133 comminutus,
771 2089 946 2134 alienisque
969 2093 1168 2134 interceptus
1181 2090 1371 2133 particulis,

351 2143 442 2176 suam
465 2139 533 2171 vim
555 2145 769 2171 exerere-non
793 2133 934 2173 valeret3
957 2145 1099 2180 quaerere
1123 2135 1211 2176 coepi
1245 2133 1315 2176 post
1336 2133 1371 2168 id

352 2193 480 2225 ternpus
505 2192 582 2215 uum
606 2188 721 2221 antea,
744 2177 892 2216 nemini,
927 2175 962 2210 id
994 2177 1084 2220 quod
1116 2176 1277 2211 credibile
1310 2188 1401 2212 non.

984 102 1150 156 Liber<
1168 108 1210 153 ,.1.
1245 102 1333 157 De
1365 99 1568 159 Morbis
1600 100 1807 170 Capitis

1419 177 1554 212 necdum
1576 178 1761 222 tempestiva
1784 178 1962 217 traetione,
1988 177 2079 221 eius,
2101 180 2156 214 cui
2181 179 2321 217 infixum
2338 179 2382 216 est
2402 204 2417 223 ,

1418 223 1517 264 partis
1538 221 1665 256 dolores
1681 232 1792 265 augeat
1805 248 1813 255 .
2382 249 2387 254 .

1462 275 1513 308 23.
1539 265 1651 300 Multo
1675 266 1773 299 levior
1793 264 1887 300 causa
1907 264 2163 308 diuturniorem,
2186 270 2219 301 δε
2252 269 2417 311 periculo-

1420 306 1532 341 fiorem
1554 308 1792 350 ophthalmiam
1814 309 1926 343 attulit
1948 307 2050 355 Affini
2073 320 2164 349 meo,
2188 309 2227 343 de
2249 318 2316 355 quo
2339 314 2421 345 alte-

1421 362 1492 384 rum
1515 352 1696 394 exemplum
1717 352 1785 393 est,
1804 352 1893 397 quod
1916 352 2071 394 promisi,
2095 353 2236 387 Thomae
2270 355 2421 398 Mangel-

1417 394 1483 428 lio.
1510 395 1620 428 Nemo
1641 397 1728 428 enim
1751 394 1816 430 fuit
1839 395 2044 430 Medicorum
2059 418 2071 435 ,
2095 405 2150 430 aut
2172 396 2418 440 Chirurgorum

1415 438 1531 481 quibus
1554 439 1685 473 oculum
1708 437 1949 482 inspectantium
1972 437 2073 472 homo
2097 438 2165 473 sane
2200 441 2416 476 remediorum

1412 492 1476 515 non
1501 483 1546 515 ita
1571 493 1674 516 amans
1698 482 1826 516 tandem
1848 481 2007 515 ostendere
2017 483 2147 516 coa<Stus
2161 481 2229 524 est,
2251 486 2330 527 quin
2343 496 2421 528 pro-

1412 526 1464 558 cul
1489 525 1590 559 dubio
1611 526 1770 565 censeret,
1795 525 2062 560 inflammationis
2086 529 2117 558 vi
2129 526 2283 574 obortum
2295 529 2360 570 jam
2371 529 2423 562 ul-

1412 579 1468 602 cus
1491 568 1525 601 in
1548 570 1675 603 Cornea
1698 571 1825 607 tunica,
1848 568 1974 611 ejusque
1998 568 2130 603 curandi
2152 571 2244 604 caula
2256 571 2337 605 alius
2351 573 2424 606 aliis

1415 623 1488 645 cum
1512 612 1671 654 internis,
1694 623 1763 646 tum
1800 613 1940 646 externis
1973 613 2103 646 auxiliis
2136 622 2224 647 metu
2257 614 2425 659 obtempe-

1418 665 1539 688 rantem
1563 655 1629 698 jam
1652 668 1773 698 aegrum
1795 656 1876 696 diu,
1899 654 1951 689 sed
1973 655 2144 696 incassum,
2170 655 2342 699 fatigaret.
2357 660 2423 693 De·
2469 676 2472 678 Α

1416 700 1511 741 nique
1534 698 1606 734 casu
1629 698 1751 733 facium
1775 699 1816 733 est
1830 723 1841 740 ,
1864 707 1899 732 ut
1923 696 2105 742 Chirurgus
2134 700 2422 743 animadverteret,

1415 743 1554 785 incipere
1575 754 1614 776 ex
1636 742 1793 778 ulcusculi
1817 742 1920 776 fundo
1943 741 2047 776 nescio
2061 743 2139 786 quid
2154 744 2425 785 nonnihilextare

1418 785 1588 827 squamulae
1611 786 1725 820 instar.
1753 785 1877 826 Quod,
1899 795 1974 819 cum
1998 788 2152 821 tentantis
2175 787 2306 830 specillo
2329 787 2423 822 facile

1416 828 1664 872 obsequeretur,
1691 831 1852 871 integrum
1874 831 1992 862 exemit
2007 853 2014 860 .
2040 830 2240 873 Exemptum
2265 831 2343 866 dum
2366 844 2426 866 cu-

1416 872 1531 907 riofius
1552 873 1813 916 contemplatur,
1837 872 1919 905 alam
1941 872 1998 907 effe
2023 874 2169 915 agnoscit
2193 876 2328 909 minoris
2350 886 2424 910 mu-

1416 915 1496 949 scae:
1519 919 1551 949 &
1575 916 1644 951 sane
1667 915 1745 956 esse,
1769 927 1878 950 omnes
1900 917 1955 959 qui
1968 925 2066 953 tunc,
2089 917 2238 959 &postea
2249 917 2422 958 viderunt,

1416 959 1479 993 fine
1503 960 1569 994 ulla
1591 960 1818 1001 dubitatione,
1840 959 1920 994 utin
1932 971 1963 992 re
1975 959 2227 1002 evidenffiffima,
2248 960 2425 995 confirma-

1418 1012 1512 1037 runt.
1538 1006 1629 1038 Tum
1651 1005 1814 1038 enimvero
1836 1004 1870 1036 in
1893 1004 2082 1037 memoriam
2096 1002 2193 1037 rediit
2207 1005 2426 1048 Mangellius,

1420 1045 1791 1090 sibijnflammationem
1816 1046 1902 1081 haud
1928 1056 2000 1080 ante
2017 1046 2184 1089 incepisse,
2209 1059 2304 1091 quam
2319 1048 2427 1083 musca

1420 1091 1454 1122 in
1476 1090 1609 1125 oculum
1630 1089 1892 1125 forteinvolaffet
1911 1116 1920 1131 ,
1942 1101 2037 1134 quam
2049 1090 2094 1123 ibi
2108 1092 2192 1125 inter
2203 1092 2429 1134 palpebrasce.

1421 1134 1537 1168 lerius.
1561 1143 1597 1167 ut
1622 1134 1681 1175 fit,
1706 1132 1823 1177 injecta
1847 1145 1941 1167 manu
1966 1133 2154 1176 occidisset,
2177 1136 2274 1178 atque
2298 1135 2431 1179 abjecis-

1416 1177 1486 1211 vset.
1511 1179 1637 1211 Totam
1662 1189 1735 1211 vero
1758 1189 1822 1211 non
1847 1176 2025 1219 abjecerat3
2050 1178 2098 1210 ala
2109 1178 2430 1221 enimtestitans,s1c

1422 1220 1459 1254 ad
1482 1222 1643 1255 corneam
1666 1221 1694 1255 se
1719 1221 1937 1264 applicuerat,
1960 1230 1995 1254 ut
2018 1220 2110 1254 illinc
2124 1221 2186 1255 fine
2198 1222 2358 1266 Chirurgi
2368 1234 2431 1266 ope

1422 1264 1549 1307 prorsus
1574 1265 1758 1304 dimoveri,
1780 1267 1813 1298 δε
1836 1264 2024 1310 reglutinari
2039 1274 2103 1297 non
2116 1266 2351 1307 potuerit.Sua
2365 1267 2432 1309 igi-

1422 1318 1477 1342 tur
1500 1307 1679 1342 adhaefione
1701 1308 1863 1343 irritando
1878 1333 1887 1349 ‚
1912 1306 2069 1351 ejusmodi
2092 1316 2237 1342 moverat
2248 1308 2432 1344 inflamma-

1422 1353 1572 1392 tionem,
1594 1362 1630 1387 ut
1653 1354 1779 1387 circum
1803 1351 2012 1393 turgentibus
2037 1349 2191 1392 fibrillis,
2214 1354 2247 1385 &
2280 1354 2428 1387 minimis

1420 1395 1579 1436 vasculis,
1602 1395 1669 1431 haec
1694 1396 1807 1431 ulceris
1830 1395 1967 1432 labella,
1991 1395 2038 1428 ala
2062 1404 2168 1429 autem
2180 1395 2238 1429 illa
2250 1396 2435 1431 craffiuscu-

1421 1438 1456 1472 10
1478 1439 1610 1473 humore
1634 1439 1762 1480 obfita,
1784 1450 1840 1481 per
1864 1437 2032 1481 ipsumque
2044 1439 2245 1482 transpeeta,
2269 1439 2435 1476 sordidum

1422 1482 1537 1516 ulceris
1562 1481 1698 1518 fundum
1721 1484 1933 1517 mentiretur.
1958 1483 2055 1515 Certe
2078 1481 2146 1525 ipsa
2168 1483 2334 1524 detraffit,
2356 1496 2436 1518 con-

1421 1527 1517 1560 tinuo
1538 1527 1687 1561 omnibus
1710 1529 1743 1561 in
1767 1527 1880 1560 melius
1904 1523 2015 1562 verfis,
2040 1526 2134 1566 cito,
2159 1537 2193 1559 ac
2206 1525 2324 1568 facile,
2347 1529 2437 1563 nulla

1422 1569 1534 1603 relifta
1556 1571 1707 1604 cicatrice
1725 1596 1733 1609 ‚
1756 1569 1922 1603 convaluit
1946 1569 2080 1603 oculuS.
2104 1570 2186 1603 Non
2211 1570 2278 1604 sum
2291 1572 2437 1614 nescius,

1425 1612 1632 1656 Falloppiu'm
1655 1613 1797 1648 nostrum
1821 1614 1887 1655 (x)
1913 1611 1941 1645 se
1963 1611 2013 1645 his
2035 1610 2090 1655 effe
2112 1610 2236 1657 paffum
2246 1613 2351 1648 ulcera
2363 1628 2436 1652 ocu-

1425 1655 1543 1693 lorum,
1569 1656 1724 1697 scribere,
1748 1667 1785 1690 ex
1808 1655 1921 1697 illapsu
1945 1656 2137 1696 quarundam
2161 1656 2338 1699 muscarum
2373 1661 2436 1694 mi-

1423 1700 1604 1740 nimarum,
1627 1712 1697 1744 quae
1721 1701 1803 1733 durae
1827 1698 1898 1732 sunt
1913 1723 1922 1738 ,
1947 1699 2078 1740 inquit,
2102 1701 2135 1732 δε
2150 1698 2180 1741 fi
2201 1701 2315 1734 cadant
2336 1725 2349 1742 ,
2381 1703 2435 1738 vel

1423 1741 1597 1776 illabantur
1619 1744 1651 1777 in
1675 1743 1823 1783 oculum,
1839 1740 1951 1781 statim
1973 1741 2074 1784 ipsum
2097 1741 2279 1776 exulcerant
2289 1767 2302 1784 ,
2328 1746 2436 1779 &no-

1422 1784 1474 1818 ft'u
1498 1787 1634 1821 maxime
1656 1788 1818 1820 mordent.
1845 1785 1906 1818 Illa
1931 1794 2036 1818 tamen
2055 1796 2118 1830 nec
2132 1787 2292 1827 minima,
2309 1798 2364 1821 nec
2377 1788 2440 1823 du-

1422 1838 1478 1868 ra,
1499 1839 1553 1861 nec
1578 1830 1702 1870 not‘tu,
1726 1841 1784 1864 nec
1807 1828 2008 1869 mordendo,
2033 1827 2083 1862 scd
2108 1837 2233 1864 tantum
2245 1831 2356 1865 relicta
2366 1832 2415 1866 ala
2431 1856 2441 1871 ,

1421 1880 1601 1915 nocuerat,
1622 1885 1693 1916 quae
1716 1875 1805 1908 ulcus
1829 1874 1875 1905 ita
1899 1881 1934 1906 ut
1957 1871 2053 1912 dixi,
2074 1873 2211 1906 omnino
2245 1873 2402 1910 referebat
2428 1890 2438 1916 5

1421 1926 1495 1949 nam
1523 1927 1572 1948 me
1594 1928 1725 1959 quoque
1749 1927 1825 1950 tunc
1847 1914 2137 1958 peradolescentem
2152 1916 2298 1960 speetass'e
2313 1941 2323 1956 ,
2346 1922 2442 1954 &ul-

1422 1970 1477 1993 cus
1487 1958 1665 2000 credidisse,
1677 1961 1826 2002 praeclare
1838 1960 1990 1993 memini.
2004 1958 2062 1993 Sed
2077 1959 2128 1992 fac
2141 1961 2243 1994 etiam
2257 1962 2348 1996 ulcus
2363 1962 2442 1998 fuis-

1425 2001 1478 2041 se,·
1501 2003 1547 2037 ala
1572 2003 1629 2035 illa
1652 2012 1757 2038 tamen
1784 2011 1914 2040 amota,
1938 2002 2068 2042 statim,
2092 2012 2129 2037 ut
2171 2003 2276 2037 ablata
2310 2007 2402 2040 causa
2426 2029 2436 2045 ,

1423 2047 1532 2079 omnia
1557 2045 1765 2080 remiserunt.
1792 2048 1895 2080 Tanti
1921 2057 1998 2090 ergo
2021 2045 2151 2079 interest
2165 2047 2286 2090 primas
2300 2051 2438 2083 morbo-

1423 2099 1495 2122 rum
1518 2088 1649 2129 causas,
1671 2092 1704 2122 &
1727 2088 1907 2123 occasiones
1921 2116 1930 2132 ,
1955 2090 2039 2124 nihil
2062 2090 2262 2133 negligendo
2282 2114 2292 2132 ,
2333 2093 2444 2129 solici-

1423 2140 1477 2173 te,
1501 2135 1534 2167 ὃς
1556 2132 1730 2175 diligenter
1752 2134 1934 2176 inquirere.
2311 2140 2312 2143 ’

1472 2188 1524 2215 24.
1550 2177 1651 2210 Nunc
1675 2176 1807 2219 quando
1829 2176 1868 2210 de
1890 2179 2026 2211 Corneae
2049 2178 2245 2213 morbis‘ita
2270 2179 2362 2215 verba
2394 2181 2442 2215 fa-

351 2227 544 2264 videbatur,
570 2223 677 2258 eadem
701 2220 772 2266 quae
798 2218 883 2254 mihi
906 2220 1019 2253 utendi
1044 2221 1131 2254 ratio
1155 2220 1236 2254 adeo
1250 2216 1495 2262 obvia,t·t'cere
1518 2220 1563 2253 inl
1604 2221 1711 2260 imus,
1735 2230 1771 2254 ut
1793 2231 1865 2264 quae
1889 2220 2086 2264 inspeffione
2110 2222 2264 2266 quidem,
2287 2222 2339 2258 sed
2351 2226 2438 2259 nulla

353 2276 389 2308 in
412 2278 553 2305 mentem
576 2265 725 2301 veniss‘et.
752 2267 840 2298 Cum
863 2275 881 2297 a
905 2263 1081 2297 novistimis
1105 2265 1311 2307 inciperem·‚
1336 2265 1371 2298 in

355 2326 475 2353 magno
496 2311 718 2354 complurium
743 2307 870 2341 silentio
886 2329 895 2343 ‚
918 2307 1026 2340 inveni
1038 2307 1178 2352 denique
1191 2307 1276 2350 apud
1289 2308 1371 2355 Ker-

355 2354 546 2401 ckfingium
570 2357 640 2395 (r)
664 2363 755 2387 acum
780 2351 908 2392 gutturi
932 2350 1146 2385 inhaerentem
1172 2362 1272 2397 annos
1304 2362 1370 2393 jam

358 2413 497 2441 novem,
519 2409 574 2443 per
597 2396 756 2438 magnetis
781 2394 920 2428 frustum
944 2394 1119 2427 extraftam
1133 2417 1140 2424 .
1155 2394 1275 2426 Etnex
1286 2393 1376 2437 supe-

357 2446 497 2481 rioribus
508 2440 691 2487 quifimilia
702 2436 885 2482 praestiterit
898 2461 907 2476 ‚
929 2445 1167 2470 commemoret
1188 2438 1348 2484 neminem
1363 2450 1374 2476 5

358 2500 499 2534 quaerere
523 2495 632 2520 tamen
656 2482 782 2527 perrexi
805 2480 908 2527 donec
932 2480 969 2512 ab
993 2480 1134 2514 Hildani
1172 2479 1284 2514 Indice
1320 2481 1375 2515 ad-

360 2533 505 2568 monitus
521 2555 531 2570 ‚
556 2527 829 2563 Observationem
852 2534 918 2567 ejus
941 2523 1005 2572 legi
1039 2523 1127 2566 (s)
1163 2535 1225 2575 qua
1257 2523 1378 2562 docet,

361 2577 462 2614 scoria
485 2574 590 2611 ferri,
617 2570 741 2605 adnatae
765 2567 864 2601 infixa
882 2588 890 2604 ‚
914 2567 1029 2609 quibus
1068 2565 1217 2601 remediis
1251 2568 1379 2602 tandem

360 2629 470 2655 amota
493 2617 614 2652 fuerit.
638 2613 758 2648 Casum
780 2611 930 2654 equidem
953 2611 1086 2650 inveni,
1110 2621 1205 2654 quem
1239 2612 1380 2654 perlegas

361 2664 482 2701 velim,
509 2662 543 2695 in
569 2657 728 2702 plerisque
751 2665 817 2689 tam
842 2666 915 2687 meo
928 2652 1065 2687 similem
1075 2665 1172 2697 quam
1185 2665 1282 2688 ovum
1292 2659 1380 2694 ov03

363 2707 416 2743 sed
438 2706 477 2740 de
501 2712 649 2747 magnete
674 2699 802 2745 prorsus
829 2698 938 2732 nihil.
962 2696 1111 2731 Tandem
1124 2698 1209 2740 quod
1223 2697 1324 2746 index
1340 2695 1381 2731 il-

363 2753 393 2786 le
407 2747 621 2793 copiofiffimus
632 2756 697 2779 non
711 2741 888 2777 ostenderat
900 2765 910 2782 ,
926 2740 992 2773 sors
1009 2741 1133 2774 obtulit
1147 2765 1154 2773 .
1173 2741 1277 2790 ᾼῙιυά
1291 2743 1381 2776 enim

364 2794 549 2839 perquirens
583 2788 688 2824 incidi
721 2789 755 2821 in
779 2785 848 2828 ejus
870 2785 1001 2818 alteram
1025 2783 1380 2831 Observationem'(t)

365 2839 401 2873 de
419 2835 526 2881 storia
548 2832 692 2876 chalybis
714 2835 833 2864 corneae
855 2827 976 2877 infixa,
999 2827 1192 2877 ejusdemque
1205 2828 1382 2878 ingeniofis.

361 2882 444 2928 sima
470 2877 630 2912 curatione
644 2899 653 2908 .
676 2875 759 2908 Haec
782 2882 857 2904 vero
872 2894 884 2912 ,
907 2872 981 2905 aliis
1005 2870 1156 2905 omnibus
1167 2881 1293 2911 irritis,
1316 2883 1383 2921 ma..

368 2924 473 2970 gnetis
496 2930 557 2963 ope
579 2916 759 2952 feliciffime
783 2913 925 2957 perfecta
949 2913 1011 2948 est.
1038 2916 1139 2946 Porro
1150 2923 1186 2948 ut
1201 2915 1383 2948 Kerckrin-

372 2969 465 3012 gium
490 2963 588 2998 fateri
611 2972 677 2995 non
701 2959 842 3003 puduit,
863 2958 950 3000 quod
975 2965 1026 2990 tot
1049 2957 1224 3000 Chirurgis
1248 2960 1282 2991 in
1293 2969 1381 2992 men-

369 3023 436 3046 tem
460 3019 524 3043 non
545 3013 696 3044 venerat,
719 3003 753 3036 id
777 3002 805 3036 se
823 3013 838 3034 a
852 3000 1121 3035 Circumforaneo
1144 3000 1310 3043 didicisse,
1333 3003 1380 3049 ita

372 3065 474 3098 neque
499 3049 682 3086 Hildanum
706 3047 745 3080 ab
768 3046 908 3084 Uxore3
932 3045 974 3078 est
995 3045 1083 3077 enim
1107 3056 1153 3079 res
1172 3068 1186 3086 ,
1223 3056 1287 3082 non
1323 3057 1381 3078 au-

372 3100 466 3138 Etor,
490 3091 656 3137 speetanda
671 3115 679 3123 .
705 3088 792 3124 Illud
816 3087 855 3121 de
878 3088 935 3121 suo
958 3088 1011 3121 hic
1033 3087 1182 3128 addidit,
1205 3088 1381 3122 videndum

374 3150 467 3176 antea
489 3139 689 3180 diligenter,
712 3145 750 3167 ne
773 3131 862 3165 forte
884 3142 947 3175 qua
980 3131 1063 3165 facie
1096 3143 1224 3175 magnes
1257 3132 1380 3166 ferrum

374 3184 526 3227 repellit,
552 3182 591 3213 ab
612 3192 647 3213 ea
669 3178 751 3211 facie
775 3176 873 3209 oculo
895 3174 1100 3209 obvertatur.
1128 3175 1384 3220 Qamvim'etfi

375 3229 444 3264 scio
465 3226 507 3260 ab
531 3225 601 3259 aliis
625 3225 660 3257 in
684 3220 842 3264 magnetis
868 3218 962 3251 altera
987 3218 1068 3252 facie
1092 3218 1236 3253 adversus
1246 3219 1385 3253 alterum

377 3279 581 3315 magnetem,
605 3277 670 3301 non
693 3263 840 3299 adversus
854 3261 974 3296 ferrum
992 3286 1000 3300 ‚
1026 3262 1179 3304 agnosci;
1201 3264 1385 3297 Hildanum

377 3326 454 3348 vero
479 3313 542 3348 hoc
566 3323 582 3345 a
604 3317 752 3352 magnete
772 3304 1003 3349 suopraestari,
1029 3309 1059 3339 &
1076 3306 1292 3340 Matthiolum
1319 3307 1385 3350 (u)

379 3358 466 3392 idem
488 3357 528 3391 ab
550 3354 606 3389 suo
629 3363 759 3397 quoque
784 3349 935 3389 testatos,
958 3350 992 3382 in
1016 3348 1136 3383 ferrum
1159 3348 1302 3384 incidisse
1317 3361 1385 3400 cre-

380 3402 425 3436 do
448 3399 607 3443 magnetis
628 3397 661 3429 vi
684 3396 871 3432 imbutum5
897 3402 1001 3426 tamen
1034 3403 1097 3425 non
1133 3404 1280 3444 repugno.
1307 3404 1385 3436 quin

381 3454 452 3478 ante
475 3441 670 3486 experiaris·,
694 3439 776 3472 nihil
800 3438 884 3470 enim
909 3436 1083 3479 prohibet,
1107 3440 1139 3470 δι
1163 3436 1311 3481 pei-faede
1322 3436 1384 3471 est:

384 3486 467 3521 illud
489 3495 593 3519 autem
617 3484 761 3520 hortor„
778 3492 813 3515 ut
838 3480 1167 3515 modicarum‘virium
1184 3485 1361 3523 magnetem
1373 3503 1382 3519 ,

387 3541 521 3572 eumque
545 3536 637 3561 caute
661 3537 693 3559 ac
719 3524 826 3559 sensim
850 3525 974 3566 magis,
996 3533 1032 3557 ut
1069 3524 1162 3558 licere
1199 3525 1385 3566 intelliges,

386 3572 548 3617 magisque
571 3571 758 3607 admoveas,
781 3580 819 3601 ne
842 3569 926 3601 forte
950 3566 1069 3601 ferrum
1093 3570 1211 3602 arctius
1235 3567 1354 3601 haerens
1373 3591 1386 3608 ,

1425 2263 1546 2306 adjeeta
1594 2262 1776 2301 isses-'riona
1800 2263 2051 2298 animadvertere
2062 2266 2354 2309 interdurnlicuit,
2368 2280 2443 2310 pro-

1423 2305 1621 2349 posuerimus
1632 2317 1645 2345 ;
1658 2305 1747 2339 missa
1760 2306 1915 2340 faciemus
1928 2319 1997 2350 quae
2009 2306 2046 2341 de
2058 2309 2138 2343 albis
2150 2309 2356 2354 quibusdam,
2367 2324 2440 2355 quae

1427 2351 1462 2382 in
1487 2347 1586 2391 ipfius
1608 2348 1735 2382 ambitu
1758 2348 1815 2383 esse
1839 2349 2014 2390 videntur,
2037 2352 2258 2393 opacitatibus
2281 2365 2346 2388 non
2379 2354 2444 2389 'sine

1429 2391 1575 2435 scalpelli
1601 2403 1665 2435 ope
1687 2391 1982 2435 deprehendimus;
2006 2391 2028 2425 fi
2053 2397 2140 2429 enim
2152 2396 2314 2438 volueris,
2338 2410 2371 2431 ea
2383 2411 2443 2442 po·

1428 2437 1504 2469 teris
1526 2435 1603 2468 alibi
1625 2438 1692 2478 (y)
1718 2436 1844 2479 legere.-
1866 2436 1955 2480 quod
1978 2436 2091 2471 vellem
2117 2450 2133 2471 a
2156 2438 2354 2475 Mancharto
2387 2442 2446 2477 effe

1430 2478 1576 2516 factum,
1602 2479 1752 2523 ubiCz)
1775 2478 2051 2523 quemadmodum
2075 2480 2237 2520 ostendit,
2262 2493 2321 2517 non
2333 2487 2438 2528 exigui

1430 2522 1509 2556 hanc
1534 2521 1588 2566 effe
1612 2521 1858 2565 obseruationem
1881 2524 2032 2559 momenti
2053 2524 2088 2557 in
2112 2526 2346 2567 punctionibus
2385 2538 2441 2563 aut

1432 2564 1644 2600 incisionibus
1669 2576 1771 2608 prope
1794 2577 1827 2599 ea
1851 2566 1922 2599 loca
1946 2566 2173 2610 instituendis,
2197 2570 2242 2602 ita
2267 2572 2402 2606 miratur
2424 2594 2436 2610 ‚

1431 2608 1592 2651 ejusmodi
1615 2609 1790 2651 opacitates
1801 2633 1814 2650 ,
1835 2620 2005 2655 earumque
2018 2621 2163 2646 naturam
2174 2610 2443 2658 fnissepraetervi-

1427 2652 1502 2696 sas.
1528 2653 1597 2686 Hic
1620 2653 1723 2695 igitur
1746 2653 1788 2686 iis
1811 2653 1952 2694 omiffis,
1976 2654 2087 2695 potius
2100 2655 2289 2698 adnotabo,
2304 2663 2378 2692 ‘non
2394 2670 2445 2691 ra-

1434 2706 1495 2733 ro,
1518 2697 1648 2738 vigente
1671 2694 1903 2739 ophthalmia,
1925 2696 2094 2740 accidisse,
2119 2708 2155 2734 ut
2179 2700 2300 2735 Medici
2324 2725 2336 2742 ,
2362 2702 2447 2735 Chi-

1435 2739 1587 2782 rurgique
1609 2738 1695 2772 mihi
1721 2739 1913 2774 ostenderint
1937 2739 2036 2774 modo
2059 2743 2093 2775 in
2117 2746 2243 2777 Cornea
2257 2745 2446 2788 albugines,

1434 2782 1534 2815 modo
1557 2791 1641 2817 trans
1664 2784 1829 2817 Corneam
1850 2782 1935 2828 quasi
1959 2795 2017 2827 pus
2033 2807 2042 2822 ‚
2067 2795 2121 2820 aut
2145 2787 2361 2830 puriformem
2374 2800 2443 2824 ma-

1434 2827 1571 2864 teriam,
1595 2836 1631 2861 ut
1656 2825 1755 2870 ipfis,
1780 2826 1926 2871 mihique
1961 2840 1976 2861 a
2001 2830 2109 2872 primo
2141 2831 2210 2865 sane
2240 2832 2410 2867 videbatur
2431 2858 2439 2867 .

1434 2871 1558 2903 Verum
1584 2881 1649 2904 non
1674 2869 1766 2904 semel
1792 2871 2022 2910 animadverti,
2046 2885 2113 2907 eam
2137 2881 2241 2909 rerum
2255 2876 2391 2918 speciem
2411 2878 2445 2911 in

1433 2912 1625 2956 quibusdam
1647 2914 1732 2947 nihil
1755 2915 1841 2949 aliud
1855 2914 1978 2959 fuisse,
2001 2916 2059 2948 nifi
2082 2920 2239 2952 exteriora
2249 2921 2384 2954 Corneae
2397 2921 2446 2954 ul-

1433 2956 1583 2998 cuscula,
1606 2968 1676 3000 quae
1699 2956 1722 2990 fi
1745 2970 1761 2991 e
1783 2960 1911 3001 regione
1933 2958 2103 3001 inspiceres
2128 2985 2138 3001 ,
2169 2974 2203 2995 ea
2231 2973 2301 3005 quae
2335 2962 2406 2997 dixi
2430 2988 2445 3006 ,

1433 3001 1567 3033 omnino
1581 3002 1814 3041 mentirentur,
1824 3001 1874 3035 sed
1888 3002 1941 3036 ubi
1954 3003 2085 3038 adlatus
2098 3006 2254 3039 recederes
2266 3029 2275 3044 ,
2290 3009 2322 3039 &
2334 3018 2373 3040 ex
2384 3008 2445 3041 ob-

1432 3043 1524 3086 liquo
1535 3044 1736 3088 inspedta'res,
1750 3044 1856 3079 statim
1868 3045 1919 3079 sua
1930 3049 2132 3091 excavatione
2144 3049 2174 3082 se
2183 3049 2352 3092 proderent
2363 3075 2370 3082 .
2383 3052 2446 3085 Fa..

1432 3087 1493 3119 cile
1505 3089 1637 3121 enimin
1649 3088 1772 3121 acribus
1784 3088 1923 3122 Aduatae
1936 3090 2123 3126 membranae
2134 3093 2443 3130 inflammationibus

1430 3132 1555 3163 Cornea
1569 3131 1770 3165 exulceratur
1782 3144 1792 3169 3
1804 3142 1840 3166 ut
1852 3132 1933 3166 nihil
1946 3145 2035 3177 aeque
2046 3137 2213 3170 metuerim
2225 3137 2258 3169 in
2271 3147 2443 3172 contuma-

1436 3173 1552 3207 ciffima
1565 3186 1637 3218 quae
1647 3185 1697 3208 me
1708 3174 1976 3210 adolescentulum
1990 3178 2151 3223 subhujus
2173 3180 2309 3217 initium
2333 3182 2440 3217 saecufi

1437 3218 1597 3265 Bononiae
1607 3218 1814 3265 prehenderat
1825 3243 1837 3259 ,
1846 3219 2065 3264 ophthalmia,
2075 3228 2149 3258 cum
2162 3224 2225 3256 acri
2238 3224 2372 3259 subinde
2383 3226 2444 3260 do-

1437 3262 1503 3294 lore
1521 3262 1691 3304 conJunGta
1705 3285 1713 3299 ,
1733 3270 1770 3296 ut
1797 3263 1910 3306 laepius
1932 3275 2044 3308 capere
2057 3266 2202 3301 somnum
2217 3278 2282 3301 non
2296 3267 2415 3311 possem
2429 3294 2443 3312 ,

1436 3303 1494 3337 nifi
1509 3305 1669 3347 palpebris
1687 3306 1835 3347 impolita
1852 3309 1946 3351 pulpa
1961 3309 2068 3352 tepida
2087 3321 2255 3352 pomorum
2275 3312 2441 3349 dulcium.

1435 3348 1544 3382 Multa
1567 3349 1786 3383 commendata
1801 3349 1872 3383 sunt
1882 3374 1892 3390 ,
1905 3353 2005 3387 multa
2017 3353 2172 3392 adhibui,
2184 3353 2296 3389 frustra
2308 3359 2417 3390 omnia
2431 3382 2439 3390 .

1437 3392 1553 3424 Unum
1576 3393 1758 3426 inconsulto
1771 3393 1874 3436 respui
1886 3419 1900 3436 ,
1922 3395 2008 3442 quod
2020 3397 2165 3441 pluribus
2177 3397 2280 3440 postea
2292 3399 2358 3432 vidi
2370 3401 2443 3443 plu-

1438 3435 1558 3482 rimum
1592 3435 1766 3477 profuisse,
1797 3439 1928 3481 viroque
1959 3440 2132 3483 praesertim
2166 3441 2360 3476 Bononiensi
2382 3446 2440 3487 qui

1436 3478 1479 3510 lic
1516 3479 1623 3512 abacta
1658 3479 1782 3514 dexteri
1815 3483 1901 3515 oculi
1933 3484 2188 3518 inflammatione
2209 3508 2223 3526 ,
2254 3497 2326 3520 cum
2361 3498 2438 3522 mox

1437 3520 1555 3554 finister
1577 3522 1688 3556 eodem
1712 3523 1823 3557 morbo
1833 3536 2022 3569 caperetur,
2045 3526 2195 3562 incassum
2211 3529 2364 3564 adhibitis
2376 3541 2439 3565 cae-

1440 3567 1514 3598 teris
1536 3589 1548 3605 ,
1589 3568 1680 3600 nullo
1713 3570 1821 3609 potuit
1855 3570 1912 3603 uili
1956 3571 2065 3604 eodem
2111 3573 2234 3605 auxilio
2280 3574 2402 3607 restitui

2327 3628 2400 3650 cute

2425 3599 2438 3616 ³

444 3702 453 3731 (
471 3710 481 3724 v·
499 3702 507 3730 J
523 3698 635 3729 spicileg.
655 3702 725 3723 Anat.
744 3698 802 3722 Obs.
819 3706 858 3727 44.

448 3733 463 3764 (
478 3740 492 3756 κ
509 3732 521 3761 )
537 3730 618 3756 Trast·
634 3729 663 3755 de
679 3729 787 3754 Ulcerib.
803 3736 824 3755 c.
844 3730 880 3759 58·
920 3700 934 3728 (
945 3698 966 3728 s

942 3731 956 3759 C
1001 3700 1072 3758 {ient-
1089 3707 1113 3728 4.
1136 3700 1196 3725 Obs.
1213 3701 1280 3725 Chir.
1300 3708 1335 3728 17.

969 3698 985 3760 y)
1030 3728 1102 3759 Epist.
1122 3733 1196 3756 Anat.
1213 3734 1248 3756 16.
1265 3738 1290 3756 n.
1309 3732 1346 3755 ²8.

1400 3702 1407 3731 (
1426 3708 1438 3725 ε
1454 3700 1462 3731 )
1478 3702 1551 3726 Cant.
1570 3710 1589 3732 ς.
1607 3702 1668 3725 Obs.
1686 3710 1724 3726 ιιι.

1409 3731 1418 3758 s
1435 3740 1454 3761 z
1467 3731 1482 3760 )
1498 3732 1590 3758 Dissert.
1606 3733 1635 3757 de
1652 3734 1757 3759 Matulis
1773 3736 1872 3760 Corneae
1890 3737 1912 3766 §.
1934 3744 1955 3765 9·

1792 3706 1832 3733 (u
1851 3707 1858 3735 )
1891 3706 2029 3731 Commeat.
2046 3705 2072 3730 in
2085 3707 2103 3734 1.
2122 3713 2142 3735 ς.
2159 3707 2268 3734 Dioscor.
2285 3717 2308 3734 c.
2329 3717 2384 3741 ¹05·
