2498 4075
442 164 528 209 132

372 227 490 260 morbo
514 225 678 265 confifius
700 225 760 259 est.
785 227 864 269 Qo
888 226 1027 263 animam
1052 238 1187 270 agente,
1209 241 1284 272 cum
1306 228 1373 272 ejus

373 270 410 303 ad
435 282 487 308 me
509 270 655 302 Medicus
678 290 687 306 ‚
722 269 786 303 Vir
810 271 962 313 spectatus
985 293 994 309 ,
1033 271 1165 312 venisset
1197 275 1336 315 petitum
1360 295 1369 311 ‚

370 322 406 351 ut
431 313 603 356 postridie,
627 311 648 344 si
673 314 882 351 commodum
905 312 980 348 esset
1004 335 1014 350 ,
1044 312 1225 351 ,diffeffloni
1258 315 1370 358 praees-

368 355 456 394 sem,
483 356 627 397 mihique
651 366 690 388 ex
712 354 867 390 febricula
890 358 922 390 in
956 357 1041 393 letffto
1087 358 1219 392 cubanti
1244 384 1252 398 ‚
1297 370 1368 401 quae

364 399 467 436 ,modo
489 399 575 431 dieta
599 398 670 432 sunt
687 424 695 438 ,
718 400 895 439 retulisset3
919 408 955 432 tu
968 411 1065 436 vero,
1089 402 1245 443 inquam,
1272 412 1369 444 praee-

364 441 434 480 sto3
457 442 583 483 egregie
603 442 690 477 enim
714 452 826 485 pote53
849 446 879 476 δι
900 442 991 477 sicuti
1018 454 1088 484 quae
1113 444 1332 486 praecesserunt
1355 467 1365 483 ‚

368 485 524 527 narrasti,
548 485 595 518 ita
618 496 689 528 quae
714 487 849 528 reperies
871 510 881 524 ,
906 485 956 520 fac
981 485 1097 519 sciam:
1119 498 1192 520 nam
1225 499 1295 531 quae
1329 488 1368 521 de

368 528 465 561 ascite
487 554 496 568 ‚
527 527 568 562 de
604 537 758 566 tumore,
795 530 834 562 tle
867 528 1017 566 flatibus,
1050 529 1125 563 dum
1160 529 1214 564 hic
1248 542 1369 573 preme-

368 581 480 609 retur,
503 572 715 611 exeuntibus,
738 574 768 605 &
792 572 831 606 de
856 573 925 606 lleo
946 572 1077 607 demum
1102 585 1140 607 ex
1161 582 1192 606 te
1228 574 1336 607 audivi
1359 599 1369 615 ‚

366 613 603 656 cohaesionem,
626 615 949 659 implicationemque
973 617 1113 659 aliquam
1146 616 1369 652 intestinorum

364 658 449 692 mihi
475 659 624 692 videntur
647 656 849 700 significare.
874 659 1003 693 Postero
1027 669 1131 692 autem
1175 659 1226 693 die
1260 682 1270 697 ‚
1313 662 1372 703 qui

365 700 432 740 fuit
466 699 619 744 postridie
653 703 728 738 idus
751 702 949 736 Novembris
972 704 1017 737 A.
1046 712 1137 745 1709.
1161 714 1234 738 cum
1259 704 1296 737 ad
1321 715 1371 736 me

362 743 550 783 humaniter
573 744 736 782 rediisset,
761 756 819 778 nos
844 757 944 786 vero,
969 746 1079 788 inquit
1101 771 1110 785 ‚
1155 748 1197 780 sic
1244 748 1371 780 inveni-

363 798 456 828 mus.-
591 787 796 821 VENTRE
820 799 953 831 aperto,
977 788 1123 823 intestina
1149 789 1331 825 lividiffima
1355 813 1365 828 ,

362 842 420 866 nec
444 841 551 865 tamen
575 831 734 867 marcida.
759 832 886 868 Tenuia
910 841 996 865 certa
1023 833 1068 866 sui
1093 842 1182 874 parte
1207 834 1287 866 mire
1318 835 1368 866 in-

361 884 413 909 ter
437 875 466 908 se
490 874 674 916 implicita,
698 876 728 907 δι
751 885 805 916 per
829 885 926 908 nexus
950 887 988 908 ex
1011 877 1102 910 firma
1124 876 1282 918 densaque
1295 875 1367 910 sub-

358 916 474 957 stantia
497 917 652 952 tendineae
677 917 799 959 instar,
821 920 852 952 &
885 919 1118 962 propemodum
1153 920 1370 962 cartilagineae

305 976 309 980 -
363 963 453 996 inter
477 962 507 1000 se
530 961 658 1003 juncia,
685 961 777 995 illum
823 973 984 999 tumorem
1029 963 1209 997 efficiebant
1253 963 1368 998 durum

359 1005 440 1044 adeo
463 1008 532 1043 non
552 1005 651 1043 modo
673 1005 717 1038 ob
741 1004 822 1039 hanc
845 1004 1049 1048 interjetfiam
1066 1032 1074 1046 ,
1106 1008 1368 1041 conne&entem-

358 1060 421 1091 que
445 1048 679 1090 substantiam,
705 1059 814 1088 verum
838 1051 934 1083 etiam
957 1050 1002 1082 ob
1027 1050 1137 1090 faeces,
1170 1052 1287 1092 quibus
1310 1051 1366 1083 illa

355 1090 472 1126 referta
497 1103 611 1133 erant,
633 1094 667 1127 in
693 1104 809 1133 parvos
841 1091 928 1136 quasi
953 1094 1103 1136 globulos
1125 1092 1364 1128 conformatas.

359 1135 606 1178 Ejusdemmodi
632 1136 757 1180 globuli
782 1147 846 1170 non
883 1137 931 1170 ibi
960 1137 1152 1176 dumtaxat,
1178 1136 1227 1171 sed
1258 1141 1289 1171 ὃ(
1331 1139 1366 1170 in

356 1181 512 1223 proximo
555 1189 646 1213 erant
690 1179 778 1212 Colo
819 1180 974 1213 intestino
1019 1180 1119 1214 donec
1164 1180 1250 1214 haud
1283 1181 1366 1214 mul-

355 1231 393 1261 to
428 1233 500 1257 ante
545 1234 642 1265 quarn
690 1224 723 1255 in
755 1223 897 1256 Rectum
942 1222 1097 1257 desineret
1119 1247 1128 1262 ‚
1171 1226 1365 1266 impervium

358 1266 451 1305 fieret
475 1265 513 1305 ad
533 1267 674 1309 aliquem
708 1266 848 1298 wiotum
867 1289 877 1305 ‚
924 1278 991 1309 quo
1015 1268 1119 1301 transtu
1142 1278 1218 1300 curn
1244 1267 1366 1301 incide-

350 1322 458 1350 remus
481 1332 491 1354 ,
536 1321 601 1343 non
645 1320 683 1343 ex
726 1309 842 1342 albidis
864 1334 874 1349 ,
920 1310 970 1343 sed
1003 1322 1041 1344 ex
1085 1312 1206 1345 carneis
1250 1313 1358 1345 omni—

355 1365 399 1388 no
433 1353 526 1388 fibris
548 1353 755 1394 compartum
785 1352 1056 1395 deprehendimus
1084 1378 1091 1385 .
1125 1355 1358 1389 Ventriculum

354 1407 462 1438 autem
498 1400 585 1436 intus
615 1396 835 1436 sublividum,
858 1400 889 1431 &
912 1396 1094 1433 concoloris
1118 1396 1266 1432 humoris
1290 1400 1358 1441 ple?

356 1452 458 1481 num.-

399 1498 452 1529 30.
477 1486 581 1520 Vides
606 1485 706 1519 alium
728 1495 859 1528 quoque
883 1495 947 1519 non
971 1485 1153 1527 ignobilem
1188 1486 1360 1520 Medicum

351 1531 392 1569 ad
415 1529 549 1568 eundem
574 1528 732 1567 modum,
753 1528 797 1562 ob
821 1527 1017 1572 eandemque
1040 1529 1167 1564 causam
1191 1528 1283 1563 fuisse
1305 1528 1360 1562 de-

354 1585 507 1615 ceptum.
532 1572 637 1615 Cujus
656 1571 744 1607 mihi
769 1571 997 1613 Observatio,
1021 1582 1057 1606 ut
1089 1582 1167 1607 tunc
1201 1574 1358 1606 adnotata

352 1621 419 1655 est,
443 1618 488 1655 ita
513 1616 534 1650 si
558 1614 820 1658 duodevigesimo
843 1615 912 1658 post
936 1627 1019 1648 anno
1044 1617 1077 1649 in
1101 1619 1257 1654 memoria
1282 1615 1362 1651 fuis-

356 1662 426 1699 set3
451 1660 596 1702 prodesse
620 1667 748 1701 poterat
771 1658 884 1700 procul
907 1659 1010 1692 dubio
1033 1659 1071 1694 ad
1098 1660 1165 1701 ejus
1188 1671 1284 1703 quern
1309 1658 1359 1695 fu-

352 1705 416 1742 fius
439 1704 501 1741 tibi
524 1700 674 1744 descripsi
697 1704 712 1740 (
734 1712 753 1734 n
775 1705 790 1741 )
813 1702 949 1735 tumoris
974 1712 1038 1735 non
1062 1703 1164 1736 sedem
1189 1703 1288 1736 modo
1300 1704 1360 1736 ali-

346 1758 474 1792 quanto
496 1746 649 1787 fidentius
664 1770 672 1785 ‚
697 1744 747 1777 sed
772 1747 801 1780 ἃ
828 1754 978 1779 naturam
1001 1746 1236 1779 multoverius
1257 1744 1362 1788 conii*

349 1792 518 1830 ciendam:
542 1799 728 1834 quanquam
751 1789 783 1821 in
809 1788 976 1822 Monacho
1007 1792 1038 1822 &
1076 1789 1183 1824 multo
1217 1792 1327 1823 minor
1352 1815 1362 1830 ,

350 1841 456 1880 neque
477 1839 524 1869 ita
545 1835 755 1876 prominens,
783 1843 839 1865 nec
865 1832 998 1866 mobilis
1021 1832 1106 1869 fuit,
1131 1833 1219 1874 quod
1245 1833 1340 1866 sciam
1358 1830 1382 1873 ,‘

351 1891 407 1919 aut
433 1880 500 1917 ullo
523 1889 598 1912 cum
621 1875 733 1909 dolore
749 1901 757 1915 ‚
780 1878 810 1908 δε
834 1875 898 1918 ejus
923 1876 1111 1919 preffionem
1137 1875 1276 1909 flatuum
1300 1878 1369 1909 exi-

353 1935 407 1958 tus
430 1936 485 1967 per
508 1921 666 1956 inferiora
691 1928 757 1954 erat
781 1920 881 1953 initio
905 1919 1097 1954 consecutus
1114 1940 1123 1956 ,
1168 1917 1249 1954 sive.
1277 1920 1367 1961 quod

351 1968 463 2006 Colon
508 1964 694 2000 intestinum
739 1964 876 1997 necdum
922 1966 1050 2005 penitus
1086 1962 1254 1998 coaluisset
1270 1987 1279 2003 ‚
1301 1961 1366 1996 sive

352 2011 421 2058 ejus
445 2022 516 2055 quae
540 2009 650 2054 patula
674 2007 794 2044 servata
821 2006 862 2042 est
886 2030 896 2046 ‚
930 2005 1075 2042 flexuosa
1098 2016 1243 2042 extrema
1290 2017 1362 2048 pars

351 2057 478 2095 tumori
505 2056 551 2088 ita
577 2050 710 2089 subesset
733 2060 768 2086 ut
791 2050 854 2085 hoc
879 2050 980 2093 presso
1006 2075 1014 2090 ,
1056 2051 1330 2092 comprimeretur
1352 2052 1363 2082 ;

352 2101 434 2139 Huc
458 2100 519 2134 alia
543 2096 736 2130 accedebant
757 2095 970 2138 discrimina,
993 2093 1204 2136 cartilaginea
1228 2094 1261 2126 in
1298 2093 1365 2135 pri-

357 2146 419 2181 mis
442 2141 612 2184 interjecta
635 2140 771 2174 durities
793 2160 804 2176 ,
839 2141 872 2173 ,δε
897 2138 1080 2181 praegressus
1105 2137 1251 2184 byprops
1285 2136 1367 2170 asci-

353 2200 422 2222 tes:
447 2199 485 2221 ex
508 2197 575 2229 quo
598 2185 698 2217 etiam
723 2183 763 2218 ad
786 2190 898 2216 caetera
923 2182 1042 2215 indicia
1067 2181 1220 2225 adjuneto
1235 2190 1292 2213 cur
1305 2181 1365 2214 ali-

356 2244 454 2277 quam
479 2255 487 2271 ,
522 2237 556 2264 ut
580 2227 651 2261 dixi
673 2229 686 2265 (
708 2237 724 2259 ο
748 2230 780 2266 ),
818 2225 993 2269 suspicatus
1037 2224 1093 2258 sim
1139 2224 1365 2258 intestinorum

355 2276 593 2312 cohaefionem,
617 2270 666 2304 hae
690 2269 821 2304 fuerunt
843 2268 964 2303 causae.
991 2269 1081 2301 Nam
1107 2269 1249 2311 primum
1274 2268 1365 2300 vide-

355 2332 423 2354 ram
449 2321 490 2352 A.
517 2319 609 2357 1699.
635 2325 708 2347 curn
732 2313 881 2347 Valsalva
905 2314 939 2349 in
966 2311 1161 2348 Bononiensi
1197 2310 1366 2346 Incurabi-

357 2366 438 2398 lium
463 2359 673 2395 Nosocomio
696 2366 843 2391 ventrem
867 2357 1008 2398 aperiret
1034 2356 1179 2391 mulieris
1211 2366 1249 2389 ex
1287 2354 1366 2387 asci-

358 2418 391 2443 te
417 2413 552 2440 mortuae
576 2424 584 2440 ,
618 2400 767 2435 intestina
790 2397 877 2442 quasi
901 2401 1043 2441 undique
1065 2411 1139 2432 cum
1163 2400 1366 2439 peritonaeo,

358 2449 537 2495 praesertim
572 2457 648 2478 vero
681 2445 769 2477 inter
800 2442 858 2483 se,
892 2441 1023 2488 prorsus
1067 2441 1264 2477 cohaerentia
1287 2462 1296 2477 ‚
1336 2443 1366 2476 &

359 2493 447 2538 quasi
492 2499 631 2524 connata
659 2510 668 2526 ‚
716 2486 866 2531 pleraque
911 2484 1122 2518 connectente
1155 2484 1365 2525 cartilaginea

358 2537 498 2582 quadam
542 2532 714 2567 substantia
738 2553 750 2569 ,
794 2540 865 2572 quae
909 2528 1029 2562 alicubi
1053 2551 1065 2568 ,
1110 2530 1141 2561 &
1184 2529 1224 2561 ad
1256 2528 1366 2560 Colon

359 2582 520 2625 praecipue
554 2601 567 2618 ‚
611 2572 777 2610 transversi
833 2568 930 2614 digssi
976 2571 1212 2607 crassitudinem
1259 2582 1366 2613 aequa-

359 2627 417 2660 bat
442 2650 450 2656 .
495 2619 622 2659 Deinde
668 2615 876 2658 Ruyschiurn
920 2614 1011 2657 (p)
1056 2616 1195 2657 legeram
1226 2616 1259 2648 in
1285 2614 1366 2647 alte-

360 2680 396 2705 ra
419 2690 428 2706 ,
462 2666 575 2699 eodem
599 2660 747 2697 confec‘ta
783 2658 900 2693 morbo
924 2681 934 2696 ,
965 2659 1112 2694 intestina
1137 2667 1368 2691 memorantem

359 2722 418 2746 non
436 2710 539 2750 solum
562 2707 759 2748 undequaque
776 2702 963 2744 peritomen,
989 2711 1096 2737 perum
1119 2702 1213 2737 etiam
1229 2700 1290 2742 fibi
1323 2702 1372 2734 in-

359 2757 464 2790 vicem
487 2758 615 2785 connata
630 2775 637 2781 .
663 2749 706 2784 Et
730 2746 780 2779 ex>
796 2744 941 2779 Valsalva
966 2745 1150 2779 audiveram
1174 2747 1207 2777 in
1231 2757 1268 2778 eo
1291 2746 1372 2785 qui,

366 2809 405 2832 nt
430 2797 484 2832 hic
507 2792 718 2831 Monachus,
752 2787 923 2833 praegreffo
969 2788 1120 2831 hydrope
1165 2788 1337 2822 laborasset
1364 2813 1373 2827 ,

363 2840 459 2877 fuisse
494 2841 581 2872 inter
606 2837 636 2871 se
660 2845 740 2868 nexa
763 2831 911 2866 intestina
927 2855 938 2872 ‚
962 2841 997 2866 ut
1021 2834 1055 2865 in
1079 2832 1168 2875 ejus,
1202 2831 1264 2866 tibi
1297 2832 1373 2864 alias

368 2888 379 2923 (
405 2896 423 2927 q
447 2887 457 2924 )
484 2881 666 2923 descripta,
689 2877 786 2913 habes
810 2874 944 2911 historia
961 2900 968 2908 .
994 2876 1037 2908 Et
1061 2876 1094 2908 in
1120 2876 1181 2909 alia
1202 2898 1213 2914 ,
1249 2875 1371 2916 pariter

364 2926 405 2962 ad
428 2924 573 2961 te=missa
596 2928 606 2962 (
630 2934 646 2955 ν
669 2924 679 2959 )
704 2920 872 2958 invenies,
897 2928 932 2953 ut
957 2918 1100 2954 vidissem
1135 2918 1198 2961 ipse
1232 2918 1266 2950 in
1301 2920 1372 2965 uiro

366 2970 461 3013 cujus
484 2977 594 3003 venter
619 2965 752 2999 multam
777 2961 916 2996 habebat
941 2974 1080 3005 aquarn,
1114 2961 1262 2995 intestina
1307 2973 1372 3003 Jam

363 3012 528 3050 nonnullis
553 3013 586 3043 in
609 3009 689 3043 locis
712 3017 767 3050 per
778 3005 930 3048 quasdam
942 3004 1091 3040 flaccidas
1112 3005 1199 3049 quasi
1214 3005 1372 3038 membra-

364 3069 420 3093 nas
442 3059 528 3093 inter
551 3053 580 3090 se
602 3052 732 3097 junsta:
755 3060 862 3091 eaeque
897 3048 1030 3085 fortasse
1067 3058 1158 3082 erant
1192 3048 1369 3091 primordia

365 3098 585 3136 cohaesionum
609 3106 705 3140 quae,
728 3093 864 3126 abeunte
887 3104 968 3135 aqua
988 3114 1002 3133 ,
1046 3093 1203 3130 firmiores
1252 3089 1337 3124 fiunt
1359 3116 1368 3133 ,

364 3143 566 3188 perstantque
590 3137 725 3178 deinde,
751 3134 817 3178 ipsa
841 3135 938 3169 etiarn
963 3158 972 3173 ‚
1004 3140 1136 3170 ut'non
1156 3179 1162 3184 ,
1180 3146 1253 3169 raro
1296 3133 1335 3168 fit
1359 3159 1368 3174 ,

365 3187 539 3222 redeunte:
576 3182 743 3219 materiam
789 3187 896 3212 autem
941 3191 979 3212 ex
1024 3192 1087 3223 qua
1132 3177 1366 3222 ejusdemmodi

357 3227 560 3268 'membranae
583 3228 755 3264 oriantur,
777 3221 840 3256 tibi
865 3222 940 3255 satis
964 3223 1042 3257 alibi
1085 3222 1169 3265 (s)
1213 3221 1365 3255 indicasse

364 3275 519 3311 memini.
547 3273 594 3308 De
617 3281 702 3313 qua,
726 3266 826 3301 etiam
849 3265 997 3300 intestina
1020 3266 1231 3300 conne5tente
1251 3288 1261 3303 ‚
1306 3265 1364 3298 etsi

362 3319 449 3354 idern
474 3326 572 3359 atque
596 3325 676 3356 eg0‚
701 3310 835 3353 opinari
859 3309 986 3343 videam
1009 3311 1062 3342 Cl.
1088 3310 1220 3349 Viros‚·
1255 3318 1362 3341 tamen

361 3373 428 3395 non
454 3372 507 3402 per
530 3370 597 3392 eam
622 3357 743 3397 semper
765 3353 913 3396 colligari
938 3352 1111 3391 intestina,
1135 3352 1248 3387 censeo
1273 3365 1282 3382 .·
1313 3352 1362 3385 sed

361 3408 392 3438 &
415 3406 484 3439 aliis
509 3402 613 3437 modis
636 3410 718 3442 quos
741 3409 813 3432 cum
837 3399 876 3429 de
901 3396 1092 3439 pulmonum
1116 3395 1154 3431 ad
1187 3396 1329 3438 pleuram
1350 3418 1363 3434 ‚

363 3458 419 3482 aut
441 3447 480 3480 de
500 3447 606 3480 cordis
629 3442 667 3476 ad
692 3439 904 3484 pericardium
929 3439 1106 3473 adhaefione
1130 3438 1167 3472 ad
1192 3449 1222 3472 te
1245 3437 1361 3471 scribe-

358 3502 426 3528 rem
450 3492 498 3533 (t
520 3492 554 3530 ),
578 3485 829 3522 commemoravi
852 3507 861 3517 .
899 3484 942 3519 Et
967 3483 1037 3519 sane
1062 3484 1117 3517 ubi
1150 3483 1286 3519 coalitus
1319 3480 1359 3518 fit

350 3604 1362 3626 p-ffl-——W——ss

757 3667 770 3691 (
783 3673 795 3688 ο
811 3664 826 3693 )
841 3672 866 3688 n.
885 3672 924 3691 ao.
987 3664 1031 3693 (p
1049 3662 1058 3692 )
1075 3662 1134 3687 Obs.
1152 3642 1225 3689 Anas.
1244 3659 1310 3687 chir.
1328 3670 1368 3689 as.

519 3674 532 3689 u
552 3674 593 3695 ra,
610 3674 635 3691 n.
654 3673 693 3694 ¹9·

527 3697 742 3751 ,affaf‘ia'iirrsst
760 3724 837 3749 nexit).
856 3725 944 3750 insum.
960 3732 985 3749 n.
1006 3730 1032 3752 14
1100 3725 1113 3752 ς
1126 3731 1143 3753 y
1160 3724 1173 3752 )
1192 3721 1250 3746 lbid.
1269 3729 1291 3746 n.
1315 3730 1349 3747 η.

554 3756 636 3781 ‚stet
656 3755 769 3786 14.0bs.
787 3758 824 3781 16.
844 3754 868 3784 §.
885 3762 909 3786 4.
970 3755 984 3786 ζ
999 3761 1011 3780 c
1026 3755 1040 3783 )
1056 3754 1115 3779 Ξεξὶ.
1132 3761 1172 3781 21.
1189 3751 1245 3778 ΟΜ.
1260 3759 1298 3781 41.

536 3674 549 3718 *Ὀ

503 3757 520 3780 l.

538 3764 549 3785 w

794 3696 808 3723 (
825 3701 836 3718 t
854 3694 867 3723 )
884 3694 956 3724 Epist.
975 3697 1009 3719 16.
1027 3702 1050 3717 n.
1069 3701 1106 3724 153
1122 3695 1164 3722 Ep.
1185 3694 1218 3716 18.
1235 3699 1257 3714 n.
1279 3699 1313 3721 15;
1328 3694 1373 3721 Ep.
1391 3701 1429 3722 23.
1446 3701 1470 3716 n.
1492 3701 1524 3722 ⁵7-

1361 3753 1406 3785 (d
1422 3758 1431 3785 )
1446 3761 1469 3778 n.
1487 3754 1524 3780 ²8.

991 147 1148 207 Liber
1179 149 1288 202 111.
1322 150 1407 206 De
1441 148 1651 207 Morbis
1688 151 1900 209 Ventris

1424 230 1471 263 vel
1496 241 1536 263 ex
1560 229 1626 267 sola
1670 229 1931 266 inflammatione
1956 234 1966 269 ς
1997 242 2016 269 ,ε
2038 242 2101 275 qua
2122 253 2138 272 ,
2171 238 2210 267 ut
2252 231 2415 279 Ruyschii

1418 276 1436 313 ἱ(
1459 284 1478 305 u
1498 276 1515 318 )
1539 273 1644 306 verbis
1667 283 1759 314 utar,
1783 276 1927 311 videmus
1941 274 2147 316 saepenumero
2168 274 2284 317 viscera
2303 277 2345 311 ad
2379 276 2416 319 se

1421 316 1555 349 invicem
1578 316 1741 356 contrahi,
1763 318 1805 350 &⁶
1826 318 1930 354 uniri3
1953 319 2124 361 >multiplex
2146 318 2187 351 est
2218 317 2416 360 explicandae

1421 360 1549 392 unionis
1575 360 1706 399 modus,
1729 361 1884 395 nimirum
1909 360 1972 396 sive
1996 373 2048 396 eos
2069 372 2143 396 cum
2178 360 2336 403 plerisque
2370 362 2417 396 se-

1420 403 1528 445 quaris
1545 427 1554 441 ‚
1578 414 1594 434 a
1618 402 1736 445 quibus
1759 404 1886 437 siccitas
1908 405 2172 446 contingentium
2195 405 2278 439 inter
2300 405 2334 437 se
2364 403 2418 440 su-

1418 444 1619 487 perficierum
1644 445 1824 489 spectatur,
1845 447 1907 483 sive
1929 459 1985 481 eos
2006 460 2021 481 a
2035 447 2152 490 quibus
2171 447 2341 484 ,earundem
2366 449 2419 481 vi...

1420 489 1550 521 sciditas
1566 515 1574 528 ,
1599 490 1638 522 ab
1658 491 1752 523 aut‘ta
1775 488 1949 525 humorum
1975 492 2229 534 perspiratione,
2250 502 2334 532 quos
2364 503 2417 524 re-

1419 533 1564 566 tardatus
1593 535 1608 571 (
1630 531 1662 565 id
1687 532 1774 575 quod
1797 534 1909 567 addere
1932 544 2081 576 poterant
2102 534 2118 575 )
2149 532 2313 576 sanguinis
2344 545 2417 567 mo.-

1421 586 1472 609 tus
1495 576 1600 609 reddit
1624 574 1830 610 viscidiores.
1854 581 1883 610 A
1907 588 2046 620 quorum
2071 578 2204 621 primis,
2229 578 2280 616 δέ,
2305 576 2327 611 si
2360 577 2416 611 be-

1422 630 1461 652 ne
1486 618 1652 656 attendas,
1679 621 1777 652 etiam
1799 620 1842 655 ab
1865 620 1972 653 alteris
1995 633 2068 656 cum
2093 621 2271 659 recesserit,
2294 630 2350 652 nec
2374 621 2417 654 si-

1422 673 1460 695 ne
1484 661 1645 705 proposita
1668 663 1784 700 causa,
1808 665 1833 696 is
1857 675 1954 705 quern
1977 674 2048 699 ante
2089 664 2175 697 diem
2220 662 2382 696 amisimus
2403 685 2418 703 ,

1422 706 1563 738 Crellius
1587 706 1643 748 (x
1666 710 1699 747 )‚
1722 718 1788 740 rem
1814 707 1904 739 aliter
1948 709 2106 750 explicare
2153 704 2253 749 posset
2296 704 2418 741 necesse

1422 746 1465 781 est
1489 772 1496 779 .
1522 750 1647 782 Verum
1674 761 1711 782 ne
1735 750 1774 783 ab
1795 749 1943 793 hydrope
1967 751 2094 794 longius
2127 751 2274 785 abeamus
2296 762 2306 786 3
2341 761 2418 793 pro-

1420 792 1503 825 clive
1528 794 1623 826 etiam
1649 792 1711 831 est,
1737 794 1824 826 velut
1847 794 1931 827 idem
1955 798 2088 836 agnovit
2110 792 2225 836 (y),
2257 793 2415 829 coalitum

1417 835 1573 869 viscerum
1598 838 1631 869 in
1655 848 1692 869 eo
1716 839 1832 871 morbo
1855 837 2059 881 intelligere,
2081 838 2103 872 si
2127 837 2224 881 paulo
2248 838 2353 869 acrior
2376 837 2417 872 il-

1420 880 1448 912 la
1474 878 1511 911 sit
1534 880 1567 912 in
1586 891 1653 921 qua
1677 890 1898 918 macerantur,
1924 893 2005 922 aqua
2021 907 2030 919 ,
2055 892 2091 914 ut
2116 881 2164 915 vel
2189 880 2307 913 leviter
2330 879 2417 922 ipso-

1420 934 1493 955 rum
1518 922 1718 966 superficiem
1743 925 1877 957 erodat.
1903 923 2021 960 Quid?
2052 925 2106 958 ubi
2140 922 2310 967 purulenta
2339 924 2383 956 est
2405 944 2416 961 ‚

1420 976 1456 999 ut
1480 976 1547 999 erat
1570 969 1604 999 in
1629 966 1727 1000 altera
1749 966 1788 1000 de
1810 966 1929 1001 duabus
1952 979 2030 1010 quas
2055 968 2144 1009 supra
2170 971 2180 1006 (
2204 978 2228 1009 z
2250 969 2263 1007 )
2287 977 2326 999 ex
2361 967 2417 1000 Se-

1419 1009 1591 1051 pulchreto
1613 1013 1889 1049 commemoravi,
1912 1010 2229 1046 Observationibus,
2276 1012 2310 1043 in
2353 1020 2416 1050 qua

1416 1054 1563 1087 intestina
1587 1065 1751 1095 comperta
1776 1054 1846 1087 sunt
1870 1054 1907 1087 ad
1933 1053 2095 1096 superiora
2142 1052 2278 1087 retrasta
2301 1076 2309 1083 .
2355 1052 2417 1086 Sed

1415 1107 1474 1133 nec
1497 1098 1586 1138 figna
1609 1098 1737 1130 deerant
1762 1100 1915 1131 erofionis
1937 1100 1970 1131 in
1994 1097 2091 1131 altera
2106 1120 2116 1137 ,
2140 1099 2174 1131 in
2198 1107 2259 1138 qua
2293 1094 2416 1137 hydro-

1417 1142 1499 1181 picae
1524 1139 1672 1185 intestina
1696 1141 1864 1183 conspefita
1888 1140 1959 1174 sunt
1990 1142 2024 1174 in
2059 1152 2157 1174 unum
2190 1139 2417 1180 conglomera-

1417 1193 1472 1222 ta,
1496 1185 1527 1215 &
1551 1184 1653 1216 veluti
1678 1185 1711 1216 in
1736 1184 1871 1226 globum
1896 1184 1965 1217 asta
1989 1208 1996 1214 .
2032 1184 2134 1217 Vides
2168 1184 2271 1224 igitur
2291 1207 2299 1221 ,
2332 1191 2415 1224 quot

1416 1225 1714 1261 observationibus
1737 1226 1893 1260 adductus
1915 1225 2053 1265 fuerim,
2077 1237 2113 1261 ut
2138 1229 2193 1260 ubi
2216 1237 2290 1259 cum
2322 1235 2417 1259 caete-

1417 1271 1461 1302 ris
1484 1270 1549 1303 illis
1571 1271 1701 1303 indiciis
1725 1270 1855 1303 ascitem
1868 1270 1981 1307 fuisse,
2005 1270 2169 1307 audirem,
2192 1269 2416 1303 intestinorum

1411 1313 1553 1358 aliquam
1578 1313 1790 1348 cohaesionem
1813 1313 1873 1347 esse
1897 1313 1999 1355 polle,
2026 1313 2222 1356 suspicarer.

1453 1367 1504 1400 3¹⁴·
1530 1357 1587 1391 Sed
1610 1359 1766 1401 quoniam
1790 1357 1938 1391 intestina
1962 1356 2122 1391 cohaerere
2145 1356 2276 1399 quidem
2287 1353 2416 1396 possunt

1413 1402 1499 1434 inter
1523 1399 1575 1439 se,
1599 1412 1700 1443 neque
1724 1410 1832 1434 tamen
1857 1401 1919 1434 suis
1943 1402 2063 1434 reliesis
2089 1400 2233 1437 sedibus,
2256 1402 2303 1433 ita
2338 1411 2417 1433 con·

1414 1444 1610 1486 glomerari,
1633 1454 1668 1477 ut
1693 1445 1752 1478 alia
1778 1445 1849 1478 aliis
1873 1443 2044 1487 imposita,
2067 1455 2105 1477 ex
2128 1443 2158 1477 se
2182 1452 2363 1483 tumorem,
2386 1445 2418 1475 δε

1411 1488 1501 1529 quasi
1526 1488 1661 1530 globum
1685 1488 1846 1527 efficiant3
1871 1487 1892 1521 fi
1926 1488 2011 1521 sorte
2044 1488 2160 1530 quaeris
2195 1488 2418 1529 conglomera-

1412 1533 1514 1565 tionis
1537 1531 1665 1569 causas;
1689 1530 1774 1566 haud
1799 1531 1886 1569 scio,
1912 1542 1950 1564 an
1975 1532 2114 1572 aptiores
2136 1532 2320 1573 excogitare
2344 1529 2419 1572 pos-

1413 1575 1473 1610 sim
1495 1586 1594 1618 quarn
1615 1575 1762 1609 dolores:
1786 1586 1925 1618 quorum
1951 1575 1983 1607 vi
2007 1583 2076 1608 tum
2121 1573 2205 1607 sedes
2248 1573 2419 1608 intestino-

1412 1630 1486 1653 rum
1533 1628 1701 1652 mutentur
1727 1645 1735 1656 ,
1780 1628 1850 1652 tum
1883 1617 2077 1652 cohaeliones
2100 1616 2198 1650 siant.
2225 1618 2268 1650 Et
2293 1618 2413 1651 mutari

1412 1662 1545 1704 quidem
1579 1663 1701 1705 primas
1725 1661 1810 1696 haud
1835 1673 1908 1696 raro
1940 1665 1974 1696 in
2006 1661 2045 1693 iis
2089 1662 2145 1702 qui
2191 1661 2418 1695 intestinorum

1412 1705 1582 1739 doloribus
1627 1704 1699 1738 sunt
1743 1706 1878 1738 obnoxii
1900 1727 1913 1744 ‚
1958 1705 2028 1737 aliis
2072 1704 2207 1737 Litteris
2246 1706 2261 1743 (
2282 1717 2300 1737 a
2321 1708 2337 1744 )
2380 1715 2420 1738 ex

1414 1748 1570 1791 ejusmodi
1592 1759 1765 1790 corporum
1789 1747 2086 1782 observationibus
2108 1745 2268 1780 ostensum
2291 1748 2356 1787 est,
2380 1757 2418 1782 ut

1420 1803 1495 1826 cum
1520 1791 1683 1825 interclusi
1710 1792 1811 1826 flatus
1834 1790 2004 1825 distentum
2029 1790 2143 1823 Colon
2167 1790 2230 1822 alio
2252 1801 2331 1825 tunc
2362 1802 2429 1824 ur-·

1420 1845 1521 1878 gent,
1546 1845 1600 1868 aut
1622 1834 1817 1868 deturbant:
1840 1845 1936 1878 quam
1962 1832 2087 1867 causam
2111 1831 2148 1866 ad
2172 1833 2299 1870 Tenuia
2333 1837 2421 1868 inte-

1421 1880 1512 1912 stina
1526 1878 1548 1911 si
1573 1877 1765 1919 transferas,·
1787 1878 1948 1919 intelliges
1972 1876 2065 1911 facilc
2079 1898 2088 1914 ‚
2111 1877 2280 1919 quomodo
2301 1877 2420 1912 dilata-

1420 1932 1461 1955 tae
1485 1921 1633 1965 quaedam
1656 1932 1769 1955 eorum
1795 1931 1897 1964 partes
1922 1919 1951 1953 se
1985 1918 2100 1963 poffint
2146 1919 2223 1953 illuc
2269 1922 2419 1956 attollere

1419 1966 1477 1999 ubi
1502 1976 1571 2011 non·
1592 1975 1702 2004 erant,
1725 1968 1756 1999 &
1779 1976 1829 1999 eas
1851 1973 1923 2008 quae
1947 1963 1991 1997 ibi
2016 1971 2130 2000 erant,
2150 1961 2319 1998 detrudere
2344 1991 2353 2005 ,
2388 1967 2422 1998 δε

1417 2008 1478 2043 fibi
1502 2008 1656 2049 subjicere
1671 2033 1678 2042 .
1704 2009 1780 2042 Huc
1804 2008 1883 2042 adde
1907 2018 2014 2042 earum
2046 2017 2118 2050 quae
2149 2007 2345 2043 convulsivis
2376 2008 2421 2041 ob

1417 2051 1545 2086 dolores
1568 2052 1848 2086 contractionibus
1871 2058 2066 2093 torquentur
2102 2070 2113 2085 2
2153 2060 2261 2085 motus
2285 2063 2294 2084 .·
2341 2051 2421 2085 adde

1418 2094 1578 2138 ejusmodi
1602 2097 1635 2128 in
1660 2095 1808 2129 mesaraeo
1829 2094 2092 2132 contractiones,
2113 2094 2232 2135 quibus
2245 2093 2420 2138 crispatum

1420 2150 1540 2172 annexa
1565 2139 1694 2173 Tenuia
1718 2139 1866 2173 intestina
1891 2135 2028 2171 adducat
2053 2135 2115 2169 five.
2147 2136 2274 2180 aliquot
2299 2161 2311 2178 ,
2355 2138 2419 2172 sive

1420 2184 1592 2226 pleraque,
1618 2181 1681 2215 five
1703 2184 1837 2222 omnia,·
1860 2185 1890 2215 &
1925 2182 2033 2214 multo
2069 2179 2186 2213 clarius
2219 2183 2385 2224 apparebit
2407 2206 2421 2223 ‚

1415 2238 1473 2260 cur
1496 2228 1529 2258 in
1554 2227 1710 2266 minores,
1736 2224 1914 2268 majoresve
1937 2224 2052 2266 globos
2075 2233 2251 2266 cogantur.
2278 2225 2376 2267 Qod
2397 2226 2423 2261 fi

1417 2269 1544 2303 diutius
1565 2271 1598 2302 in
1622 2280 1708 2302 novo
1732 2282 1770 2303 eo
1796 2267 1901 2310 positu
1926 2269 1966 2302 ab
1989 2268 2029 2299 iis
2051 2278 2122 2309 quae
2167 2266 2261 2302 dietae
2307 2268 2381 2303 sunt
2409 2294 2420 2310 ,

1417 2312 1518 2347 causis
1542 2314 1762 2352 retineantur,
1786 2315 1816 2345 δι
1840 2313 1979 2345 alterum
2004 2310 2041 2344 ad
2065 2311 2200 2344 alterum
2235 2314 2420 2355 appriman-

1417 2367 1496 2393 tur,
1522 2356 1686 2397 apparebit
1710 2356 1825 2393 simul,
1849 2366 1906 2389 cur
1930 2354 1975 2387 ob
1997 2354 2126 2400 dolores
2169 2354 2328 2389 cohaerere
2375 2357 2424 2390 ibi

1416 2400 1579 2441 incipiant
1603 2401 1687 2432 inter
1713 2399 1766 2440 se,
1788 2398 1963 2442 praesertim
1985 2397 2007 2430 fi
2032 2396 2184 2439 adjungas
2207 2400 2360 2441 expressas
2383 2401 2424 2434 ab

1415 2443 1528 2477 iisdem
1551 2443 1828 2476 contraffionibus
1851 2444 1882 2474 δι
1907 2441 2036 2483 plures,
2058 2443 2088 2473 ἃ
2113 2441 2299 2476 viscidiores
2321 2455 2424 2476 exeo-

1416 2497 1489 2522 rum
1515 2484 1740 2529 superficiebus
1765 2486 1997 2519 remorantium
2022 2493 2098 2517 tunc
2122 2482 2295 2519 humorum
2321 2489 2423 2528 parti-

1417 2530 1525 2564 culas,
1548 2540 1603 2571 per
1624 2541 1703 2572 quas
1723 2529 1863 2572 denique
1884 2529 1917 2560 in
1949 2528 2141 2569 corporibus
2184 2531 2343 2571 praecipue
2388 2532 2423 2564 in

1417 2573 1536 2617 quibus
1570 2572 1754 2606 dominetur
1787 2570 1947 2605 viscidum
1969 2592 1978 2607 ,
2023 2570 2133 2616 quasi·
2158 2582 2213 2613 per
2258 2572 2423 2615 quoddam

1418 2620 1529 2661 gluten
1553 2615 1669 2651 eaedern
1694 2615 1873 2660 superficies
1897 2615 1983 2647 inter
2006 2611 2035 2646 se
2059 2624 2316 2656 conjungantur.
2349 2617 2421 2651 Nec

1424 2671 1503 2693 vero
1525 2670 1646 2692 novum
1670 2658 1712 2693 est
1734 2659 1883 2693 connes‘ii
1927 2657 1972 2691 ob
2016 2656 2144 2690 dolores
2167 2679 2176 2694 ‚
2223 2662 2253 2691 &
2284 2661 2422 2703 conglu-

1424 2704 1523 2737 tinari
1549 2703 1694 2736 intestina
1719 2727 1726 2734 .
1759 2704 1809 2737 Sic
1840 2701 1946 2738 enim·³
1971 2711 2008 2737 ne
2033 2701 2073 2734 ab
2097 2701 2306 2742 Sepulchreto
2351 2705 2421 2737 lon·-

1424 2749 1498 2790 gius
1521 2755 1553 2780 te
1578 2745 1756 2786 abducatur,-
1777 2748 1811 2779 in
1835 2756 1869 2778 ea
1892 2755 1962 2787 quae
1985 2743 2146 2777 diuturnis
2190 2757 2303 2778 eorum
2347 2759 2422 2781 cru-

1423 2789 1562 2824 ciatibus
1581 2790 1729 2832 confefflt
1753 2787 1856 2823 fuerat
1881 2785 1933 2830 (b
1951 2786 1989 2832 ),
2014 2787 2206 2830 deprehensa
2251 2790 2305 2822 illa
2349 2790 2421 2825 sunt

1423 2833 1536 2867 multis
1557 2834 1589 2866 in
1612 2833 1688 2868 locis
1732 2841 1841 2866 mutuo
1875 2840 2009 2863 connexa
2032 2844 2042 2869 3
2087 2834 2120 2864 in
2168 2832 2266 2866 altera
2313 2845 2420 2868 autern

1423 2889 1496 2919 quae
1520 2875 1589 2918 post
1634 2877 1771 2919 ingentes
1804 2899 1816 2915 ‚
1860 2876 1890 2906 &
1935 2873 2130 2908 incredibiles
2152 2878 2272 2910 ventris
2293 2877 2420 2912 dolores

1423 2921 1549 2953 obierat
1573 2920 1682 2961 (ε),
1712 2918 1876 2961 εοῃίρεὲὶε
1910 2916 1981 2950 sunt
2013 2916 2155 2958 intestina
2187 2921 2304 2955 Tenuia
2344 2930 2420 2962 pro..

1424 2962 1602 2996 tuberantia
1624 2963 1726 2996 omnia
1770 2959 1929 3003 rtrc‘iiffime
1973 2960 2055 2994 inter
2077 2959 2115 3002 se
2135 2971 2269 2998 connexa
2285 2988 2293 2996 .
2317 2965 2420 3005 Qod

1424 3007 1558 3040 verbum
1599 3005 1835 3047 protuberantia
1879 3001 1901 3035 fi
1950 3003 1996 3036 ita
2038 3005 2175 3046 accipias
2195 3030 2204 3045 ‚
2249 3007 2337 3048 quasi
2384 3009 2417 3042 in

1422 3061 1524 3083 unum
1568 3050 1804 3091 prominentem
1850 3046 1984 3089 globum
2017 3058 2202 3082 coacervata
2234 3049 2420 3093 significet,

1421 3093 1459 3127 ad
1482 3091 1680 3135 eundemque
1705 3091 1838 3124 modum
1861 3101 1932 3132 quae
1957 3100 1995 3123 ex
2018 3092 2157 3125 Fantoni
2204 3093 2417 3128 Observatio-

1419 3147 1457 3169 ne
1481 3136 1651 3170 retulimus
1675 3135 1766 3177 supra
1814 3133 1867 3176 (d
1882 3132 1901 3175 )
1946 3134 1979 3167 in
2022 3144 2117 3167 unum
2161 3135 2264 3171 'veluti
2306 3149 2417 3180 corpus

1416 3178 1597 3221 conglobata
1621 3190 1631 3216 3
1666 3177 1757 3212 simul
1802 3189 1841 3210 ex
1862 3176 1975 3210 dolore
2000 3179 2031 3210 δε
2053 3188 2196 3211 connexa
2220 3205 2229 3220 ‚
2274 3183 2307 3214 &⁴
2337 3193 2418 3214 con..

1416 3223 1592 3263 glomerata
1616 3223 1748 3254 inventa
1772 3220 1885 3257 fuisse,
1910 3221 2070 3262 intelliges
2094 3243 2104 3258 ‚
2148 3233 2211 3256 non
2259 3224 2344 3258 secus
2366 3235 2416 3259 at-

1414 3276 1478 3307 que
1503 3277 1519 3299 a
1544 3265 1637 3298 nobis
1661 3266 1694 3297 in
1719 3264 1884 3306 Episcopo
1908 3273 2031 3306 reperta
2057 3265 2127 3298 sunt
2158 3267 2207 3304 (e
2231 3270 2263 3307 ):
2310 3280 2413 3310 quan..

1415 3319 1513 3350 quam
1536 3310 1569 3341 in
1593 3307 1642 3344 his
1665 3308 1737 3341 aliis
1760 3306 2056 3340 observationibus
2081 3309 2253 3350 peculiaris
2285 3313 2317 3343 δι
2349 3312 2413 3344 cir.

1415 3353 1635 3394 cumscriptus-
1650 3351 1833 3387 extrorsum
1858 3359 1969 3384 tumor
1994 3362 2058 3384 non
2094 3363 2291 3387 memoretur
2312 3375 2321 3394 ‚
2355 3365 2411 3388 ne-

1414 3407 1475 3437 que
1498 3397 1530 3428 in
1555 3406 1616 3427 una
1640 3405 1748 3428 earum
1781 3402 1907 3437 poterat
1930 3416 1942 3433 ,
1973 3395 2007 3427 in
2052 3406 2116 3437 qua
2160 3397 2270 3439 ingens
2313 3399 2409 3439 copia

1412 3437 1499 3472 effusi
1524 3439 1646 3472 cruenti
1673 3437 1730 3471 seri
1755 3447 1860 3471 totum
1884 3437 2039 3471 abdomen
2071 3438 2268 3474 distendebat
2287 3464 2307 3477 .,
2340 3441 2410 3476 Etsi

1411 3492 1486 3516 vero
1498 3493 1562 3515 non
1577 3508 1585 3524 ,
1599 3490 1634 3514 ut
1650 3480 1904 3527 Episcopus,sic
1918 3483 2015 3515 etiam
2028 3481 2210 3519 Monachus
2234 3480 2293 3526 (f)
2315 3483 2409 3519 dolo.

2280 3528 2367 3561 ribus

2210 3606 2415 3620 .-.-,.-,,,

1431 3663 1445 3692 (
1461 3671 1475 3692 q
1491 3661 1505 3691 )
1522 3661 1595 3691 Epist.
1614 3669 1651 3690 17.
1670 3669 1694 3685 n.
1714 3670 1767 3696 ¹72
1815 3663 1851 3691 (ν
1867 3663 1882 3691 )
1897 3662 1968 3692 Epist.
1985 3670 2021 3690 ιο.
2037 3670 2062 3689 n.
2083 3670 2116 3693 ¹3.

1587 3694 1601 3722 ζ
1614 3700 1629 3716 u
1643 3693 1655 3720 )
1671 3693 1728 3716 ΟΜ.
1747 3696 1779 3715 ert
1807 3694 1844 3721 83.

1639 3722 1649 3751 (
1666 3730 1680 3745 a
1697 3723 1710 3750 )
1727 3722 1796 3750 Epist.
1815 3729 1853 3751 34.
1871 3730 1894 3747 n.
1912 3731 1934 3750 4.

1914 3754 1928 3782 (
1940 3752 1981 3782 f)
1997 3760 2021 3778 n.
2037 3761 2074 3782 29-

1411 3723 1851 3786 (²)n·²8'(e)supra‚n.26.
