2912 4368
635 211 730 264 228

569 304 642 337 quae
665 292 838 334 diligenter
861 283 1041 322 scribatur,
1064 279 1151 324 quod
1176 279 1260 313 mola
1282 277 1373 327 simul
1400 279 1497 320 eJeEta
1509 276 1550 310 est
1566 301 1577 316 ,

572 348 673 377 eaque
695 329 917 378 praecesserant
942 339 1036 369 quae,
1061 334 1097 358 ut
1120 325 1153 355 in
1177 322 1414 356 Observatione
1437 321 1575 367 quadarn

574 378 749 414 Scbacheri
774 377 827 419 (q
849 375 862 412 )
885 381 959 404 cum
980 369 1041 407 hac
1065 367 1284 411 quadantenus
1328 365 1540 398 conveniente
1563 385 1573 401 ,

573 414 763 469 opinionem
789 426 870 451 verae
893 413 1098 456 graviditatis
1121 407 1358 452 propemodum
1389 408 1540 441 tollerent
1565 430 1588 448 ‚⁴

703 463 856 496 Matrona
878 455 1013 493 habitu,
1038 458 1069 490 ἃς
1091 453 1206 487 flatura
1231 450 1488 500 mediocri‚.sed
1511 461 1573 492 qua

574 510 695 544 nullam
719 505 815 539 facile
837 500 971 535 memini
993 509 1066 541 quae
1098 497 1168 539 plus
1203 495 1363 536 sanguinis
1395 504 1540 535 gigneret
1564 514 1575 531 ,

573 552 655 590 felix
677 550 820 593 plurium
844 544 1023 579 liberorum
1049 548 1177 575 mater,
1206 548 1438 586 nonnunquam
1469 546 1576 571 tamen

574 598 671 628 etiam
696 587 924 626 abortionibus
947 584 1112 624 obnoxia,
1137 593 1211 621 cum
1238 580 1308 621 post
1331 581 1483 614 ultimum
1507 590 1576 621 par.

573 649 645 673 turn
669 634 765 679 quem
788 632 937 665 immanis
960 627 1143 662 lochiorum
1167 625 1260 673 copia
1285 632 1352 656 erat
1384 622 1553 663 consecuta
1570 648 1579 662 ,

572 672 876 720 tristius'hyernern
901 670 1112 707 traduxissem
1136 667 1252 710 Aprili
1276 666 1380 699 mense
1403 677 1441 699 ex
1453 671 1580 699 conlue-

578 726 622 758 tis
645 722 704 757 fibi
728 720 884 758 indiciis,
919 726 994 749 cum
1028 711 1262 761 menstruorum
1294 708 1474 748 emanfione
1505 721 1582 743 con-

575 767 715 813 janeus,
740 764 770 798 se
794 761 899 801 rursus
922 756 1121 803 concepisse,
1144 755 1290 793 censuit.
1315 754 1431 790 Secuta
1453 753 1495 786 est
1529 764 1584 802 ap-

578 811 699 855 petitus
724 808 874 845 ,ciborum
897 812 984 836 tanta
1008 799 1145 843 dejeetio
1169 823 1179 839 ‚
1222 800 1279 830 vix
1310 807 1359 846 ,ιη
1406 797 1587 845 vespertino

578 854 747 888 dumtaxat
771 859 920 890 tempore
944 845 1150 882 comederet,
1178 841 1353 882 praesertim
1386 851 1460 873 cum
1493 838 1588 885 quid-

604 890 658 931 uid
682 906 772 929 mane
795 893 954 928 sumeret,
979 888 1108 921 vomitu
1130 885 1317 926 rejiceretur
1332 909 1339 917 .
1365 884 1443 921 Huc
1466 883 1589 932 accessit

576 951 662 975 circa
684 932 764 975 *Idus
786 936 900 979 Junias
925 932 1089 974 sanguinis
1133 939 1172 965 erc
1216 938 1309 962 utero
1354 926 1552 968 profiuvrum
1581 950 1589 958 .

577 974 742 1018 *Adversus
765 982 837 1022 qiiae
860 977 964 1016 mala,
988 984 1079 1017 aegrae
1104 982 1169 1004 non
1194 972 1323 1013 prorsus
1337 969 1491 1010 insolita,
1512 979 1586 1018 cum

578 1027 656 1061 alias
678 1024 746 1065 post
769 1022 870 1057 multa
894 1016 1052 1053 incassum
1075 1014 1221 1053 adhibita
1245 1036 1254 1051 ‚
1297 1022 1395 1057 aquae'
1411 1014 1586 1047 Nucerinae

576 1069 649 1106 usus
671 1066 864 1111 profuisset,
888 1074 972 1098 nunc
997 1060 1132 1099 minime
1156 1056 1300 1102 profuit.
1327 1058 1386 1090 Ob
1405 1056 1477 1107 ‘haec
1495 1057 1588 1102 Julio

577 1114 711 1152 circiter
737 1109 845 1145 medio
869 1107 908 1141 ab
932 1116 1018 1148 aegra
1041 1102 1206 1142 advocor,
1227 1112 1315 1135 venae
1339 1100 1510 1134 sectionem
1536 1098 1588 1132 sn-

578 1168 635 1202 pra
660 1166 759 1199 quam
775 1147 848 1187 *dici
874 1149 989 1195 possit,
1015 1145 1125 1189 perosa
1141 1169 1148 1177 ·
1175 1145 1292 1187 Itaque
1314 1157 1348 1178 ea
1373 1144 1482 1178 saltem
1516 1155 1587 1185 quae

576 1199 783 1244 pertinaciter
807 1206 874 1229 non
897 1192 1075 1228 recusaret,
1097 1188 1314 1237 commendo,
1337 1198 1373 1222 ut
1396 1197 1474 1230 puta
1498 1189 1589 1237 umm

575 1243 787 1286 gelacinarum
811 1251 850 1274 ex
874 1236 969 1272 vituli
992 1233 1166 1274 cruribus,
1189 1231 1307 1265 coralia
1353 1234 1386 1264 in
1431 1230 1587 1275 pollinem

578 1286 726 1325 redacta,
754 1279 965 1326 cydonitem‚
989 1281 1020 1317 δέ
1036 1288 1144 1320 pauca
1168 1276 1229 1309 alia
1252 1274 1290 1307 de
1315 1273 1379 1309 hoc
1391 1284 1589 1322 generequae

581 1331 715 1372 utrique
740 1328 825 1361 malo
849 1326 898 1358 ita
923 1319 1190 1358 adversarentur,
1214 1327 1250 1351 ut
1282 1316 1454 1360 sanguinis
1480 1327 1589 1351 tamen

578 1364 704 1407 cursum
728 1372 889 1407 violenter
912 1365 1064 1404 cohibere
1088 1373 1155 1396 non
1177 1360 1317 1404 possent.
1332 1361 1522 1401 Utrumque
1541 1363 1589 1393 in.

576 1426 664 1450 terea
692 1413 849 1457 perstabat
873 1412 992 1444 malum
1009 1430 1018 1444 ‚
1044 1406 1084 1439 sic
1109 1416 1218 1439 tamen
1234 1429 1242 1444 ,
1267 1414 1302 1439 ut
1325 1416 1390 1437 non
1414 1403 1590 1439 difficulter

579 1459 737 1493 serretur.
764 1455 928 1501 Qotidie
952 1453 1040 1488 enim
1065 1461 1158 1484 mane
1182 1447 1335 1490 surgebat
1358 1449 1496 1486 mulier,
1531 1449 1590 1482 sta5¹

577 1503 634 1537 bat
654 1526 663 1541 ,
686 1501 813 1535 sedebat
828 1522 840 1541 ,
863 1495 1073 1534 ambulabat,
1093 1493 1192 1533 rheda
1216 1494 1334 1530 etiam,
1361 1503 1436 1527 curn
1460 1491 1555 1525 vellet
1580 1514 1589 1528 ,

578 1549 684 1582 minus
708 1543 924 1588 probantibus
948 1540 1065 1577 nobis,
1089 1534 1282 1585 per-urbem
1307 1534 1503 1575 vehebatur,
1533 1547 1590 1568 nec

576 1591 759 1633 quidquam
785 1587 848 1622 fere
865 1583 1028 1628 'prodibat
1054 1581 1239 1623 sanguinis.
1265 1579 1380 1612 Noetu
1405 1580 1595 1618 dumtaxat,

579 1646 654 1668 cum
678 1633 744 1666 sive
768 1632 899 1672 supina,
925 1627 989 1665 sive
1012 1628 1047 1658 in
1070 1625 1154 1658 latus
1179 1622 1340 1656 sinistrum
1363 1623 1495 1657 cubaret
1518 1635 1529 1661 5
1561 1624 1595 1656 in

577 1678 750 1711 dexterum
777 1676 865 1708 enim
891 1670 975 1705 haud
1000 1676 1159 1712 poterat,·
1181 1666 1382 1708 profluebat,
1420 1666 1485 1700 five
1517 1667 1594 1700 lefti

579 1722 674 1754 calor
700 1727 865 1754 moveret,
892 1714 955 1748 sive
978 1723 1043 1746 non
1067 1711 1200 1754 jacentis
1224 1712 1305 1745 uteri
1328 1709 1438 1747 osculo
1470 1710 1596 1751 aliquid

577 1765 608 1798 se
633 1772 812 1806 opponeret
836 1758 923 1803 quod
948 1756 1089 1799 operiret
1113 1777 1125 1793 ‚
1161 1762 1215 1787 aut
1260 1753 1346 1797 quasi
1372 1754 1558 1790 'obturaret
1583 1777 1591 1789 .

581 1809 701 1840 Praeter
726 1806 758 1839 id
783 1804 871 1847 quod
896 1801 995 1835 nofiu
1018 1797 1214 1836 effluxerat,
1239 1807 1355 1843 magna
1380 1807 1447 1831 erat
1463 1808 1596 1830 <oneres

580 1854 608 1885 ti
634 1850 801 1892 sanguinis
826 1846 919 1889 copia
943 1854 1016 1885 quae
1041 1851 1114 1874 curn
1138 1841 1282 1882 primum
1307 1841 1473 1882 surgeret,
1505 1841 1595 1886 exesa

582 1894 701 1932 debat.
728 1894 817 1925 Inter
842 1890 908 1924 haec
934 1886 973 1920 ad
997 1893 1125 1919 caeteras
1148 1884 1297 1916 moeroris
1320 1884 1425 1917 causas
1449 1883 1594 1926 gravisi]-

581 1950 635 1972 ma
659 1936 807 1981 quaedam
830 1945 904 1968 curn
929 1929 1100 1972 repentino
1123 1936 1246 1960 terrore
1290 1925 1412 1960 accessit
1454 1938 1494 1959 ex
1538 1937 1596 1959 nec

580 1983 722 2015 opinato
746 1979 826 2018 Viri
848 1975 1060 2010 infortunio,
1083 1971 1171 2013 quod
1195 1979 1230 2003 ut
1276 1971 1404 2003 Civitas
1447 1968 1596 2003 universa

581 2012 891 2059 commiseratione>
914 2019 959 2050 ita
986 2018 1085 2050 Uxor
1106 2013 1306 2056 lachrymis,
1331 2015 1363 2047 δε
1386 2013 1517 2055 planem
1541 2024 1596 2045 ex.

582 2070 692 2111 cepit.
718 2068 764 2100 Et
789 2077 822 2099 ea
847 2063 979 2108 quidem
1001 2070 1072 2102 quae
1098 2058 1201 2100 prima
1224 2056 1364 2090 insecuta
1389 2056 1434 2091 est
1457 2080 1466 2096 ‚
1499 2056 1596 2089 noete

581 2104 836 2155 sanguis'ferme
859 2105 996 2141 omnino
1021 2101 1188 2140 substitit.
1214 2101 1262 2137 At
1285 2100 1444 2141 proximis
1470 2100 1518 2132 vel
1542 2098 1597 2133 fu.

581 2155 643 2190 sius
666 2145 913 2195 effluxitsJam
938 2158 1003 2183 non
1029 2155 1095 2192 erat
1120 2143 1284 2188 quispiam
1307 2144 1367 2186 qui«
1397 2152 1487 2192 tanta
1512 2166 1521 2181 ,
1564 2144 1597 2174 &

583 2209 651 2232 tam
676 2197 785 2234 crebra
809 2194 969 2238 sanguinis
992 2188 1144 2223 effusione
1167 2187 1330 2236 spec-crata,
1351 2186 1517 2237 gravidam
1530 2197 1600 2219 cre..

581 2235 860 2281 dereteffe'poss'e
885 2236 1075 2275 mulierem;
1100 2231 1151 2265 sed
1174 2241 1212 2263 ne
1238 2228 1307 2272 ipsa
1330 2229 1464 2271 quidem
1489 2229 1599 2270 crede-

584 2287 639 2320 bat
665 2277 818 2328 amplius.
838 2276 933 2316 'Mihi
958 2287 1087 2316 tamen,
1109 2274 1267 2322 quamvis·
1282 2272 1386 2307 senior
1403 2296 1415 2312 ‚
1441 2273 1599 2322 ausculta-

584 2332 641 2364 bat
667 2328 813 2366 Medicus
838 2325 917 2367 saepe
941 2319 1139 2357 inculcasti,
1165 2318 1327 2360 judicium
1351 2316 1476 2355 adhuc,
1504 2328 1539 2349 ut
1563 2327 1599 2352 m

586 2373 719 2409 muliere
744 2382 814 2413 quae
841 2361 994 2410 sanguine
1019 2363 1097 2398 adeo
1121 2361 1321 2411 abundaret3
1344 2359 1402 2399 esse
1438 2359 1597 2394 sustinen-

585 2419 681 2452 dum:
704 2413 933 2455 conceptionis
957 2409 1051 2442 solita
1074 2405 1196 2439 indicia
1229 2415 1340 2437 omnia
1382 2402 1561 2446 praecessisse
1584 2412 1597 2443 ,·

591 2453 772 2496 abortionis
796 2458 828 2489 in
853 2452 954 2488 effuso
978 2451 1153 2492 sanguine,
1180 2457 1325 2481 accurate
1348 2446 1470 2490 semper
1493 2446 1596 2496 inspe-

589 2499 825 2543 §to-,vestigia
849 2496 983 2532 necdum
1009 2495 1072 2527 nlla
1096 2489 1271 2539 apparuisse
1299 2505 1306 2523 :
1341 2492 1425 2523 lente
1471 2491 1605 2539 quidem

591 2558 722 2584 uterum
745 2540 976 2579 intumescere;
1003 2547 1115 2581 verum
1140 2537 1161 2567 {1
1186 2536 1315 2576 parcius
1339 2534 1604 2574 tandemtanguis

592 2592 757 2627 efflueret,
781 2587 879 2621 citius
903 2579 1033 2617 fortasse
1057 2589 1134 2611 tunc
1160 2577 1189 2610 se
1223 2578 1382 2610 elaturum
1410 2601 1416 2608 .
1452 2578 1603 2624 Dandarn

591 2627 700 2678 igitur
720 2625 873 2674 operam,
898 2636 935 2661 ut
960 2624 1030 2667 ejus
1055 2621 1192 2656 effluxus
1217 2622 1346 2662 parcior
1391 2619 1480 2653 fieret
1507 2632 1517 2657 ς
1562 2621 1605 2653 {ic

593 2679 681 2714 enim
707 2673 855 2710 mulieris
877 2681 1007 2712 quoque
1035 2667 1117 2699 vires
1150 2663 1267 2701 servari
1314 2662 1441 2697 facilius
1486 2661 1571 2705 posse
1592 2685 1606 2701 ,v

594 2731 732 2766 quarum
757 2716 860 2760 lapsus
884 2714 949 2756 jam
973 2708 1163 2751 incipientis
1185 2718 1277 2740 crura
1300 2706 1460 2743 indicium
1483 2706 1605 2738 dabant

596 2777 663 2800 non
687 2774 776 2805 aeque
800 2759 893 2794 firma
917 2767 1011 2797 atque
1035 2752 1185 2787 haetenus
1209 2749 1353 2787 fuerant,
1379 2753 1410 2783 ὃς
1434 2750 1539 2783 minus
1554 2760 1606 2781 ro-

598 2809 667 2843 seus
689 2816 786 2849 quam
808 2812 923 2841 antea,
946 2798 1040 2836 faciei
1064 2795 1274 2829 color.Cum
1299 2794 1441 2836 aliaquae
1451 2805 1485 2827 ea
1498 2802 1605 2826 mente

597 2851 808 2888 exhibuerat,
835 2846 940 2880 minus
963 2839 1213 2884 responderent3
1235 2837 1309 2872 dare
1333 2839 1436 2879 coepit
1461 2845 1605 2872 veterem

600 2888 746 2931 rosarum
763 2887 976 2930 conservam,
998 2894 1033 2917 ut
1059 2891 1198 2922 vocant,
1224 2881 1444 2928 vitriolatarn,
1469 2891 1554 2923 qua,
1576 2883 1606 2928 ξι

597 2938 802 2973 confefflone
825 2932 1005 2967 alkermes3
1028 2926 1068 2962 fic
1092 2927 1178 2960 enim
1202 2926 1381 2968 appellant3
1405 2925 1468 2957 s1ne
1493 2922 1604 2972 odori-

599 2984 659 3017 bus
681 2977 864 3020 excipiebat
886 2972 1022 3009 contusa
1047 2971 1150 3003 citrea
1173 2967 1314 3006 semina,
1337 2970 1367 3000 &
1390 2969 1422 3001 in
1446 2967 1515 3017 boll
1539 2966 1609 2999 sor-

605 3036 690 3062 mam
715 3020 901 3063 redigebat.
927 3018 1003 3051 Hoc
1027 3014 1105 3047 bolo
1128 3015 1159 3046 &
1201 3011 1398 3046 ventriculus
1443 3011 1610 3058 aliquanto

601 3069 717 3103 melius
741 3065 771 3099 se
796 3063 911 3097 habere
933 3060 1084 3101 incepit,
1107 3059 1137 3090 δέ
1163 3054 1324 3102 sanguinis
1358 3054 1465 3088 multo
1500 3064 1606 3102 minus

603 3110 785 3159 profluere.
812 3108 910 3140 Tunc
934 3114 1030 3138 vero3
1055 3100 1150 3135 tertia
1184 3110 1250 3141 jam
1296 3110 1367 3142 pars
1411 3105 1608 3140 praeterierat

604 3147 741 3198 Augusti
765 3150 897 3187 mensis3
921 3158 986 3180 non
1010 3145 1115 3179 solum
1137 3152 1260 3177 tumere
1293 3151 1460 3184 coeperant
1504 3151 1606 3190 mam.

607 3210 691 3238 mae,
714 3204 752 3230 ut
775 3192 999 3235 inssprioribus
1022 3188 1105 3221 uteri
1129 3187 1385 3228 gestationibus,
1417 3184 1467 3219 sed
1511 3193 1608 3217 etiam

607 3243 704 3277 altius
719 3232 758 3274 *se
782 3235 950 3273 attollere.
974 3233 1042 3267 Hic
1064 3232 1183 3263 iterum
1209 3231 1350 3269 mulier,
1373 3229 1543 3271 caeterique
1574 3228 1609 3259 in

608 3284 787 3331 depositam
810 3278 1015 3323 graviditatis
1038 3274 1230 3314 opinionem
1256 3275 1376 3307 redire.
1401 3273 1481 3305 Erat
1504 3281 1611 3319 tamen

607 3328 734 3362 insoliti
757 3323 905 3367 aliquid,
926 3319 1015 3363 quod
1037 3317 1145 3355 illius,
1169 3327 1338 3358 meumque
1361 3317 1508 3350 turbaret
1542 3324 1611 3347 am.

610 3382 721 3408 mum,
745 3368 855 3403 creber
879 3368 912 3399 in
937 3373 1030 3397 utero
1051 3361 1268 3408 punfflonum
1293 3360 1418 3393 sensns.
1443 3360 1527 3395 Quae
1561 3368 1610 3390 me

611 3427 659 3449 res
682 3414 808 3448 movit,
836 3419 871 3443 ut
894 3417 1037 3441 ventrem
1062 3414 1156 3436 manu
1200 3403 1389 3444 diligentius
1432 3401 1613 3435 contre&a-

614 3469 700 3492 rem.
724 3454 825 3496 Qod
849 3453 925 3486 dum
949 3449 1112 3488 facerem,
1136 3448 1238 3488 magis
1258 3447 1430 3489 aliquanto
1463 3444 1614 3478 turbatus

614 3501 704 3540 sum,
728 3508 859 3534 uterum
882 3494 1083 3541 percipiens>
1107 3502 1173 3528 non
1196 3490 1389 3528 umbilicum
1412 3486 1516 3525 versus
1540 3499 1616 3526 acu-

677 3743 692 3771 (
707 3748 721 3770 q
740 3742 754 3770 )
771 3743 851 3771 Progs.
869 3738 898 3765 do
913 3737 1078 3766 Haemorrhag.
1095 3722 1219 3762 &ravidan

679 3771 749 3804 (J)
764 3773 782 3796 E
822 3772 877 3798 ⁴N.
893 3771 923 3795 C.
939 3771 997 3794 Dec.
1012 3776 1034 3798 3·
1051 3770 1081 3792 Α.
1099 3765 1264 3797 3.Qbs.135.

1148 202 1303 255 Liber
1337 199 1429 255 11-1.
1464 200 1549 254 De
1583 200 1791 261 Morbis
1826 198 2038 263 Ventris

1627 278 1807 322 minatum,
1834 276 1888 311 sed
1912 279 1945 310 in
1970 278 2182 312 transversum
2214 285 2351 321 utroque
2384 279 2482 313 latere
2515 278 2616 319 tnagis

1626 321 1814 358 extensum,
1840 331 1919 361 nec,
1943 321 1963 355 fi
1989 322 2083 363 paulo
2107 322 2221 355 fortius
2244 332 2441 363 premerem,
2463 322 2525 355 sine
2558 324 2618 355 do-

1627 366 1694 397 lore
1716 362 1750 396 id
1772 361 1946 402 ferentem,
1972 365 2145 406 praesertim
2171 366 2210 398 ad
2232 366 2395 400 dexteram
2418 366 2545 399 iliacam
2568 378 2617 400 re-

1626 409 1774 449 gionem.
1801 407 1906 438 Vultu
1931 409 2081 448 quidem,
2106 418 2140 441 ut
2151 407 2325 444 debebam,
2349 419 2414 442 non
2440 408 2538 442 modo
2551 420 2629 455 ver-x

1625 451 1696 486 bis,
1723 449 1804 490 apud
1830 450 1993 486 mulierem
2018 450 2231 493 suspicionem
2263 450 2455 485 diffimulavi
2485 452 2587 487 meam
2612 480 2621 488 .

1627 494 1721 526 Hanc
1745 491 1877 526 Medico
1901 502 2027 532 tamen,
2050 497 2080 526 ὅ(
2105 495 2190 527 Viro
2236 505 2311 527 mox
2334 497 2442 536 aperui
2464 519 2474 534 ,
2522 500 2625 532 vereri

1629 548 1701 575 me,
1726 536 1860 574 dicens,
1883 546 2058 577 nepraeter
2083 535 2200 571 foetum
2226 539 2310 571 mola
2334 537 2487 575 subesset}
2512 550 2624 575 necta-

1628 590 1699 612 men
1725 588 1890 620 propterea
1914 579 1970 612 nisi
1995 579 2028 613 id
2051 580 2138 622 quod
2162 581 2338 623 agebatur,
2361 582 2540 624 agendmm
2573 596 2630 618 ne-

1628 634 1691 664 que
1715 623 1801 655 enim
1827 622 1882 655 ubi
1908 622 2000 655 molae
2024 622 2163 666 suspicio
2186 624 2281 661 esset,
2304 628 2335 658 δι
2357 624 2459 667 majus
2481 628 2513 659 in
2537 627 2624 667 dies,

1633 677 1700 706 quo
1725 666 1832 700 minus
1856 665 2017 708 sanguinis
2038 668 2165 706 exiret,
2187 670 2269 700 uteri
2293 670 2523 705 incrementum
2545 693 2555 709 ,
2588 673 2629 706 iis

1634 707 1695 751 effe
1710 709 1825 753 >locum
1848 720 1919 751 quae
1943 709 2146 745 vehementer
2170 711 2400 753 adstringere-‘nt
2421 739 2430 753 ,
2456 713 2632 755 praesertim

1637 762 1709 787 curn
1734 751 1859 793 sanguis
1883 752 2048 788 nonnullis
2069 752 2202 794 quidem
2225 755 2373 793 norfftibns
2395 754 2479 792 haud
2503 758 2547 790 ita
2561 770 2633 801 par..

1637 808 1692 832 ce,
1717 794 1878 838 plerisque
1902 806 2008 828 tamen
2035 794 2109 829 satis
2134 796 2257 830 modice
2281 796 2344 840 jam
2369 799 2512 844 prodiret
2536 813 2543 835 :
2574 813 2634 836 nec

1639 849 1755 872 contra
1779 838 1835 872 ubi
1859 838 1954 872 facile
1979 836 2180 881 profluvium
2204 840 2308 874 redire
2332 841 2455 883 pofl‘et,
2478 843 2636 887 simulque

1639 894 1713 916 cum
1736 882 1847 922 mola,
1869 881 1970 915 foetus
1994 881 2050 914 esse
2073 881 2271 922 crederetur,
2297 885 2334 918 ad
2359 885 2531 928 pellentia,
2552 891 2635 920 nein

1641 926 1715 959 solis
1737 925 1867 968 quidem
1891 926 1986 959 molis
2009 924 2129 967 semper
2153 935 2242 963 tuta,
2275 928 2505 963 decurrendum
2529 944 2538 967 3
2584 930 2638 965 sed

1636 968 1858 1008 observando,
1881 972 1910 1002 δι
1937 980 1996 1011 pro
2019 979 2052 1002 re
2075 977 2149 1002 nata
2173 970 2367 1005 moderando
2390 972 2552 1015 sanguinis
2574 973 2639 1008 flu.

1639 1024 1738 1053 xum,
1761 1014 1870 1054 quiete
1894 1021 2046 1055 praeterea
2067 1015 2097 1044 δι
2122 1013 2243 1050 animi,
2269 1017 2299 1047 &
2323 1018 2466 1058 corporis
2492 1039 2502 1055 ,
2539 1017 2636 1061 aptis.

1640 1068 1702 1099 que
1727 1056 1888 1089 alimentis
1912 1056 2056 1089 mulieris
2080 1055 2163 1092 vires
2187 1056 2225 1089 ad
2248 1056 2420 1099 cujuslibet
2442 1062 2552 1094 enixus
2586 1074 2638 1094 ca-

1640 1101 1710 1134 sum
1734 1098 1793 1133 esse
1816 1098 2064 1132 conservandas.
2089 1099 2171 1132 Haec
2193 1101 2297 1141 igitur
2319 1102 2395 1135 dum
2429 1112 2549 1138 attente
2583 1105 2639 1140 fie-

1643 1153 1734 1181 rent,
1759 1142 1829 1185 post
1851 1142 1916 1176 dies
1940 1152 2005 1175 non
2028 1143 2074 1174 ita
2099 1143 2216 1176 multos
2232 1169 2241 1183 ,
2275 1144 2350 1177 XV.
2385 1146 2460 1179 Kal.
2478 1144 2479 1147 ’
2494 1148 2639 1190 Septem-

1639 1187 1728 1225 bris,
1750 1186 1905 1225 mulieri,
1927 1184 2005 1218 dum
2028 1183 2113 1219 sorte
2140 1184 2253 1227 staret,
2276 1198 2364 1230 aquae
2378 1199 2506 1230 repente
2519 1202 2559 1226 ex
2571 1201 2643 1226 ute·

1642 1241 1678 1264 ro
1701 1237 1920 1272 proruperunt
1942 1239 2044 1270 neque
2065 1230 2182 1267 odore,
2208 1241 2308 1272 neque
2331 1242 2365 1265 re
2387 1234 2447 1266 alia
2470 1234 2562 1271 abiis
2572 1246 2646 1277 que

1641 1273 1897 1314 parturientibus
1921 1273 2048 1314 prodire
2075 1271 2199 1311 solent,
2226 1273 2284 1309 nisi
2307 1273 2507 1317 forte-copia
2545 1279 2642 1320 paulo

1641 1316 1782 1359 majori,
1802 1315 2035 1358 discrepantes.
2059 1316 2186 1349 vocata
2209 1318 2365 1352 continuo
2389 1320 2645 1356 Obstetrixcurn

1642 1361 1784 1403 proximi
1809 1369 1916 1402 partus
1938 1359 2026 1393 nulla
2050 1368 2199 1401 praeterea
2222 1362 2344 1399 videret
2378 1363 2498 1398 indicia
2523 1389 2535 1404 ,
2576 1367 2648 1400 imo

1642 1405 1728 1438 uteri
1753 1402 1899 1443 osculum
1921 1401 2086 1436 occlusum
2109 1403 2219 1444 digito
2240 1405 2435 1446 perciperet3
2459 1406 2526 1443 haec
2551 1409 2647 1443 nobis

1644 1448 1769 1481 curavit
1793 1445 2023 1489 significanda:
2046 1448 2105 1488 qui
2128 1448 2189 1480 nisi
2213 1448 2289 1481 novi
2312 1459 2476 1490 appareret
2501 1450 2649 1494 aliquid,

1644 1493 1763 1524 interea
1787 1489 2014 1532 quiescendum
2039 1489 2122 1527 esse,
2146 1489 2386 1532 respondimus.
2401 1494 2518 1534 Unus,
2542 1495 2646 1535 alter,

1646 1537 1677 1568 δι
1702 1535 1817 1568 tertius
1837 1533 1901 1576 jam
1924 1534 1990 1567 dies
2013 1532 2055 1566 sic
2079 1542 2169 1567 erant
2192 1536 2319 1571 exaeri,
2350 1547 2400 1569 me
2445 1548 2512 1571 non
2543 1538 2649 1574 'valde

1648 1580 1803 1617 mirante,
1826 1579 1947 1620 quippe
1975 1587 2115 1610 memore
2131 1599 2141 1614 ,
2164 1588 2229 1612 non
2254 1579 2352 1612 modo
2375 1580 2458 1621 apud
2481 1581 2651 1616 Harveum

1648 1623 1698 1668 (r
1715 1622 1752 1664 )‚
1779 1630 1894 1663 totque
1919 1621 1998 1653 alios
2022 1621 2147 1663 legisse,
2173 1631 2284 1653 verum
2310 1624 2408 1656 etiam
2431 1625 2464 1657 in
2488 1624 2572 1659 Cive
2606 1625 2653 1659 al-
2688 1649 2689 1653 ,

1645 1677 1715 1699 tera
1741 1676 1808 1701 mea
1832 1663 2026 1702 nobilissima
2051 1675 2209 1706 aquarum
2232 1663 2390 1700 effluxum
2424 1667 2531 1702 multo
2578 1678 2651 1704 ante

1646 1719 1829 1746 extremum
1852 1707 2037 1749 gestationis
2062 1707 2194 1747 vidisse,
2219 1706 2305 1741 selici
2330 1708 2546 1747 nihilominus
2578 1724 2653 1756 par-

1648 1763 1683 1786 tu
1708 1755 1773 1785 non
1796 1761 1868 1787 ante
1890 1750 2073 1793 legitimum
2096 1760 2221 1793 ternpus
2244 1751 2415 1787 consecuto
2428 1765 2444 1793 5,
2474 1765 2555 1797 aegre
2600 1765 2652 1790 ta·-

1649 1807 1722 1832 men
1746 1794 1798 1830 hic
1823 1793 1962 1831 ferente,
1986 1794 2045 1829 ubi
2066 1792 2185 1827 foetum
2210 1806 2311 1836 neque
2335 1796 2523 1838 robustum,
2547 1810 2652 1842 neque

1648 1839 1752 1872 solum
1777 1837 1863 1876 esse,
1888 1836 2124 1872 existimarem.
2149 1836 2216 1871 Die
2241 1848 2349 1871 autem
2381 1850 2500 1881 quarto
2523 1863 2533 1878 ‚
2577 1852 2653 1877 cum

1646 1893 1758 1918 venter
1780 1881 1900 1924 qusab
1925 1890 2079 1923 aquarum
2103 1882 2191 1913 exitu
2215 1880 2440 1922 detumuerat,
2455 1885 2572 1917 iterum
2583 1897 2651 1920 coe-

1648 1925 1739 1971 pisset
1763 1934 1913 1964 tumere,
1935 1924 2162 1964 ingruentibus
2187 1933 2295 1964 partus
2329 1925 2499 1961 doloribus
2523 1950 2536 1967 ,
2568 1927 2655 1961 mola

1648 1970 1811 2017 primum,
1833 1968 1947 2005 deinde
1971 1966 2069 2000 foetus
2092 1976 2239 2003 mortuus
2262 1966 2378 2009 ejectus
2402 1969 2465 2010 est,
2489 1971 2654 2005 noviffime

1649 2023 1776 2051 autem,
1800 2013 1902 2044 tribus
1925 2009 2103 2053 interjeffis
2127 2009 2239 2049 horis,
2262 2022 2319 2044 nec
2340 2011 2407 2047 fine
2441 2013 2655 2053 difficultate,

1649 2059 1679 2093 &
1704 2066 1818 2097 magna
1842 2055 2003 2097 sanguinis
2027 2052 2211 2096 profusione
2237 2075 2247 2090 ‚
2281 2056 2433 2090 Secundae
2478 2058 2621 2091 exierunt
2646 2083 2656 2091 .

1648 2100 1783 2134 Servata
1807 2097 1852 2132 est
1876 2107 1978 2131 mater
1993 2118 2003 2134 ,
2026 2107 2098 2139 quae
2121 2098 2367 2138 undetrigesimo
2389 2099 2461 2142 posi:
2476 2111 2559 2134 anno
2571 2101 2658 2136 obiit

1650 2154 1691 2176 ex
1717 2143 1861 2183 maligno
1884 2142 2011 2180 ulcere,
2035 2148 2073 2172 ut
2097 2142 2296 2180 accepimus,
2319 2145 2352 2176 in
2377 2152 2491 2186 utel-0,
2516 2155 2554 2176 an
2568 2146 2659 2187 vagi-

1651 2197 1714 2222 na,
1741 2185 1794 2219 sed
1818 2184 1987 2227 postremis
2010 2182 2075 2218 illis
2098 2185 2188 2220 arinis
2210 2184 2351 2218 oborto.
2375 2186 2487 2222 Certe
2507 2199 2545 2220 eo
2579 2196 2661 2221 tem.

1651 2240 1730 2274 pore
1752 2239 1820 2271 quo
1845 2226 1966 2262 foetum
1988 2225 2086 2259 illum
2107 2227 2258 2268 gerebat,
2281 2231 2312 2261 δε
2336 2240 2374 2262 eo
2387 2230 2473 2271 quod
2486 2231 2656 2272 protinus,

1652 2276 1683 2305 oc
1708 2273 1856 2315 deinceps
1880 2270 1954 2304 satis
1977 2270 2032 2304 diu
2056 2269 2237 2304 insecutum
2261 2271 2328 2314 est,
2352 2272 2439 2306 nihil
2459 2272 2564 2308 fuerat
2597 2286 2659 2308 un-

1652 2316 1691 2350 de
1714 2316 1822 2354 uteri,
1845 2323 1898 2348 aut
1922 2316 2045 2355 vaginae
2071 2314 2344 2351 exulcerationem
2367 2315 2443 2359 jure„
2468 2316 2570 2360 posses
2604 2317 2656 2351 su-

1648 2360 1787 2402 spicari,
1812 2358 1950 2400 indeque
1965 2357 2131 2399 sanguinis
2153 2357 2222 2390 illas
2245 2357 2410 2392 effusiones
2433 2370 2599 2402 repetere,
2626 2370 2664 2397 ut

1650 2402 1754 2446 posses
1777 2403 1810 2434 in
1834 2400 1971 2439 foemina
1995 2426 2005 2441 ,
2050 2400 2089 2433 ab
2135 2401 2287 2443 Raygero
2334 2402 2415 2445 (s)
2461 2402 2623 2446 descripta
2645 2426 2659 2442 ,

1653 2447 1774 2488 quippe
1796 2456 1868 2486 q-uae
1891 2456 1964 2480 cum
1988 2442 2191 2478 acerbissimis
2214 2445 2425 2485 lumborum,
2471 2449 2502 2479 δι
2547 2448 2659 2489 ingui-

1655 2501 1735 2524 num
1759 2487 1928 2523 doloribus
1951 2490 2128 2522 immanem
2162 2489 2305 2531 primum
2338 2492 2424 2521 uteri
2458 2489 2659 2524 haemorrha-

1655 2534 1743 2575 giam
1767 2530 1850 2574 passa
1874 2531 1916 2564 est
1940 2531 2012 2571 sex,
2037 2532 2197 2574 septemve
2223 2541 2295 2568 ante
2320 2542 2451 2574 partum
2485 2532 2663 2568 hebdoma-

1655 2576 1725 2616 dis,
1750 2574 1819 2617 post
1843 2576 2047 2617 puerperium
2069 2582 2176 2609 autem
2200 2575 2406 2617 profluvium
2421 2601 2429 2615 ‚
2464 2588 2528 2618 quo
2575 2579 2663 2612 intra

1680 2629 1829 2661 erpaucos
1854 2617 1972 2651 menses
1995 2617 2140 2651 confeeta
2165 2618 2229 2657 eft,
2252 2617 2447 2653 foetidiffimi
2470 2621 2664 2661 nigricantis

1657 2631 1825 2696 iiumoris.
1851 2660 1949 2697 Quod
1973 2660 1995 2693 fi
2020 2660 2165 2694 nostrum
2191 2672 2264 2695 cum
2291 2663 2466 2702 propositis
2511 2675 2527 2695 a
2575 2663 2664 2697 Phil.

1653 2706 1782 2755 jacobo
1805 2704 2012 2738 Hartmanno
2035 2707 2045 2743 (
2069 2711 2083 2736 t
2104 2706 2138 2743 ),
2162 2706 2192 2736 δέ
2215 2716 2231 2736 a
2253 2705 2306 2735 Cl.
2331 2705 2558 2739 Gntermanno
2583 2711 2594 2746 (
2618 2710 2663 2747 u)

1658 2750 1780 2783 casibus
1803 2748 1866 2782 tibi
1892 2748 2014 2789 placeat
2037 2745 2208 2785 conferres
2232 2758 2296 2793 non
2320 2746 2452 2782 difficile
2475 2750 2663 2792 intelliges,

1659 2793 1813 2830 abortus,
1838 2793 1955 2833 pariter
1979 2802 2051 2826 cum
2075 2791 2161 2823 mola
2184 2791 2375 2832 commanos
2393 2815 2402 2829 ,
2429 2803 2552 2835 quanta
2576 2815 2585 2830 ,
2630 2796 2663 2827 δε

1658 2835 1814 2877 quamdiu
1836 2834 1982 2875 profusio
2005 2835 2166 2875 sanguinis
2190 2833 2401 2876 praecesserit,
2427 2847 2529 2878 neque
2555 2846 2664 2870 tamen

1658 2879 1712 2916 hic
1737 2878 1776 2912 ab
1800 2888 1912 2919 aperto
1955 2881 1989 2913 in
2015 2878 2131 2920 vagina
2156 2877 2339 2918 (anguifero
2360 2878 2454 2918 vase,
2479 2880 2602 2913 nedum
2626 2880 2666 2913 ab

1660 2924 1770 2960 uteri,
1793 2930 1846 2955 aut
1871 2922 1993 2962 vaginae
2017 2922 2279 2961 exulceratione,
2315 2920 2467 2955 deduetus
2500 2924 2539 2956 iit
2563 2947 2575 2964 ,
2609 2932 2666 2958 aut

1661 2966 1776 3000 deduci
1798 2965 1965 2998 debuerit.
2100 2965 2159 3001 Sed
2182 2974 2294 2998 caetera
2319 2977 2390 3007 quae
2427 2967 2465 2999 ad
2510 2967 2664 3002 abortum

1664 3012 1825 3045 attinent,
1849 3020 1865 3039 a
1889 3009 1983 3043 nobis
2027 3008 2221 3050 descriptum
2244 3032 2255 3048 ,
2290 3008 2531 3050 persequamur.

1659 3053 1821 3093 MOLA‚
1845 3051 1934 3085 eloto
1956 3053 2015 3094 qui
2039 3051 2209 3085 adhaeserat
2225 3075 2233 3089 ‚
2259 3051 2437 3094 sanguine,
2465 3053 2549 3088 haud
2581 3054 2667 3087 cras-

1660 3097 1722 3131 fior
1745 3098 1875 3129 inventa
1899 3095 1943 3129 est
1966 3096 2079 3137 digitis
2102 3095 2284 3129 transversis
2318 3096 2444 3129 duobus
2469 3119 2478 3133 ‚
2514 3097 2667 3139 aliquan-

1660 3151 1697 3174 to
1720 3149 1828 3172 autem
1852 3139 1981 3181 longior
2005 3162 2015 3177 ‚
2049 3138 2194 3179 {ceraque
2219 3163 2227 3176 ‚
2276 3138 2428 3173 nonnihil
2464 3139 2633 3182 spongiosa
2655 3163 2668 3180 ,

1660 3188 1691 3220 δε
1713 3182 1801 3225 quasi
1829 3192 1939 3215 carnea
1963 3183 2110 3225 apparuit
2136 3207 2142 3213 .
2193 3182 2343 3216 Secundae
2387 3181 2473 3216 nihil
2519 3184 2669 3217 ostende-

1660 3236 1736 3260 runt
1758 3225 1830 3258 vitii
1855 3250 1863 3258 .
1887 3227 1996 3259 Foetus
2018 3227 2075 3267 qui
2102 3226 2256 3267 sequioris
2281 3234 2346 3260 erat
2379 3226 2470 3259 sexus
2496 3253 2504 3266 ‚
2550 3239 2667 3262 novem

1660 3269 2002 3315 digitos-transversos.
2024 3269 2228 3311 longitudine
2252 3280 2317 3303 non
2340 3275 2487 3312 aequabat
2512 3297 2522 3303 ,
2556 3272 2667 3313 Caput

1661 3313 1848 3348 universum
1873 3334 1882 3349 ‚
1916 3315 1947 3344 δε
1970 3312 2092 3347 collum
2117 3324 2132 3344 a
2157 3324 2269 3355 magna
2288 3312 2376 3354 quasi
2424 3313 2630 3355 sugillatione
2653 3335 2664 3352 ‚

1664 3357 1727 3390 sine
1772 3355 1840 3389 ullo
1884 3364 1990 3388 tamen
2035 3354 2153 3389 foetore
2190 3380 2198 3394 ,
2242 3356 2425 3397 nigricabat
2451 3381 2459 3389 .
2504 3360 2630 3390 Caetera
2659 3379 2669 3394 ‚

1663 3402 1761 3434 etiam
1805 3400 1942 3433 interius
1965 3421 1973 3436 ‚
2019 3397 2102 3432 nihil
2147 3409 2261 3440 praeter
2286 3409 2432 3433 naturam
2456 3422 2465 3437 ‚
2501 3409 2662 3443 quantum

1665 3444 1774 3477 videre
1797 3444 1911 3483 potui,
1934 3441 2094 3475 habebant
2110 3467 2117 3475 .
2145 3443 2260 3484 Inepta
2285 3444 2370 3475 enim
2396 3445 2567 3479 mulierum
2594 3454 2665 3475 mo-

1665 3488 1798 3525 rositate
1832 3507 1844 3524 ‚
1890 3486 1944 3517 vix
1986 3486 2081 3519 licuit
2126 3496 2271 3521 ventrem
2315 3488 2435 3529 aperire
2466 3509 2477 3524 ‚
2522 3489 2555 3519 in
2599 3496 2665 3527 quo

2501 3538 2625 3564 ventri-

1871 3647 2670 3660 ——-—.——=·-————u———-——*-—-u·

1279 3737 1294 3766 (
1307 3744 1319 3760 ν
1334 3735 1348 3763 )
1365 3735 1389 3759 in
1406 3733 1527 3759 Additam.
1543 3733 1573 3755 ad
1589 3734 1694 3757 Exercit.
1709 3732 1739 3756 de
1754 3733 1865 3757 Generat.
1883 3730 1923 3754 ubi
1939 3729 1967 3754 de
1986 3732 2033 3754 Ute
2071 3731 2173 3755 Humor.

1328 3766 1336 3795 (
1352 3771 1363 3788 t
1378 3766 1390 3794 )
1407 3768 1465 3790 Dec.
1481 3764 1533 3788 ead.
1551 3765 1580 3787 A.
1595 3771 1616 3791 4.
1633 3762 1691 3787 Obs.
1709 3765 1747 3791 84.

1808 3761 1822 3791 (
1837 3770 1852 3786 u
1868 3765 1878 3788 2
1894 3762 1946 3787 Αίὶ-
1966 3763 2001 3787 N.-
2018 3738 2135 3789 C?Tom.
2157 3769 2177 3789 3·
2192 3760 2252 3786 obs.
2269 3762 2308 3791 78.

2784 1904 2787 1924 ς
2827 1894 2863 1916 non
2873 1881 2901 1915 nsi

2787 2173 2788 2180 ,
2828 2146 2905 2188 angustior

2770 2230 2771 2234 Ἰ
2787 2219 2788 2233 1
2828 2192 2848 2224 rit
2858 2189 2906 2233 quel

2788 2239 2789 2272 ἰ
2830 2246 2848 2267 rx
2857 2243 2909 2268 utero

2788 2291 2789 2301 ³
2831 2280 2850 2313 ‘m
2860 2278 2912 2312 meis(

2823 1749 2881 1795 pulsus,
2892 1749 2908 1790 ip

2823 1800 2851 1828 rire
2860 1793 2905 1827 debut

2823 1840 2836 1875 is
2846 1838 2909 1872 citimi

2829 1938 2872 1961 mum
2883 1925 2910 1958 cad

2827 1969 2873 2004 filesir
2878 1993 2884 2009 ,
2897 1980 2907 2002 v

2826 2013 2898 2049 converso

2827 2058 2844 2092 da
2854 2056 2878 2092 hit
2888 2057 2906 2090 fit

2828 2112 2870 2145 ciput
2886 2125 2892 2142 ‚

2837 2320 2885 2356 suist
2897 2347 2903 2361 ,

2761 2354 2767 2381 ἓ
2788 2361 2790 2398 ἕ
2836 2366 2849 2399 fi
2862 2375 2911 2408 quart

2835 2409 2880 2443 illu
2891 2411 2912 2443 im

2837 2464 2886 2495 quam
2895 2454 2912 2488 de

2788 2503 2789 2521 l
2834 2497 2850 2530 se
2859 2499 2911 2539 cogita

2831 2551 2860 2574 non
2872 2542 2890 2575 ad
2901 2554 2912 2575 τι

2831 2592 2880 2619 terum
2890 2596 2911 2619 att

2789 2624 2790 2667 ff
2832 2638 2882 2663 verum
2893 2631 2907 2663 in

2835 2683 2885 2714 naun
2894 2697 2899 2712 ‚

2840 2720 2886 2756 querit
2894 2721 2912 2751 ir

2791 2788 2793 2796 .
2842 2769 2912 2795 (lemn's

2791 2812 2793 2824 ¹
2841 2805 2859 2834 ὅ(
2871 2805 2890 2838 ai
2899 2817 2912 2837 n

2839 2845 2887 2880 ribus
2899 2861 2912 2882 rr

2792 2886 2793 2909 ³
2839 2888 2869 2922 illo
2885 2892 2912 2926 inc

2839 2943 2906 2972 ΡῘΞῩΕΓΕ
2909 2950 2912 2970 Ξ

2784 2979 2786 2982 “
2838 2977 2901 3014 casibus

2786 3032 2798 3058 π
2839 3020 2857 3053 in
2869 3025 2912 3058 nostr

2786 3068 2787 3072 ’
2839 3063 2897 3101 debilis
2908 3094 2912 3110 :

2786 3141 2788 3158 Q
2801 3115 2802 3122 ¹
2840 3108 2912 3147 bethar<

2786 3171 2789 3196 ’ἦ
2841 3161 2912 3190 exesum
