2498 4075
439 215 590 281 Epist.
627 214 789 266 Anat.
825 211 1042 267 Medica
1068 212 1199 266 XII.
1239 211 1362 264 Art.
1401 226 1474 273 ις.
1510 215 1565 266 ὃ(
1603 214 1675 264 16„

59 294 196 329 habuit..
231 293 316 325 Cum
340 291 441 334 igitur
462 291 564 326 totius
586 289 768 324 adultorum
789 290 909 323 cerebri
932 291 965 322 in
989 301 1059 322 rnu-

56 348 153 373 cum,
178 333 293 369 nedum
315 335 350 367 in
373 346 487 377 aquam
509 333 677 367 dissolutio
698 333 740 368 slc
765 344 831 366 rara
847 332 885 366 sit
899 357 909 372 ,
934 332 1060 374 praeser-

57 383 117 415 tim
140 378 162 412 fi
185 377 344 423 quidquid
368 379 477 410 cranio
509 378 693 411 continetur
712 400 725 418 ,
755 376 847 411 fimul
872 376 1060 410 dissolutum

59 423 285 465 intelligatur3
307 419 394 454 vides
418 420 567 464 profesto
588 431 646 454 cur
668 420 865 463 propositum
877 419 983 453 casum
1005 430 1061 452 au-

60 466 167 507 diens,
191 463 340 499 assensum
362 475 423 506 ego
445 463 664 503 sustinuerim,
687 464 743 506 qui
766 465 812 497 vel
837 463 874 496 de
897 474 996 506 puero
1016 473 1067 494 ea-

60 509 134 544 dem
160 533 172 550 ,
207 509 274 545 imo
297 508 415 541 leviora
438 508 603 550 aliquanto
626 505 753 539 audiens
775 530 788 547 ,
820 505 933 540 haerere
957 506 1069 539 solitu-s

62 552 143 596 sim,
165 551 223 585 nisi
248 561 405 584 amentem
428 550 519 584 simul
542 548 654 590 fuisse,
677 550 836 596 &plantae
860 550 961 591 magis
973 559 1070 591 quam

62 596 207 631 hominis
230 596 331 629 vitam
354 593 492 636 denique
516 591 631 634 egisse,
655 592 826 634 adjiciatur
846 618 854 625 .
878 593 925 627 At
947 591 1068 627 Redius

62 640 84 683 (
101 652 127 683 z
147 643 160 679 )
183 649 288 672 tamen
306 637 471 678 ,cerebro
494 635 704 670 testudinibus
727 645 875 679 exempto
901 661 912 677 ‚
936 634 999 669 >has
1018 636 1068 667 vi-

63 683 138 723 dit,
161 683 266 725 inquis
291 704 303 720 ,
335 679 391 714 diu
412 704 421 719 ,
463 682 496 713 δε
519 690 747 722 nonnunquam
770 679 820 714 sex
841 678 926 722 ipsos
949 677 1067 712 menses

65 726 224 761 ambulare
247 721 401 767 potuisse.
427 725 501 765 Ego
525 734 599 756 vero
621 722 659 755 de
683 721 848 766 perfectis,
872 731 907 757 ut
929 731 1070 761 vocant,

67 769 279 807 animalibus,
304 777 399 810 atque
423 765 502 800 adeo
523 766 561 799 de
573 766 702 800 homine
725 764 779 800 hic
792 766 883 799 verba
906 765 1014 805 facio,
1038 767 1069 798 δε

66 824 103 849 tu
126 813 209 847 mihi
231 809 402 845 testudines
422 821 549 850 narras,
570 820 647 853 quas
663 807 770 853 facere
792 817 909 843 motum
934 809 982 841 vel
1006 818 1074 842 cor-

68 860 104 891 de
127 856 256 895 ablato,
277 865 345 889 non
363 853 524 895 ignoravit
549 851 737 888 Aristoteles
759 855 773 891 ζ
795 863 813 885 α
835 856 849 892 )
871 875 878 884 .
917 854 1072 885 Praeterea

67 899 135 943 ipse
170 898 309 932 indicare
334 896 459 930 videtur
494 895 616 930 Redius
634 920 648 938 ,
678 895 889 930 testudinibus
911 906 969 928 una
1001 905 1076 928 cum

68 944 194 978 cerebro
219 940 405 979 facultatem
427 938 573 973 cernendi
591 964 600 980 ‚
625 944 653 973 δέ
667 963 680 980 ,
702 939 788 983 quod
812 940 876 971 veri
901 937 998 970 simile
1010 938 1076 978 est,

70 984 219 1020 audiendi
234 996 383 1027 quoque,
403 981 598 1020 olfaciendi,
621 981 765 1025 gustandi
788 981 878 1016 fuisse
902 981 1076 1018 sublatam,

70 1033 104 1064 ἃ
126 1027 288 1062 Caldefius
310 1030 324 1066 ζ
348 1025 368 1060 b
389 1028 402 1065 )
433 1035 517 1061 certe
540 1025 653 1060 tandiu
675 1024 848 1069 superstitis
870 1034 976 1058 motus
999 1024 1074 1058 satis

70 1072 273 1116 probabilem
297 1069 420 1104 causam
433 1069 593 1110 ostendit,
617 1080 763 1112 magnam
773 1068 919 1102 videlicet
932 1091 945 1109 ‚
967 1067 989 1101 fi
1001 1079 1075 1101 cum

71 1117 195 1158 exiguo
213 1125 322 1149 earum
353 1113 481 1146 cerebro
504 1121 706 1155 comparetur
725 1135 738 1152 ,
770 1112 908 1155 Spinalis
930 1111 1076 1146 medullae

71 1157 324 1194 craffitudinem.
346 1158 420 1194 Qua
443 1168 482 1189 ex
493 1156 630 1191 medulla
653 1155 782 1199 spiritus
797 1165 934 1199 repetere
957 1156 981 1187 ii
996 1167 1078 1198 quo-

72 1214 134 1247 que
166 1203 267 1236 solent
290 1201 347 1245 qui
380 1202 481 1233 vitam
504 1198 643 1234 foetuum
677 1199 807 1233 cerebro
838 1200 1015 1232 carentium
1047 1201 1079 1232 iu

73 1256 166 1280 utero
187 1245 302 1278 volunt
325 1243 481 1285 explicare
503 1266 511 1280 ‚
543 1255 623 1287 quos
645 1242 797 1277 hafienus
820 1241 905 1285 sequi
930 1243 1048 1285 poteris
1070 1265 1082 1283 ,

73 1301 112 1323 ne
134 1300 207 1322 cum
230 1286 418 1330 quibusdam
442 1297 549 1320 tamen
571 1298 692 1330 ponas,
714 1295 768 1321 aut
790 1286 824 1319 in
847 1286 914 1319 illis
936 1285 1084 1319 omnibus

75 1332 255 1366 Medullam
278 1330 335 1364 esse
355 1330 555 1371 crassiorem,
580 1339 632 1364 aut
681 1330 732 1364 uia
756 1328 861 1366 multo
871 1331 976 1372 plures
1011 1340 1085 1363 uam

80 1375 266 1415 cerebrum,
290 1375 414 1408 emittit
436 1385 546 1407 nervos
564 1397 577 1414 ,
610 1385 664 1407 mu
680 1382 716 1406 to
738 1373 809 1416 plus
839 1384 966 1416 quoque
1004 1373 1084 1415 piri-

76 1429 171 1453 tuum
194 1428 271 1452 tunc
294 1419 391 1451 etiarn
415 1417 554 1461 praebere
576 1416 706 1460 quando
728 1428 745 1450 a
766 1415 895 1450 cerebro
914 1415 995 1450 unde
1019 1416 1085 1456 ipsa

76 1463 219 1505 accipere
252 1471 364 1504 magna
387 1472 425 1495 ex
463 1470 551 1505 parte
574 1461 720 1503 alioquin
744 1458 825 1493 solet
847 1482 860 1498 ,
892 1458 958 1502 jam
981 1460 1085 1493 nullos

79 1515 166 1539 certe
190 1504 292 1548 potest
312 1505 455 1547 accipere
469 1530 478 1546 ‚
502 1513 558 1537 aut
581 1503 707 1537 inillis
729 1503 853 1536 cunctis
876 1502 970 1536 inesse
992 1503 1086 1536 foeti-

77 1550 157 1585 bus.
182 1555 256 1582 cum
281 1549 385 1590 plures
409 1547 502 1590 supra
524 1550 538 1587 (
559 1547 610 1590 c)
633 1547 898 1586 memoraverim,
920 1548 973 1589 qui
1001 1546 1085 1579 nihil

77 1594 235 1629 omnino,
259 1591 317 1625 nisi
340 1589 424 1625 forte
447 1602 560 1634 aquam
579 1613 592 1630 ,
616 1591 700 1624 intra
721 1591 864 1623 cranium
886 1612 896 1628 ‚
930 1595 960 1623 ὅ(
984 1597 1087 1623 verte-

79 1637 150 1670 bras
174 1634 353 1669 habebant,
487 1635 545 1667 Sed
570 1633 751 1672 cerebrum,
775 1636 807 1667 &
830 1632 1010 1667 Medullam
1033 1633 1089 1667 ha-

79 1680 234 1718 buerunt,
258 1678 366 1720 inquis
387 1700 400 1718 ,
430 1686 522 1710 antea
542 1676 693 1711 videlicet
716 1688 813 1720 quarn
837 1686 1008 1719 utrumque
1032 1685 1086 1711 aut

81 1734 160 1766 aqua
182 1719 382 1760 dissolveret,
408 1729 463 1755 aut
486 1721 534 1754 vis
558 1721 617 1753 alia
641 1721 748 1763 aliqua
771 1719 832 1754 five
856 1722 1053 1763 opprimeret
1074 1743 1085 1760 ,

80 1765 146 1799 sive
163 1764 364 1799 extruderet.
388 1765 521 1799 Reffius
543 1763 596 1798 hic
620 1764 749 1807 quidem
781 1764 874 1797 sentis
898 1775 991 1806 quarn
1016 1765 1084 1797 Ex-

81 1809 255 1852 plicatores
274 1809 405 1851 plures,
427 1809 483 1851 qui
506 1807 540 1843 id
563 1809 695 1842 minime
720 1806 921 1841 attenderunt
943 1832 951 1839 .
984 1806 1097 1850 Qod

80 1852 102 1887 si
127 1852 165 1886 ad
189 1851 367 1895 primordia
389 1850 486 1894 usque
509 1851 656 1892 rediens,
681 1850 765 1885 nihil
790 1850 962 1894 utrobique
987 1873 996 1888 ‚
1031 1849 1088 1883 nisi

82 1895 275 1936 humorem,
297 1906 440 1938 unquam
462 1893 574 1936 fuisse,
597 1894 791 1935 contendas,
814 1894 944 1938 spiritus
958 1905 1031 1927 vero
1055 1895 1094 1929 ab

87 1950 259 1975 nervorum
281 1939 419 1982 gangliis
443 1948 586 1982 repetas,
609 1937 732 1982 aliquid
753 1937 867 1972 forsan>
882 1938 1024 1972 tribuens
1042 1936 1095 1976 su,-

83 1982 224 2026 spicioni
247 1994 344 2026 quam
366 1982 447 2015 olim
471 1983 488 2024 (
506 1983 526 2016 d
546 1985 560 2022 >
581 1982 637 2014 vix
658 1993 724 2015 uno
747 1991 802 2015 aut
815 1982 914 2016 altero
925 1983 1023 2015 verbo
1047 1992 1096 2015 at-

82 2027 145 2070 rigi
156 2050 170 2068 ,
192 2027 226 2059 in
249 2026 387 2070 gangliis
401 2023 533 2072 βονζαΠε
557 2025 695 2068 aliquam
709 2024 885 2069 spirituum
902 2023 976 2068 fieri
994 2025 1096 2068 ficre-

83 2070 222 2110 tioncm;
245 2081 305 2113 ego
321 2096 329 2110 ‚
354 2070 476 2102 tametsi
502 2079 601 2110 nuper
634 2070 809 2111 praelertim
833 2071 867 2103 in
901 2070 1040 2112 gangliis
1063 2080 1096 2101 a-

84 2112 167 2147 dulti
195 2113 319 2148 duobus
342 2113 444 2146 altero
466 2112 641 2149 mediocri,
667 2112 768 2146 altero
790 2114 930 2146 maxima
956 2112 1097 2146 crassitu-

83 2155 158 2191 dine
182 2156 329 2200 praeditis
354 2158 440 2189 inter
464 2166 516 2189 eos
537 2156 594 2197 qui
619 2154 656 2188 ad
678 2167 788 2192 nervos
810 2156 992 2189 Cervicales
1027 2154 1097 2199 spe-

84 2201 198 2238 stant,
221 2212 300 2235 mox
323 2199 506 2233 Brachiales
528 2197 720 2238 effec’turos,
743 2199 867 2232 tametsi
889 2220 898 2235 ‚
930 2200 1060 2243 inquam
1084 2221 1097 2238 ,

84 2245 125 2278 iis
149 2244 182 2276 in
205 2243 347 2286 gangliis
372 2241 542 2276 secundum
566 2241 804 2282 longitudinem
828 2240 969 2275 dissectis
992 2267 1000 2282 ‚
1024 2240 1097 2283 sub-

86 2286 235 2321 stantiam
255 2298 295 2320 ex
316 2287 442 2319 cinereo
465 2283 585 2317 fuscam
597 2284 746 2326 praeclare
768 2283 906 2318 viderim
919 2309 927 2324 ‚
951 2289 981 2319 &
996 2285 1098 2318 osten-

86 2329 187 2364 derim
208 2352 221 2370 ‚
250 2340 321 2372 quae
345 2339 418 2362 cum
441 2327 511 2360 alba
534 2326 688 2369 nusquam
710 2326 856 2370 permista
886 2330 901 2366 (
920 2326 1011 2371 cujus
1034 2336 1099 2361 erat

88 2373 196 2407 multo
229 2370 331 2414 major
352 2371 447 2413 copi-a
470 2395 478 2410 ,
512 2373 544 2403 δε
577 2372 715 2403 exterior
745 2372 779 2403 in
811 2371 948 2413 gangliis
980 2370 1101 2410 sedes)

89 2415 208 2450 horum
234 2426 324 2448 axem
347 2413 532 2457 sequebatur
553 2425 564 2451 3
589 2423 653 2445 non
677 2411 774 2446 aufim
795 2423 901 2446 tamen
924 2415 975 2447 illi
1001 2414 1101 2456 suspi-

90 2460 183 2493 cioni
207 2457 332 2501 pondus
356 2457 490 2490 addere:
514 2458 545 2488 δι.
569 2454 591 2488 si
616 2456 760 2490 auderem
781 2470 791 2495 ;
823 2457 930 2491 locum
954 2457 1005 2491 illi
1030 2458 1100 2491 for-

89 2501 165 2537 tasse
190 2502 327 2544 aliquem
350 2498 407 2533 esse
430 2498 541 2543 posse,
562 2499 721 2532 crederem
745 2524 758 2542 ,
788 2501 822 2533 in
846 2502 887 2534 iis
911 2500 949 2535 ad
975 2512 1101 2542 tempus

88 2544 221 2588 aliquod
244 2543 403 2577 servandis
436 2542 572 2577 foetibus
595 2543 715 2585 quibus
748 2543 914 2578 cerebrum
933 2566 943 2582 ,
974 2547 1006 2578 δι
1032 2544 1102 2577 Me-

87 2588 175 2624 dulla
199 2584 398 2621 absceffissent
423 2597 434 2627 ;
465 2597 530 2619 non
553 2596 629 2618 vero
663 2587 696 2619 in
720 2587 761 2620 iis
784 2587 901 2630 quibus
925 2587 993 2621 haec
1018 2598 1099 2621 nun-

88 2642 185 2677 quam
210 2629 338 2665 fuissent
358 2655 366 2663 .
400 2630 449 2664 At
470 2627 493 2662 fi
517 2627 602 2662 forte
624 2630 658 2661 in
681 2641 715 2663 ea
747 2630 902 2665 sententia
926 2629 1099 2665 nihilomi-

89 2680 149 2710 nus
174 2673 373 2718 perstandum
396 2673 481 2711 tibi,
506 2672 596 2716 quod
619 2673 741 2706 credere
765 2685 830 2707 non
854 2673 978 2718 possum
999 2698 1012 2715 ‚
1032 2675 1100 2707 exi-

90 2718 289 2756 stimaveris5
315 2717 378 2751 hoc
401 2728 502 2751 unum
525 2715 653 2756 dicam,
675 2716 698 2750 si
721 2718 777 2750 illa
801 2719 905 2760 prima
931 2742 943 2760 ,
969 2720 1001 2751 &
1026 2717 1102 2751 reli·-⁴

90 2774 155 2806 qua
177 2761 324 2803 deinceps
345 2763 380 2795 in
403 2770 495 2795 utero
516 2761 582 2793 vita
603 2771 675 2794 cum
696 2771 732 2794 ea
754 2761 816 2794 tibi
839 2760 967 2795 videtur
990 2759 1101 2794 confe-

95 2803 210 2843 renda,
235 2815 331 2848 quam
356 2804 458 2840 adulti
482 2802 651 2842 homines,
674 2802 714 2837 de
735 2803 854 2848 quibus
877 2804 979 2838 sermo
1002 2804 1101 2839 susce-

94 2858 169 2891 ptus
192 2848 255 2885 est,
279 2858 375 2891 agunt
397 2847 586 2888 sentiendo,
609 2847 810 2890 cogitando,
832 2846 1030 2889 judicando,
1054 2859 1102 2881 re-

94 2894 112 2926 s
131 2890 302 2932 ondend0,
325 2901 418 2935 atque
429 2916 442 2933 ,
466 2900 502 2925 ut
525 2901 605 2933 opus
627 2888 726 2925 fuerit
759 2892 941 2930 movendos
965 2892 1103 2925 viceris:

108 2946 139 2970 in
163 2943 298 2973 contra3
320 2935 486 2969 nobiscum
509 2932 626 2968 facies.

142 2989 190 3021 15.
215 2978 322 3011 Habes
346 2976 383 3010 de
404 2976 658 3021 Hydrocephalo
678 3002 687 3018 ,
712 2980 744 3011 &
766 2977 805 3011 de
826 2979 948 3022 Aqueis
974 2977 1100 3021 praeser-

94 3023 157 3056 tim
182 3022 287 3064 Spinae
310 3022 511 3056 Tumoribus
533 3033 570 3055 eo
594 3022 704 3064 plura,
726 3033 793 3064 quo
815 3024 920 3057 minus
938 3021 1018 3065 apud
1042 3032 1101 3055 nos

95 3067 131 3100 in
155 3065 270 3108 vulgus
291 3063 363 3098 sunt
386 3068 474 3099 noti.
502 3067 625 3099 Perrari
651 3065 738 3098 enim
768 3064 840 3098 sunt
862 3067 897 3098 in
921 3065 972 3099 his
994 3067 1100 3108 regio-

95 3109 189 3144 nibus
202 3120 213 3146 3
236 3117 303 3140 non
323 3105 417 3141 sicuti
439 3111 473 3142 in
503 3108 693 3152 quibusdam
717 3108 789 3146 aliis
807 3132 819 3149 ,
854 3107 930 3142 adeo
953 3108 1101 3153 frequen-

95 3162 164 3189 tes,
187 3160 224 3185 ut
246 3152 331 3183 intra
356 3151 473 3186 menses
494 3151 737 3195 quatuordecim
747 3152 884 3194 Burgius
907 3155 921 3192 (
942 3163 957 3186 e
979 3156 993 3193 >
1015 3154 1102 3186 Vra-

95 3196 232 3230 tislaviae
256 3203 319 3227 tres
341 3193 476 3228 viderit.
499 3195 598 3232 Quod
630 3194 652 3229 fi
675 3194 760 3230 forte
792 3195 829 3229 de
854 3204 990 3239 utroque
1012 3207 1100 3230 mor-

96 3240 141 3273 bo
163 3239 255 3281 plura
277 3238 367 3280 cupis
390 3249 401 3276 3
433 3237 471 3271 de
493 3238 745 3282 Hydrocephalo
767 3239 898 3284 quidem
921 3240 984 3272 tibi
1008 3247 1099 3282 pote-

95 3284 140 3316 rit
164 3280 337 3315 satisfacere
371 3281 435 3315 Vir
455 3281 508 3314 Cl.
529 3283 584 3327 Jo.
618 3282 705 3317 Rud.
732 3284 917 3325 Zwingerus
939 3280 1024 3325 (f)
1046 3306 1059 3323 ,
1082 3294 1099 3316 a

94 3337 162 3370 quo
185 3349 198 3365 ,
220 3334 294 3359 cum
318 3323 384 3358 haec
411 3324 578 3367 relegerem
600 3350 608 3365 ‚
639 3326 727 3360 illius
749 3327 893 3368 exempla
915 3336 979 3359 non
1001 3325 1099 3360 modo

97 3369 230 3402 collecta
252 3367 319 3400 vidi
338 3381 350 3406 5
384 3366 436 3401 sed
458 3370 490 3401 &⁴
512 3368 684 3412 diligenter
717 3380 752 3402 ac
773 3369 942 3404 distribute
965 3370 1048 3402 inter
1070 3370 1099 3403 se

97 3420 299 3454 comparata.-
321 3411 359 3445 de
381 3412 503 3454 Aqueis
527 3423 629 3446 aurem
652 3414 758 3456 Spinae
773 3414 999 3453 Tumoribus,
1023 3424 1103 3455 prae-

94 3464 147 3487 ter
168 3455 348 3497 Georgium
373 3454 460 3488 Frid.
487 3454 646 3490 Orthium
667 3458 701 3489 in
726 3457 810 3491 leetu
821 3457 937 3501 digna,
962 3456 1102 3499 utilique

97 3496 326 3534 Dissertatione
348 3502 362 3538 (
380 3500 437 3541 g')
454 3519 463 3536 ‚
486 3509 581 3541 quam
602 3522 615 3540 ,
645 3496 779 3535 Praeside
796 3501 853 3547 Jo.
877 3501 1068 3534 Salzmanno
1089 3524 1103 3541 ,

1108 288 1275 327 ediderat,
1299 288 1376 322 Viri
1401 287 1615 323 Eruditiffimi
1638 287 1801 320 Platnerus
1823 289 1837 326 <
1862 285 1882 318 h
1904 290 1942 326 ),
1965 289 1996 319 δε
2021 289 2109 321 Tre-

1108 334 1189 367 wius
1211 334 1225 370 (
1247 332 1259 365 i
1279 335 1292 370 )
1315 344 1324 363 :
1360 344 1494 374 quorum
1519 331 1573 364 ille
1603 342 1676 365 cum
1701 330 1739 363 cie
1762 330 1873 362 iisdem
1904 331 2105 364 Tumoribus

1111 374 1234 418 aliquid
1256 375 1448 416 attingeret,
1470 374 1535 416 ipse
1558 386 1684 418 quoque
1708 374 1927 415 plerorumque
1956 372 2118 406 indicavit

1116 420 1247 453 nomina
1271 419 1328 460 qui
1351 429 1462 452 eorum
1486 417 1630 457 historias
1653 416 1906 458 conscripserunt
1933 440 1944 456 ‚
1967 415 2020 449 hic
2044 427 2119 448 vero

1118 474 1194 496 cum
1217 462 1373 494 Auetores
1397 462 1476 495 alios
1499 460 1623 495 addidit
1648 483 1657 498 ,
1683 470 1751 493 tum
1777 460 1842 492 suas
1867 459 2034 501 proposuit
2058 460 2119 492 ob·-

1121 506 1344 542 sei-vationes,
1378 505 1588 547 omnibusque
1610 514 1664 547 per
1690 502 1766 535 ensis
1800 513 2022 544 argumentum
2054 501 2117 535 hoe

1121 550 1265 593 partite,
1290 546 1377 584 fuse,
1400 557 1601 590 accurateque
1621 571 1633 587 ,
1665 515 1687 580 Ξ
1711 546 1784 590 quis
1808 546 1886 579 alius
1908 568 1919 584 ,
1951 546 2122 587 pei-[iaeta-

1121 595 1170 629 vir
1184 616 1195 632 ,
1218 602 1274 624 nec
1307 591 1474 633 quomodo
1494 590 1650 633 conjiciat
1664 613 1674 629 ,
1699 589 1898 623 curationem
1921 591 2064 628 tentari,
2087 590 2120 621 &

1121 636 1239 673 absolvi
1263 632 1371 676 posse,
1395 633 1614 676 praetermisit.
1640 634 1793 674 Qorum
1816 631 1838 664 si
1863 632 2009 664 omnium
2034 632 2122 663 Scri-

1120 691 1173 726 pta
1195 688 1361 721 antequam
1385 676 1440 711 has
1463 679 1603 720 primum
1625 677 1667 711 ad
1690 685 1720 709 te
1743 676 1882 708 Litteras
1907 676 2068 707 mitterem
2089 674 2124 706 in

1121 735 1203 759 meas
1226 719 1430 764 pervenissent
1454 732 1585 761 manus‚·
1606 719 1755 754 dedissem
1778 719 1890 760 utique
1913 729 2040 759 operam
2056 740 2067 756 ,
2088 726 2126 750 ut

1124 765 1295 802 nonnullos
1316 788 1330 805 ,
1353 764 1468 806 quibus
1494 763 1598 798 adhuc
1622 774 1712 796 careo
1732 786 1744 802 ,
1776 761 1875 807 libros
1900 761 2093 793 nanciscerer
2117 782 2125 792 .

1125 812 1275 852 Pleraque
1299 816 1404 841 tamen
1438 819 1507 850 quae
1531 806 1632 840 morbi
1673 807 1836 847 utriusque
1861 802 2000 846 prostant
2022 814 2130 836 exem-

1126 856 1177 897 pla
1192 877 1204 893 ,
1226 861 1261 885 ut
1284 850 1390 884 videre
1413 861 1496 885 nunc
1520 852 1659 893 poteris,
1685 848 1933 893 commemoravi
1953 872 1961 887 ,
1985 849 2016 880 δε
2039 858 2129 889 quaea

1124 899 1198 931 dam
1220 895 1282 928 alia
1306 904 1359 929 aut
1383 895 1424 928 iis
1446 892 1654 936 quoslaudo,
1679 891 1856 934 praetervila
1872 914 1883 931 ,
1902 900 1956 923 aut
1973 889 2129 929 necdum,

1125 952 1197 975 curn
1222 938 1272 970 illi
1297 937 1506 980 scripserunt,
1529 937 1614 970 edita
1640 935 1790 977 adjunxi,
1815 933 1849 966 id
1868 934 1956 976 quod
1981 933 2131 967 omnibus

1125 985 1183 1028 qui
1205 982 1314 1016 ultimi
1338 981 1503 1020 scribunt,
1526 980 1620 1014 facile
1643 978 1685 1012 est
1706 1003 1719 1012 ..
1738 980 1804 1012 His
1824 980 1942 1011 interea
1966 989 2036 1021 quae
2059 977 2133 1012 dare

1128 1027 1242 1071 potui,
1263 1026 1380 1059 uteris.
1428 1024 1528 1057 Vale.

1177 1159 1225 1190 16.
1249 1156 1333 1190 VIX
1355 1152 1535 1196 Epistolam
1567 1151 1804 1194 obsignaveram
1826 1172 1835 1187 ‚
1870 1160 1944 1184 cum
1966 1149 2048 1184 illud
2071 1160 2138 1184 non

1133 1201 1231 1235 modo
1253 1210 1319 1233 non
1342 1196 1507 1240 speranti,
1531 1195 1581 1230 sed
1604 1207 1659 1228 nec
1683 1194 1833 1235 opinanti
1856 1193 1988 1236 quidem
2021 1192 2141 1226 mirifi-

1133 1257 1167 1279 ce
1191 1242 1311 1277 accidit
1346 1239 1432 1282 quod
1459 1250 1622 1283 nunquam
1654 1245 1745 1272 antea
1763 1260 1776 1277 ,
1809 1246 1844 1270 ut
1870 1238 1994 1271 PUER
2018 1235 2058 1270 ad
2091 1248 2141 1269 me

1137 1287 1264 1322 consilii
1287 1284 1376 1320 causa
1401 1280 1562 1317 afferretur
1580 1282 1622 1315 ob
1644 1291 1804 1315 tumorem
1829 1279 1868 1313 ad
1891 1280 2049 1316 lumbares
2073 1291 2142 1314 ver-

1138 1332 1243 1365 tebras
1267 1337 1448 1364 extantem.
1473 1329 1562 1361 Dum
1585 1333 1706 1359 exuunt
1725 1348 1738 1364 ,
1761 1333 1797 1357 ut
1820 1323 2023 1365 inspiciam,
2053 1334 2152 1366 quae-v

1137 1387 1196 1413 ro,
1220 1375 1359 1408 valeatne
1384 1370 1515 1404 artubus
1537 1367 1746 1411 inferioribus
1772 1365 1785 1399 ?
1818 1370 1850 1401 &
1876 1377 1948 1400 eum
1980 1365 2014 1400 id
2047 1378 2144 1409 nega-

1136 1429 1225 1452 rent,
1249 1414 1468 1461 pellucidusne
1491 1413 1529 1446 fit
1553 1422 1663 1446 tumor
1687 1423 1720 1444 ac
1743 1409 1766 1443 fi
1792 1422 1905 1454 aquam
1928 1411 2108 1444 contineret
2131 1412 2144 1442 ἓ

1135 1461 1223 1506 quod
1245 1461 1406 1494 continuo
1425 1456 1586 1490 affirmant
1601 1482 1610 1496 ,
1633 1456 1901 1496 interrogationes
1923 1452 2056 1495 quae'ad
2078 1464 2147 1487 rem

1136 1505 1215 1539 adeo
1238 1504 1400 1543 facerent,
1422 1503 1595 1534 mirantes.
1620 1497 1721 1576 (QZ-{od
1745 1508 1783 1530 ex
1817 1496 2073 1539 responsionibus
2096 1507 2148 1540 ar-

1138 1559 1291 1589 gueram,
1315 1557 1392 1581 mox
1413 1555 1524 1579 verum
1547 1541 1603 1583 esse
1631 1565 1641 1580 ,
1690 1539 1860 1583 eprehendi
1883 1564 1891 1571 .
1926 1541 2058 1574 Tumor
2079 1548 2148 1573 er-at

1139 1588 1248 1626 inollis
1271 1590 1312 1625 fic
1336 1590 1433 1628 satis,
1455 1598 1569 1629 perque
1591 1584 1657 1628 ejus
1681 1585 1816 1628 parietes
1839 1583 1995 1627 plerisque
2006 1584 2041 1617 in
2064 1583 2147 1616 locis

1141 1646 1220 1679 aqua
1242 1632 1391 1668 conclusa
1413 1628 1657 1664 manifestissime
1681 1627 1897 1662 translucebat
1917 1651 1925 1659 .
1962 1629 1994 1661 Is
2012 1627 2051 1661 ab
2072 1635 2150 1661 ortu

1140 1682 1293 1722 exiguus,
1318 1679 1403 1710 intra
1427 1673 1535 1707 decem
1559 1671 1675 1706 menses
1698 1670 1736 1704 ad
1768 1669 2025 1717 magnitudinem
2049 1671 2151 1714 pugni

1136 1731 1336 1759 excreverat,
1361 1728 1398 1753 ut
1422 1729 1478 1758 ea,
1500 1728 1564 1750 non
1589 1717 1694 1750 minus
1707 1726 1802 1758 quam
1826 1713 1914 1751 sede,
1938 1714 2154 1749 illumomni-

1138 1778 1180 1800 no
1204 1762 1331 1799 referret
1353 1773 1446 1806 quem
1471 1761 1600 1804 pistum
1617 1758 1706 1795 dedit
1730 1756 1913 1801 Ruyschius
1935 1761 1948 1796 (
1969 1758 1988 1798 l<
2005 1758 2045 1801 ).
2070 1759 2152 1791 Erat

1139 1821 1215 1853 puer
1240 1818 1395 1850 magnus,
1420 1804 1517 1838 fortis
1540 1826 1548 1841 ‚
1581 1803 1764 1846 egregieque
1788 1803 1928 1835 nutritus
1950 1801 2081 1836 artubus
2103 1808 2154 1834 et-

1141 1855 1207 1886 iam
1221 1877 1233 1893 ,
1256 1851 1375 1895 quibus
1398 1848 1566 1882 dumtaxat
1590 1855 1656 1880 erat
1679 1845 1816 1882 debilis,
1843 1844 2050 1879 inferioribus
2074 1858 2081 1877 :
2105 1855 2154 1878 re-

1144 1898 1194 1931 &e
1220 1896 1320 1929 etiam
1342 1892 1563 1929 conformatus
1586 1914 1595 1929 ,
1618 1888 1677 1923 nisi
1700 1888 1788 1932 quod
1810 1900 1836 1921 ae
1863 1900 1905 1923 uo
1928 1888 2079 1931 grandius
2101 1899 2155 1922 ca-

1145 1950 1226 1982 put,
1248 1938 1446 1980 caeteroquin
1471 1935 1578 1969 sanum
1598 1958 1607 1972 ‚
1642 1934 1677 1966 in
1699 1933 1854 1966 omnium'
1869 1933 1981 1966 ocuios'
2011 1934 2157 1966 incurre⁴=

1146 1984 1231 2022 bat,·
1253 1982 1337 2016 reete
1357 2003 1365 2017 ,
1389 1982 1518 2022 inquam
1540 2002 1553 2019 ,
1586 1979 1628 2011 iis
1649 1988 1775 2019 quoque
1800 1977 1931 2010 artubus
1954 1988 2034 2020 quos
2058 1975 2159 2010 modo

1146 2026 1292 2061 dicebam
1306 2047 1315 2063 ,
1339 2022 1583 2062 conformatus,-
1607 2030 1643 2056 ut
1667 2031 1706 2053 ex
1728 2030 1813 2053 novo
1836 2018 1898 2053 hoc
1912 2020 2092 2066 «exemplo,
2113 2020 2159 2054 ad

1147 2073 1239 2115 plura
1263 2069 1324 2102 alia
1349 2066 1485 2107 addito,
1508 2065 1578 2100 falli
1600 2063 1835 2111 intelligerem,
1856 2062 1938 2108 siqui
1959 2065 2093 2100 intortis
2105 2075 2162 2108 pe„

1138 2114 1240 2150 „dibus
1264 2110 1348 2145 nasci
1378 2110 1569 2153 omnesqui
1603 2118 1731 2143 tumore
1755 2106 1940 2151 hujusmodi
1974 2110 2122 2144 laborant
2145 2132 2159 2149 ‚

1135 2156 1320 2201 'propterea
1343 2152 1526 2188 existimant
1553 2177 1566 2195 ,
1597 2151 1686 2197 quod
1708 2149 1825 2185 horum
1848 2152 1973 2196 aliquot
1994 2152 2038 2187 fic
2061 2163 2159 2187 natos

1149 2200 1204 2235 else
1228 2222 1237 2237 ‚
1262 2198 1555 2232 animadverterunt
1578 2208 1587 2229 .·
1621 2207 1703 2238 quos
1726 2196 1809 2228 inter
1840 2206 1878 2229 an
1910 2197 1987 2230 bene
2044 2196 2160 2231 uellam·

1150 2243 1291 2277 referant
1315 2241 1519 2284 aStalpartio
1540 2243 1554 2280 (
1574 2241 1587 2273 l
1608 2243 1622 2280 )
1645 2239 1865 2282 propositam,
1888 2239 1955 2283 ipse
1974 2239 2009 2283 J'u
2034 2240 2133 2276 icabis
2148 2254 2159 2273 ι

1151 2298 1211 2330 ego
1233 2294 1268 2320 ut
1300 2284 1422 2327 peffime
1445 2283 1590 2318 distortis
1613 2281 1746 2325 pedibus
1777 2281 1868 2316 fuisse
1890 2307 1903 2324 ‚
1934 2284 2084 2326 praeclare
2107 2284 2161 2317 vi-

1152 2332 1212 2365 deo
1233 2341 1244 2368 3
1276 2327 1316 2361 sic
1340 2338 1501 2362 tumorem
1532 2338 1597 2370 quo
1619 2326 1654 2358 in
1677 2325 1795 2359 lumbis
1819 2324 2056 2362 deformabatur
2074 2351 2087 2367 ,
2120 2325 2161 2361 ad

1152 2386 1206 2407 eos
1229 2369 1388 2406 attinuisse
1410 2372 1448 2404 de
1472 2371 1588 2414 quibus
1610 2367 1664 2403 hic
1690 2370 1833 2411 agimus,
1856 2381 1920 2403 non
1943 2369 2019 2405 satis
2043 2371 2162 2408 video‚'

1282 2415 1340 2449 Sed
1365 2414 1403 2448 ad
1430 2425 1562 2457 puerum
1585 2412 1727 2446 nostrum
1751 2421 1787 2445 ut
1811 2412 1956 2453 redeam3
1981 2425 2047 2447 non
2070 2416 2161 2457 igna-

1153 2471 1206 2493 rus
1230 2459 1338 2492 alienae
1363 2457 1476 2500 saepius
1499 2457 1609 2490 nimiae
1631 2453 1855 2496 credulitatis,
1878 2468 1916 2490 ex
1927 2467 2029 2491 matre
2053 2467 2159 2494 tamen

1153 2501 1303 2545 quaesivi,
1329 2510 1423 2534 aetare
1447 2501 1581 2534 florente
1601 2523 1610 2539 ‚
1642 2509 1697 2531 nec
1723 2500 1826 2532 minus
1850 2499 1921 2533 sana
1942 2513 2038 2544 quam
2061 2504 2161 2537 mari-

1153 2556 1227 2582 tus,
1250 2556 1328 2579 num
1349 2544 1604 2587 primogenitum
1626 2541 1710 2576 hunc
1734 2543 1824 2577 suum
1846 2552 1938 2577 utero
1960 2556 2071 2588 gerens
2091 2571 2100 2586 ‚
2121 2548 2160 2582 in

1149 2588 1279 2622 dorsum
1302 2586 1462 2622 cecidisset
1483 2610 1495 2626 ,
1531 2596 1586 2621 aut
1610 2584 1746 2629 percussa
1770 2585 1841 2620 esset
1860 2611 1873 2628 ,
1906 2597 1958 2622 aut
1982 2590 2158 2634 quidquam

1151 2630 1323 2676 horruisset
1338 2631 1583 2671 „timuiss‘etve,
1607 2639 1660 2665 aut
1684 2629 1820 2674 denique
1843 2631 1991 2674 cupidius
2002 2634 2158 2678 optasset?

1151 2688 1223 2719 quae
1246 2676 1356 2709 omnia
1378 2685 1455 2710 tunc
1491 2673 1622 2719 quidem
1648 2672 1763 2708 diserte
1787 2676 1914 2717 negavit
1935 2687 1948 2717 ,·
1976 2689 2061 2720 quan
2087 2690 2160 2713 uam

1152 2718 1280 2763 postea,
1303 2729 1338 2753 ut
1361 2719 1556 2754 mulierculis
1580 2718 1659 2751 solet
1679 2739 1690 2756 ‚
1722 2719 1756 2751 in
1778 2727 1916 2752 mentem
1939 2722 2026 2755 venit
2083 2733 2157 2755 cum

1153 2762 1367 2806 concupiisse.
1501 2764 1661 2795 Caeterum
1685 2761 1774 2805 quod
1797 2761 1836 2796 ad
1845 2760 2015 2798 confilium
2039 2766 2158 2799 attine-

1152 2807 1231 2847 bat,
1255 2817 1329 2840 cum
1353 2806 1485 2851 praecise
1510 2804 1689 2847 negassem,
1713 2816 1786 2839 eum
1808 2805 1940 2848 quidem
1953 2817 2087 2849 puerum
2110 2809 2157 2843 sa-

1151 2851 1221 2884 nari
1245 2847 1330 2894 posse
1342 2862 1356 2891 ;
1378 2850 1461 2884 illud
1485 2851 1582 2882 etiam
1606 2857 1699 2890 atque
1722 2850 1823 2882 etiam
1843 2849 2002 2884 inculcavi
2020 2875 2033 2891 ,
2062 2863 2156 2887 cave..

1151 2904 1246 2934 rent,
1268 2904 1307 2926 ne
1330 2897 1404 2937 quis
1427 2902 1587 2926 tumorem
1609 2891 1765 2925 incideret
1789 2904 1799 2931 3
1832 2900 1924 2926 tanto
1947 2896 2034 2928 enim
2055 2896 2155 2932 citius

1152 2948 1286 2980 puerum
1309 2938 1533 2970 interiturum.
1558 2937 1659 2968 Erant
1683 2935 1830 2969 homines
1851 2937 2021 2979 agricolae,
2044 2950 2156 2982 quem-

1151 2980 1326 3015 admodum
1350 2983 1381 3014 &
1407 2988 1547 3022 parentes
1569 2979 1658 3012 illius
1676 2977 1826 3025 *infantis
1846 2991 1943 3024 quem
1964 2980 2055 3025 supra
2078 2985 2156 3024 (m)

1151 3024 1427 3063 commemoravi,
1449 3024 1502 3056 cui
1524 3031 1632 3056 tumor
1654 3022 1794 3063 ejusdem
1815 3034 1936 3058 naturae
1959 3035 2032 3060 cum
2053 3028 2156 3060 cranii

1151 3069 1255 3110 magis
1277 3078 1374 3110 quam
1396 3077 1471 3099 cum
1496 3067 1601 3108 Spinae
1624 3076 1700 3099 cavo
1714 3067 1992 3102 communicabat.
2019 3069 2080 3103 Sed
2102 3069 2155 3103 illi

1151 3111 1181 3144 sa
1207 3111 1378 3149 ientiores,
1403 3111 1460 3153 qui
1486 3110 1660 3156 periculum
1685 3121 1701 3142 a
1724 3122 1774 3144 me
1784 3110 1973 3154 praedictum
1994 3112 2156 3151 verentes.

1151 3156 1182 3188 C
1210 3155 1327 3196 irurgis
1358 3154 1461 3200 valere
1483 3152 1567 3195 jussis
1587 3175 1596 3190 ‚
1628 3152 1785 3188 infantem
1807 3155 1940 3189 domum
1974 3155 2154 3192 retulerunt

1148 3197 1255 3241 quoad
1278 3199 1367 3231 Deus
1391 3199 1524 3234 sineret,
1547 3197 1728 3231 vieturum.
1754 3198 1802 3231 Hi
1825 3209 1899 3231 vero
1921 3198 1976 3231 vix
1999 3210 2015 3231 a
2037 3210 2088 3232 me
2101 3198 2154 3233 di-

1148 3241 1256 3285 gressi,
1279 3251 1353 3275 cum
1377 3241 1411 3273 in
1434 3239 1634 3283 Chirurgum
1658 3239 1745 3275 forte
1768 3239 1949 3275 incidiss‘ent
1963 3242 2020 3284 qui
2043 3242 2072 3276 sc
2082 3244 2156 3286 qui-

1150 3285 1223 3318 dem
1237 3307 1249 3326 ,
1270 3294 1306 3318 ut
1328 3284 1437 3318 caeteri
1461 3285 1493 3316 &
1514 3282 1636 3317 Medici
1658 3288 1691 3318 ὃ(
1713 3284 1869 3327 Chirurgi
1900 3286 1957 3331 qui
1979 3293 2050 3318 ante
2071 3297 2121 3319 me
2141 3310 2155 3329 ,

1151 3339 1284 3372 puerum
1306 3328 1449 3370 plerique
1472 3325 1687 3368 inspexerant,
1711 3338 1871 3369 nunquam
1891 3327 2083 3370 ejuscemodi
2103 3338 2156 3363 tu-

1151 3383 1271 3405 morem
1292 3370 1422 3407 vidisse,
1447 3372 1479 3403 &
1503 3370 1605 3413 qualis
1628 3371 1703 3405 esset
1725 3394 1733 3408 ,
1757 3372 1904 3413 ignorare
1924 3393 1934 3409 ‚
1968 3370 2121 3406 fateretur
2144 3398 2154 3414 ,

1152 3415 1202 3448 sed
1227 3425 1331 3448 tamen
1355 3412 1442 3456 quod
1465 3415 1571 3447 caeteri
1595 3415 1637 3447 ob
1659 3414 1692 3448 id
1715 3413 1819 3456 ipsum
1842 3413 1905 3449 ausi
1918 3425 1982 3448 non
2006 3415 2155 3456 fucrant,

1155 3458 1184 3491 se
1208 3457 1444 3501 persanaturum
1467 3459 1691 3499 promitteret5
1713 3456 1857 3491 hominis
1879 3467 1972 3492 aetate
1995 3469 2030 3491 ac
2051 3459 2153 3493 confi-

1154 3503 1261 3536 dentia
1284 3502 1450 3545 permoti,
1473 3499 1567 3534 facile
1588 3501 1676 3543 quod
1696 3500 1867 3543 cupiebant
1881 3528 1891 3543 ‚
1912 3501 2117 3536 crediderunt
2142 3527 2152 3535 .

1996 3546 2029 3580 Is
2051 3546 2115 3589 igi-

223 3727 237 3756 )
253 3726 321 3756 Degli
338 3726 425 3753 Anim.
442 3726 491 3751 viv.
545 3728 563 3760 ⁸(
580 3734 595 3751 a
610 3725 625 3755 )
637 3726 657 3757 .¹·
672 3726 701 3751 de
717 3729 815 3759 Juvent.
833 3736 856 3753 e.
873 3736 898 3754 1,

219 3757 233 3786 )
247 3757 345 3783 Advers.
363 3759 435 3782 Anat.
454 3758 488 3781 Π.
505 3757 617 3781 Animus.
636 3765 674 3787 34.

219 3787 230 3817 )
252 3790 287 3812 rx
304 3787 413 3817 quibusd.
429 3787 557 3811 Tumorib.
575 3788 663 3813 Tunic.
683 3788 811 3813 Externis.

223 3820 236 3849 2
253 3817 312 3842 obs.
331 3821 404 3843 Anat.
422 3818 489 3843 cuir.
507 3819 560 3846 Fig.
579 3823 615 3848 36.

958 3730 972 3758 (
987 3729 1002 3753 b
1016 3726 1030 3757 2
1046 3728 1169 3753 Offervaz.
1185 3728 1231 3753 int.
1247 3729 1293 3753 alle
1310 3728 1464 3758 Tartarughe
1475 3747 1482 3754 .

736 3758 745 3788 (
763 3767 775 3782 e
791 3760 802 3789 )
818 3759 880 3789 Eph.
897 3760 931 3784 N.
947 3760 977 3784 C.
994 3761 1051 3782 Dec.
1070 3767 1092 3793 ²!-
1109 3760 1139 3782 A.
1156 3762 1180 3783 6.
1197 3758 1258 3783 Obs.
1276 3762 1311 3789 58.

873 3791 888 3819 (
903 3790 918 3813 h
932 3790 946 3817 )
961 3791 1046 3816 progr.
1062 3794 1103 3813 cit.
1121 3789 1189 3818 supra
1205 3791 1234 3814 ad
1250 3797 1274 3813 n.
1295 3797 1330 3814 11.

677 3819 692 3847 (
706 3818 716 3842 Ι
732 3820 740 3847 l
756 3820 820 3844 Part.
840 3826 860 3845 i.
880 3822 949 3844 Cent-
966 3818 1062 3844 ztobs.
1080 3821 1138 3844 Rar.
1157 3827 1194 3850 34,

1375 3760 1389 3788 (
1403 3759 1418 3789 f
1432 3760 1446 3789 )
1460 3760 1515 3785 Ast.
1532 3730 1651 3784 ἷξεῖνέιίἓῖ
1667 3732 1723 3785 {sol-
1742 3767 1762 3784 r.
1781 3767 1803 3784 c.
1821 3767 1842 3785 ι,

1258 3820 1273 3849 ζ
1288 3828 1312 3845 m
1328 3820 1338 3853 )
1355 3827 1369 3844 n
1393 3791 1431 3845 (lg
1447 3792 1456 3821 )
1472 3793 1611 3817 Commerc.
1627 3791 1671 3816 cit.
1682 3790 1749 3821 supra
1763 3790 1793 3815 ad
1809 3799 1834 3815 n.
1847 3798 1882 3816 ιο.
1899 3791 1978 3818 Hebd.
1994 3792 2064 3818 am&
2081 3798 2119 3816 η,

2207 1902 2229 1965 ‘a‘
