2498 4075
581 191 806 257 Epistola
846 193 1007 247 Anat.
1040 194 1255 247 Medica
1292 193 1437 248 V111.
1475 197 1593 249 Art.
1631 215 1705 250 ιο.

131 267 258 304 naribus
283 267 337 300 vix
360 271 516 304 emunftis
541 268 664 312 sanguis
688 269 863 303 destillabat
875 294 887 311 ,
911 274 944 304 δε
966 283 1044 306 mox
1056 271 1127 315 post

130 313 246 345 ventris
269 310 396 344 dolores
420 312 518 347 fluida
542 312 660 355 dejeeta
684 312 755 347 sunt
777 315 886 347 colore
909 314 1032 348 tabacci
1055 340 1064 355 ‚
1093 318 1126 349 &

131 352 241 388 diebus
253 352 321 396 post
332 356 440 397 paucis
455 368 518 389 non
528 356 589 389 sine
601 355 722 396 frigore
733 357 822 390 audita
838 357 880 390 est
889 356 987 390 febris
999 382 1006 389 .

131 399 243 439 Itaque
267 396 322 431 etsi
345 407 452 432 totum
475 398 705 442 propemodum
730 400 943 441 Septembrem
979 410 1125 433 naturam

130 438 276 481 adjuvare
300 450 433 475 conatus
455 442 545 482 sum,
569 451 605 475 ut
629 453 674 474 res
698 441 822 483 poscere
846 442 1055 479 videbantur,
1074 445 1125 475 ni-

128 483 176 518 hil
199 484 298 526 magis
320 494 429 518 cavens
451 496 547 528 quam
571 496 609 518 ne
631 494 687 517 aut
710 482 775 527 ejus
791 494 898 520 motus
912 486 1124 528 impedirem,

128 534 182 561 aut
207 529 283 568 aegri
306 528 387 561 vires
410 536 597 568 attererem;
618 539 683 560 non
706 527 804 561 modo
826 527 880 562 hic
903 540 966 563 non
977 530 1124 563 convale-

126 568 256 609 scebat;
282 569 332 603 sed
354 570 482 604 morbus
505 583 543 604 ex
565 571 679 604 morbo
696 571 882 605 oriebatur.
908 574 996 607 Nam
1011 571 1125 614 postri-

125 613 178 646 die
200 624 295 656 quarn
318 611 438 653 febris,
459 617 508 647 uti
532 613 654 648 dictum
678 612 741 654 est,
763 614 910 648 nonnihil
933 614 962 648 se
984 614 1126 648 intende-

125 666 174 690 rat
189 679 202 696 ‚
225 655 348 691 affiduae
370 654 410 688 de
434 655 485 690 siti
510 658 643 700 querelae
658 681 670 697 ,
693 661 725 692 δε
749 655 868 699 facies,
890 669 924 692 ac
948 658 1038 701 pedes
1073 667 1126 692 tu-

127 709 245 734 mentes
259 713 274 739 ,-
294 702 326 732 &
347 708 456 732 venter
478 699 567 742 supra
591 701 781 735 umbilicum
803 702 917 743 aequali
950 712 1073 736 tumore
1096 701 1126 735 se

127 743 295 779 attollens,
320 742 412 776 simul
425 743 536 777 instare
553 743 755 787 hydropem,
780 742 871 777 simul
886 743 1002 786 adesse,
1025 744 1126 778 osten-

124 786 238 820 derunt
253 810 260 816 .
285 785 355 822 Qui
378 797 477 828 porro
500 786 579 820 adeo
600 785 768 820 confestim
792 788 947 828 increvit,
968 797 1004 821 ut
1025 799 1125 831 quan-

124 840 219 873 quam
242 829 340 862 urinae
351 851 365 869 ,
387 840 437 862 me
459 841 588 874 quoque
611 830 724 863 leniter
747 828 937 871 adjuvante,
960 842 1022 863 non
1046 843 1124 873 pau-

123 884 166 907 cae
191 881 298 909 erant,
322 874 354 905 &
380 884 456 905 mox
478 874 525 906 vel
550 875 651 915 magis
673 873 875 916 profluebant
887 886 905 912 3·
921 883 1025 907 tamen
1060 885 1123 907 non

123 915 221 950 modo
243 914 295 947 fiti
320 914 436 957 semper
459 915 692 950 vehementiore
713 916 796 950 faeta
807 939 819 956 ,
833 917 1003 960 &aquoso
1017 926 1125 950 turno-

79 994 81 997 Α
121 971 155 992 re
174 958 230 993 sub
253 958 428 991 universam
451 969 557 994 cutem
582 959 611 993 se
634 959 663 994 se
686 959 894 999 extendente,
918 959 968 992 sed
991 963 1023 993 δε
1045 959 1124 992 sicca

120 1001 213 1041 ruffi,
236 1012 337 1044 eoque
359 1000 522 1036 infestiore
539 1028 551 1043 ‚
573 1003 660 1046 quod
682 1004 811 1036 decolor
833 1001 957 1045 sanguis
969 1003 1015 1035 vel
1030 1003 1124 1045 perse

122 1044 161 1078 de
185 1044 313 1079 naribus
337 1044 415 1087 saepe
439 1046 609 1088 prodibat,
635 1049 668 1082 &
690 1045 817 1080 difficili
831 1045 1037 1087 respiratione
1047 1057 1123 1079 cum

119 1089 248 1122 stertore
262 1111 276 1128 ,
298 1088 502 1131 viriumque,
527 1102 559 1123 ac
582 1088 687 1132 pulsus
717 1089 905 1122 infirmitate
928 1100 1047 1132 aegrum
1070 1100 1124 1122 ur-

117 1141 211 1175 gente
227 1155 235 1169 ‚
259 1142 298 1163 eo
320 1142 366 1164 res
390 1133 473 1166 intra
496 1134 660 1176 quinque,
684 1131 767 1166 haud
792 1132 947 1174 amplius,
971 1131 1039 1166 dies
1068 1131 1122 1164 de-

120 1176 217 1212 ducta
240 1173 314 1208 esset
328 1198 341 1215 ,
363 1184 398 1209 ut
422 1175 573 1219 loquendi
597 1177 692 1209 etiam
713 1175 866 1209 facultate
888 1173 993 1209 amissa
1022 1198 1031 1213 ‚
1063 1187 1121 1217 pro

119 1217 265 1260 deposito
280 1242 288 1257 ‚
312 1220 345 1251 ὃς
368 1216 432 1261 J'arn
455 1218 519 1262 jam
543 1220 703 1256 morituro
725 1219 764 1252 ab
774 1217 1120 1252 omnibushaberetur.

121 1261 213 1295 Mihi
237 1272 313 1293 vero
335 1263 650 1306 quantulumcunque
673 1264 706 1296 in
732 1263 892 1305 praecipiti
914 1261 986 1295 casu
1009 1263 1120 1295 liceret

113 1316 213 1348 neque
238 1314 347 1342 antea,
373 1316 472 1348 neque
484 1308 756 1344 tuuc-omittenti‚
783 1307 944 1340 urinarum
957 1316 1027 1348 quae
1047 1305 1123 1339 flue-

114 1359 146 1381 re
169 1347 339 1391 pergebant
355 1373 364 1388 ‚
388 1350 484 1391 copia
507 1350 627 1392 aliquid
639 1349 772 1393 speculae
785 1348 980 1392 relinquebat
994 1361 1003 1379 .·
1026 1359 1123 1392 quam

118 1402 195 1425 mox
217 1390 368 1425 nonnihil
385 1404 498 1426 auxere
515 1391 734 1427 animadversae
745 1393 934 1434 perminutae
945 1390 1030 1433 quafi
1058 1403 1126 1425 are-

118 1435 199 1469 nulae
211 1458 223 1475 ‚
246 1446 316 1478 quae
329 1435 562 1470 confertiffimae
584 1434 726 1470 universa
749 1437 922 1469 vitrearum
933 1435 1123 1469 matularum

113 1479 241 1512 interna
264 1478 362 1511 latera
387 1479 621 1522 propemodum
644 1478 851 1521 operiebant;
876 1478 940 1511 hoc
963 1479 1048 1510 enim
1062 1481 1123 1511 mi-

115 1522 150 1555 hi
175 1522 209 1554 in
234 1523 327 1565 aegris
351 1523 496 1564 pluribus
519 1522 710 1556 adnotatum
735 1522 840 1556 felicis
863 1520 1048 1554 morborum
1073 1522 1122 1554 so-

111 1565 247 1599 lutionis
269 1565 451 1606 indicium,
474 1575 509 1600 ut
533 1564 632 1599 fufius
658 1566 734 1598 alias
757 1568 824 1608 (q)
848 1564 885 1598 ad
908 1574 939 1597 te
962 1564 1120 1603 scribam,

115 1619 276 1651 nunquam
299 1608 401 1642 fallax
425 1608 462 1642 ad
486 1609 521 1642 id
545 1618 669 1650 tempus
692 1607 979 1656 deprehenderam.
1004 1609 1049 1641 Et
1072 1608 1119 1641 sa-

109 1663 146 1685 ne
171 1663 251 1691 aeger
275 1652 370 1693 paulo
393 1653 498 1686 minus
522 1653 601 1685 male
614 1651 749 1691 habere,
773 1654 878 1694 &jam
890 1651 1003 1694 loqui,
1026 1663 1119 1685 mox-

108 1707 169 1738 que
192 1694 324 1728 universi
348 1698 492 1738 corporis
517 1707 645 1735 tumor,
670 1699 700 1729 ἃς
725 1695 794 1728 fitis
828 1694 999 1728 decrescere
1016 1718 1028 1735 ,
1061 1705 1117 1728 nec

107 1737 230 1780 sanguis
254 1738 390 1781 amplius
414 1738 451 1772 de
475 1739 603 1774 naribus
628 1738 758 1781 prodire
779 1764 785 1770 .
804 1740 1009 1772 Stertortum
1019 1739 1118 1770 etiam

108 1780 397 1824 perstabatatamen
412 1807 419 1814 .
447 1781 506 1817 Sed
529 1782 641 1817 triduo
667 1784 721 1816 vix
746 1782 853 1825 elapso
874 1793 913 1815 ex
934 1794 1001 1826 quo
1033 1793 1118 1815 mors

102 1824 223 1858 instare
245 1823 310 1858 visa
337 1825 439 1859 suerat
450 1849 462 1866 ,
485 1826 572 1860 nulla
594 1824 659 1868 jam
682 1825 780 1859 ferme
802 1824 961 1868 supererat
985 1824 1120 1859 ducendi

110 1868 240 1910 spiritus
266 1867 459 1909 difficultas,
484 1868 670 1912 duobusque
694 1868 814 1903 additis
837 1869 970 1909 diebus,
994 1870 1119 1903 nullum

104 1911 236 1954 usquam
261 1910 415 1956 hydropis
441 1912 633 1955 vestigium,
656 1921 691 1945 ut
715 1921 798 1955 quot
821 1913 906 1946 intra
927 1911 992 1946 dies
1016 1913 1118 1945 incre-

106 1964 215 1994 verat,
239 1955 326 1989 intra
349 1955 486 1990 totidem
511 1958 693 1990 evanuerit.
719 1957 789 1989 Vix
815 1956 899 1990 tuffis
939 1957 1117 1990 recurrebat

105 1997 307 2042 aliquand0,
331 2011 400 2041 quae
425 1999 516 2033 semel
542 1998 692 2034 nonnihil
705 1998 891 2042 sanguinis,
915 1999 965 2033 sed
977 2001 1118 2033 beneco-

109 2042 231 2082 lorati,
253 2053 268 2074 e
293 2042 421 2076 naribus
446 2044 596 2083 excussit,
619 2046 650 2076 ὃ(
674 2054 902 2086 nonnunquam
925 2042 987 2086 jam
1007 2041 1118 2077 faciles

104 2085 232 2118 somnos
257 2086 425 2120 turbavit.
450 2088 514 2121 Cui
541 2098 604 2120 non
628 2085 761 2120 difficile
786 2086 852 2120 fuit
878 2098 1061 2126 occurrere,
1087 2096 1123 2121 ut

110 2129 216 2162 alvum
237 2141 365 2189 emaque
388 2139 464 2164 tunc
477 2131 574 2164 nimis
601 2129 779 2163 adstrictam
801 2129 943 2170 solvere,
969 2125 1123 2172 simulque

104 2171 285 2215 detergere.
313 2176 426 2216 Itaque
450 2173 519 2216 post
543 2175 674 2216 longum
688 2172 853 2207 fastidium
875 2174 1034 2215 cupiditas
1057 2173 1122 2206 cibi

107 2216 221 2249 oborta
244 2216 312 2256 est,
335 2217 524 2259 pulsusque,
548 2216 615 2259 jam
637 2225 727 2248 antea
751 2215 836 2248 baud
861 2217 998 2258 amplius
1022 2216 1123 2249 imbe-

104 2258 176 2292 cilli
188 2282 200 2298 ,
226 2258 278 2293 sed
301 2258 504 2300 frequentes,
526 2270 609 2293 nunc
634 2259 739 2292 minus
749 2258 850 2291 crebri
864 2259 1097 2302 esse-coeperunt
1112 2283 1121 2299 ,

112 2304 145 2334 δε
169 2301 256 2335 alvus
279 2301 429 2344 quotidie
451 2314 505 2344 per
529 2302 557 2335 se
580 2301 790 2344 respondere,
814 2305 846 2335 δε
871 2304 953 2335 vires
964 2303 1120 2345 paulatim

112 2344 260 2383 restitui,
281 2354 317 2378 ut
337 2343 402 2386 J'am
426 2346 459 2379 in
481 2346 565 2379 lecfto
578 2346 679 2378 sedere
690 2343 820 2378 diufine
832 2345 1027 2379 detrimento
1038 2358 1119 2389 aeger

108 2386 230 2431 posset.
357 2390 435 2434 Jam
458 2400 505 2422 res
526 2390 561 2421 in
586 2388 667 2420 vado
678 2386 734 2421 esse
746 2386 938 2428 videbatur,
962 2389 1019 2422 nifi
1029 2390 1117 2432 quod

105 2432 206 2465 uriuae
230 2443 362 2475 quarum
383 2433 476 2474 copia
495 2455 504 2470 ‚
529 2431 577 2464 vel
600 2431 669 2473 post
691 2429 850 2473 hydropis
886 2431 1082 2469 solutionem
1107 2459 1117 2474 ‚

105 2474 230 2518 aliquot
256 2474 431 2518 perstiterat
456 2474 543 2512 dies,
571 2485 642 2508 curn
668 2473 778 2507 sensim
802 2473 968 2520 adjustum
982 2476 1114 2511 modum

103 2517 269 2556 redirent3
292 2519 453 2560 nunquam
477 2528 582 2552 tamen
607 2529 639 2550 ea
663 2529 732 2559 quae
756 2518 939 2553 descendere
962 2519 999 2552 ad
1013 2521 1113 2555 imum

104 2561 206 2595 solent
230 2561 419 2603 inspectanti
444 2562 549 2598 mihi,
573 2562 680 2605 qualia
705 2561 857 2604 optabam
879 2562 1081 2598 ostenderunt
1103 2590 1110 2597 .

105 2607 218 2647 Itaque
240 2616 313 2639 curn
336 2603 400 2639 huc
424 2605 566 2649 aliquis,
589 2614 625 2639 ut
649 2604 751 2647 postea
774 2606 877 2646 novi,
900 2607 933 2639 in
957 2607 1054 2647 cibo,
1078 2611 1111 2641 δε

104 2650 239 2691 potione
265 2659 353 2681 error
376 2648 558 2687 acceffisstt,
585 2649 747 2691 urinaeque
770 2660 832 2681 non
857 2649 956 2683 modo
980 2653 1110 2692 paucio-

104 2703 176 2732 res,
200 2691 251 2725 sed
273 2690 398 2733 crassae,
422 2692 563 2736 rufaeque
587 2701 794 2738 apparerent,
818 2695 977 2727 continuo
1000 2694 1113 2728 biliosa

105 2736 231 2775 multa,
253 2745 307 2768 nec
329 2733 392 2769 fine
415 2736 634 2775 torminibus,
656 2735 753 2777 dejici
778 2746 882 2778 coepta
905 2736 1114 2775 suntdecimo

103 2789 145 2812 ex
165 2790 232 2821 quo
254 2776 395 2821 hydrops
418 2781 552 2814 omniuo
575 2778 697 2812 solutus
720 2778 823 2813 fuerat
847 2779 919 2814 die.
944 2781 1019 2822 Ego
1041 2793 1115 2815 vero

106 2833 172 2855 non
194 2821 332 2865 inscius,
356 2825 419 2862 (r)
441 2824 475 2857 in
498 2822 614 2857 morbis
637 2832 708 2855 cum
732 2822 814 2855 alter
836 2823 930 2856 alteri
946 2823 1111 2865 succedit,

103 2865 273 2907 plerunque
297 2865 449 2906 occidere,
472 2865 526 2900 etsi
550 2865 701 2906 verebar,
726 2876 764 2912 ne
788 2867 920 2906 crebra,
942 2870 973 2900 δε
997 2870 1112 2910 copio-

105 2908 136 2942 sa
147 2931 159 2948 ,
182 2910 214 2940 &
235 2918 307 2940 curn
323 2907 488 2943 doloribus
500 2909 670 2950 coniuncta
681 2908 819 2951 dejectio
831 2909 1019 2951 hominem,
1035 2920 1103 2950 tot,

107 2954 140 2985 &
164 2960 229 2983 tam
251 2951 357 2992 gravia
380 2963 477 2995 quam
489 2950 657 2993 descripsi,
681 2953 885 2986 incommoda
895 2955 1111 2997 quinquagin-

109 3001 146 3027 ta‘
163 2993 228 3037 jam
250 2993 316 3026 dies
338 2995 533 3037 perpessum,
556 2995 719 3036 affligeret
744 2994 845 3036 adeo,
869 3006 904 3029 ut
932 2998 1037 3031 rursus
1051 3001 1111 3032 eri-

106 3049 180 3082 gere
203 3047 274 3070 non*
292 3035 426 3079 possem;
450 3040 612 3082 principio
635 3047 741 3071 tamen
766 3040 925 3081 paulisper
944 3042 1109 3083 expectare

105 3080 277 3117 constitui,
301 3083 332 3113 ἅτ
356 3078 504 3116 haetenus
518 3082 633 3116 mederi
653 3108 662 3123 ‚
686 3093 724 3115 ne
736 3083 931 3118 torminibus
944 3085 1045 3118 acrius
1058 3085 1110 3118 di-

106 3124 330 3158 scruciaretur.
461 3126 540 3159 Non
564 3135 674 3159 totum
695 3125 832 3160 biduum
854 3129 1110 3171 expe&averam‚

108 3179 182 3201 cum
207 3178 274 3200 ecce
296 3168 394 3201 not‘tu
415 3165 579 3202 hominem
602 3168 728 3202 invadit
742 3179 871 3212 quartus
885 3171 1031 3211 morbus,
1044 3182 1108 3205 ter-

108 3212 160 3245 tio
173 3210 274 3245 adhuc
288 3210 439 3252 perstante
451 3235 464 3252 ,
488 3213 600 3245 Mania
613 3211 764 3245 videlicet
775 3236 787 3253 ,
810 3212 900 3255 cujus
912 3215 1013 3255 gratia
1026 3215 1108 3249 hanc

108 3254 146 3288 ad
168 3263 198 3287 te
220 3254 399 3297 longiorem
417 3256 620 3296 quaminitio
631 3265 838 3298 putaveram,
859 3256 1127 3300 descriptionem

111 3297 256 3331 institui.
281 3298 328 3330 Et
352 3298 490 3339 primum
512 3299 640 3340 quidem
663 3298 882 3333 existimabam
901 3324 913 3340 ‚
937 3300 995 3335 ess'e
1018 3301 1111 3344 phre-

108 3340 269 3379 nitidem3
293 3351 365 3373 nam
388 3339 478 3374 fimul
502 3352 574 3375 cum
599 3340 684 3375 febre
707 3342 770 3375 visa
792 3342 835 3376 est
858 3343 949 3376 semel
973 3367 985 3384 ,
1018 3353 1111 3388 atque

106 3387 222 3418 iterum
247 3383 451 3416 invalescere.
478 3384 536 3416 Sed
558 3386 788 3428 posteaquam,
813 3387 859 3419 vel
870 3386 951 3419 febri
965 3386 1112 3429 absente,

108 3427 312 3461 animadverti
328 3426 470 3460 furorem
484 3437 547 3459 non
556 3428 658 3469 abire,
669 3439 704 3462 ut
715 3428 917 3463 assidentibus
929 3442 995 3463 non
1006 3440 1111 3465 tutum

109 3470 181 3505 esset
196 3469 233 3503 ad
245 3469 531 3512 aeg1·um,vinculis
542 3470 699 3513 solutum,
717 3472 884 3511 accedere3
908 3476 989 3517 quin
1011 3477 1112 3509 mania

107 3513 193 3554 ess'et,
206 3524 270 3546 non
282 3512 425 3548 dubitavi
440 3526 450 3545 .·
473 3512 648 3557 didicique,
659 3516 721 3550 hoc
731 3515 859 3550 insaniae
869 3528 965 3559 genus
978 3518 1047 3559 post
1058 3530 1113 3552 au-

108 3557 282 3592 tumnalern
305 3556 491 3590 diuturnam
514 3554 631 3591 febrem
642 3558 724 3600 posse
734 3560 867 3594 excitari
879 3561 1027 3600 ,·tametsi
1040 3561 1107 3596 haec

194 3602 359 3653 Myrgagni
369 3601 403 3634 de
413 3601 481 3633 Sed.
495 3599 538 3633 (Φ
549 3601 637 3643 Caus.
647 3602 749 3636 Morb.
763 3604 862 3637 Tom.
879 3605 905 3636 Ι.

2057 215 2117 265 57

1176 283 1239 306 non
1263 271 1360 306 fuerit
1384 272 1420 306 de
1442 286 1552 316 genere
1574 275 1885 316 intermittentium,
1905 287 1983 320 quas
2017 279 2179 317 interdum

1176 315 1280 356 excipi
1303 317 1482 357 apeculiari
1494 317 1633 360 quadam
1646 319 1770 359 mania,
1789 318 2019 361 Sydenhamius
2039 322 2098 362 (f)
2124 324 2179 357 ad-

1176 367 1365 395 monuerat,
1387 361 1627 402 &quihuncin
1638 372 1677 393 eo
1688 361 1849 404 sequitur,
1872 363 2071 396 confirmavit
2096 366 2181 398 Boe-

1176 401 1323 434 rhaavius
1343 404 1404 440 (t)
1417 426 1425 434 .
1438 404 1496 437 Sed
1506 408 1538 437 δε
1548 405 1618 437 aliis
1628 415 1856 447 nonnunquam
1868 405 2010 440 febribus
2021 407 2083 439 hoc
2096 408 2178 442 deli-

1176 445 1218 477 rii
1227 454 1323 487 genus
1335 443 1495 479 succedere
1506 470 1518 487 ,
1539 447 1735 481 Observatio
1745 448 1839 481 docet
1850 448 1932 491 apud
1944 450 2103 484 Borellum
2115 454 2179 492 (u),

1174 489 1313 530 itemque
1337 488 1433 520 altera
1457 491 1495 522 ab
1518 490 1715 524 Ettmu‘llero
1737 494 1803 531 (x)
1825 491 1947 525 laudata
1961 494 2061 526 .Haec
2074 504 2178 529 autem

1175 542 1241 564 mea
1255 531 1391 563 maniam
1401 531 1529 565 exhibet
1539 556 1551 573 ‚
1561 546 1630 577 quae
1641 532 1723 567 febri
1733 533 1864 577 quidem
1875 557 1888 575 ,
1900 535 1948 568 sed
1960 533 2099 579 hydropi
2110 550 2179 572 ma-

1175 575 1224 617 gis
1236 573 1373 607 succeffit
1385 598 1394 613 ‚
1410 585 1426 607 a
1436 586 1502 617 quo
1510 576 1652 619 alioquin
1665 578 1804 611 maniam
1816 577 1918 618 solvi,
1930 587 1984 611 aut
1995 579 2104 613 saltem
2113 582 2178 615 im-

1175 618 1277 651 minui
1289 616 1417 651 solitam
1427 616 1484 652 esse
1499 643 1509 657 ,
1533 620 1744 662 Hippocratis
1758 621 1956 663 aphorismus
1978 624 2064 662 (y),
2080 623 2177 658 dubi-

1181 669 1267 693 tante
1279 670 1383 693 tamen
1393 660 1446 693 Cl.
1461 661 1546 695 Pasta
1568 668 1658 705 (z),
1679 663 1802 697 indicat
1816 677 1826 696 :
1848 662 1987 706 afurore
2007 664 2175 708 difficultas

1180 702 1412 743 intestinorum,
1434 712 1492 737 aut
1510 705 1667 748 hydrops,
1689 715 1746 740 aut
1768 706 1907 750 ecstasis,
1929 707 2041 741 bonum
2063 733 2070 739 .
2099 710 2176 747 Qua.

1179 758 1253 782 curn
1277 746 1428 780 sententia
1446 747 1594 790 Jacotius
1616 752 1683 788 (a)
1706 750 1835 783 alteram
1858 751 2071 792 Hippocratis
2094 763 2177 785 con-

1177 789 1299 822 ferens:
1322 791 1356 823 in
1377 787 1592 833 affec‘lionibus
1614 790 1850 834 lirdropicorum
1872 793 2047 826 comitiales
2070 794 2173 829 morbi

1175 834 1342 866 incidentes
1353 832 1482 867 lethales
1493 856 1503 870 ‚
1517 832 1585 867 haec
1596 834 1759 877 adscripsit
1774 847 1783 867 .·
1806 834 2002 878 quamobrem
2012 836 2041 879 fi
2051 838 2178 880 quaeju-

1179 886 1255 909 vare
1278 875 1407 916 debent,
1430 887 1488 909 non
1503 878 1588 910 modo
1599 887 1656 910 non
1664 877 1781 919 juvant
1788 902 1802 919 ,
1815 877 1873 919 fhd
1882 880 1978 912 etiam
2000 880 2032 912 in
2051 889 2178 913 contra-

1176 918 1254 951 riam
1267 926 1411 953 naturam
1423 920 1584 961 transeunt
1594 943 1605 959 ,
1627 929 1664 954 ut
1674 921 1823 955 videlicet
1833 921 1963 964 hydropi
1965 921 2173 964 superveniat

1170 961 1281 1003 gravis
1289 961 1404 1003 aliquis
1415 963 1531 1004 capitis
1541 961 1668 1006 affessius
1682 976 1692 1002 3
1717 989 1775 997 .....
1787 965 1820 998 id
1825 964 1981 1006 pellimum
1992 964 2047 1008 effe
2059 965 2175 1000 multis·

1174 1004 1208 1036 cie
1231 1003 1329 1046 causis
1349 1005 1481 1044 conflat.
1509 1007 1630 1039 Verum
1655 1005 1721 1040 haec
1742 1006 1782 1040 de
1794 1005 1907 1041 affeetu
1917 1007 2180 1051 supervenient&v

1172 1055 1239 1079 non
1263 1058 1349 1088 aeque
1371 1046 1408 1080 de
1431 1047 1613 1081 succedente
1635 1049 1818 1092 accipienda
1840 1049 1912 1083 sunt
1934 1075 1942 1082 .
1967 1053 2079 1093 Itaque
2112 1063 2179 1086 non

1173 1088 1234 1122 fine
1257 1088 1309 1130 spe
1333 1090 1459 1132 aliqua,
1483 1093 1543 1124 mei
1568 1091 1668 1124 insani
1692 1094 1891 1126 curationem
1915 1094 2070 1136 aggressus
2102 1094 2175 1129 sum

1174 1130 1296 1166 tametsi
1319 1132 1361 1165 ob
1384 1145 1418 1165 ea
1439 1145 1507 1176 quae
1530 1144 1601 1167 ante
1623 1135 1820 1177 pertulerat,
1843 1146 1942 1177 neque
1967 1137 2056 1169 illam
2067 1138 2178 1171 imita-

1176 1178 1203 1208 ri
1226 1175 1367 1216 licebat,
1389 1187 1458 1219 quoe
1471 1177 1511 1210 est
1524 1176 1605 1220 apud
1617 1177 1782 1212 laudatum
1798 1179 1965 1213 Borellum
1980 1203 1994 1220 ‚
2015 1189 2050 1213 ut
2062 1179 2175 1213 balneo

1176 1231 1264 1262 aquae
1287 1216 1412 1258 dulcis,
1437 1230 1489 1252 aut
1513 1232 1598 1254 veuae
1622 1221 1814 1256 sefflonibus
1838 1231 1965 1261 uterer,
1998 1222 2174 1265 praesertim

1173 1274 1247 1296 cum
1269 1262 1383 1303 oculi,
1406 1265 1438 1296 ἃς
1460 1262 1556 1297 facies
1581 1263 1708 1299 hicnon
1719 1264 1886 1303 ruberent,
1910 1276 1965 1299 nec
1980 1267 2100 1300 arteriae
2110 1267 2176 1300 val-

1173 1305 1211 1339 de
1232 1303 1327 1338 essent
1349 1308 1540 1348 concitatae‚·
1563 1318 1660 1351 neque
1681 1309 1811 1342 alteram
1837 1321 1852 1341 a
1877 1307 2093 1351 Syndebamio
2104 1321 2181 1352 pro-

1177 1348 1333 1392 positam,
1356 1359 1392 1383 ut
1415 1349 1623 1385 calidioribus
1645 1353 1776 1386 auxiliis
1789 1364 1984 1396 pugnarem,
2009 1352 2179 1397 alvumque

1177 1392 1358 1426 adstristam
1380 1393 1554 1433 servarem3
1578 1393 1693 1428 biliosa
1719 1397 1825 1437 enim,
1857 1398 2000 1438 quamvis
2032 1408 2097 1430 non
2131 1399 2180 1431 ita

1175 1437 1289 1469 crebro
1301 1461 1310 1476 ,
1334 1447 1433 1479 neque
1446 1438 1664 1480 ampliuscum
1676 1441 1870 1473 torminibus
1882 1463 1894 1480 ‚
1918 1439 2152 1483 dejiciebantur
2164 1464 2178 1480 ,

1175 1491 1246 1522 quae
1261 1491 1317 1512 nec
1329 1478 1429 1514 obesse
1440 1480 1585 1514 videbam
1597 1505 1609 1522 ,
1633 1485 1664 1515 &
1676 1482 1847 1518 secundum
1860 1483 1954 1517 illum
1965 1483 2072 1526 ipsum
2081 1495 2178 1526 quem

1174 1523 1268 1564 supra
1291 1525 1486 1560 memoravi,
1510 1524 1730 1567 aphorismum
1753 1527 1922 1568 profutura
1942 1549 1954 1566 ,
1977 1526 2141 1569 sperabam
2164 1550 2179 1559 .

1175 1568 1284 1607 Igitur
1301 1577 1358 1609 pro
1370 1578 1454 1601 venae
1467 1568 1604 1601 sectione
1613 1569 1829 1604 cucurbitulas
1841 1591 1850 1607 ,
1873 1567 1935 1602 sine
1950 1568 2058 1610 ferro,
2082 1571 2114 1603 in
2131 1581 2181 1603 ar-

1173 1609 1483 1645 tubusinferioribus
1492 1610 1588 1654 defigi
1602 1634 1611 1648 ,
1637 1612 1792 1656 avellique
1801 1612 1869 1656 J'uffi
1882 1638 1891 1654 ,
1911 1616 1943 1646 &
1957 1611 2068 1647 deraso
2079 1615 2182 1656 capiti

1171 1665 1242 1696 quae
1255 1652 1379 1693 sedare,
1402 1654 1608 1697 somnumque
1621 1665 1805 1696 promovere
1817 1657 1983 1698 dicuntur,
1994 1658 2132 1700 imponi,
2146 1660 2182 1691 δε

1170 1708 1240 1739 quae
1252 1695 1337 1729 idem
1348 1695 1493 1736 faciunt,
1517 1698 1678 1731 interdum
1691 1698 1747 1733 sub
1757 1701 1885 1741 no<f²tcm
1895 1699 1986 1741 dari,
2011 1702 2094 1734 intra
2106 1700 2181 1735 euin

1171 1749 1274 1772 tamen
1289 1739 1422 1774 modum
1435 1765 1445 1780 ‚
1469 1743 1547 1775 ut&
1560 1742 1677 1775 virium
1690 1766 1698 1780 ‚
1723 1743 2004 1787 &dejec‘tionum‚
2027 1756 2103 1787 quas
2115 1744 2180 1777 ser-

1171 1783 1286 1816 vandas
1297 1782 1353 1817 esse
1366 1806 1374 1820 ‚
1400 1784 1564 1818 statueram
1577 1808 1585 1823 ‚
1610 1786 1768 1820 rationem
1777 1786 1924 1821 haberem
1937 1813 1944 1821 .
1957 1790 2014 1821 Per
2026 1788 2093 1821 haec
2103 1798 2180 1822 curn

1171 1827 1298 1868 vigilias
1313 1829 1528 1870 interrumpi,
1553 1832 1823 1874 &nonnunquam
1844 1832 2004 1865 mitescere
2023 1830 2178 1865 delirium

1171 1870 1309 1903 viderem
1321 1887 1330 1908 ς
1344 1870 1426 1904 illud
1440 1883 1538 1905 unum
1552 1872 1789 1916 insequentibus
1800 1874 2090 1917 diebusdisplicuit
2101 1898 2114 1916 ,
2130 1874 2176 1907 al-

1168 1925 1245 1947 vum
1256 1913 1471 1957 conquievisse
1483 1940 1491 1948 .
1505 1916 1573 1948 Aut
1587 1918 1672 1949 enim
1684 1915 1742 1951 hac
1754 1919 1806 1951 via
1818 1918 1885 1961 spes
1895 1928 1960 1952 erat
1973 1942 1982 1957 ‚
2009 1917 2094 1961 posse
2105 1928 2180 1952 tan-

1168 1957 1239 1990 dem
1251 1957 1422 2001 aliquando
1432 1957 1465 1991 id
1478 1959 1602 2001 prorsus
1614 1959 1687 2003 ejici
1698 1961 1787 2003 quod
1798 1962 1949 1996 morbum
1961 1961 2040 1996 adeo
2050 1961 2180 1997 diutur-

1170 2013 1269 2041 num,
1292 2012 1328 2034 ac
1341 2002 1579 2036 multiformem
1591 2002 1761 2038 servaverat
1774 2018 1784 2038 .-
1807 2016 1863 2039 aut
1875 2004 2002 2048 quando
2014 2007 2073 2039 viae
2085 2015 2180 2040 caete1

1173 2056 1213 2078 1·ae
1226 2045 1376 2079 incassum
1394 2054 1481 2078 antea
1493 2054 1621 2080 tentatae
1635 2046 1759 2082 fuerant
1771 2072 1783 2088 ,
1795 2049 1954 2093 reliquum
1967 2058 2033 2083 erat
2044 2074 2056 2091 ,
2072 2060 2107 2084 ut
2119 2062 2180 2084 uo·-

1171 2099 1243 2121 vam
1271 2089 1410 2131 aliquam
1422 2098 1443 2130 ,‘
1457 2091 1601 2124 excitato
1625 2091 1754 2133 ulcere,
1776 2103 1938 2134 pararem,
1961 2092 1987 2127 fi
2013 2094 2099 2128 forte
2123 2104 2181 2136 pei·

1174 2131 1255 2165 hanc
1269 2130 1395 2166 demum
1408 2132 1522 2176 expelli
1534 2132 1632 2177 posset
1644 2135 1733 2178 quod
1746 2146 1801 2178 per
1819 2146 1945 2172 caeteras
1966 2149 2033 2171 non·
2053 2137 2179 2180 potuis-

1174 2174 1218 2208 set
1230 2199 1242 2215 ,
1253 2185 1288 2209 ut
1302 2185 1379 2218 puta
1387 2175 1487 2218 nescio
1498 2188 1560 2220 quae
1571 2178 1622 2217 vis
1634 2178 1771 2221 maligna
1782 2203 1795 2220 ‚
1806 2181 1847 2214 esy-
1857 2181 1949 2215 virus
1957 2182 2108 2223 quoddam
2119 2195 2129 2220 ς
2142 2180 2179 2215 id

1174 2219 1280 2258 enim,
1303 2219 1324 2252 fi
1339 2220 1490 2252 Ballonio
1511 2219 1576 2261 (b)
1599 2221 1777 2261 credimus,
1805 2223 2055 2267 declaratsuhita
2071 2232 2179 2259 muta-

1173 2263 1219 2295 tio
1229 2285 1245 2302 )
1263 2264 1304 2295 4&
1317 2262 1467 2305 tranfitus
1479 2262 1579 2297 morbi
1587 2265 1620 2297 in
1628 2264 1745 2298 alium.
1761 2269 1872 2310 Itaque
1881 2278 1955 2301 cum
1966 2267 2062 2302 dueta
2086 2268 2176 2302 alvus

1171 2316 1234 2338 non
1246 2305 1331 2339 ultra
1341 2317 1438 2339 unum
1451 2305 1535 2351 diem
1547 2306 1656 2340 flueret
1672 2334 1680 2348 ‚
1705 2310 1871 2354 posteaque
1884 2322 1947 2344 non
1959 2311 2021 2344 alia
2032 2311 2177 2346 redderet

1170 2360 1265 2391 quam
1289 2361 1358 2391 quae
1381 2351 1414 2381 in
1441 2351 1527 2396 sanis
1545 2350 1644 2388 solet,
1671 2353 1761 2385 urina
1780 2364 1888 2388 autem
1910 2365 1976 2390 non
1999 2366 2117 2397 pauca,
2142 2358 2176 2390 &

1169 2391 1263 2425 crassa
1284 2391 1368 2425 nihil
1392 2394 1585 2434 prosicerct;
1609 2396 1696 2427 viam
1718 2395 1809 2430 illam
1820 2408 1935 2430 novam
1947 2399 1979 2431 in
1993 2399 2175 2433 alter-nbra-

1168 2434 1245 2468 chio
1269 2437 1378 2477 aperui
1402 2436 1638 2470 medicamento
1663 2437 1811 2473 adurente
1834 2439 2013 2483 imposito,
2036 2455 2098 2486 qua
2122 2444 2174 2477 via

1167 2479 1237 2511 cito
1260 2478 1409 2521 frequens
1435 2479 1554 2512 humor
1578 2478 1656 2513 ferri
1678 2485 1803 2524 coepit,
1828 2484 2036 2528 processitque
2047 2487 2174 2531 aliquot

1165 2521 1254 2562 dies,
1277 2522 1392 2564 quibus
1416 2533 1497 2564 aeger
1517 2524 1658 2569 quietior
1681 2525 1767 2567 suit,
1790 2537 1825 2561 ut
1857 2528 1980 2571 surgere
2003 2553 2015 2569 ,
2052 2534 2084 2564 δε
2120 2543 2174 2574 per

1164 2564 1244 2598 aedes
1267 2565 1425 2598 ambulare
1449 2565 1512 2599 fine
1537 2568 1606 2605 lui,
1631 2578 1685 2601 aut
1709 2569 1839 2605 alterius
1863 2582 1948 2604 noxa
1967 2570 2033 2615 jam
2045 2573 2166 2616 posset.

1162 2610 1274 2642 Minus
1295 2619 1402 2655 tamen
1427 2608 1594 2651 resipuerat
1607 2612 1773 2656 quamipsi
1786 2626 1865 2656 opus
1878 2614 1972 2654 ess'et3
1997 2619 2171 2661 na-mquod

1164 2650 1286 2691 diutius
1311 2651 1498 2686 servandum
1519 2653 1608 2688 ulcus
1632 2654 1755 2700 fuerat,
1781 2657 1871 2692 nullo
1896 2659 1992 2700 pat‘to
2005 2661 2169 2696 a-Chirur-

1165 2707 1208 2737 go
1229 2696 1367 2739 amplius
1392 2698 1534 2740 attingi,
1557 2698 1662 2731 voluit
1677 2700 1796 2735 .'Cum
1820 2711 1987 2745 propterea
2011 2705 2097 2739 ulcus
2122 2705 2170 2740 sa-

1168 2738 1326 2779 nesceret,
1349 2751 1447 2782 neque
1471 2752 1558 2774 mens
1581 2740 1686 2776 adhuc
1712 2743 1785 2778 satis
1807 2746 1986 2787 constaret;
2009 2750 2168 2783 auxilium

1166 2782 1254 2826 quod
1279 2794 1369 2817 antea
1392 2794 1598 2826 optaveram,
1621 2795 1733 2821 natura
1765 2789 1843 2822 tulit
1870 2813 1877 2819 .
1913 2790 2041 2824 Biliosis
2078 2793 2168 2827 enim

1165 2827 1309 2868 pluribus
1334 2837 1388 2869 per
1410 2827 1517 2860 alvum
1540 2828 1735 2872 fluentibus,
1758 2831 1850 2866 simul
1872 2832 1994 2867 insania
2019 2834 2167 2879 reliqua,

1161 2869 1252 2904 simul
1286 2873 1361 2903 novi
1394 2871 1499 2903 morbi
1533 2873 1676 2913 periculo
1708 2874 1830 2909 solutus
1861 2876 1903 2909 est
1937 2877 2006 2919 post
2041 2879 2169 2921 primos

1160 2913 1357 2947 Novembris
1380 2913 1465 2947 dies.
1493 2915 1580 2947 Nam
1602 2919 1746 2958 quamvis
1770 2919 1866 2961 paulo
1878 2920 1945 2962 post
1957 2919 2094 2963 suijuris
2117 2922 2167 2956 fa-

1162 2957 1230 2997 eto,
1241 2958 1340 2999 eoque
1352 2958 1419 2999 plus
1431 2969 1528 2999 quam
1539 2968 1703 3001 oporteret
1715 2984 1725 3000 ,
1745 2961 1871 3000 edenti,
1885 2972 1979 3006 atque
1993 2965 2160 3000 ambulan-

1162 3002 1186 3032 ti
1211 3000 1686 3042 cruraiterumintumuissent3
1712 3003 1806 3047 facile
1830 3008 1958 3041 evanuit
1982 3017 2090 3043 tumor
2101 3009 2165 3044 sta—

1163 3044 1224 3077 tim
1248 3055 1282 3076 ac
1307 3042 1364 3090 fibi
1396 3045 1428 3076 in
1463 3056 1494 3076 re
1529 3055 1658 3089 utraque
1691 3051 1881 3091 temperavit
1905 3074 1913 3082 .
2056 3053 2166 3087 Habes

1162 3097 1319 3130 quantum
1340 3089 1450 3130 junior
1474 3088 1745 3132 animadvertere,
1766 3104 1854 3135 agere
1877 3116 1890 3134 ,
1933 3097 1966 3128 &
1997 3105 2163 3130 autumare

1166 3140 1240 3164 tunc
1265 3132 1355 3173 potui
1380 3132 1413 3163 in
1445 3130 1594 3173 singulari
1620 3136 1767 3177 exemplo
1799 3136 1838 3169 ad
1871 3138 2054 3172 morborum
2088 3139 2159 3174 suc-

1162 3173 1308 3206 ceffiones
1340 3173 1498 3216 speetante
1520 3199 1530 3214 ,
1566 3175 1604 3210 ad
1639 3188 1861 3219 argumentum
1903 3180 2053 3214 videlicet
2087 3184 2160 3217 Me-

1161 3216 1242 3250 dicis
1264 3217 1422 3259 perutile,
1447 3228 1547 3261 eoque
1571 3231 1586 3252 a
1611 3220 1746 3263 Baglivo
1767 3225 1780 3261 (
1802 3235 1818 3256 c
1838 3227 1852 3262 )
1874 3225 1986 3265 primis
2009 3224 2094 3267 quasi
2118 3228 2161 3259 li-

1160 3264 1226 3292 neis
1257 3260 1482 3293 adumbratum
1502 3285 1515 3302 ,
1548 3274 1603 3296 nec
1637 3266 1743 3298 minus
1776 3274 1880 3299 tamen
1913 3266 1951 3299 ab
1982 3269 2052 3310 ipso
2074 3292 2086 3309 ‚
2120 3271 2159 3303 ab

1161 3303 1324 3348 Reusnero
1347 3305 1362 3343 <
1385 3304 1405 3336 α’
1426 3307 1439 3343 )
1462 3329 1469 3342 ,
1494 3306 1531 3338 ab
1554 3307 1625 3339 aliis
1648 3306 1880 3348 desideratum,
1903 3311 2092 3352 putantibus
2116 3313 2157 3347 ad

1162 3348 1252 3380 suum
1275 3346 1370 3389 usque
1385 3357 1519 3393 *tempus
1544 3348 1633 3383 fuisse
1657 3353 1814 3385 neminem
1838 3353 1895 3399 qui
1918 3353 2001 3387 illud
2024 3357 2158 3390 tractare

1164 3388 1317 3440 aggressus
1348 3390 1421 3422 eslet
1445 3415 1452 3422 .
1485 3393 1670 3434 Aggressum
1705 3402 1809 3428 tamen
1843 3393 1934 3429 luisse
1967 3399 2157 3440 Prosperum

1163 3434 1304 3466 nostrum
1353 3433 1513 3475 Alpinum
1557 3460 1569 3475 ,
1623 3436 1689 3470 haec
1735 3437 1926 3473 Boerhaavii
1970 3440 2063 3474 verba
2106 3443 2158 3475 in-

1164 3477 1275 3510 dicant
1298 3479 1333 3525 ·(
1354 3486 1369 3509 e
1391 3480 1404 3516 )
1429 3488 1437 3510 ε
1483 3479 1611 3512 Utinam
1651 3478 1866 3524 poffideremus
1907 3481 2040 3525 ejusdem
2092 3485 2157 3519 Al-

1187 3521 1234 3553 ini
1279 3518 1396 3553 librum
1439 3543 1464 3559 ,‚
1509 3522 1544 3554 de
1586 3523 1688 3556 variis
1739 3524 2023 3567 permutationibus
2073 3539 2157 3561 mor-

1184 3573 1271 3597 orum
1293 3588 1314 3603 ‚,
1341 3587 1347 3594 .
1384 3563 1578 3607 Stephanum
1614 3574 1731 3643 autetpI
1741 3567 1938 3603 Rodericum
1959 3568 2156 3648 castrerdsem

2100 3626 2115 3647 e

103 3659 2152 3683 Ἢ

151 3700 180 3728 -(
190 3707 205 3728 q
214 3697 228 3726 )
243 3696 358 3726 Epist-49·
371 3705 432 3722 nai.
495 3698 546 3727 (r)
564 3698 679 3727 Hippocr.
688 3702 705 3726 1.
715 3700 745 3725 de
754 3701 880 3727 Affeflion.
889 3710 954 3733 n.²3.

165 3730 180 3760 (
195 3737 211 3752 α
229 3732 234 3757 1
270 3729 342 3751 Cent.
359 3737 382 3757 4.
414 3727 473 3752 Obl'.
497 3736 535 3757 ιιι,

166 3759 224 3788 (a)
242 3759 381 3783 Comment.
400 3759 415 3782 l.
434 3762 455 3782 6.
475 3759 499 3781 in
516 3761 588 3783 Coae.
606 3760 620 3782 S
645 3767 667 3783 2.
685 3762 714 3786 Α.
733 3769 773 3791 30.

169 3790 183 3819 ε
197 3789 213 3814 d
230 3786 239 3818 )
256 3789 316 3818 Eph.
334 3790 368 3813 N.
383 3791 412 3815 c.
430 3792 500 3816 cent.
519 3798 539 3819 5·
558 3788 616 3814 obs.
633 3792 655 3815 8.

884 3733 888 3737 ῃ
1019 3703 1073 3734 (s)
1089 3703 1148 3728 ΟΜ.
1162 3704 1232 3729 Med.
1251 3705 1312 3730 circa
1322 3707 1405 3732 Morb.
1418 3709 1488 3732 Acut.
1500 3711 1523 3734 S.
1538 3717 1557 3734 1.
1568 3716 1588 3733 c.
1598 3717 1617 3737 ς.

596 3729 606 3757 s
624 3738 638 3752 x
656 3731 665 3759 )
697 3730 798 3756 membr.
815 3739 837 3761 3.
868 3738 911 3757 cit.
944 3733 1011 3767 supra
1049 3733 1079 3757 ad
1111 3742 1134 3758 n.
1151 3743 1174 3764 7.

835 3761 887 3791 (b)
905 3765 1020 3798 Epidem.⁴
1034 3766 1051 3788 ι.
1069 3771 1091 3787 2.
1108 3765 1136 3789 ad
1158 3768 1204 3791 Ver
1219 3768 1328 3798 A.1578.

718 3794 728 3823 s
744 3800 756 3815 ο
772 3792 782 3824 )
798 3793 902 3819 Praelest.
921 3801 947 3818 in
965 3794 1041 3820 instit.
1063 3794 1085 3824 §.
1104 3802 1155 3825 9⁴²-

1680 3710 1734 3739 (t)
1750 3711 1842 3739 Aphor.
1852 3712 1881 3736 de
1890 3720 1959 3742 cogn.
1970 3714 2151 3746 morb.§.1125.

1236 3734 1276 3767 (y
1294 3737 1302 3765 J
1334 3745 1354 3765 5.
1385 3741 1408 3763 S.
1442 3740 1500 3764 VII.
1563 3740 1630 3774 (ζ)
1661 3743 1723 3774 Not.
1753 3742 1782 3765 ad
1799 3749 1871 3775 *eum
1902 3744 1993 3772 apher.

1388 3770 1403 3799 (
1411 3769 1442 3798 c)
1458 3770 1561 3801 specim.
1569 3776 1644 3796 trium
1654 3772 1770 3801 reliquor.
1787 3771 1873 3799 ubror.
1885 3773 1914 3798 de
1925 3774 1999 3801 Fibra
2008 3777 2089 3801 Moti.
2100 3778 2151 3801 ‘hl'-⁴
