2498 4075
416 148 511 214 238

344 226 673 266 observationibus,
695 231 857 268 quarum,
882 230 998 262 prteter
1032 231 1101 255 eam
1132 231 1229 262 quam
1264 218 1363 266 paulo

346 286 424 308 ante
449 271 626 307 memoravi
650 270 683 301 in
707 263 1184 310 virgunculahabitam‚0e·t0
1195 264 1232 296 ad
1246 269 1276 294 te
1288 261 1360 293 scri.

351 317 490 360 psi(m):
517 317 615 351 duas,
639 310 766 350 tresve,
790 310 854 343 alio
867 309 968 350 magis
980 308 1172 343 attinentes,
1197 303 1363 340 aliasscri-

349 362 447 396 barn:
473 360 534 393 huc
559 366 668 390 autem
682 355 826 396 quinque
841 352 969 394 insuper
983 349 1097 384 addam
1112 371 1123 388 ,
1147 349 1225 383 alibi
1250 349 1361 381 locum

350 416 419 439 non
442 402 533 438 facile
556 399 742 433 habituras.
1270 436 1275 441 ι

403 460 451 480 η..
477 440 804 478 MERETRICEM
828 436 996 475 claudam,
1024 436 1149 470 [luaturae
1187 434 1325 469 modicae
1346 456 1359 472 2

353 473 453 525 angos
475 497 584 521 natam
608 485 645 518 ad
671 482 908 528 quadraginta,
932 482 1016 513 intra
1042 489 1158 522 paucos
1181 480 1248 513 dies
1281 477 1358 529 ilio·-

350 536 434 569 racis
457 530 678 565 inflammatio
700 528 734 559 in
760 524 967 558 Nosocomio
989 523 1051 557 hoc
1077 522 1366 557 sustuleratineun-

348 588 385 611 te
409 577 538 609 Martio
562 575 602 606 A.
630 582 723 615 17¹7·
748 570 827 607 Quo
850 578 995 610 tempore
1018 577 1090 600 cum
1116 575 1204 599 totus
1227 565 1365 599 essemiu

353 619 538 655 anatomico
563 618 709 650 Partium
733 612 868 645 Ventris
892 612 1039 643 examine
1065 624 1074 646 3
1119 609 1201 642 nihil
1247 617 1363 650 praeter

353 665 441 699 hunc
464 655 611 703 inspexi.
744 654 1009 692 ABDOMEN,
1037 652 1224 695 priusquam
1248 651 1363 685 sectio-

353 698 649 748 nem'inciperenu
674 703 779 744 plures
802 710 818 731 a
842 697 1027 731 bubonibus
1063 697 1229 731 cicatrices
1260 695 1364 729 osten-

352 751 404 785 dit
422 775 430 783 .
455 750 522 782 Illo
545 747 705 785 diducto,
728 741 881 776 intestina
906 740 1037 774 flatibus
1060 739 1190 780 turgida
1206 765 1214 779 ,
1262 750 1365 780 eoque

354 807 371 829 a
396 792 616 835 frequentiore
638 789 700 822 situ
724 787 868 822 dimota,
896 794 1090 825 apparuere.
1115 783 1282 816 Tenuiurn
1295 792 1365 824 pars

353 849 425 880 quae
449 835 578 876 thoraci
604 832 736 874 propior
761 829 886 865 fuerat,
918 827 1013 870 hujus
1057 825 1329 871 inflammationis
1354 848 1364 863 ,

353 889 390 917 ut
415 881 494 921 saepe
519 877 664 914 accidit,
690 874 847 915 particeps
871 870 944 905 fieri
967 873 1129 913 inceperat
1144 882 1166 919 :—
1187 881 1245 918 nec
1277 880 1366 910 lecur

352 923 466 957 eodem
490 921 576 955 vitio
601 918 732 961 prorsus
754 918 903 951 carebat.
929 915 1035 948 Renes
1058 923 1168 956 magni
1185 937 1193 952 ,
1228 922 1263 945 in
1309 923 1363 944 eo⁴

353 978 490 1010 rumque
515 964 664 1007 pelvibus
689 961 779 995 urina
802 957 889 1002 quasi
916 959 1110 1001 purulenta.
1138 955 1267 1006 Vesicae
1310 968 1367 989 au-

354 1021 420 1045 tem
445 1010 567 1043 tunicae
591 1004 719 1041 crassae,
744 1005 776 1037 ee
801 1002 900 1040 facies
922 1003 1061 1035 interior
1084 1000 1252 1042 inaequalis
1277 1022 1290 1039 ⁷,
1326 1010 1363 1047 an

352 1053 443 1096 quod
468 1053 533 1086 lues
557 1060 711 1086 venerea,
736 1046 824 1090 quod
849 1045 932 1080 haud
964 1056 1037 1079 raro
1073 1045 1152 1077 solet
1173 1065 1183 1080 ‚
1213 1044 1365 1077 urinariis

352 1097 485 1141 organis
508 1094 615 1129 fuisset
653 1090 793 1125 infesta?
817 1089 991 1125 Tubarum
1014 1089 1099 1121 uteri
1127 1087 1227 1136 altera
1252 1087 1365 1134 agglu-

352 1143 459 1174 tinata
483 1147 551 1173 erat
575 1135 726 1171 testiculo
751 1135 905 1177 proximo
929 1131 971 1166 {ic
994 1142 1100 1172 tamen
1124 1139 1159 1163 ut
1182 1129 1285 1163 libero
1298 1140 1364 1177 ori-

352 1185 432 1219 ficio
456 1183 545 1217 illius
570 1181 653 1222 parti
681 1177 889 1220 responderet
910 1176 945 1209 in
968 1186 1031 1218 qua
1066 1184 1182 1215 inagna
1215 1182 1282 1206 erat
1316 1183 1362 1204 in-

351 1227 439 1261 clusa
464 1224 600 1259 vesicula
619 1222 833 1257 .=Testicu1us
857 1220 936 1253 alter
959 1229 1024 1252 non
1050 1220 1094 1250 ita
1107 1216 1219 1265 sanus;
1244 1226 1278 1249 ut
1294 1227 1367 1257 prou

352 1281 460 1312 pterea
483 1266 615 1302 fortasse
639 1267 671 1300 id
688 1288 696 1303 ‚
724 1265 944 1306 gracillimum
969 1263 1044 1295 alias
1068 1282 1078 1298 ‚
1102 1258 1370 1295 vinc-ulumcras-

351 1314 414 1348 sius
437 1313 511 1347 eslet
541 1323 597 1355 per
621 1309 710 1354 quod
734 1318 809 1341 cum
832 1316 930 1341 utero
954 1303 1143 1338 metebatur
1168 1327 1176 1336 .
1208 1303 1332 1336 Uterus
1347 1325 1369 1352 ι,

351 1356 499 1399 alioquin
524 1355 638 1394 sanus,
661 1355 695 1386 in
720 1352 824 1387 latusi
848 1350 1031 1391 sinistrum,
1056 1358 1095 1382 an
1110 1347 1279 1382 dexterum
1294 1346 1368 1380 scri-

351 1402 417 1443 ptis
440 1411 503 1434 non
529 1396 696 1434 commisii
723 1395 876 1437 vergebat
889 1419 904 1444 ·.
934 1438 941 1444 ι
989 1434 996 1439 1
1017 1437 1022 1444 .
1045 1435 1055 1440 ς

400 1456 452 1489 33.
479 1443 550 1477 Etsi
576 1441 744 1476 mulierem
768 1439 850 1476 hanc
872 1437 942 1472 dixi
976 1436 1067 1470 tuille
1112 1435 1260 1469 claudam
1282 1456 1294 1484 ².
1323 1436 1368 1483 ¹&

354 1488 472 1524 clauda
493 1497 625 1530 quoque
650 1483 714 1518 fuit
740 1494 847 1516 earum
872 1482 980 1523 aliqua
1005 1482 1038 1512 in
1061 1479 1179 1528 quibus
1212 1487 1295 1512 uteri
1319 1489 1369 1510 in-

356 1529 567 1566 clinationem
591 1530 667 1563 alias
692 1532 701 1566 (
727 1538 746 1560 n
766 1527 780 1567 )
802 1525 981 1560 describam
1002 1538 1011 1556 ε
1034 1524 1090 1557 etsi
1114 1523 1260 1571 Galenus
1285 1525 1295 1559 (
1318 1533 1334 1554 ο
1357 1524 1367 1559 )

352 1575 485 1609 videtur
508 1574 674 1611 indicare,
698 1571 817 1613 quibus
840 1569 896 1603 illa
922 1568 986 1608 est,
1010 1565 1175 1601 interdum
1197 1576 1229 1598 m
1261 1574 1369 1598 coxam

353 1617 487 1653 dolorem
511 1617 658 1659 transire,
684 1617 725 1650 (sy
749 1623 819 1646 crus
841 1612 942 1655 ipsum
966 1612 1045 1653 quod
1066 1622 1081 1644 e
1104 1610 1225 1652 regione
1248 1608 1371 1658 effi5per

353 1660 496 1706 incessum
518 1660 719 1695 claudicare,
738 1660 768 1690 δι
795 1658 970 1690 Sennertus
995 1659 1005 1694 (
1026 1664 1049 1696 p
1069 1658 1088 1698 >A
1116 1665 1155 1686 ex
1202 1651 1371 1701 Pliilaltaeo

352 1706 392 1738 de
416 1703 552 1747 quadarn
580 1701 698 1742 refert,
724 1712 822 1742 quam
847 1701 891 1731 ob
916 1709 985 1731 eam
1011 1698 1141 1730 causam
1166 1694 1301 1737 ischiade
1324 1694 1373 1727 la-

353 1747 462 1782 borare
485 1747 664 1791 putabant,
688 1746 824 1778 Saxonia
849 1753 960 1775 autem
985 1743 998 1780 (
1021 1752 1039 1782 q
1063 1743 1075 1778 )
1097 1739 1373 1773 claudicationem

354 1803 414 1834 pro
435 1791 527 1834 signo
551 1790 646 1833 ponit
661 1810 671 1826 ‚
693 1799 790 1830 quam
827 1788 860 1819 in
887 1794 1012 1828 partem
1048 1793 1158 1817 uterus
1201 1782 1338 1815 inclinet
1362 1803 1371 1817 ,

354 1836 532 1877 additque,
560 1843 665 1867 artum
689 1830 928 1865 claudicantem
952 1839 1018 1861 non
1042 1827 1148 1865 solum
1166 1851 1175 1865 ‚
1201 1825 1251 1859 sed
1277 1827 1368 1857 &ar-

351 1888 423 1913 tum
448 1878 488 1913 ab
510 1877 625 1911 eodem
650 1878 745 1909 latere
770 1873 965 1917 superiorem
980 1894 988 1908 ,
1014 1882 1052 1904 ex
1075 1871 1205 1913 propria
1216 1865 1371 1901 observa-

353 1925 468 1962 tione,
493 1932 654 1958 tremore,
680 1921 711 1951 &
736 1918 862 1960 stupore
897 1916 979 1964 affici
1001 1929 1011 1953 ς
1042 1923 1150 1964 tamen
1175 1923 1239 1962 'aut
1261 1912 1370 1959 longe

354 1966 510 2009 majorem
536 1965 809 2001 inclinationem,
832 1971 929 2003 quam
954 1969 1015 2001 ego
1038 1967 1220 1991 invenerim
1244 1972 1252 1993 3
1289 1956 1367 1989 desi-

353 2020 475 2054 gnant,
501 2018 557 2043 aut
580 2018 714 2045 tumor,
736 2005 894 2045 dolorque
918 2003 1001 2036 uteri
1023 2023 1033 2039 ‚
1079 2000 1191 2046 quod·
1218 1999 1367 2049 Galenus

351 2055 373 2099 (
390 2066 405 2086 r
430 2058 440 2093 )
463 2052 595 2088 fortasse
620 2051 752 2086 voluit,
780 2047 816 2081 ad
842 2047 1092 2081 inclinationem
1139 2043 1330 2085 adjungitur
1355 2067 1366 2082 ,

352 2109 390 2132 ur
420 2098 460 2131 sic
486 2096 618 2141 quidem
643 2094 765 2138 premi,
790 2091 946 2133 tendique
969 2089 1059 2123 nervi
1084 2086 1283 2136 poffinteui
1309 2097 1366 2128 per

352 2142 438 2176 idem
464 2142 566 2183 pelvis
591 2140 675 2174 latus
698 2148 770 2170 crus
795 2144 910 2177 petunt
926 2158 935 2174 ‚
957 2136 989 2166 &
1013 2143 1087 2166 curn
1111 2130 1285 2173 superioris
1313 2140 1365 2178 ar—

353 2197 405 2220 tus
430 2187 536 2218 nervis
560 2196 615 2226 per
642 2179 882 2215 Intercostalern
905 2178 1120 2219 colligantur·
1146 2175 1365 2223 Egocertein

354 2229 515 2273 plerisque
536 2238 644 2262 earum
667 2223 786 2269 quibus
810 2228 940 2256 uterum
962 2220 1162 2254 inclinatum
1178 2216 1262 2267 .v¹d¹.
1282 2241 1292 2256 ‚
1323 2227 1365 2248 ne

355 2271 626 2308 claudicationem
651 2264 953 2311 quidem,.neduin
971 2263 1027 2298 ista
1051 2264 1114 2296 alia
1137 2259 1230 2294 fuiffe
1255 2270 1289 2293 in
1313 2259 1364 2293 ul-

355 2319 384 2351 la
410 2316 576 2358 ipsarum,
604 2310 840 2347 animadverti.
873 2307 978 2351 Quod
1024 2317 1100 2339 vero
1143 2305 1365 2347 Hippocrates

357 2361 412 2405 (s
428 2364 437 2399 )
464 2359 608 2401 scripsit,
632 2357 654 2397 fi
677 2365 714 2389 ex
730 2361 827 2396 partu
853 2362 926 2385 crus
949 2349 987 2383 ali
1011 2349 1112 2398 uteris
1134 2347 1280 2381 claudum
1305 2343 1364 2388 fa-

356 2405 441 2439 {tum
456 2400 583 2446 fuerit,
608 2396 640 2434 id
665 2400 731 2437 est,
756 2406 791 2430 ut
817 2395 895 2429 alibi
919 2395 968 2438 (t
988 2394 1007 2436 )
1028 2392 1190 2440 explicat,
1214 2390 1275 2439 ab.
1297 2397 1367 2424 ure-

363 2450 409 2481 ris
432 2449 470 2480 ad
493 2456 600 2481 coxam
623 2437 870 2476 declina-inrisum
895 2439 928 2471 id
962 2435 1133 2479 quomodo
1167 2433 1333 2481 intelligas
1358 2454 1369 2469 ‚

358 2492 405 2524 ibi
430 2489 571 2523 ostendet
597 2489 798 2520 ricimannus
821 2486 834 2521 (
857 2492 878 2514 tt
903 2484 913 2518 )
938 2481 996 2516 ubi
1021 2479 1111 2518 duo,
1137 2477 1176 2510 ab
1200 2477 1230 2510 se
1265 2474 1332 2525 Visa
1353 2498 1368 2514 ,

358 2533 607 2568 claudicationis
632 2541 670 2563 ex
694 2536 786 2568 partu
836 2524 1004 2565 producit>
1020 2520 1165 2564 exempla
1184 2545 1207 2566 .·
1255 2519 1366 2552 Velim

361 2581 459 2612 etiam
483 2578 567 2618 legas
589 2574 642 2606 CI.
669 2567 927 2606 Schoenrnezleri
977 2570 986 2605 s
1010 2576 1032 2599 x
1055 2568 1069 2604 >
1114 2563 1337 2612 constitutam
1359 2586 1371 2600 ,

358 2623 416 2662 qui
441 2632 515 2654 cum
539 2619 648 2658 saepius
674 2622 840 2656 puerperas
865 2608 1036 2644 audivisset
1060 2607 1131 2651 post
1155 2616 1283 2654 parturn
1305 2604 1372 2638 dif-

360 2665 479 2699 ficilem
505 2665 539 2696 de
563 2661 652 2701 erm
666 2656 819 2701 femoris,
844 2654 875 2687 in
900 2654 1018 2696 regione
1041 2649 1372 2698 trocha'nterzs'maso—

360 2710 406 2742 ris
453 2698 733 2746 dolore‘querentes
747 2722 755 2735 ‚
774 2698 898 2740 pariter
922 2708 957 2729 ac
979 2696 1014 2728 de
1052 2692 1218 2742 trafi'zone·
1235 2691 1370 2732 ejusdcm

361 2733 536 2787 extiriora,
554 2747 611 2790 seu
630 2742 818 2787 posteriora,
839 2739 948 2782 versus
965 2736 1132 2786 sensibili,
1167 2735 1369 2784 animadver-

362 2793 448 2830 tisset
472 2803 601 2828 autern,
618 2785 798 2832 similibus,
822 2785 883 2817 imo
906 2779 1078 2824 majorzbus
1099 2779 1299 2829 incommodes
1313 2789 1366 2827 ve-

361 2840 434 2873 xari
459 2836 656 2877 Virginem,
675 2826 830 2864 ·cancrosa
861 2827 985 2868 vaginae
1032 2834 1115 2857 uteri
1134 2866 1142 2872 ·
1161 2821 1372 2871 excrescentia

363 2883 590 2916 laborantem3
615 2875 757 2916 conjecit
773 2896 782 2910 ‚
803 2871 990 2913 proximum
1014 2877 1109 2901 utero
1131 2876 1165 2898 in
1190 2867 1291 2907 pelvis
1324 2866 1373 2897 ia-

364 2928 415 2960 cie
440 2925 595 2956 interiore
622 2917 803 2954 musculum
829 2913 1068 2947 Obturatorern
1096 2910 1264 2942 Internum
1299 2908 1374 2958 pos-

365 2970 396 3003 sc'
419 2970 453 3001 in
478 2966 629 3008 gravibus
654 2970 762 3004 partus
785 2957 970 2993 laboribus,
993 2966 1027 2988 ac
1053 2953 1182 2986 nixibus
1205 2952 1374 3000 contundi,

367 3009 582 3053 inflammari,
605 3002 777 3040 exulcerari
792 3027 800 3041 ,
823 3000 876 3033 vel
898 2999 1009 3042 quoivis
1032 2997 1093 3031 alio
1104 2994 1294 3034 mociolaedz,
1317 2996 1377 3028 sic-

365 3068 428 3098 que
452 3053 599 3087 dolorem
621 3049 715 3082 illurn
730 3070 737 3084 ‚
762 3055 894 3085 eamque
919 3037 1376 3088 trat‘tionemefficere‚quip.

364 3111 404 3141 pe
429 3098 505 3140 quia
536 3096 568 3129 in
584 3091 681 3137 fovea
727 3086 934 3121 trochanteris
977 3085 1107 3127 majoris
1153 3089 1340 3131 termmatur
1363 3107 1371 3114 .

367 3138 582 3175 Peroendenti
606 3136 672 3169 haec
696 3133 758 3165 tibi
784 3129 876 3164 facile
899 3132 932 3162 in
965 3138 1105 3162 mentem
1130 3134 1261 3176 veniet,
1285 3122 1371 3166 posse

368 3172 546 3218 aliduando
568 3182 601 3213 in
627 3176 768 3212 difficilis
792 3183 899 3215 partus
922 3172 1093 3206 conatibus
1117 3170 1198 3203 alios
1219 3179 1371 3217 quoque,

367 3223 494 3262 vicinos
517 3224 657 3258 distento
680 3231 775 3254 utero
797 3219 830 3249 in
855 3216 959 3259 pelvi,
984 3214 1168 3253 mUsCUlOSj
1201 3214 1232 3244 &
1265 3223 1373 3261 nomi..

368 3274 472 3304 tiatim
498 3270 635 3300 Iliacum
661 3268 846 3299 Internum,
869 3262 900 3293 &
922 3262 977 3301 qui
1003 3258 1097 3292 Psoas
1120 3265 1255 3289 vocatur
1278 3254 1378 3289 detri-

370 3316 469 3348 menti
494 3305 662 3354 quidpiam
686 3318 818 3349 capere,
840 3305 898 3346 qui
922 3302 1056 3337 musculi
1079 3311 1154 3334 cum
1177 3298 1215 3333 ad
1227 3297 1378 3350 trochan-

369 3369 471 3392 terem
495 3355 629 3387 alterum
655 3353 698 3385 ita
724 3351 902 3393 pertineant
927 3369 936 3384 ‚
970 3356 1004 3379 ut
1037 3345 1142 3379 femur
1189 3341 1374 3392 attoilant3

372 3412 439 3435 iion
463 3399 609 3434 dolorem
635 3395 755 3431 niodo,
778 3403 812 3426 ut
838 3389 1110 3428 Obturatori'lle,
1134 3385 1374 3425 sed&ieraoris

932 141 1088 194 Liber
1122 139 1215 192 ΠΙ,
1247 138 1336 192 De
1369 136 1577 191 Morbis
1613 134 1824 189 Ventris

1415 213 1587 258 attollendi
1610 212 1839 247 difficultatem
1864 225 2025 257 puerperae
2049 217 2181 250 afferant
2214 227 2273 259 pro
2316 215 2406 250 vario

1413 257 1600 291 detrimenti
1623 257 1725 299 gradu
1750 260 1935 298 minorem,
1957 268 2012 293 'ant
2046 258 2201 301 majorem
2227 282 2236 298 ‚
2280 259 2411 294 brevio-

1413 311 1504 338 rem,
1527 310 1582 333 aut
1605 299 1868 338 diuturniorem5
1893 310 1966 334 nam
1990 303 2040 336 vel
2084 309 2266 345 perpetuam
2311 307 2412 342 inter.

1413 343 1511 382 dum,
1537 353 1573 375 ut
1595 344 1630 375 in
1656 343 1776 386 Nobili
1800 344 1952 377 Matrona
1978 347 2075 379 Socru
2100 346 2203 381 nostra
2239 346 2379 382 vidimus
2398 372 2410 389 ,

1412 397 1510 428 quam
1534 387 1679 419 reliftam
1700 386 1757 419 sibi
1781 388 1929 420 narrabat
1953 388 1992 421 ab
2016 386 2173 430 ejusmodi
2187 400 2303 432 partu,
2325 393 2414 426 tlau-

1411 430 1627 464 dicationem.
1651 429 1736 464 Quae
1758 441 1835 463 num
1858 431 1945 465 forte
1968 433 2000 463 in
2025 432 2087 465 ulla
2108 443 2217 466 earum
2240 436 2414 476 quasclau·

1408 475 1553 508 dicantes
1576 473 1752 509 secuimus,
1775 472 1815 505 ab
1838 474 1945 520 eadem
1968 477 2056 508 cansa
2077 476 2391 518 originenitraxiffet
2405 505 2415 520 ,

1420 527 1481 559 pro
1503 525 1592 549 certo
1616 524 1699 549 nunc
1723 517 1898 550 meminisse
1921 528 1985 550 non
2011 517 2188 561 poss'umus.
2224 521 2415 560 Caeterum3

1419 569 1455 594 ut
1478 558 1556 594 illuc
1581 559 1766 596 redeanius;
1812 560 2003 595 inclinatum
2047 573 2176 605 quoque
2222 562 2416 597 offendimus

1418 613 1546 638 uterum
1570 606 1604 636 in
1629 603 1792 636 nonnullis
1815 603 1957 650 gibbosis
1980 605 2020 638 iic
2045 614 2152 639 tamen
2175 616 2240 641 non
2276 616 2309 640 ut
2345 608 2419 649 gib-

1412 647 1471 680 bus
1493 647 1533 679 ab
1556 647 1639 681 uteri
1662 646 1873 681 inclinatione
1895 646 1984 680 heret
1999 670 2007 683 ,
2032 647 2083 682 sed
2105 659 2238 688 contra,
2274 661 2288 682 a
2315 651 2419 692 Spinae

1416 688 1603 722 distorsione
1626 692 1713 723 uteri
1737 689 1931 729 inclinatio,
1955 693 2044 725 velut
2068 693 2102 725 iri
2124 691 2244 727 duabus
2258 693 2370 730 saltem
2381 695 2419 727 de

1417 733 1536 776 quibus
1561 735 1706 774 protinus
1729 732 1906 766 sermonem
1928 733 2138 769 habebimus.

1462 787 1514 818 34.
1538 777 1753 809 ANICULA
1779 775 1935 817 gibbosa‚
1962 787 2108 812 extremo
2131 779 2209 816 adeo
2221 780 2326 815 morbi
2339 789 2423 814 tem-

1417 830 1496 862 pore
1519 821 1554 852 in
1576 818 1815 853 Nosoconiium
1839 819 1929 867 illata
1951 819 2076 859 fuerat,
2100 832 2137 856 ut
2160 825 2187 856 is
2209 825 2265 866 qui
2291 823 2423 865 suisset,

1418 864 1501 897 scire
1525 874 1590 896 non
1618 865 1803 904 potuerim3
1828 864 1919 898 simul
1943 866 2030 898 enim
2054 864 2152 899 ferme
2175 867 2263 901 illata
2274 869 2317 899 est
2342 890 2349 904 ‚
2386 878 2422 901 ac

1420 915 1547 941 mortua
1564 931 1572 939 .
1597 902 1710 948 Itaque
1735 916 1891 949 perpauca
1915 918 1952 940 ex
1975 907 2042 948 ejus
2064 910 2214 943 cadavere
2255 909 2423 953 discipulis

1417 948 1632 984 demonstravi
1655 961 1763 995 eoque.
1780 952 1931 992 pauciora
1947 976 1954 988 ‚
1978 953 2063 993 quod
2088 953 2195 986 virilis
2216 955 2335 994 optimi
2370 965 2423 987 ca-

1418 995 1544 1027 daveris
1568 990 1650 1025 mihi
1674 1004 1711 1026 eo
1734 1003 1881 1035 tempore
1903 995 1997 1037 copia
2023 1005 2088 1028 erat
2122 997 2156 1028 in
2181 995 2328 1030 The-atro
2361 997 2423 1030 cio-

1416 1039 1503 1071 centi
1525 1035 1584 1069 sub
1602 1035 1751 1078 Januarii
1774 1036 1872 1070 finem
1895 1039 1942 1072 A.
1970 1039 2063 1080 1748.
2197 1040 2256 1072 LX
2300 1041 2424 1073 THO.

1419 1080 1548 1114 RACE
1573 1079 1657 1112 nihil
1681 1079 1769 1114 aliud
1793 1092 1827 1115 ac
1851 1089 1908 1113 cor
1931 1081 2077 1123 inspexi,
2099 1082 2183 1115 recle
2209 1083 2239 1116 se
2272 1082 2391 1117 habens
2411 1107 2423 1124 ‚

1417 1123 1567 1165 quamvis
1590 1124 1784 1156 Coronariis
1807 1125 1938 1157 arteriis·
1956 1135 2119 1166 quatuor,
2144 1123 2225 1161 sicut
2252 1126 2328 1160 alibi
2364 1126 2420 1161 de-

1419 1166 1558 1200 scribam
1574 1188 1582 1203 ,
1608 1166 1796 1200 instructum
1819 1165 1893 1201 esset
1912 1192 1920 1201 .
2056 1169 2108 1201 Ex
2119 1168 2244 1204 Ventte
2256 1180 2361 1205 autem
2374 1181 2424 1204 re-

1420 1221 1550 1257 nes-non
1565 1208 1720 1243 sanissima
1733 1210 1911 1253 superfit-in
1924 1222 1961 1245 ut
1974 1212 2077 1245 minus
2089 1213 2226 1247 miratus
2238 1212 2294 1246 sim
2307 1237 2319 1254 ‚
2329 1213 2421 1256 quod

1422 1257 1522 1287 vesica
1547 1255 1580 1285 in
1605 1262 1670 1294 qua
1692 1253 1872 1294 plurimum
1896 1255 1974 1287 lotii
1999 1253 2129 1296 fuerat,
2152 1256 2311 1290 cervicem
2344 1259 2427 1290 bene

1421 1297 1536 1330 multis
1559 1294 1746 1338 sanguiferis
1770 1296 1908 1332 vasculis
1930 1297 2119 1332 distinetam
2151 1298 2283 1334 haberet
2306 1325 2314 1333 .
2359 1301 2426 1334 Te-

1420 1341 1498 1375 stem
1524 1340 1691 1385 dexterum
1713 1341 1918 1383 turgidulurn
1941 1352 2004 1375 non
2028 1340 2113 1376 secus
2136 1355 2172 1377 ac
2195 1342 2219 1377 fi
2242 1342 2429 1377 adolescen-

1420 1385 1496 1418 tulae
1521 1382 1648 1420 fuiflet5
1675 1383 1728 1417 sed
1749 1384 1905 1418 distentus
1929 1395 1996 1419 erat
2021 1384 2061 1418 ab
2083 1385 2204 1420 inclusa
2226 1397 2292 1420 non
2329 1397 2429 1429 parva

1423 1427 1600 1473 liydatide.
1628 1429 1731 1460 Imaui
1755 1430 1886 1472 Spinain
1908 1430 2048 1470 denique
2067 1429 2113 1462 ita
2136 1429 2306 1464 distortam
2333 1453 2342 1467 ,
2387 1439 2425 1462 ut

1419 1472 1626 1505 dextrorsum
1651 1480 1757 1505 uterus
1782 1481 1947 1515 vergeret,
1970 1470 2092 1505 sinistra
2117 1483 2226 1508 autem
2249 1474 2352 1507 Iliaca
2373 1484 2431 1509 ve-

1421 1527 1459 1548 na
1482 1515 1614 1555 longior
1639 1515 1740 1555 duplo
1764 1515 1840 1549 esset
1855 1538 1864 1553 ,
1891 1526 1992 1558 quam
2014 1515 2168 1551 dextera.

1461 1568 1515 1601 35.
1540 1558 1752 1592 VETULAE
1784 1560 1914 1592 alterius
1937 1558 2081 1600 gibbosae
2105 1582 2115 1598 ‚
2162 1572 2201 1595 ex
2245 1561 2406 1602 diuturno

1421 1601 1670 1645 gravissimoque
1694 1604 1797 1634 cruris
1821 1603 1923 1636 ulcere
1946 1602 2068 1635 ibidem
2105 1613 2242 1637 mortuae
2263 1628 2275 1642 „
2309 1614 2398 1636 renes
2420 1625 2431 1640 ‚
2482 1624 2484 1634 s

1421 1651 1453 1678 ἃ
1477 1642 1627 1688 genitalia
1653 1644 1764 1677 eodem
1790 1645 1888 1679 ferme
1913 1647 1986 1678 anni
2012 1655 2179 1689 ternpore,
2213 1646 2264 1682 sed
2296 1647 2432 1680 biennio

1425 1700 1517 1724 ante,
1542 1688 1580 1721 ad
1603 1700 1653 1721 me
1677 1690 1710 1719 in
1733 1688 1953 1730 Gymnafium
2001 1689 2095 1722 allata
2139 1690 2266 1724 fuerant
2293 1716 2300 1723 .

1421 1732 1527 1766 REN
1552 1731 1666 1768 dexter
1688 1733 1829 1765 naturali
1851 1732 1987 1774 quidem
2009 1742 2077 1765 crat
2102 1731 2225 1772 forma,
2251 1737 2281 1767 δι
2306 1733 2431 1775 magni-

1425 1775 1559 1810 tudine.
1584 1773 1714 1808 sinister
1748 1786 1826 1808 vero
1842 1798 1855 1815 ,
1876 1786 1952 1808 cum
1976 1775 2080 1815 ipsum
2103 1776 2308 1818 longitudine
2320 1783 2432 1817 aeqtia-

1424 1830 1492 1860 ret,
1516 1819 1691 1853 latitudine
1717 1829 1785 1851 erat
1810 1828 1904 1854 tanto
1939 1819 2061 1850 minori
2084 1841 2095 1857 ‚
2138 1830 2175 1853 tit
2216 1829 2255 1854 ea
2301 1829 2350 1852 res
2394 1820 2428 1851 in

1423 1864 1573 1897 omniurn
1597 1862 1708 1896 oculos
1733 1861 1842 1896 statim
1864 1864 2061 1898 incurreret.
2087 1862 2181 1896 Num
2194 1863 2238 1899 ob
2250 1862 2381 1905 Spinam
2394 1861 2432 1894 ad

1424 1907 1601 1950 superiores
1637 1905 1825 1938 lumborum
1859 1906 2022 1938 vertebras
2053 1904 2266 1940 sinistrorsum
2298 1915 2434 1941 contor-

1422 1959 1512 1988 tam,
1537 1950 1642 1983 dicere
1666 1960 1730 1981 non
1755 1947 1880 1991 possum
1904 1950 1962 1994 qui
1986 1947 2120 1982 cadaver
2142 1949 2249 1993 ipsum
2276 1960 2340 1983 non
2379 1949 2430 1982 vi-

1420 1994 1541 2028 derim.
1567 1992 1708 2026 Inferius
1731 2002 1817 2025 certe
1839 1991 2046 2027 dextrorsum
2065 1993 2436 2036 adeointorquebatu·r,‘

1418 2048 1453 2071 ut
1477 2039 1510 2070 in
1534 2036 1621 2069 idem
1644 2034 1728 2068 latus
1751 2034 1903 2077 penderet
1927 2046 2034 2071 uterus
2053 2037 2174 2076 :fqnod
2199 2036 2295 2078 hujus
2320 2037 2436 2070 vincu-

1418 2082 1486 2114 lum
1512 2082 1612 2113 Teres
1635 2078 1824 2124 dexterum,
1848 2078 1954 2113 multo
1978 2089 2075 2119 quani
2092 2078 2255 2116 sinistrum
2267 2099 2286 2119 ‚2
2304 2080 2435 2113 brevius

1418 2124 1627 2157 ostendebat:
1650 2133 1744 2164 cujus
1767 2122 1940 2158 brevitatis
1975 2131 2010 2159 tit
2058 2121 2140 2155 mihi
2186 2121 2288 2160 fider-n-
2329 2121 2434 2156 facere

1419 2167 1546 2210 possent
1568 2168 1628 2209 qui
1648 2177 1664 2199 e
1686 2176 1823 2208 corpore
1846 2165 2030 2198 ademerant
2046 2191 2056 2204 ‚
2080 2165 2266 2202 abdominis
2290 2167 2432 2208 particu-

1417 2213 1481 2244 lam
1497 2234 1509 2250 ‚
1535 2222 1591 2254 per
1614 2220 1712 2254 quarn
1736 2221 1751 2243 e
1776 2217 1887 2244 ventre
1910 2209 2125 2251 erumpebat,
2148 2209 2198 2243 illi
2220 2218 2375 2246 annexam
2386 2221 2438 2243 re.

1417 2255 1581 2297 liquerant
1597 2277 1605 2286 .
1731 2284 1733 2287 ,
1897 2290 1900 2297 ,
1920 2268 1931 2286 s
2076 2274 2077 2277 =
2209 2285 2212 2288 .
2311 2278 2313 2280 -

1461 2301 1514 2341 36.
1539 2298 1755 2331 ObTeretis
1779 2298 1907 2332 alterius
1933 2298 2059 2332 vinculi
2083 2297 2278 2333 brevitatem
2290 2298 2433 2334 tractum

1416 2343 1452 2375 in
1476 2342 1510 2376 id
1533 2342 1617 2375 lat—us
1642 2351 1771 2375 uterum
1795 2343 1830 2375 in
1856 2338 1962 2375 tribus
1986 2349 2093 2375 tamen
2118 2342 2189 2375 aliis
2213 2341 2363 2377 foeminis
2385 2343 2437 2375 vi-

1420 2385 1478 2424 di,
1500 2396 1639 2428 quarum
1665 2385 1812 2427 accepisti
1837 2385 1920 2419 olim
1942 2384 2096 2419 historias
2120 2385 2173 2428 (y
2197 2389 2230 2425 >.
2259 2388 2362 2428 Qod
2385 2385 2437 2420 id-

1420 2431 1510 2462 circo
1534 2434 1704 2469 memoro,
1725 2429 1802 2470 quia
1827 2428 1897 2471 post
1923 2429 2103 2462 Riolanum
2135 2431 2149 2467 (
2173 2428 2230 2470 z)
2265 2430 2397 2464 nullum
2419 2450 2431 2467 ‚

1421 2472 1478 2505 niii
1505 2473 1642 2517 Latum,
1670 2472 1860 2517 vinculum,
1884 2472 1974 2513 quod
2000 2472 2104 2505 solum
2138 2470 2271 2507 fortasse
2305 2473 2436 2506 brevius

1423 2525 1513 2552 erat,
1537 2518 1571 2548 in
1597 2518 1648 2548 sua
1673 2514 1770 2557 hujus
1792 2516 1916 2556 generis
1961 2515 2206 2549 Observatione
2251 2518 2441 2550 memorari·v

1423 2570 1487 2592 tem
1502 2581 1510 2595 ‚
1527 2570 1598 2595 ‘nou
1622 2558 1721 2592 deesse
1745 2557 1825 2591 alios
1847 2558 1943 2590 video
1960 2580 1969 2595 ‚
1993 2562 2024 2591 δε
2049 2560 2250 2592 nominatiml
2271 2559 2437 2593 Weitbrcn

1424 2602 1538 2636 clitum
1561 2605 1576 2640 ζ
1597 2613 1615 2633 a
1638 2604 1671 2641 )‚
1694 2603 1749 2644 qui
1773 2599 1892 2641 semper
1916 2602 1955 2633 ab
1981 2603 2082 2633 altero
2108 2603 2265 2637 Latortim
2290 2604 2323 2638 id
2337 2602 2433 2639 fieri,

1424 2646 1576 2680 credant.
1602 2645 1675 2687 Ego
1699 2656 1776 2677 vero
1819 2653 1856 2676 ut
1901 2645 1940 2677 ab
1986 2644 2154 2685 utriusque
2200 2647 2234 2679 in
2280 2656 2345 2681 uno
2379 2657 2434 2679 eo-

1423 2692 1560 2730 demque
1584 2689 1682 2721 latere
1706 2686 1829 2720 vinculi
1853 2687 2013 2721 brevitate
2034 2714 2042 2728 ‚
2069 2698 2124 2721 aut
2146 2689 2252 2722 altero
2274 2690 2308 2724 in
2334 2691 2434 2723 latere

1422 2735 1553 2766 laxitate
1578 2731 1644 2765 fieri
1669 2731 1860 2770 interdum,
1881 2730 2014 2769 censeo,
2038 2733 2083 2765 ita
2131 2733 2215 2766 Lato
2259 2732 2434 2766 dumtaxat

1421 2777 1585 2812 breviori,
1610 2775 1630 2807 si
1656 2776 1777 2808 socium
1801 2775 1900 2807 Teres
1924 2774 1963 2807 sit
1987 2775 2112 2813 laxius,
2135 2784 2188 2808 aut
2214 2775 2438 2811 Teretidurn-

1425 2829 1536 2859 taxat,
1560 2820 1581 2852 si
1606 2818 1709 2851 laxius
1733 2817 1769 2850 sit
1795 2818 1937 2854 Latum,
1963 2830 2028 2851 reni
2053 2817 2130 2851 alias
2153 2817 2283 2858 deberi,
2319 2829 2400 2861 puto
2423 2843 2432 2851 .

1426 2865 1502 2897 Lati
1526 2872 1632 2896 autem
1656 2863 1825 2907 utriusque
1848 2862 1977 2894 laxitati
2004 2862 2115 2895 tribuo
2138 2862 2229 2903 quod
2254 2861 2436 2896 retrorsum

1425 2917 1557 2944 uterus,
1581 2916 1636 2940 ant
1660 2910 1844 2938 antrorlum
1875 2904 2025 2943 concidat
2049 2926 2060 2942 ‚
2107 2906 2195 2939 velut
2242 2907 2275 2938 in
2299 2906 2434 2940 muliere

1427 2951 1466 2986 de
1488 2961 1552 2992 qua
1576 2947 1680 2991 scripsi
1707 2949 1744 2982 ad
1780 2959 1812 2981 te
1857 2948 2001 2990 Epistola
2051 2949 2160 2982 XLV.
2186 2952 2199 2987 ί
2222 2947 2240 2981 b
2263 2953 2299 2988 ),·
2329 2960 2434 2990 quan-

1428 3005 1528 3037 quam
1551 2994 1584 3027 in
1607 3004 1641 3026 ea
1665 2992 1834 3033 aliquanto
1857 2993 1964 3025 minus
1995 2992 2103 3024 laxum
2120 3014 2132 3030 ,
2157 2993 2304 3026 minusve
2339 2992 2436 3026 breve

1427 3039 1588 3072 sinistrum
1614 3034 1709 3069 fuerit
1728 3059 1739 3074 ,
1762 3043 1892 3077 oportet
1919 3057 1927 3072 ,
1962 3047 2037 3068 cuni
2060 3044 2167 3068 uterus
2190 3036 2316 3070 sinistro
2341 3035 2437 3069 lateri

1428 3083 1566 3122 propior
1589 3079 1665 3113 esset
1690 3079 1855 3121 aliquanto
1879 3103 1887 3111 .
1937 3078 2014 3111 Nun
2030 3090 2046 3112 c
2070 3079 2210 3120 reliquas
2236 3081 2348 3122 accipe
2370 3078 2441 3115 Ob.

1426 3125 1643 3158 servationes.
2270 3148 2273 3150 .

1468 3179 1522 3210 37.
1551 3167 1760 3199 MULIERI
1784 3177 1881 3198 annos
1905 3176 1984 3198 natae
2009 3165 2147 3208 triginta
2168 3167 2338 3207 quinque,
2359 3176 2434 3199 curn

1431 3211 1582 3247 lactaret,
1608 3213 1735 3243 vomica
1756 3211 1790 3241 in
1814 3210 1967 3252 pulmone
1990 3220 2056 3242 non
2079 3210 2126 3242 ita
2171 3207 2296 3250 pridem
2339 3219 2434 3250 rupta.

1432 3266 1497 3288 erat
1513 3278 1520 3283 .
1546 3255 1636 3287 Dum
1661 3265 1717 3295 pus
1742 3253 1951 3297 expeetorare,
1971 3253 2102 3295 potuit,
2125 3252 2210 3285 vixit
2226 3277 2233 3283 .
2252 3254 2344 3285 'Cum
2377 3260 2431 3285 ex-

1432 3299 1612 3339 pastoratu>
1637 3298 1771 3329 biduum
1797 3295 2000 3332 substitillet'3
2023 3297 2056 3328 in
2080 3295 2288 3328 Nosocomio
2324 3295 2431 3328 vivere

1429 3339 1523 3375 desiit
1547 3341 1631 3372 inter
1656 3342 1746 3373 initia
1771 3339 1961 3373 Decembris
1985 3342 2029 3373 A.
2056 3349 2150 3381 1740.
2202 3356 2204 3359 v
2235 3343 2239 3346 '
2284 3338 2431 3385 CADA-

1424 3385 1565 3417 VERIS
1590 3395 1653 3416 non
1677 3384 1850 3419 ernaciati,
1872 3385 1901 3415 &
1926 3407 1936 3422 ,
1976 3382 1998 3415 si
2045 3381 2212 3416 thoracem
2254 3381 2395 3420 excipias
2420 3401 2431 3417 ‚

2293 3433 2388 3463 quern

372 3527 2434 3558 W

490 3620 578 3690 861145).
596 3647 663 3674 supra
678 3644 707 3668 ad
723 3652 746 3668 n.
765 3651 804 3673 3¹·
820 3640 861 3666 cit*
1097 3677 1105 3683 q
1165 3669 1168 3672 ι

557 3689 575 3702 2.
594 3686 616 3702 n.
634 3684 671 3706 35.
734 3675 749 3704 (
763 3673 807 3702 u)
825 3671 902 3696 schol.
919 3672 987 3698 supra
1004 3669 1033 3693 ad
1049 3675 1077 3693 n.
1096 3677 1134 3697 2¹-
1149 3675 1193 3694 eit.

494 3680 594 3737 3lipist.
613 3715 652 3736 29.
668 3712 694 3730 n.
710 3713 747 3730 iz.
766 3704 789 3728 Ec
805 3711 845 3732 203
861 3704 882 3726 δι
900 3701 963 3730 Epist
988 3708 1023 3730 35.
1042 3708 1065 3723 n,
1086 3702 1124 3723 16.

497 3746 537 3770 λῃ
570 3747 573 3749 ’

924 3643 938 3670 ζ
951 3649 968 3670 p
981 3640 994 3666 )
1013 3646 1035 3662 c.
1055 3642 1091 3663 16.
1109 3638 1167 3663 ibid.
1186 3638 1227 3662 cit.

543 3757 548 3763 .
569 3743 604 3762 ,6.

572 3617 606 3642 ist.
623 3622 661 3643 29.
679 3622 702 3638 n.
722 3622 757 3638 η.
774 3614 797 3637 &
813 3616 854 3640 203
871 3611 913 3639 Ep.
933 3617 969 3640 35.
988 3617 1011 3632 n.
1030 3615 1065 3632 12.
1083 3610 1106 3632 δε
1125 3611 1164 3638 i6;
1181 3608 1227 3635 Ep.
1242 3611 1332 3663 aio-<nb
1347 3605 1605 3658 i4kElq-—qgidn-cffffi
1622 3606 1666 3631 Ep.
1684 3611 1723 3631 47-
1742 3609 1766 3625 ¹¹-
1786 3602 1822 3625 ¹8-
1840 3603 1862 3626 &-
1878 3605 1916 3630 36-

1253 3665 1261 3694 (
1281 3674 1294 3688 ‚r
1311 3676 1319 3695 )
1338 3668 1475 3689 Commerc.
1495 3666 1578 3689 Litter.
1597 3666 1627 3688 A.
1648 3667 1713 3692 17;6-
1733 3663 1808 3686 Heba.
1827 3670 1864 3691 43.
1882 3670 1904 3685 n.
1924 3670 1944 3686 2⁴
1968 3670 1970 3676 ‘

1186 3699 1232 3727 <z
1248 3699 1258 3722 )
1277 3699 1440 3724 Ammopogr.
1457 3697 1471 3719 l.
1489 3704 1511 3720 2.
1527 3701 1546 3720 c.
1565 3702 1602 3724 33.

1978 3602 1992 3630 (
2008 3609 2023 3625 η
2042 3605 2055 3629 >
2069 3600 2143 3630 Epist.
2161 3601 2198 3628 56.
2215 3605 2237 3622 ri.
2257 3599 2307 3629 26.-

1655 3635 1667 3661 ί
1684 3643 1694 3657 r
1709 3634 1722 3662 )
1737 3640 1758 3655 e-
1776 3632 1818 3657 cit.
1879 3634 1885 3659 (
1902 3632 1944 3661 s)
1961 3633 1998 3667 De
2012 3632 2101 3655 Morb.
2120 3628 2223 3654 Mulier.
2240 3628 2290 3652 Li.
2307 3636 2334 3652 n.
2352 3630 2387 3652 16.

1668 3706 1677 3718 t
1695 3702 1708 3718 a
1726 3713 1733 3724 Ι
1752 3693 1939 3722 Ξγηᾱείὶηοὶος.<
1954 3693 2012 3717 Ξςέὶ.
2029 3695 2055 3716 6.
2074 3691 2096 3722 §.
2113 3699 2150 3719 41.
