2498 4075
341 225 451 252 autem
474 217 507 249 in
531 213 738 248 altitudinem
749 223 764 253 ;
786 219 822 245 ut
859 210 944 244 laelio
980 209 1019 243 ad
1050 210 1249 246 ventriculos
1282 222 1347 245 non

342 259 550 304 perveniret.
886 298 892 304 Π
937 297 946 304 .
1062 297 1069 304 ·
1097 297 1105 304 .

387 314 441 347 35.
469 300 560 336 VIR
581 298 688 333 aetatis
709 298 910 332 consistentis
934 307 968 330 m
993 294 1152 340 sincipitis
1173 296 1351 340 partedex·

343 356 413 381 tera
435 341 656 380 contundente
679 340 896 375 instrumento
919 340 1028 379 ictus,
1050 339 1143 374 nullo
1165 339 1351 383 prorsusaf-

343 388 446 425 feRus
470 387 713 430 symptomate‚
736 383 799 417 suis
822 383 886 426 ipse
909 382 1044 426 pedibus
1069 384 1159 417 venit
1181 384 1216 417 in
1239 384 1350 425 saepius

344 440 560 467 memoratum
584 427 829 462 Nosocomium
843 448 856 466 ‚
878 426 912 458 in
936 437 1040 468 eoque
1062 425 1237 460 decubuit.
1263 428 1354 460 Dua·

341 476 402 511 bus
425 474 543 509 exaetis
566 469 681 510 horis,
705 470 870 504 balbutire
892 469 995 510 coepit
1009 482 1019 501 .·
1042 472 1073 503 δε
1097 469 1167 513 post
1179 469 1253 503 alias
1276 480 1354 511 pau-

340 531 392 554 cas
416 517 511 552 horas
534 512 671 557 paralysi
693 515 726 546 in
752 522 822 548 tota
846 511 969 546 sinistra
994 515 1144 554 corporis
1168 521 1258 555 parte
1282 524 1354 545 cor-

340 571 450 604 reptus
473 560 542 592 est.
678 554 850 591 Sinistrum
877 565 985 589 tamen
1009 556 1161 595 oculum,
1186 567 1259 590 curn
1283 556 1354 589 bal-

341 602 500 639 butiendo
524 600 563 636 ad
587 603 785 641 interrogata
831 596 1063 641 responderet,
1087 600 1198 633 exac‘ie
1232 600 1355 642 aperie-

340 649 417 684 bat;
442 646 610 681 dexterum
637 643 854 677 semiclausum
878 641 1037 676 habebat.
1063 642 1123 676 Sed
1147 642 1355 677 &dexteram

343 701 468 735 partem
491 689 642 730 corporis
665 686 729 720 sine
754 687 910 727 peculiari
932 695 1055 720 conatu
1079 697 1209 720 movere
1219 696 1283 718 non
1301 698 1355 728 po.

342 743 446 768 terat.
473 732 613 767 Duobus
631 755 640 770 ‚
664 739 719 763 aut
743 730 847 764 tribus
872 730 911 763 ab
934 739 1067 770 accepto
1091 729 1221 763 vulnere
1233 730 1355 762 exactis

342 778 455 811 diebus
478 800 489 816 ,
530 774 685 809 deliravit
709 796 720 808 .
762 772 914 812 Tandem
961 771 1132 818 soporosus
1156 772 1278 810 fastus,
1304 773 1355 806 die

339 821 476 862 quin&o
498 819 609 853 obiit.
741 816 911 849 CAPUT
935 814 1033 858 hujus
1056 816 1190 859 quidem
1213 814 1356 849 hominis

340 862 491 897 Valsalva
507 883 516 899 ,
540 859 746 902 gravioribus
768 868 947 901 occupatus
986 860 1129 901 negotiis
1152 881 1163 898 ‚
1207 858 1358 892 dissecare

340 905 405 949 ipse
429 915 494 938 non
519 904 650 947 potuit.
678 903 805 936 Tamen
828 912 901 946 quae
925 901 963 934 ab
991 903 1114 935 Amicis
1156 902 1216 945 qui
1256 902 1350 936 disse.

337 957 493 989 merant,
516 947 615 981 relata
638 945 737 981 sunt,
762 948 858 980 Petro
880 945 1074 979 Molinellio
1097 967 1107 983 ‚
1150 948 1183 979 δε
1224 945 1349 990 Joanne

339 992 492 1028 Antonio
515 988 779 1031 Guicciardim,
803 989 957 1024 adnotare
982 999 1047 1022 non
1079 987 1190 1022 omisit
1214 1012 1223 1023 .
1269 990 1349 1022 Fra-

342 1036 430 1069 &um
454 1043 522 1069 erat
546 1034 694 1067 cranium
718 1031 783 1073 fic,
807 1042 843 1067 ut
866 1033 932 1066 duo
956 1043 1071 1075 magna
1095 1032 1164 1073 ejus
1186 1031 1349 1075 fragmen-

334 1088 389 1117 ta,
410 1077 498 1120 quasi
524 1077 612 1111 faeta
638 1076 759 1118 angulo
782 1075 959 1110 introrsum
984 1076 1133 1110 contrusa
1150 1098 1160 1115 ,
1185 1086 1250 1109 non
1274 1087 1348 1118 par-

335 1133 378 1156 vo
402 1123 495 1156 illato
520 1120 727 1162 meningibus
754 1120 905 1159 vulnere,
940 1118 1063 1163 ipsique
1106 1119 1240 1154 cerebro
1262 1143 1272 1159 ‚
1320 1121 1351 1152 in

333 1165 431 1209 hujus
455 1163 670 1200 substantiam
696 1161 735 1198 ad
757 1163 838 1197 duos
874 1163 1113 1205 propemodum
1158 1161 1353 1196 transversos

333 1208 459 1251 digitos
483 1206 717 1251 penetrassent.
744 1208 829 1240 Erat
853 1207 887 1239 in
909 1216 950 1238 eo
971 1205 1095 1240 cerebri
1122 1206 1251 1238 vulnere
1274 1216 1351 1239 con.

335 1263 444 1287 cretus
467 1251 617 1293 sanguis,
640 1252 672 1283 &
699 1248 854 1292 sanguine
880 1247 950 1281 vasa
977 1259 1111 1290 quoque
1134 1249 1289 1290 majorem
1314 1249 1348 1282 in

333 1295 467 1330 modum
492 1294 686 1336 turgebant.
713 1294 804 1326 Dum
828 1292 994 1326 cerebrum
1018 1303 1034 1325 e
1057 1294 1169 1325 cranio
1191 1292 1351 1327 eximeba-

334 1349 390 1373 tur
407 1360 416 1376 ‚
441 1339 550 1380 aliqua
573 1336 637 1371 seri
663 1337 772 1379 portio
797 1335 988 1379 prodierat.

376 1385 429 1425 36.
454 1379 558 1420 Quod
581 1380 754 1414 acervatim
779 1388 832 1413 tot
857 1378 1117 1412 Observationes
1140 1378 1205 1412 huc
1227 1391 1348 1426 conge-

331 1437 421 1464 ram,
446 1435 511 1459 non
534 1433 600 1458 tarn
624 1423 797 1457 brevitatis
816 1422 909 1456 causa
933 1419 1041 1461 facio,
1065 1432 1139 1456 cum
1152 1423 1268 1456 restent
1282 1436 1347 1458 non

329 1480 440 1514 paucae
461 1478 541 1510 quas
564 1466 739 1508 adjiciam,
763 1477 861 1508 quam
885 1476 923 1499 ne
945 1465 1087 1500 crebrius
1109 1465 1232 1500 easdem
1255 1479 1346 1510 repe-

329 1522 399 1548 tam
423 1510 731 1547 animadversiones.
759 1511 841 1548 Quae
864 1509 951 1543 enim
975 1509 1009 1541 in
1055 1510 1169 1551 quavis
1214 1511 1343 1545 illarum

330 1557 527 1592 videbuntur
550 1553 648 1597 digna
671 1563 744 1595 quae
770 1553 872 1594 magis
896 1553 1129 1593 attendantur,
1162 1552 1247 1586 infra
1284 1555 1348 1588 suis

333 1611 465 1643 quoque
489 1597 569 1631 locis
592 1596 881 1631 commemorabo.
908 1595 1035 1630 Interea
1059 1605 1169 1630 autem
1192 1607 1257 1630 non
1269 1596 1348 1632 sub-

328 1643 495 1679 sistamus.
519 1640 577 1676 Sed
602 1640 690 1683 quod
712 1639 746 1672 in
770 1638 900 1681 depreffi
923 1641 1027 1674 cranii
1061 1640 1218 1682 exemplis
1263 1641 1346 1676 seci-

329 1699 422 1725 mus,
447 1686 525 1721 alias
547 1694 648 1729 porro
673 1681 795 1724 fracti,
817 1681 916 1717 fiffive
951 1682 1202 1717 Observationes
1246 1683 1347 1727 subji-

327 1742 470 1765 ciamus.

371 1785 429 1819 37.
450 1771 657 1811 FOEMINA
680 1769 921 1815 quinquaginta
947 1779 1047 1803 annos
1071 1778 1167 1809 nata,
1199 1781 1217 1802 e
1263 1770 1345 1804 scala

327 1828 469 1862 praeceps
493 1818 527 1850 in
551 1825 670 1849 terram
695 1814 804 1849 cadit.
828 1814 960 1848 Vulnus
983 1812 1076 1855 supra
1099 1811 1232 1847 oculum
1267 1812 1344 1847 fini-

332 1861 432 1897 strum
455 1870 589 1904 apparet
608 1871 618 1890 :
643 1859 771 1893 tumida
793 1856 863 1898 est,
885 1859 916 1890 &
941 1856 1059 1899 pallida
1094 1854 1212 1890 facies:
1245 1856 1345 1891 livida

329 1915 503 1949 tempora:
526 1914 565 1937 ex
588 1913 645 1936 ore
668 1902 794 1946 sanguis
818 1902 884 1935 exit
899 1925 907 1933 .
944 1900 1042 1934 Nihil
1073 1901 1188 1934 mulier
1220 1900 1344 1934 intelli-

272 1982 273 1985 ,
325 1951 400 1991 git,
424 1946 508 1983 nihil
533 1946 652 1985 sentit,
675 1945 781 1985 nihil,
806 1943 827 1978 si
852 1954 982 1977 manum
1005 1942 1343 1987 dexteramexcipias‚

327 2002 457 2030 movet,
483 2002 616 2033 eamque
640 1988 803 2033 paulisper
826 1989 996 2021 dumtaxat
1012 2011 1022 2026 ,
1046 1987 1182 2024 leviter,
1207 1998 1243 2020 ac
1287 1988 1343 2023 de-

326 2037 459 2070 biliter.
486 2035 580 2068 Hora
605 2034 746 2067 moritur
769 2045 785 2066 a
806 2030 895 2074 lapsu
919 2030 1044 2065 decima
1066 2031 1197 2076 quindia
1213 2054 1221 2062 .

329 2077 586 2114 SINCU’ITlS
609 2086 742 2111 externa
770 2073 931 2109 rubebant
954 2074 1203 2116 integumenta.
1228 2074 1268 2107 In
1290 2073 1342 2107 os-

330 2124 359 2158 se
373 2149 382 2164 ‚
408 2133 534 2166 partem
556 2120 675 2154 orbitae
697 2118 811 2154 sinistri
836 2118 924 2152 oculi
946 2116 1147 2160 superiorem
1178 2116 1341 2158 faciente,

331 2169 436 2211 plures
459 2174 551 2200 erant
574 2162 744 2199 stafiurae.
771 2164 802 2196 A
825 2163 925 2195 latere
948 2161 1082 2195 dextero
1107 2162 1222 2195 arteria
1267 2172 1340 2204 quae

330 2223 387 2254 per
411 2209 555 2243 Crassam
579 2208 763 2249 meningem
785 2204 978 2243 diducitur,
1002 2205 1165 2247 lacerata,
1210 2203 1343 2247 sangui-

327 2266 399 2289 nem
424 2253 597 2287 efiuderat:
621 2250 712 2293 cujus
735 2250 901 2292 coagulati
925 2249 1028 2282 unciae
1051 2249 1180 2283 circiter
1202 2248 1273 2281 duae
1291 2249 1340 2281 in-

330 2309 378 2333 ter
400 2309 468 2332 eam
494 2296 704 2339 meningem,
727 2298 758 2329 δι
779 2304 815 2327 os
841 2291 1011 2326 Petrosum
1035 2290 1340 2334 conspiciebantur.

332 2343 365 2376 Is
388 2341 516 2383 sanguis
540 2349 584 2373 ita
607 2348 777 2373 concretus
799 2335 1044 2378 respondentem
1067 2336 1191 2371 cerebri
1215 2344 1339 2378 partem

330 2386 474 2422 laeserat,
499 2393 537 2418 ut
559 2381 648 2424 quasi
670 2381 768 2415 erosae
793 2380 893 2414 instar
916 2389 1106 2422 appareret.

369 2430 420 2472 38.
445 2427 596 2461 SENEX
622 2436 720 2460 annos
744 2433 838 2457 natus
863 2423 1047 2465 sexaginta,
1071 2423 1111 2457 ab
1145 2421 1241 2457 hirco
1273 2422 1342 2455 im-

329 2475 469 2516 petitus,
495 2471 529 2503 in
553 2479 671 2502 terram
691 2469 807 2503 cadens
822 2491 830 2506 ‚
853 2476 977 2508 partem
1021 2467 1137 2512 capitis
1182 2466 1340 2515 sinisiram

330 2516 457 2549 allidit.
483 2515 555 2547 Vix
577 2513 746 2555 loquitur.-
773 2511 900 2543 vomit:
924 2521 979 2542 ore
1013 2511 1199 2551 sanguinem
1224 2510 1337 2551 ejicit:

329 2559 456 2595 nullum
482 2557 604 2590 sensum
627 2558 829 2588 internorum
853 2555 972 2594 prae‘oct
999 2553 1159 2588 indicium
1178 2576 1193 2594 ,
1227 2563 1339 2587 manus

330 2600 532 2638 convulsivis
557 2600 701 2633 motibus
725 2600 889 2640 agitantur
909 2610 918 2628 z
941 2597 1038 2630 facies
1062 2597 1156 2631 rubet
1181 2610 1189 2628 ε
1225 2598 1338 2638 itaque

333 2646 404 2690 post
426 2645 562 2680 biduum
587 2643 728 2676 moritur
751 2666 759 2674 .
893 2639 1076 2673 CAPITIS
1124 2639 1212 2673 laesio
1254 2640 1338 2672 circa

331 2690 533 2731 superiorem
558 2687 735 2727 marginem
759 2684 966 2725 Temporalis
991 2683 1127 2717 musculi
1152 2681 1266 2717 sinistri
1289 2684 1340 2714 vi-

328 2733 463 2768 debatur
486 2731 626 2765 exterius
648 2728 746 2762 levis.
773 2727 833 2761 Sed
856 2736 929 2761 cute
952 2726 1095 2766 sublata,
1118 2729 1146 2760 is
1180 2726 1340 2760 musculus

331 2786 424 2811 totus
446 2778 599 2809 inventus
622 2772 665 2806 est
688 2771 840 2814 sanguine
865 2769 1023 2805 suffusus:
1047 2769 1238 2813 reclusoque
1273 2780 1342 2803 cra-

330 2821 412 2859 nio,
432 2829 498 2853 non
522 2827 619 2860 parva
645 2814 808 2858 sanguinis
832 2811 975 2857 grumos}
999 2815 1113 2856 copia,
1135 2812 1254 2847 Crassae
1278 2825 1344 2846 me-

330 2864 422 2906 ningi
448 2873 511 2904 qua
534 2860 640 2895 eidem
665 2857 879 2901 respondebat
903 2856 1068 2898 musculo,
1095 2857 1174 2891 adeo
1219 2858 1344 2890 tenaci—

330 2917 380 2941 ter
404 2905 615 2941 adhaerentis,
641 2912 677 2936 ut
702 2902 762 2945 ipsi
785 2911 945 2935 connatus
969 2900 1153 2935 videretur.
1180 2901 1261 2933 Erat
1285 2911 1342 2933 au-

331 2960 397 2984 tem
421 2948 543 2982 ibidem
565 2946 669 2981 cranii
693 2944 853 2983 fruitura,
879 2956 954 2978 cum
979 2946 1176 2978 interiorum
1189 2943 1342 2978 vasorum

330 2992 553 3035 disruptione.
579 2991 704 3023 Verum
729 3000 801 3021 cum
825 2988 927 3022 eidem
953 2990 1121 3031 mefflngi,
1144 2999 1206 3031 qua
1229 2987 1342 3021 dexte-

330 3048 368 3072 ro
390 3037 491 3070 etiam
515 3033 708 3076 Temporali
736 3031 881 3066 musculo
913 3032 1127 3075 respondebat
1162 3032 1257 3075 copia
1289 3031 1341 3064 vel

332 3079 439 3122 major
463 3076 692 3120 ejusdemmodi
718 3074 878 3117 sanguinis
901 3075 1074 3109 adhaereret
1097 3096 1107 3111 ‚
1140 3085 1243 3116 neque
1286 3074 1341 3108 hic

332 3125 397 3159 ulla
424 3124 548 3156 ratione
573 3132 588 3154 a
611 3118 734 3152 sinistra
759 3127 848 3161 parte
873 3119 952 3153 illuc
985 3116 1162 3162 pervenisse
1204 3116 1306 3161 posset
1329 3140 1340 3156 ,

332 3167 420 3203 nulla
444 3174 551 3200 autem
574 3164 676 3198 cranii
699 3160 838 3195 fractura
885 3175 901 3195 a
924 3162 1041 3196 dextris
1085 3162 1114 3195 se
1159 3161 1306 3204 proderet
1332 3172 1342 3200 ς

333 3209 425 3244 valde
447 3221 481 3242 ea
505 3218 553 3241 res
575 3206 737 3241 Valsalvae
782 3206 927 3239 animum
972 3204 1153 3247 suspensum
1197 3206 1303 3239 tenuit
1328 3229 1337 3237 .

334 3254 423 3287 Nam
445 3251 502 3286 etsi
526 3249 730 3294 postmodum
753 3259 829 3282 cum
851 3247 967 3283 osseam
990 3249 1160 3282 interioris
1182 3250 1271 3283 auris
1292 3246 1340 3281 fa-

335 3297 482 3333 bricam,
506 3296 539 3327 in
563 3305 625 3336 qua
649 3302 740 3327 totus
764 3301 853 3329 erat,
876 3294 1138 3330 examinaturus,
1162 3293 1197 3326 in
1227 3292 1340 3327 dexte-

334 3351 402 3373 ram
427 3339 517 3373 illam
541 3336 637 3380 hujus
660 3336 762 3370 cranii
788 3345 909 3378 partem
933 3336 1092 3378 scalprum
1117 3337 1238 3369 malleo
1271 3334 1344 3368 ade·

335 3382 448 3426 gisset,
471 3381 576 3416 fissura
597 3379 654 3423 ipsi
678 3381 711 3413 in
735 3379 944 3422 conspectum
968 3379 998 3413 se
1019 3378 1131 3416 dedit;
1153 3380 1272 3414 dubius
1294 3388 1342 3412 ta-

336 3437 408 3460 men
434 3425 522 3463 fuit,
548 3425 663 3459 malleo
684 3423 775 3463 haec,
797 3433 837 3458 an
861 3423 911 3456 illi
936 3435 953 3458 a
976 3420 1052 3458 casu
1076 3421 1268 3465 percuffioni
1291 3422 1343 3457 de.

630 130 790 185 Liber
805 129 900 183 lv.
916 127 1003 182 De
1023 129 1229 184 Morbis
1247 131 1570 198 Chirurgicis
1585 170 1601 192 ,
1637 131 1692 183 &
1717 126 2116 181 Universalibus

1404 211 1550 244 beretur.
1577 210 1677 247 Quod
1703 209 1863 251 reliquum
1875 209 1936 244 est,
1962 215 2070 240 totum
2081 207 2269 255 cerebrum,
2292 209 2413 253 Πρω,

1403 255 1471 288 lum
1495 254 1635 297 excipias
1658 253 1720 286 seri
1740 251 1828 296 quod
1850 253 1884 285 in
1909 252 2096 285 ventriculis
2118 248 2206 293 fuit,
2227 252 2402 291 secundum

1401 307 1549 332 naturam
1573 296 1602 331 se
1623 295 1738 331 habuit
1751 321 1758 328 .

1445 352 1496 384 39.
1522 339 1611 374 VIR
1634 349 1793 373 annorum
1816 337 2057 381 quinquaginta
2080 337 2185 381 lapide
2230 344 2413 382 percutitur

1405 384 1444 419 ad
1467 382 1609 418 medium
1631 382 1732 416 ferme
1754 382 1962 424 supercilium
1986 378 2147 430 sinistrum
2161 404 2175 422 ‚
2196 393 2261 424 qua
2295 396 2413 420 nervus

1406 439 1445 460 ex
1466 427 1573 460 orbita
1598 426 1781 468 egreditur.
1807 424 1926 458 Multis
1948 423 1988 456 ab
2011 425 2077 461 ietu
2100 423 2211 467 elapsis
2242 425 2333 462 horis
2377 431 2412 464 in

1405 469 1650 504 Nosocomium
1675 471 1787 511 iaepius
1812 469 2020 500 nominatum
2042 466 2209 509 defertur,
2229 469 2287 504 ubi
2297 472 2413 508 vincu-

1405 514 1445 548 lis
1467 514 1501 546 in
1524 513 1609 547 lec‘to
1632 513 1764 547 retineri
1789 510 1905 545 necesse
1929 508 1993 544 fuit
2015 512 2060 544 ob
2093 511 2247 555 immanes
2277 516 2414 550 convul-

1405 557 1488 591 sivos
1510 556 1649 590 universi
1673 556 1819 598 corporis
1842 564 1971 588 motus.
2001 554 2111 588 Clausi
2156 565 2246 589 erant
2288 557 2377 592 oculi
2401 572 2411 593 ε

1406 601 1526 635 mentis
1549 600 1691 633 affiones
1713 598 1933 632 feriabantur.
1959 597 2110 640 Denique
2133 598 2295 641 trigesima
2326 601 2413 636 sexm

1405 644 1447 677 ab
1470 644 1537 677 iem
1564 644 1672 677 exafia
1695 642 1773 677 hora
1788 665 1798 679 ‚
1822 650 1895 675 cum
1920 639 2032 674 harum
2056 642 2169 674 ultima
2193 643 2412 687 illiconquie-

1405 685 1520 720 vissent
1545 696 1653 720 motus
1666 710 1674 725 ,
1700 686 1825 719 interiit
1838 708 1846 716 .
1975 685 2150 718 CRANII
2163 688 2328 728 portiones
2339 688 2414 731 plu-

1405 741 1453 765 res
1476 731 1566 773 supra
1591 730 1730 763 orbitam
1754 728 1862 762 fratfftae
1883 735 1997 760 erant:
2030 739 2168 769 quarum
2212 741 2277 763 una*
2317 740 2412 766 acuta

1408 776 1532 808 Durarn
1557 775 1738 816 meningen]
1764 769 1944 814 pungebat,
1966 770 2013 804 ibi
2038 783 2206 813 propterea
2228 774 2412 808 inflamma-

1409 828 1499 851 tam.
1523 818 1614 853 Quin
1637 818 1719 850 rima
1754 816 1853 848 etiam
1897 824 2020 858 reperta
2066 815 2108 848 est
2155 817 2189 848 in
2223 816 2376 859 opposito
2401 840 2413 857 ,

1409 861 1444 895 id
1468 860 1513 894 est
1536 860 1652 893 dextro
1676 860 1772 893 latere
1794 869 1829 892 ea
1852 856 1919 900 ipsa
1943 867 2031 899 parte
2054 869 2127 900 quae
2150 857 2258 893 frafiae
2292 873 2308 894 a
2334 860 2410 894 lini-

1402 905 1473 939 stris
1496 903 1731 946 respondebat.
1756 903 1795 935 In
1828 901 1962 934 cerebro
2006 900 2109 935 serum
2154 902 2198 936 est
2239 905 2411 939 inventum

1401 945 1643 991 quodammodo
1682 945 1841 979 saniosum
1857 967 1865 976 .
1891 943 2056 977 Caeterum
2078 956 2152 979 cum
2176 945 2250 979 alias
2273 957 2406 990 quoque

1402 1001 1498 1033 caput
1521 988 1617 1032 hujus
1640 991 1703 1023 viri
1727 987 1833 1022 fuisset
1858 986 2063 1026 sauciatum3
2090 990 2200 1023 videre
2224 990 2272 1023 ibi
2307 991 2404 1025 licuit

1403 1035 1488 1070 unde
1532 1043 1603 1067 turn
1649 1033 1755 1067 ablata
1802 1042 1875 1074 pars
1918 1032 2022 1065 cranii
2068 1030 2174 1066 fuerat
2219 1053 2229 1069 2
2273 1033 2407 1067 crassam

1402 1076 1565 1119 quandam
1609 1077 1828 1110 membranam
1871 1085 1942 1118 quae
1976 1073 2047 1108 offis
2092 1075 2242 1118 pensabat
2274 1079 2377 1110 vicem
2401 1101 2410 1110 .

1403 1122 1492 1155 Huic
1547 1121 1742 1154 membranae
1785 1120 1879 1153 Dura

1404 1165 1459 1198 bat
1484 1187 1494 1197 .

1444 1218 1500 1250 40.
1526 1209 1642 1240 Praeter
1664 1206 1728 1240 hoc
1750 1205 1927 1243 ultimum,
1949 1204 2038 1247 quod
2051 1216 2124 1239 curn
2137 1206 2310 1242 observatis
2321 1209 2404 1242 olim

1402 1264 1418 1285 a
1443 1252 1639 1291 Berengario
1662 1252 1675 1289 <
1698 1262 1718 1285 u
1741 1252 1751 1287 )
1777 1251 1921 1291 apprime
1952 1248 2076 1282 videbis
2120 1253 2295 1284 convenire
2316 1275 2330 1293 ,
2374 1255 2408 1285 ἅτ

1402 1305 1517 1337 praeter
1540 1294 1575 1329 id
1598 1293 1686 1337 quod
1715 1293 1752 1327 ad
1776 1303 1910 1326 nervum
1935 1294 2052 1325 attinet
2075 1291 2133 1326 sub
2156 1292 2327 1336 supercilio
2362 1306 2411 1329 re.

1400 1338 1526 1372 flexum
1540 1361 1548 1376 ,
1569 1348 1661 1380 cujus
1686 1334 1844 1370 laefionem
1867 1335 2022 1377 gravibus
2044 1335 2144 1376 ipsam
2166 1349 2300 1380 quoque
2322 1340 2410 1372 exci-

1401 1384 1433 1423 pi
1457 1380 1738 1417 convulfionibus,
1763 1380 1855 1422 supra
1878 1379 1934 1421 (x
1957 1381 1967 1417 )
1990 1377 2169 1413 indicatum
2194 1382 2238 1415 est
2266 1402 2276 1419 ,
2310 1381 2409 1416 habet

1401 1425 1468 1459 haec
1492 1423 1693 1458 Observatio
1716 1424 1783 1457 duo
1806 1424 1869 1457 alia
1892 1424 1925 1456 in
1949 1423 2066 1466 quibus
2089 1423 2247 1468 paulisper
2259 1424 2410 1459 subsista-

1399 1480 1492 1503 mus.
1516 1468 1670 1510 Qorum
1694 1476 1801 1500 tamen
1825 1466 1960 1500 alterum
1984 1465 2069 1499 infra
2094 1467 2146 1510 (y
2171 1470 2182 1507 )
2204 1468 2409 1503 commodius

1401 1514 1616 1553 attingemus.
1640 1511 1792 1545 Alterum
1816 1518 1921 1544 autem
1948 1508 1986 1543 ad
2012 1510 2174 1544 celebrem
2197 1511 2288 1545 illam
2326 1522 2408 1546 con-

1399 1555 1588 1591 troverfiam
1610 1556 1728 1588 attinet
1751 1554 1790 1588 de
1813 1553 2067 1587 Contrafislura.
2092 1557 2127 1588 A
2150 1566 2211 1597 qua
2234 1556 2408 1598 agnoscen-

1398 1600 1437 1633 da
1461 1597 1628 1642 plerosque
1643 1598 1722 1631 olim
1731 1598 1818 1630 ratio
1834 1596 1968 1630 abduxit
1984 1618 1992 1632 ‚
2018 1596 2147 1630 infirma
2159 1607 2264 1632 tamen
2277 1622 2288 1638 ,
2311 1601 2409 1643 quip-

1398 1655 1437 1686 pe
1464 1643 1504 1675 ab
1526 1653 1560 1675 ea
1584 1641 1724 1684 pendens
1746 1640 1930 1674 suturarum
1952 1641 2055 1673 cranii
2080 1641 2227 1675 utilitate
2251 1665 2262 1680 ,
2306 1654 2405 1685 quam

1397 1688 1478 1720 duce
1501 1685 1629 1718 Galeno
1654 1688 1668 1724 (
1689 1695 1714 1726 z
1736 1687 1747 1722 )
1772 1683 1972 1723 statuebant,
1995 1684 2081 1725 quasi
2106 1693 2222 1718 creatae
2247 1686 2342 1720 essent
2365 1684 2406 1720 ad

1397 1726 1597 1772 progressum
1619 1725 1768 1761 frafiurae
1791 1726 2027 1764 inhibendum
2051 1738 2125 1761 cum
2149 1740 2238 1769 aeque
2261 1741 2295 1763 ac
2310 1729 2405 1763 nobis

1395 1775 1409 1811 (
1430 1783 1448 1804 a
1471 1776 1506 1812 )‚
1533 1772 1605 1804 satis
1627 1769 1779 1809 omnibus
1802 1777 1887 1802 notae
1910 1769 1970 1802 esse
1991 1769 2108 1811 poffint
2130 1770 2242 1804 fissurae
2265 1784 2337 1814 quae
2361 1773 2403 1809 ab

1396 1826 1463 1849 uno
1485 1814 1632 1849 calvariae
1654 1813 1718 1848 osse
1739 1815 1775 1846 in
1800 1812 1886 1847 aliud
1900 1833 1911 1850 ‚
1933 1813 2001 1845 inno
2025 1815 2057 1845 in
2082 1814 2144 1846 alia
2155 1813 2240 1848 haud
2250 1815 2402 1850 rarissime

1396 1859 1426 1892 se
1450 1859 1657 1902 producunt.
1685 1856 1846 1891 Obstabat
1870 1857 1991 1899 pariter
2015 1855 2188 1891 difficultas
2210 1858 2244 1891 in
2268 1869 2301 1891 re
2323 1881 2334 1898 ‚
2380 1859 2404 1893 si

1396 1913 1509 1936 verum
1533 1900 1627 1934 fateri
1653 1900 1826 1940 volumus,
1848 1910 1913 1932 non
1936 1901 1984 1933 ita
2008 1900 2121 1942 plane,
2145 1903 2176 1933 &
2199 1902 2366 1944 perspicue
2387 1924 2399 1940 ,

1395 1954 1433 1979 ut
1457 1944 1659 1988 acquiescere
1682 1954 1794 1976 omnes
1817 1942 1970 1986 possent,
1994 1954 2049 1985 per
2060 1946 2203 1978 rationes
2223 1944 2402 1986 quasdam,

1394 1992 1425 2022 δι
1447 1987 1674 2023 similitudines
1697 1986 1906 2029 explicanda.
1930 1987 2056 2020 Verum
2082 1985 2139 2020 etfi
2165 1987 2300 2022 necdum
2324 1999 2403 2031 pro-

1393 2032 1467 2066 latae
1489 2031 1587 2066 essent
1614 2031 1851 2074 explicationes
1872 2040 1943 2070 quae
1968 2041 2053 2062 nunc
2087 2033 2120 2064 in
2170 2030 2406 2067 Dissertatione

1394 2075 1547 2118 leguntur
1570 2075 1710 2117 Georgii
1735 2072 1862 2116 Wolfg.
1878 2072 2022 2106 Wedelii
2046 2073 2081 2106 de
2094 2072 2311 2118 Contrafiffitra
2334 2074 2402 2118 (b);

1394 2129 1459 2153 non
1481 2129 1612 2162 aequum
1633 2127 1741 2152 tamen
1764 2126 1832 2152 erat
1855 2125 1911 2150 aut
1934 2116 1976 2150 est
1998 2116 2176 2160 quidquam
2200 2120 2275 2152 ideo
2307 2130 2405 2161 nega-

1392 2173 1446 2200 re,
1470 2161 1560 2205 quod
1583 2160 1653 2204 ejus
1676 2172 1741 2195 non
1765 2159 1969 2202 intelligatur
1993 2160 2104 2194 causa.
2129 2162 2279 2204 Denique
2315 2161 2399 2198 illud

1394 2205 1522 2248 insuper
1547 2205 1712 2248 plerosque
1736 2204 1925 2238 morabatur
1947 2202 2035 2246 quod
2058 2204 2208 2245 praeclari
2229 2205 2407 2240 Anatomi-

1394 2250 1446 2288 ci,
1470 2252 1502 2283 &
1525 2249 1708 2292 Chirurgi,
1731 2259 1771 2282 ex
1793 2248 1910 2291 quibus
1932 2246 2007 2284 satis
2031 2247 2077 2282 est
2109 2249 2277 2283 nominare
2304 2250 2406 2295 Jaco-

1395 2294 1474 2327 bum
1497 2292 1726 2336 Berengarium
1748 2296 1762 2332 (
1785 2292 1858 2335 c),
1881 2290 2071 2326 Gabrielem
2094 2293 2302 2335 Falloppium
2335 2294 2406 2335 (d),

1388 2337 1552 2381 Joannem
1575 2336 1750 2379 Baptistam
1772 2337 1956 2369 Carcanum
1981 2339 1994 2376 (
2016 2346 2031 2369 e
2047 2337 2089 2378 ),
2113 2335 2306 2370 Isbrandum
2319 2337 2406 2370 Die-

1393 2379 1654 2414 merbroeckium
1678 2377 1762 2422 (f)
1784 2380 1818 2412 in
1842 2386 1895 2412 tot
1918 2376 2013 2412 fraffl
2037 2380 2139 2412 cranii
2156 2380 2406 2420 curationibus,

1392 2427 1423 2457 &
1447 2423 1517 2465 post
1540 2433 1679 2458 mortem
1702 2421 1957 2465 inspectionibus
1991 2422 2115 2464 (quod
2138 2423 2337 2457 nominatim
2360 2422 2402 2457 de

1391 2467 1541 2501 Carcano
1561 2467 1687 2501 distum
1710 2466 1810 2506 volo,
1835 2463 1961 2500 tametsi
1985 2465 2107 2500 nullam
2130 2477 2169 2500 ex
2192 2464 2261 2508 ejus
2282 2465 2401 2500 Obser-

1391 2510 1579 2545 vationibus
1601 2510 1634 2543 in
1660 2507 1871 2553 Sepulchreto
1895 2509 2026 2542 relatam
2061 2508 2156 2544 video
2176 2511 2191 2548 )
2225 2519 2391 2552 nunquam

1389 2554 1423 2586 in
1447 2553 1595 2595 opposita
1618 2554 1700 2587 iftui
1724 2561 1813 2596 parte
1846 2551 1952 2587 fissum
1996 2563 2032 2586 os
2076 2551 2354 2595 deprehendissent
2381 2577 2389 2586 .

1392 2597 1452 2630 Sed
1476 2594 1556 2631 hinc
1588 2593 1755 2631 raritatem
1778 2596 1909 2637 quidem
1935 2593 2163 2629 contrafissurae
2185 2606 2317 2638 arguere
2351 2598 2394 2630 li-

1392 2641 1506 2678 ccbat3
1531 2640 1553 2674 si
1578 2640 1678 2675 modo
1699 2640 1739 2674 ab
1762 2639 1834 2673 aliis
1855 2639 1961 2682 reapse
1982 2636 2157 2682 aliquando
2189 2648 2391 2682 compertam

1391 2682 1475 2724 esse,
1496 2685 1678 2724 constaret,
1700 2693 1814 2725 negare
1835 2693 1901 2717 non
1925 2682 2062 2716 licebat.
2096 2683 2282 2726 Compertae
2323 2695 2403 2717 vero

1392 2727 1499 2770 plures
1520 2736 1629 2761 extant
1653 2736 1723 2760 tum
1747 2737 1813 2759 non
1835 2735 1997 2765 recentes,
2021 2734 2092 2759 tum
2125 2727 2222 2760 etiam
2255 2737 2403 2761 recentes

1394 2770 1671 2804 Observationes:
1697 2781 1833 2813 quarum
1856 2781 1931 2804 cum
1955 2769 2029 2803 alias
2051 2769 2123 2803 istic
2144 2769 2262 2803 habeas
2285 2772 2318 2803 in
2346 2772 2403 2805 Se-

1395 2813 1565 2857 pulchreto
1588 2814 1645 2848 sub
1667 2825 1755 2848 num.
1780 2825 1844 2847 non
1869 2823 1906 2847 ut
1929 2823 2095 2857 perperam
2121 2814 2161 2846 ab
2184 2814 2292 2856 operis
2325 2813 2404 2847 scri-

1395 2866 1488 2899 ptum
1513 2858 1582 2897 est,
1605 2859 1651 2896 V5
1676 2857 1727 2891 sed
1753 2857 1812 2890 XI.
1839 2859 1892 2900 (g
1915 2861 1951 2898 ),
1976 2857 2052 2890 alias
2075 2867 2185 2891 autem
2210 2859 2245 2890 in
2258 2857 2403 2892 Stoschii

1393 2900 1627 2936 Differtatione
1650 2902 1685 2935 de
1707 2899 1854 2941 Resonitu
1878 2904 1893 2940 (
1913 2899 1933 2934 h
1958 2903 1991 2939 );
2015 2910 2079 2933 non
2102 2899 2156 2936 hic
2183 2903 2399 2936 memorabo.

1392 2945 1469 2979 Hoc
1490 2954 1598 2980 tamen
1622 2945 1825 2983 admonebo,
1847 2944 1935 2986 quod
1959 2944 2074 2977 Paulus
2095 2947 2109 2983 (
2131 2945 2144 2977 i
2166 2949 2178 2984 )
2201 2946 2282 2978 olim
2315 2945 2402 2980 indi-

1392 2990 1503 3030 cavit,
1528 2990 1632 3033 capite
1650 2999 1715 3024 non
1741 2999 1802 3021 una
1826 2988 1859 3020 in
1884 2996 1973 3029 parte
1996 2985 2164 3029 percusso,
2186 2987 2275 3021 velut
2297 2988 2329 3021 in
2351 3000 2402 3022 ca-

1392 3032 1489 3065 dendo
1511 3033 1690 3074 contingit,
1708 3029 1848 3074 fissuram
1871 3030 2015 3064 calvariae
2037 3042 2101 3073 quae
2142 3033 2223 3065 citra
2261 3029 2400 3072 solutio-

1392 3085 1461 3109 nem
1483 3077 1704 3110 continuitatis
1727 3074 1809 3107 curis
1831 3075 2005 3116 contingit,
2024 3073 2124 3118 postca
2159 3073 2290 3117 abscessu
2315 3076 2399 3109 circa

1393 3118 1492 3160 ipsam
1508 3117 1598 3162 saffo
1612 3143 1621 3159 ,
1646 3119 1688 3152 (7·
1710 3118 1765 3151 hoc
1780 3116 1865 3159 sesso
1887 3126 2114 3160 apparentem,
2149 3124 2298 3160 putatam
2342 3117 2398 3162 effi?

1389 3169 1487 3203 Juxta
1510 3161 1680 3205 oppositam
1700 3161 1798 3203 plagae
1820 3168 1940 3205 partem
1963 3160 2017 3206 effe
2032 3159 2181 3203 faciam,
2205 3159 2268 3194 hoc
2289 3184 2302 3202 ‚
2347 3165 2400 3196 in-

1390 3216 1509 3246 quam,
1533 3207 1567 3238 in
1590 3205 1741 3246 cujusque
1764 3203 2013 3238 Observationis
2038 3207 2183 3240 examine
2206 3213 2298 3238 caute
2322 3216 2401 3248 pru-

1392 3247 1570 3292 denterque
1593 3248 1718 3282 attendi
1762 3257 1931 3289 oportere.
1959 3249 2168 3292 Qapropter
2213 3248 2398 3293 Falloppius

1392 3294 1405 3330 (
1427 3291 1445 3331 l<
1467 3297 1481 3332 )
1502 3293 1560 3325 etsi
1582 3293 1616 3325 in
1640 3302 1704 3324 uno
1729 3289 1813 3324 vidit
1837 3303 1872 3324 os
1898 3290 2037 3327 stafilum
2059 3292 2093 3325 in
2116 3293 2216 3325 latere
2249 3291 2300 3323 illi
2346 3292 2401 3326 ad-

1394 3335 1485 3368 verso
1508 3335 1596 3377 quod
1620 3337 1695 3376 equi
1719 3334 1805 3367 calce
1827 3335 1930 3368 ictum
1955 3333 2080 3374 fuerat5
2105 3344 2213 3369 tamen
2247 3346 2321 3368 cum
2354 3335 2402 3369 es-

1393 3378 1440 3411 set
1462 3377 1619 3420 suspicio,
1642 3377 1682 3411 ab
1704 3376 1847 3412 allisione
1871 3378 1909 3411 ad
1944 3378 2047 3412 solum
2092 3378 2265 3413 srasturam
2311 3379 2400 3411 illam

1392 3420 1452 3455 effe
1474 3420 1615 3462 sustam,
1638 3422 1745 3456 testari
1769 3420 1799 3454 se
1823 3432 1888 3455 non
1899 3420 2009 3465 posse,
2032 3421 2176 3459 censuit,
2201 3420 2401 3457 contrafissu-

2284 3476 2352 3499 ram

395 3648 411 3676 (
425 3656 442 3671 a
458 3646 563 3707 ζῖηξὶ.
579 3648 609 3673 de
625 3646 702 3672 Frust-
719 3647 817 3673 Calvar.
834 3646 859 3671 in
877 3647 1022 3682 Document.
1041 3651 1114 3673 prope
1130 3644 1172 3669 fin.
1234 3644 1242 3673 s
1262 3651 1276 3668 x
1293 3643 1300 3672 )
1317 3646 1383 3671 [1516

394 3680 408 3703 t
427 3685 443 3700 a
488 3679 562 3707 Epist.
579 3685 614 3707 5²·
631 3684 658 3702 n.
675 3684 714 3708 35.
730 3681 769 3706 36.
831 3678 844 3706 (
860 3675 875 3700 b
889 3676 903 3704 )
920 3674 981 3700 Sea.
1000 3682 1019 3700 t.
1036 3675 1141 3700 membr.
1160 3683 1183 3705 3.

395 3711 403 3766 ἑ
423 3716 439 3761 Ξ
454 3711 466 3766 ζ
479 3708 694 3768 pegma-“capim
711 3709 788 3734 Serm.
805 3714 826 3731 a.
844 3706 908 3732 Le&⁷
926 3709 950 3730 6,
1013 3706 1022 3736 (
1037 3704 1056 3734 f
1069 3708 1079 3736 )
1094 3707 1166 3731 Anat.
1182 3706 1201 3730 Ι.
1219 3712 1240 3733 9.
1260 3711 1280 3728 e.
1298 3714 1319 3732 ς.

1445 3644 1502 3677 ι(Ῑ
1518 3644 1570 3673 ln.
1589 3644 1626 3673 48.
1644 3642 1669 3668 in
1685 3642 1726 3667 fin.
1789 3646 1800 3673 ζ
1818 3653 1834 3672 z
1849 3644 1864 3674 )
1880 3647 1916 3669 De
1933 3645 1978 3669 Us.
1995 3651 2056 3674 part.
2073 3646 2092 3670 1.
2103 3654 2126 3674 9.
2144 3654 2164 3671 c.
2181 3653 2215 3676 17.

1244 3677 1254 3699 (
1271 3682 1282 3697 c
1299 3673 1312 3701 )
1329 3674 1413 3697 Τηέὶ.
1430 3680 1475 3698 eit.
1491 3682 1538 3699 ω.
1556 3674 1580 3697 ἂ
1595 3683 1616 3697 2.
1677 3675 1689 3701 (
1706 3677 1719 3698 d
1737 3675 1748 3701 Γπ
1766 3677 1800 3698 De
1820 3677 1893 3700 Vuln.
1910 3683 1971 3700 c.1².
1987 3678 2010 3700 δι
2025 3677 2116 3705 Expos.
2135 3677 2159 3701 in
2169 3676 2259 3701 Gal-de
2274 3674 2323 3701 Off·
2339 3660 2402 3707 t.t3s

1383 3706 1696 3736 (2>§.:.5.7.8.9.
1759 3705 1907 3734 (h)e.4.
1969 3706 2395 3738 (i)DeReMed.1.6.c.9o.

1936 1118 2068 1152 meninx
2112 1119 2219 1154 valide
2272 1119 2412 1155 adhaere-
2454 1159 2461 1169 ⁷.
