2498 4075
365 225 420 268 ssl‘a
442 221 524 262 nulli
547 218 748 255 dubitationi
771 220 952 255 obnoxium
975 219 1042 259 est,
1067 220 1088 253 si
1112 214 1227 256 Vefica
1251 221 1372 258 altera,

366 264 400 299 id
424 264 467 298 est
490 264 651 310 urinaria,
676 266 723 297 ita
748 264 953 303 vulneretur,
976 273 1013 296 ut
1036 263 1155 298 lotium
1178 266 1262 298 intra
1295 275 1372 297 ven-

366 309 425 342 tris
448 317 563 341 cavum
585 307 757 348 ejiciatun·
779 305 975 349 graviffimas
1000 309 1010 345 (
1034 315 1070 339 ut
1094 309 1191 341 etiam
1213 319 1287 344 curn
1301 307 1368 342 sau-

362 351 444 385 ciati
466 350 538 386 sunt
561 359 701 383 ureteres
719 349 737 391 )
759 348 958 391 lethalesque
981 348 1112 384 demum
1129 349 1206 385 hinc
1228 350 1286 384 esse
1309 363 1368 385 no-

363 403 438 430 xas,
463 393 581 434 Neque
604 394 691 427 enim
716 392 838 435 semper
861 395 953 425 urina
967 393 1073 429 omnis
1087 403 1143 435 per
1156 394 1269 430 vulnus
1280 395 1366 433 exit,

364 446 401 470 ut
424 440 457 471 in
482 434 647 477 Ruyschii
670 440 680 476 (
704 446 726 471 u
749 440 787 476 ),
810 434 930 472 Bohnii
953 438 967 474 (
987 436 1045 477 x)
1066 458 1076 474 ‚
1115 437 1256 471 Martini
1280 442 1333 480 (y
1355 442 1369 478 )

362 480 680 529 observationibus,
702 479 804 513 donec
826 479 961 520 incipiat
973 490 1028 522 per
1047 478 1210 514 urethram
1222 482 1370 520 excerni,

362 537 418 573 Pes
440 535 537 567 quam
569 533 677 565 immo
710 532 857 563 tempore
880 521 967 556 nulla
992 531 1140 565 poterat.
1165 523 1245 560 Sane
1268 525 1368 559 inter-

358 572 438 607 dum
463 569 578 601 vulnus
602 577 667 600 non
691 577 730 600 ex
752 564 885 601 adverso
901 590 910 604 ,
934 565 992 601 sed,
1008 579 1024 599 a
1050 575 1144 608 tergo
1169 568 1278 601 veficae
1315 569 1367 600 in,

360 614 516 656 fligitur,
538 619 576 647 ut
599 611 633 645 in
669 615 762 643 tertia
785 620 856 651 quae
881 609 921 642 ab
944 609 1078 643 laudato
1110 609 1240 645 Bohnio
1272 615 1282 650 (
1308 622 1331 653 e<
1354 614 1364 649 )

358 657 571 704 producitur,
595 653 728 689 historia
750 680 760 695 ‚
783 654 817 687 in
840 663 903 694 qua
926 651 1092 695 pertusum
1105 663 1173 686 erat
1198 653 1304 687 vesicae
1319 655 1365 688 la.

359 713 432 742 tus,
460 702 606 741 itemque
631 707 665 732 ut
689 699 724 730 in
747 709 782 731 ea
806 697 921 730 ancilla
943 696 983 730 de
1005 707 1067 738 qua
1093 695 1188 730 Alex.
1212 699 1365 731 Camera-

358 750 427 785 rius
449 747 462 784 (
486 755 504 776 a
530 746 561 783 )‚
586 741 724 787 ,trajeeto
750 750 805 786 per
829 740 970 774 mediam
1006 741 1089 774 uteri
1124 738 1330 775 substantiam
1356 763 1366 779 ‚

357 791 497 831 indeqsse
521 797 574 830 pel*
599 785 734 819 vesicam
759 784 880 826 pariter
904 783 1043 819 mediam
1067 783 1221 825 plumbeo
1245 785 1366 826 globu-

358 839 412 873 lo.
546 831 661 872 Itaque
685 827 723 860 ad
747 828 892 861 Uterum
902 827 1034 861 tandem
1057 827 1286 868 pervenimus,
1308 840 1366 862 cu-

356 881 409 926 jus
434 875 593 914 sauciati,
618 881 731 915 praeter
754 869 946 919 hoc-ipsum
958 871 1165 912 exemplum,
1191 870 1252 904 alia
1276 883 1366 913 repe-

356 927 418 960 ries
433 944 442 959 ‚
465 922 500 953 in
523 916 666 961 gravidis
689 912 886 959 praesertim,
911 916 945 948 in
967 914 1085 956 quibus
1119 924 1204 948 certe
1237 924 1364 956 quanto

355 967 482 1005 facilius
506 960 693 998 vulneribus
717 966 827 999 patet,
851 967 944 992 tanto
976 956 1185 1000 periculofius
1218 959 1364 993 vulnera-

356 1022 411 1048 tur
435 1035 444 1043 .
477 1006 532 1043 Est
556 1007 640 1037 inter
665 1002 907 1044 Disputationes
930 1000 1140 1042 Chirurgicas
1164 1002 1202 1034 ab
1225 1002 1361 1038 Halia-0

354 1053 505 1093 colleems
527 1047 685 1082 CXXXI.
700 1047 734 1078 in
747 1056 809 1087 qua
833 1045 850 1089 (
869 1043 887 1077 b
910 1049 924 1085 )
948 1044 1117 1078 nonnullas
1132 1044 1194 1079 huc
1220 1045 1360 1087 spectan-

355 1111 404 1135 tes
428 1098 530 1138 legere
553 1092 676 1135 poteris
698 1088 971 1136 Observationes.
997 1087 1227 1131 Quodcunque
1252 1099 1360 1123 autem

354 1142 459 1180 viscus
482 1139 658 1172 sauciatum
681 1131 746 1171 est,
770 1132 828 1166 etsi
853 1131 972 1166 indicia
995 1131 1111 1166 habeat
1143 1131 1195 1166 sua
1215 1155 1227 1172 ‚
1262 1132 1360 1167 illud-

357 1198 420 1231 que
444 1187 478 1217 in
502 1181 617 1224 primis
640 1175 729 1220 quod
750 1188 790 1212 ex
817 1177 979 1210 Anatome
1011 1175 1152 1217 suppetit
1176 1197 1186 1212 ‚
1221 1177 1361 1219 propriae

355 1231 436 1268 sedis
459 1242 468 1266 3
501 1223 680 1258 cavendum
703 1220 746 1254 est
768 1224 910 1269 umens,
945 1218 1117 1260 nequando
1140 1218 1180 1251 ab
1204 1217 1266 1252 hoc
1290 1219 1363 1262 ipso

354 1274 576 1317 decipiamur,
599 1269 801 1299 immemores
826 1272 1016 1296 varietatum
1039 1272 1111 1304 quae
1135 1272 1200 1296 non
1224 1274 1296 1296 raro
1307 1275 1364 1297 oc-

354 1324 516 1354 currunt,
541 1312 630 1344 velut
654 1310 688 1340 in
711 1317 803 1342 utero
826 1308 858 1338 in
883 1306 1020 1339 alterum
1055 1306 1137 1338 latus
1170 1306 1328 1339 inclinato
1354 1332 1363 1346 ‚

355 1373 409 1396 aut
431 1362 464 1393 in
487 1355 573 1389 Colo
599 1351 776 1394 praesertim
799 1349 951 1383 intestino
976 1361 992 1383 a
1018 1347 1194 1382 transversa
1217 1349 1274 1382 illa
1293 1348 1363 1383 sede

354 1415 452 1449 quam
476 1398 621 1441 superius
644 1395 759 1428 habere
783 1392 884 1431 solet,
908 1391 1057 1427 deorsum
1071 1393 1193 1434 magis,
1217 1392 1362 1428 minusve

352 1448 499 1485 inflexo,
524 1452 577 1476 aut
601 1442 635 1473 in
658 1437 817 1481 jecinore,
844 1436 883 1472 de
904 1435 1005 1479 quosi
1030 1447 1095 1470 non
1119 1436 1169 1470 his
1183 1435 1220 1469 ad
1234 1446 1265 1469 te
1279 1437 1362 1478 Epi-

354 1494 462 1531 stolis,
487 1499 517 1522 at
542 1487 576 1520 in
600 1481 914 1518 LAnatomicarum
938 1485 948 1519 (
972 1491 988 1514 c
1013 1483 1024 1519 )
1047 1479 1127 1522 quid
1138 1480 1229 1513 aliter
1241 1480 1276 1513 in
1289 1481 1361 1513 aliis

355 1536 517 1570 viderim,
540 1527 709 1563 indicavi,
733 1535 768 1558 ut
792 1525 826 1557 in
848 1522 1052 1557 Adversariis
1086 1524 1185 1556 etiam
1209 1523 1254 1556 11.
1279 1527 1289 1562 (
1314 1525 1334 1556 d
1354 1527 1368 1563 )

356 1577 502 1615 ubi&de
516 1570 697 1607 ventriculo
721 1566 802 1611 quid
823 1568 857 1602 in
880 1566 1075 1610 quibusdam
1100 1565 1252 1607 suspicari
1265 1577 1367 1608 opor-

357 1634 444 1663 teat,
467 1630 533 1654 non
557 1615 697 1650 reticui·
831 1610 890 1646 Sed
914 1620 950 1644 ut
961 1610 1083 1644 viscera
1096 1609 1217 1654 singula
1241 1611 1368 1643 eosdem

357 1668 481 1709 semper
507 1663 585 1697 fines
608 1659 795 1693 servarent3
820 1665 926 1688 nonne
949 1663 984 1689 ut
1008 1654 1104 1687 altius
1140 1653 1367 1694 exspirationis

356 1719 502 1754 tempore
524 1702 734 1745 diaphragma
758 1698 802 1732 est
817 1721 827 1736 ,
851 1697 1006 1731 humilius
1030 1708 1104 1730 cum
1138 1695 1331 1738 inspiramus
1353 1719 1365 1737 ,

358 1758 405 1790 ita
430 1753 516 1796 jecur
541 1745 719 1791 praesertim
736 1763 745 1779 ‚
769 1744 800 1775 ὅ(
825 1740 1026 1775 ventriculus
1057 1738 1140 1773 illud
1165 1738 1366 1781 sequuntur,

356 1809 459 1843 eoque
481 1793 582 1835 magis
606 1785 829 1826 descendunt,
852 1796 927 1819 cum
960 1783 1121 1833 valentius
1154 1781 1366 1833 inspiramuhs,

357 1854 433 1881 cum
455 1840 593 1874 stamus,
617 1844 692 1867 cum
717 1832 759 1865 ab
781 1829 890 1864 inedia
914 1837 949 1862 ut
973 1829 1081 1862 inania
1094 1824 1166 1860 sunt
1191 1826 1310 1860 viscera
1321 1837 1367 1872 Je-

357 1898 416 1927 cur
440 1880 678 1920 suffulcientia‚
701 1877 749 1909 ita
773 1873 850 1908 huic
874 1872 1016 1906 fulcrum
1040 1868 1127 1913 quafi
1150 1869 1233 1903 deest
1255 1892 1265 1907 ‚
1298 1881 1366 1909 ejus

358 1928 522 1970 descensui
546 1923 671 1962 obstans
686 1945 697 1962 ,
720 1919 800 1952 sicut
824 1917 885 1950 alia
909 1916 947 1949 ad
969 1924 1001 1948 te
1012 1911 1158 1958 Epistola
1182 1916 1192 1951 (
1217 1922 1232 1945 e
1253 1915 1267 1952 )
1292 1912 1367 1962 sci-i-

518 1972 555 2006 de
578 1979 644 2003 non
667 1965 762 1999 unius
782 1971 854 1995 tum
877 1961 1057 1996 Veterum,
1082 1966 1152 1989 tum
1189 1956 1368 2002 Recentio-

355 2032 430 2058 sum
454 2014 627 2053 sententia:
652 2007 770 2052 quibus
794 2004 888 2039 addas
910 1998 1235 2050 insuperCel..Viros
1256 2000 1368 2035 Wins-

357 2064 496 2101 lowium
521 2055 624 2102 (f),
648 2056 680 2087 &
704 2050 911 2093 Sivietenium
933 2048 947 2086 (
966 2044 1021 2089 g)
1038 2067 1047 2083 ‚
1070 2054 1128 2086 qui
1162 2043 1215 2092 Cl..
1240 2042 1365 2091 Garep.

383 2109 450 2142 eoti
472 2100 708 2141 Observatione
730 2094 764 2127 id
797 2090 1010 2128 confirmari,
1033 2098 1105 2136 non·
1129 2085 1258 2135 dubitat
1286 2106 1296 2124 ‚
1331 2096 1366 2118 m

358 2122 505 2198 Jgecinore
527 2143 693 2180 hominis,
717 2148 790 2172 cum
813 2138 860 2170 ita
883 2133 911 2169 se
921 2133 1071 2178 haberet,
1094 2128 1230 2179 inferius
1253 2129 1367 2163 vulne-

359 2206 434 2233 rato
479 2193 562 2227 Haec
586 2188 690 2230 igitur
713 2182 848 2219 omnia,
872 2178 996 2219 aliaque
1019 2172 1176 2217 ejusmodi
1203 2172 1366 2222 attendere

360 2254 383 2275 o
407 2222 514 2272 or'tet:
539 2244 611 2268 tum
631 2228 718 2271 fiqua
740 2222 905 2259 dubitatio
938 2219 1002 2257 ests
1026 2228 1100 2252 cum
1134 2214 1366 2266 frequentioris

361 2253 443 2320 {0sz
467 2279 610 2317 notitia,
633 2273 696 2307 alia
719 2281 757 2304 ex
781 2268 932 2314 actione,
953 2266 1123 2297 &munere
1141 2260 1295 2302 cujusque
1316 2269 1368 2291 vr..

361 2328 475 2363 sceris,
499 2326 530 2356 &
552 2332 591 2354 ex
613 2326 726 2350 eorum
748 2324 819 2355 quae
832 2317 1024 2346 continent,
1049 2314 1162 2337 natura
1174 2305 1368 2346 deprompta

362 2371 482 2406 indicia
508 2365 581 2399 sunt
605 2355 849 2401 conjungenda,
983 2349 1036 2384 Ad
1065 2347 1198 2381 eundem
1233 2345 1368 2397 modurn

363 2408 544 2455 {anguifera
566 2407 735 2439 vulnerata
760 2398 831 2433 vasa
860 2394 916 2430 suo
939 2395 968 2428 se
1000 2391 1143 2443 pro-dunt
1176 2389 1331 2439 sanguine
1355 2412 1364 2426 ,

362 2460 492 2494 multo,
516 2453 537 2486 si
563 2447 684 2492 majora
709 2445 770 2478 fint
796 2466 807 2482 ,
842 2451 943 2481 neque
965 2445 1066 2484 exitus
1089 2443 1247 2483 e·ventre
1270 2431 1367 2475 quid-

388 2511 460 2537 uam
484 2495 610 2533 obstet,
632 2488 784 2534 profus03
809 2484 972 2529 plurimo,
995 2482 1018 2513 11
1042 2487 1202 2528 maxima,
1227 2485 1263 2526 ut
1288 2484 1366 2518 puta

360 2515 386 2581 ἓ
413 2548 517 2577 Aorta
566 2545 620 2570 aut
644 2544 724 2566 vena
747 2532 855 2563 Cava:
879 2533 1062 2569 quanquam
1092 2529 1190 2554 cltlus
1213 2529 1281 2553 vita
1313 2518 1373 2565 de.‘

359 2589 435 2624 sinit
480 2564 577 2627 quim
600 2577 695 2621 spatii
708 2574 781 2608 satis
794 2571 888 2604 detur
905 2569 942 2602 ad
954 2564 1209 2617 dignoscendum
1223 2587 1231 2596 .
1254 2563 1365 2612 Majo-

381 2634 407 2665 is
430 2610 552 2663 aiteriae
568 2648 575 2662 ‚
599 2622 632 2656 id
656 2619 697 2653 est
729 2616 906 2659 Splenicae,
928 2609 1061 2645 discislae
1093 2607 1363 2641 Observationem

360 2646 459 2712 habes
482 2682 522 2704 ex
547 2662 734 2701 Helwichio
758 2657 812 2701 (h
837 2660 867 2695 )·,
891 2657 1003 2689 Aortae
1026 2662 1124 2688 vero,
1148 2649 1253 2700 illaesis
1274 2658 1362 2699 ante-

387 2718 475 2752 ositis
497 2708 679 2746 intestinis,
702 2701 872 2747 perforatae
897 2698 936 2731 ad
958 2695 1059 2739 ipsam
1082 2696 1114 2727 in
1139 2693 1253 2726 Iliacas
1275 2692 1372 2725 divi-r

360 2732 482 2796 iionem
506 2768 544 2790 ex
565 2752 710 2787 Dillenio
733 2750 746 2786 (
767 2745 780 2778 i
802 2748 833 2783 ).
858 2742 1012 2776 Sauciatae
1037 2747 1143 2773 autem
1156 2747 1242 2770 venae
1263 2737 1362 2769 Cavae

362 2818 403 2840 ex
425 2802 574 2837 Hildano
594 2799 608 2835 (
630 2794 649 2834 l<
668 2798 704 2833 ),
726 2793 755 2823 δι
781 2788 909 2822 Paawio
930 2788 944 2823 (
966 2783 978 2817 l
999 2786 1013 2822 )
1036 2782 1137 2824 legere
1149 2779 1290 2829 exempla
1306 2791 1363 2821 po-

362 2859 410 2882 tes
440 2848 473 2879 in
507 2839 715 2883 Sepulchreto
738 2856 746 2870 ‚
780 2832 856 2867 huic
889 2838 999 2862 autem
1030 2837 1069 2859 ex
1102 2823 1231 2858 Bohnio
1261 2825 1364 2871 (qn)

362 2890 546 2931 exemplum
569 2883 682 2918 addere
706 2889 793 2910 venae
817 2875 922 2908 Iliacae
946 2873 1085 2905 lnternae
1110 2893 1120 2908 ,
1142 2878 1181 2900 ex
1204 2877 1271 2908 quo
1299 2865 1364 2907 ipse

361 2920 524 2974 intelliges
538 2952 545 2964 ‚
567 2926 646 2970 quid
670 2928 904 2961 nonnunquam
926 2912 1056 2949 obstare
1088 2911 1125 2944 ad
1149 2920 1273 2952 tempus
1295 2909 1364 2942 san-

364 2977 459 3021 guini
483 2971 576 3016 possit
590 2995 597 3009 ,
618 2979 683 3001 non
706 2976 746 2998 ex
769 2973 877 2996 ventre
889 2959 991 3003 solum
1005 2980 1014 2994 ,
1039 2966 1074 2990 ut
1087 2953 1339 2989 mododtcebam
1354 2977 1364 2993 ,

363 3020 418 3056 sed
441 3030 480 3052 ex
504 3013 572 3058 ipsa
596 3012 763 3045 vulnerata
787 3017 865 3039 vena
888 3003 1071 3036 effluxum.
1167 3041 1173 3048 η
1204 2995 1303 3030 Nunc
1327 3006 1364 3029 ut

366 3064 408 3099 ad
440 3072 525 3095 meas
557 3056 683 3090 redeam
715 3048 964 3090 Observationes
987 3044 1024 3078 ad
1055 3043 1203 3091 Ventris·
1223 3039 1368 3087 Vulnera

365 3107 562 3142 attinentes,
586 3109 660 3132 cum
682 3105 791 3129 earum
816 3093 930 3137 ultima
954 3088 1053 3122 fuerit
1074 3097 1176 3136 quam·
1194 3096 1227 3117 in
1249 3094 1363 3127 juvene

364 3148 535 3184 Molitoris
559 3141 681 3178 famulo
706 3137 804 3172 habui
824 3149 844 3180 3-
858 3145 922 3176 Jam
945 3131 1097 3178 quasdam
1110 3140 1218 3171 accipe
1241 3139 1311 3178 quae
1324 3128 1361 3162 ad

363 3194 456 3229 Istus
501 3193 532 3223 &
553 3181 809 3226 Compreffiones
831 3178 970 3219 speetant
993 3173 1133 3217 ejusdem
1167 3174 1320 3206 Ventris.

410 3215 717 3280 39.'M0L1T0R
739 3225 839 3259 alter,
863 3221 912 3252 red
936 3220 987 3253 hic
1012 3218 1102 3251 senex
1128 3239 1137 3253 ,
1169 3217 1202 3249 in
1226 3215 1363 3257 lapidem

364 3284 481 3315 cadens
505 3300 515 3317 ‚
546 3272 655 3315 ipsum
686 3271 770 3303 latus
801 3263 990 3307 offenderat&
1015 3261 1191 3302 Epicolicae
1224 3260 1364 3300 regionis

365 3325 523 3359 dexterae.
548 3318 659 3357 Qam
681 3312 726 3346 ob
747 3309 894 3344 causam,
917 3309 947 3339 &
970 3304 1057 3348 quod
1070 3303 1364 3354 tunc—sanguinem,

363 3364 513 3410 quamvis
536 3369 695 3405 paucum,
719 3354 845 3404 tuffiens
877 3349 1124 3399 expecfflorabat‚
1146 3358 1180 3380 in
1216 3345 1366 3397 Nosoco-

363 3413 467 3445 mium
489 3412 616 3440 venerat
639 3425 647 3432 .
683 3396 879 3437 Quindecim
904 3392 1042 3434 amplius
1073 3388 1184 3434 elapfis
1217 3388 1328 3423 diebus
1354 3410 1364 3426 ,

362 3453 452 3489 nulla
485 3450 618 3484 interim
639 3442 741 3477 ferme
763 3439 800 3474 de
825 3449 857 3472 re
879 3436 1068 3478 conquestus
1092 3455 1102 3474 ,
1133 3436 1164 3468 δι
1199 3433 1286 3476 quasi
1320 3432 1365 3466 ob

357 1977 476 2023 prunus
486 1996 495 2012 2

662 142 821 199 Liber
855 143 950 199 IV.
983 141 1069 197 De
1103 142 1312 198 Morbis
1337 141 1698 213 chirurgici&
1728 142 1785 196 ὅτ’
1818 140 2215 195 Universalibus

1421 229 1642 264 paupertatem
1657 241 1666 258 ‚
1690 220 1722 251 δι
1743 220 1888 255 infirmas
1909 220 2078 255 etiamtum
2102 220 2183 253 vires
2206 224 2227 260 ‚'
2253 219 2299 253 ibi
2323 218 2421 254 subs're·

1419 264 1519 304 stens,
1541 265 1780 304 interrogatus,
1802 264 1862 297 fibi
1887 263 1995 297 alvum
2019 261 2290 302 adstrietameffe,
2311 262 2421 297 dixit.

1403 309 1507 341 &Cum
1539 319 1575 342 ea
1607 318 1678 348 quae
1710 306 1749 341 ad
1782 306 1964 341 solvendam
1994 317 2049 348 per
2080 305 2245 348 clysterem
2278 306 2416 340 immissa

1419 360 1531 390 erant,
1555 349 1703 396 nihilque
1736 361 1907 391 praeterea,
1928 347 2131 385 reddidisset,
2154 349 2280 383 dolores
2312 360 2420 384 autem

1420 395 1455 427 in
1480 404 1588 428 ventre
1612 404 1678 434 jam
1700 393 1782 431 esse,
1803 397 1834 427 ὃ(
1864 394 1950 428 hunc
1982 392 2173 434 turgidum,
2195 394 2226 425 &
2261 393 2349 434 quasi
2381 403 2418 426 ut

1420 438 1631 481 tympanitici
1655 436 1781 470 tensum
1804 448 1902 479 nuper
1926 435 2051 470 faciium
2072 435 2130 469 esse
2148 435 2294 474 diceret;
2320 435 2423 470 medi-

1420 492 1603 515 camentum
1617 480 1707 522 quod
1720 481 1942 514 Diatartarum
1965 489 2104 517 vocant,
2123 490 2221 513 ,mane
2242 478 2353 513 datum
2375 478 2422 513 est

1419 525 1521 558 nnciae
1546 523 1701 567 pondere.
1728 522 1826 556 Nihil
1848 524 1937 565 egit,
1960 522 2131 566 nispquod
2154 523 2248 555 noc‘te
2271 524 2422 564 proxima.

1417 568 1510 603 senex
1532 567 1649 613 inscius
1671 567 1750 608 quid
1775 566 1848 600 alvo
1858 564 2015 609 ejecisset,
2037 566 2222 609 sanguinem
2245 566 2278 598 in
2303 564 2422 599 1ectqu

1417 612 1558 645 multum
1579 612 1763 651 dejecit‚&
1786 612 1914 644 vomitu
1936 608 2031 643 fimul
2053 621 2088 644 ea
2102 608 2213 652 rejecit
2223 620 2296 651 quae
2319 619 2422 641 coenae

1416 655 1490 688 loco
1512 654 1584 689 data
1608 654 1751 688 fuerant.
1779 654 1862 688 Mox
1885 654 1985 687 animi
2006 653 2173 697 deliquio,
2200 663 2278 686 mox
2307 650 2423 685 deinde

1416 707 1522 732 morte
1543 708 1710 739 correptus
1733 696 1799 736 est,
1823 696 1930 731 eadem
1953 698 2049 730 noste
2080 696 2179 738 paulo
2213 705 2283 729 ante
2316 704 2423 729 extre-

1417 753 1505 776 mum
1542 742 1769 775 Novembrem
1804 742 1844 773 A.
1885 751 1977 782 1743.
2105 737 2352 773 ABDOMEN
2385 749 2421 771 ut

1417 784 1562 818 triduum
1586 786 1718 818 circiter
1742 792 1816 817 ante
1837 785 1991 820 obitum,
2015 782 2057 816 fic
2089 782 2254 825 trigesima
2287 781 2327 814 ab
2357 780 2423 815 hoc

1417 827 1497 863 hora
1522 828 1685 862 tumidum
1718 826 1817 864 fuit,
1857 827 1906 861 sed
1936 827 2064 869 insuper
2099 826 2238 861 exterius
2272 823 2339 867 jam
2371 825 2423 857 vi-

1415 883 1507 907 renS.
1531 873 1610 911 Qo
1631 870 1758 910 inciso,
1782 872 1881 904 multa
1905 872 1993 904 intus
2017 881 2120 913 aqua,
2141 867 2266 903 tametfi
2299 870 2332 901 in
2366 879 2425 910 pe-

1414 915 1511 949 dibus
1534 916 1658 948 nullum
1681 915 1849 947 oedematis
1872 914 1945 948 esset
1968 914 2102 946 initium
2118 938 2128 955 ,
2151 911 2344 955 deprehensa
2357 911 2424 945 ests

1415 959 1489 994 Hac
1512 958 1663 992 exhausta
1677 983 1688 998 ,
1711 958 1834 1000 reliqua
1856 958 1901 991 ob
1924 958 2085 992 teterrimi
2095 958 2211 991 odoris*
2228 956 2423 998 gravitatem

1414 1002 1457 1035 fic
1481 1003 1593 1036 relieta
1616 1002 1690 1036 sunt
1712 999 1806 1035 horas
1830 1000 1979 1043 aliquot,
2004 1000 2138 1043 Quibus
2172 998 2280 1041 elapsis
2303 1023 2312 1038 ,
2346 996 2419 1039 ipsa

1410 1057 1539 1089 quoque
1563 1046 1699 1079 interior
1721 1046 1891 1087 peritonaei
1915 1043 2012 1077 facies
2035 1055 2099 1085 jam
2123 1042 2240 1077 viridis
2273 1051 2340 1075 erat
2375 1038 2426 1075 fa-

1412 1091 1484 1122 cia.
1507 1090 1606 1123 Tunc
1628 1100 1699 1130 quae
1724 1098 1813 1121 antea
1836 1089 1870 1120 in
1893 1088 2005 1122 oculos
2028 1089 2252 1123 incurrerant,
2278 1085 2420 1126 diligen-

1411 1134 1478 1166 tius
1500 1131 1749 1175 recognoscens,
1771 1140 1939 1165 omentum
1964 1130 2033 1164 vidi
2056 1140 2164 1164 toturn
2190 1129 2228 1163 ad
2253 1131 2422 1162 ventricu-

1410 1176 1479 1210 lum
1503 1177 1697 1214 retractum,
1722 1179 1753 1210 &
1779 1175 1864 1209 hunc
1888 1175 2019 1217 quidem
2042 1185 2107 1208 non
2144 1173 2319 1207 distentum
2334 1196 2344 1211 ‚
2367 1170 2425 1205 di-

1415 1219 1513 1252 stenta
1526 1229 1632 1253 autem
1647 1217 1897 1252 valdeintestina
1920 1219 2073 1258 Tenuia,
2097 1217 2200 1250 Ileum
2219 1215 2400 1258 praesertim
2413 1238 2423 1254 ‚

1415 1263 1513 1304 idque
1536 1266 1568 1296 in
1593 1262 1717 1297 ultimis
1741 1261 1831 1303 spiris
1847 1287 1855 1301 ,
1881 1261 1920 1295 ab
1952 1261 2077 1295 incluso
2101 1284 2110 1300 ,
2142 1269 2179 1293 ut
2211 1259 2383 1293 videbatur
2408 1282 2418 1297 ,

1415 1317 1506 1340 acre.
1533 1304 1687 1347 Ejusdem
1712 1306 1771 1338 Ilei
1794 1305 1889 1345 finis,
1911 1307 1942 1337 δε
1965 1306 2042 1339 Coli
2053 1304 2187 1337 initium
2210 1303 2320 1336 colore
2330 1313 2422 1335 erant

1413 1351 1567 1385 coccineo
1590 1351 1629 1384 ad
1640 1348 1765 1383 fuscum
1788 1358 1958 1391 vergente,
1981 1359 2056 1382 cum
2069 1349 2254 1389 proximum
2266 1347 2422 1382 Caecum,

1413 1397 1444 1427 &
1469 1391 1702 1426 Vermiformis
1724 1392 1976 1436 Appendicula‚
2000 1391 2123 1425 &Coli
2146 1390 2306 1432 reliquum
2330 1390 2421 1423 colo-

1406 1448 1445 1471 τε
1469 1435 1566 1470 essent
1584 1437 1750 1473 naturali;
1773 1439 1803 1469 δι
1828 1444 1899 1469 tota
1911 1434 2005 1477 hujus
2017 1434 2136 1469 sinistra
2149 1444 2236 1476 pars,
2263 1434 2423 1468 Restum-

1411 1492 1472 1523 que
1494 1480 1680 1515 intestinum
1704 1479 1796 1515 valde
1820 1480 2003 1512 contraeta.
2030 1478 2077 1511 Ea
2100 1488 2175 1511 vero
2200 1475 2421 1511 musculorum

1419 1523 1617 1558 Abdominis
1642 1525 1752 1566 portio
1774 1534 1845 1566 quae
1870 1522 1948 1556 Coli
1971 1523 2073 1554 initio
2096 1521 2204 1553 vicina
2218 1517 2324 1553 fuerat
2339 1545 2349 1560 ,
2374 1520 2420 1554 su.

1418 1567 1531 1610 gillata
1556 1566 1728 1610 apparebat
1752 1578 1767 1599 a
1789 1566 1873 1600 facie
1896 1567 2070 1599 interiore.
2098 1564 2157 1597 Sed
2181 1575 2284 1605 neque
2318 1562 2385 1597 haec
2411 1590 2423 1606 ,

1418 1622 1520 1654 neque
1543 1622 1576 1644 ea
1601 1609 1828 1643 intestinorum
1852 1620 1923 1652 pars
1945 1619 2045 1650 quam
2068 1607 2176 1640 colore
2187 1605 2298 1646 fuisse,
2323 1607 2392 1640 dixi
2411 1633 2423 1648 ,

1417 1663 1534 1696 praeter
1558 1663 1727 1694 naturam,
1750 1653 1822 1687 duri
1846 1652 1993 1695 aliquid,
2018 1660 2071 1685 aut
2095 1649 2215 1684 tumidi
2239 1648 2422 1684 habebant.

1418 1699 1615 1730 Interiorem
1641 1696 1757 1730 faciem
1781 1694 2200 1730 intestinorumexaminare
2222 1693 2422 1735 graviffimus

1418 1739 1499 1773 odor
1525 1739 1715 1781 prohibuit.
1738 1739 1838 1782 Jecur
1861 1739 2039 1781 pallidum,
2063 1737 2127 1770 lien
2159 1747 2252 1779 aequo
2284 1735 2388 1779 major
2412 1757 2423 1773 ‚

1419 1782 1559 1817 mesaraei
1584 1783 1744 1825 glandulae
1769 1793 1834 1816 non
1858 1783 1991 1815 minutae
2018 1779 2097 1814 adeo
2121 1779 2274 1816 fuerunt,
2299 1789 2336 1813 ut
2351 1782 2424 1822 pin-

1417 1826 1591 1869 guedinem
1614 1826 1764 1860 diducere
1795 1837 1876 1868 opus
1898 1823 1993 1863 esset,
2018 1833 2055 1857 ut
2078 1824 2112 1856 in
2134 1821 2344 1865 conspeetum
2370 1834 2425 1856 ve—

1416 1872 1546 1905 nirent.
1683 1869 1845 1902 Thoracis
1867 1878 2006 1912 utroque
2030 1868 2064 1900 in
2087 1877 2168 1899 cavo
2201 1876 2265 1899 non
2290 1867 2426 1900 minima

1418 1916 1512 1955 copia
1536 1915 1639 1947 inerat
1657 1911 1968 1956 aquaerubicundae5
1989 1912 2024 1944 in
2037 1909 2217 1953 pericardio
2241 1910 2313 1951 plus
2323 1921 2424 1952 quam

1419 1957 1520 1994 solet,
1544 1957 1594 1991 scd
1618 1968 1717 1999 neque
1730 1956 1839 1989 multae
1851 1954 1951 1992 adeo,
1974 1965 2078 1996 neque
2100 1955 2147 1986 ita
2158 1953 2322 1987 rubentis.
2349 1954 2423 1987 Pul.

1419 2012 1474 2034 mo
1498 1999 1616 2034 finister
1640 2001 1746 2042 aliqua
1771 2010 1809 2031 ex
1832 2008 2045 2041 partenexus
2077 2006 2144 2030 erat
2167 2007 2241 2029 cum
2275 1997 2385 2038 pleura
2410 2011 2420 2035 3

1416 2043 1482 2084 ipse
1504 2053 1611 2077 tamen
1635 2068 1646 2084 ‚
1677 2046 1707 2076 ὃ(
1730 2042 1839 2076 dexter
1864 2041 1950 2075 sani.
2083 2041 2207 2073 Cranio
2240 2038 2324 2073 sefio
2347 2064 2359 2081 ‚
2392 2043 2425 2074 &

1420 2086 1577 2121 Craffiore
1601 2088 1750 2128 meninge
1774 2094 1904 2121 amota,
1930 2084 1988 2117 sub
2011 2084 2121 2117 Tenui
2135 2083 2299 2117 nonnullis
2322 2085 2418 2118 inlo-

1419 2133 1466 2164 cis
1490 2129 1713 2164 animadversae
1738 2129 1810 2162 sunt
1834 2139 1928 2161 aereae
1951 2138 2060 2169 paucae
2079 2126 2209 2161 bullulae
2224 2148 2233 2163 ‚
2256 2136 2326 2162 tum
2349 2127 2416 2170 spe-

1419 2175 1483 2208 cies
1505 2175 1560 2206 illa
1585 2173 1751 2216 cujusdam
1775 2171 1863 2215 quasi
1887 2170 2048 2213 gelatinae.
2072 2169 2238 2211 Vasaquae
2262 2182 2317 2213 per
2340 2169 2423 2204 hanc

1418 2219 1602 2259 meningem
1625 2226 1764 2259 repunt,
1796 2216 1945 2257 pleraque
1977 2213 2131 2256 sanguine
2161 2212 2334 2252 distenta3
2372 2213 2424 2247 sed

1419 2263 1475 2296 illa
1500 2264 1600 2301 magis
1623 2271 1695 2303 quae
1720 2270 1774 2302 per
1798 2258 1896 2292 latera
1921 2258 2009 2300 Septi
2043 2257 2180 2291 Lucidi:
2205 2258 2287 2298 quin
2320 2257 2423 2291 etiam

1418 2304 1624 2338 e-medullari
1647 2303 1770 2337 cerebri
1795 2302 1965 2336 substantia
2000 2301 2086 2334 inter
2119 2300 2286 2335 secandum
2319 2311 2420 2342 guttae

1419 2348 1581 2391 sanguinis
1604 2346 1799 2381 existebant.
1824 2346 1909 2380 Quae
1931 2353 2023 2378 tanto
2039 2346 2140 2386 magis
2151 2344 2294 2380 attendi,
2318 2355 2422 2386 quau-

1417 2402 1455 2425 to
1479 2393 1637 2424 minorem
1661 2389 1826 2431 sanguinis
1849 2388 1976 2430 copiam
2000 2388 2033 2420 in
2056 2389 2197 2423 ventris,
2222 2389 2253 2420 ὃ(
2276 2386 2420 2421 thoracis

1417 2436 1498 2469 vasis
1525 2434 1701 2477 majoribus
1726 2432 2031 2465 animadverteram.
2055 2429 2157 2464 Nihil
2178 2441 2267 2473 aquae
2300 2432 2333 2463 in
2368 2443 2421 2465 ce-

1417 2480 1503 2512 rebri
1528 2478 1741 2516 ventricu11s‚
1765 2475 1935 2518 ipsumque
1974 2473 2048 2506 satis
2080 2473 2209 2511 firmum
2233 2496 2242 2511 ,
2278 2475 2419 2508 cerebel-

1417 2524 1485 2556 lum
1509 2530 1615 2554 autem
1641 2520 1731 2553 valde
1753 2519 1885 2557 laxum,
1913 2516 2102 2550 laxiffimam
2137 2517 2295 2550 Pinealem
2327 2518 2419 2559 glan-

1415 2564 1524 2600 dulam
1547 2563 1764 2605 deprehendi,
1786 2573 1860 2596 cum
1888 2560 1976 2597 haec,
2000 2569 2096 2601 atque
2109 2560 2169 2592 alia
2191 2571 2262 2601 quae
2285 2560 2340 2594 hic
2352 2573 2418 2594 me-

1415 2619 1541 2643 morare
1566 2605 1682 2641 necesse
1705 2617 1771 2640 non
1795 2605 1838 2639 est
1860 2625 1870 2641 ‚
1904 2615 1970 2637 non
1996 2602 2093 2637 serius
2124 2603 2297 2637 inciderem
2320 2616 2418 2647 quam

1413 2651 1485 2696 ipso
1506 2660 1625 2694 quarto
1649 2662 1666 2683 a
1690 2658 1793 2682 morte
1814 2649 1887 2682 die.

1457 2706 1507 2737 40.
1545 2694 1589 2728 Et
1622 2692 1675 2727 hic
1698 2692 1827 2735 quidem
1850 2688 1972 2723 tardius
1995 2690 2036 2723 ab
2058 2687 2127 2722 ieta
2160 2688 2342 2725 abdominis
2373 2693 2417 2726 est

1415 2747 1585 2776 mortuus,
1610 2735 1756 2771 citissime
1780 2745 1886 2769 autem
1910 2733 1987 2766 alter
2010 2735 2044 2766 in
2067 2731 2125 2766 hac
2149 2732 2215 2773 ipsa
2228 2734 2341 2774 Urbe,
2365 2735 2418 2771 sed

1415 2783 1499 2815 circa
1523 2792 1662 2817 annum,
1685 2779 1802 2821 opinor
1818 2800 1828 2816 ,
1855 2780 1948 2819 1670.
1973 2787 2047 2811 cum
2070 2775 2124 2809 hic
2149 2776 2327 2811 studiorum
2338 2790 2417 2813 cau-

1417 2824 1447 2858 sa
1469 2834 1545 2860 tunc
1570 2823 1645 2859 esset
1664 2823 1808 2867 Jacobus
1839 2821 1950 2855 Sandri
1973 2843 1982 2858 ‚
2016 2830 2112 2861 quem
2143 2820 2300 2855 Bononiae
2331 2823 2417 2856 inter

1415 2880 1502 2902 meos
1527 2871 1738 2910 Praeceptores
1759 2863 1875 2904 fuisse,
1898 2864 1974 2897 alias
1996 2864 2060 2897 tibi
2093 2865 2291 2900 memoravi.
2315 2866 2417 2903 Quod

1413 2912 1499 2947 mihi
1521 2914 1546 2945 is
1569 2910 1739 2948 narrabat,
1761 2908 1898 2942 totidem
1920 2906 2025 2940 verbis
2048 2907 2156 2947 accipe
2170 2932 2177 2939 .

1458 2966 1511 2998 41.
1535 2953 1734 2990 QUIDAM
1756 2953 1831 2994 equi
1855 2950 1942 2985 calce
1964 2950 1997 2982 in
2031 2949 2190 2986 umbilico
2221 2951 2324 2993 idus,
2347 2952 2416 2985 illi-

1416 3011 1479 3039 cO,
1503 2998 1694 3041 apopleffici
1718 2995 1834 3035 instar,
1855 2992 1998 3028 concidit
2022 3002 2188 3029 mortuus.
2284 2999 2290 3008 ²
2322 2996 2415 3029 DIS-

1416 3043 1592 3076 SECTUS
1615 3040 1695 3074 nihil
1721 3038 1807 3072 aliud
1830 3047 1943 3081 praeter
1966 3046 2115 3070 naturam
2149 3038 2288 3073 ostendit
2310 3062 2323 3080 ,
2355 3037 2416 3072 nisi

1417 3086 1673 3128 sugillationem¹
1699 3086 1730 3116 &
1752 3082 1957 3125 nigredinem
1981 3079 2204 3116 intestinorum
2228 3107 2238 3124 ,
2271 3082 2415 3127 percusso

1413 3129 1487 3163 loco
1509 3126 1771 3170 respondentem.

1458 3181 1509 3215 42.
1534 3171 1692 3205 Audienti
1715 3169 1782 3203 haec
1803 3168 1886 3202 mihi
1909 3166 2102 3201 adolescenti
2124 3168 2157 3201 in
2171 3178 2312 3203 mentem
2323 3170 2414 3202 venit

1414 3215 1550 3248 Hildani
1581 3218 1670 3255 (n)
1701 3212 1898 3245 Observatio
1918 3233 1930 3251 ,
1961 3211 2095 3254 Juvenis
2128 3224 2144 3245 a
2185 3212 2311 3249 rescisso
2333 3216 2415 3245 rum.

1413 3259 1537 3293 bilicali
1567 3257 1720 3302 jecinoris
1741 3255 1873 3289 vinculo
1894 3266 1972 3289 mox
1994 3254 2135 3301 cadentis
2158 3278 2170 3295 ‚
2202 3256 2233 3288 ἆ
2266 3256 2412 3289 citissime

1416 3303 1586 3336 morientis
1608 3325 1617 3334 .
1654 3298 1763 3334 Postea
1797 3310 1872 3331 vero
1906 3309 1989 3332 'cum
2035 3309 2100 3339 ejus
2143 3299 2266 3333 vinculi
2311 3298 2413 3332 laefio-

1416 3346 1511 3379 nibus
1552 3355 1654 3387 neque
1698 3343 1855 3376 rationem
1880 3364 1893 3381 ,
1937 3353 2038 3383 neque
2082 3340 2251 3385 plerosque
2280 3342 2412 3376 [Αιιᾶοι-

1417 3400 1463 3422 res
1488 3388 1625 3422 multum
1649 3387 1792 3420 tribuere
1818 3410 1828 3425 ‚
1861 3385 2146 3420 animadverterem
2170 3397 2180 3423 3
2213 3397 2248 3419 ea
2283 3386 2410 3427 cogita-

1415 3434 1505 3466 tione
1528 3429 1662 3475 seposita
1684 3451 1694 3468 ,
1729 3430 1763 3462 in
1796 3431 1928 3463 alteram
1961 3428 2083 3464 incidi,
2107 3428 2146 3462 ad
2168 3440 2263 3471 quam
2288 3426 2408 3461 Bohnii

2203 3470 2365 3513 (o),&

369 3540 2402 3582 W

953 3628 1061 3657 (x)c.
1078 3635 1101 3656 4·
1117 3626 1160 3651 cit.

530 3642 584 3660 ent„
600 3636 658 3660 Obs.
678 3637 751 3657 Anat.
768 3631 838 3657 Chir.
853 3639 892 3659 73.
1133 3657 1148 3686 ζ
1162 3654 1176 3679 b
1191 3655 1205 3684 )
1219 3661 1232 3678 c
1261 3661 1284 3677 Ι.
1302 3653 1326 3681 §.
1346 3660 1378 3681 ις-

508 3640 561 3692 {a
579 3669 611 3691 N.
629 3669 656 3690 C.
671 3667 747 3688 Tom.
769 3671 786 3687 1.
803 3661 864 3686 Obs.
885 3665 936 3685 160.
954 3657 1012 3683 vers.
1031 3657 1070 3681 fin,

477 3700 484 3728 )
501 3698 587 3725 Expos.
606 3699 677 3720 Anat.
692 3701 725 3718 tr.
742 3696 774 3718 du
790 3693 832 3717 bas
848 3694 937 3716 ventre
954 3698 976 3714 n.
993 3691 1046 3715 ²67.
1064 3687 1086 3710 ὃ(
1102 3687 1149 3716 seq.

517 3729 573 3755 Eph.
592 3729 625 3750 N.
645 3729 673 3750 C.
692 3727 751 3748 Dec.
768 3732 789 3752 3.
808 3726 836 3746 A.
855 3729 877 3751 9.
898 3721 920 3745 δι
940 3728 975 3745 ιο.
993 3717 1052 3741 Obs-
1070 3725 1121 3741 120.
1139 3716 1180 3740 sub
1197 3718 1229 3741 Α.
1247 3716 1315 3742 1698.

518 3757 578 3781 Seft.
596 3758 639 3780 hac
655 3764 678 3785 3.
695 3754 756 3780 obs.
774 3762 809 3785 ²5·
828 3753 851 3784 §.
868 3754 905 3777 18.
967 3752 975 3781 (
993 3750 1002 3773 Ι
1018 3749 1032 3779 )
1050 3748 1110 3773 ibid.
1131 3747 1153 3778 §.
1172 3753 1210 3776 19.

1220 3623 1261 3654 (y
1276 3622 1290 3651 )
1307 3623 1446 3645 Commerc.
1463 3622 1526 3646 Litt.
1544 3621 1574 3644 A.
1591 3625 1660 3648 ¹73¹-
1678 3619 1747 3646 spec.
1763 3625 1802 3648 41.
1819 3626 1843 3642 n.
1860 3625 1881 3646 3.

1211 3686 1225 3714 (
1237 3692 1257 3715 g
1271 3684 1284 3712 )
1302 3685 1399 3706 Comm.
1418 3691 1442 3706 ιη

1271 3745 1280 3774 s
1299 3752 1322 3768 m
1338 3742 1353 3773 2
1369 3745 1404 3769 De
1422 3744 1532 3769 Renunc.
1549 3743 1622 3767 Vuln.
1639 3738 1701 3766 sest.
1717 3747 1741 3766 ι.

1948 3615 1993 3645 (z
2009 3617 2023 3645 )
2039 3624 2061 3640 e.
2079 3625 2105 3647 4.
2122 3616 2165 3640 eit.

2124 3648 2165 3676 (e
2187 3648 2251 3674 >26-
2267 3651 2290 3669 n.
2306 3650 2344 3675 ²5·

1418 3682 1423 3686 Ι
1441 3653 1455 3681 (
1471 3660 1481 3675 c
1500 3654 1549 3685 ).‘¹·
1565 3657 1589 3674 2.
1608 3657 1642 3674 ii.
1660 3651 1682 3673 &
1699 3648 1760 3678 seqq.
1819 3649 1834 3677 (
1849 3649 1866 3673 d
1882 3649 1892 3678 )
1907 3647 2024 3684 Animad.
2040 3654 2063 3671 a.

1382 3713 1390 3738 (
1408 3714 1418 3735 ι·
1434 3712 1449 3741 )
1460 3682 1588 3736 {222³}2d.
1605 3711 1633 3734 Α.
1649 3718 1675 3735 ⁷.
1692 3710 1712 3732 ἃ
1729 3711 1752 3734 a.
1769 3708 1829 3734 obs.
1843 3711 1901 3732 «1⁶⁶.

1804 3739 1813 3770 s
1828 3746 1846 3762 n
1859 3739 1874 3768 )
1890 3740 1961 3765 cent.
1977 3745 2003 3771 ι,
2017 3734 2075 3763 Obs.
2093 3743 2130 3768 53.
