2498 4075
640 1205 816 1261 AD
944 1204 1599 1261 AMICUM

186 1325 704 1390 EPISTOLA
759 1309 1930 1392 ANATOMmo-MEDICA
1983 1327 2123 1391 [ΧΑ

770 1451 987 1518 Spestat
1020 1450 1090 1506 ad
1127 1450 1531 1518 Apoplexiam‚

270 1623 286 1625 ⁷
311 1619 313 1621 ,
399 1584 633 1620 REDEBAM
648 1608 657 1623 ,
682 1595 732 1621 me
755 1586 818 1620 tibi
842 1585 916 1619 satis
937 1584 1000 1628 jam
1025 1605 1035 1625 ‚-
1055 1584 1105 1619 su-

312 1635 314 1637 ’
365 1666 367 1668 ,
414 1639 530 1669 perque
563 1628 666 1663 fecisse
690 1653 702 1670 ,
732 1632 763 1662 &
786 1629 874 1672 quod
910 1630 943 1662 in
968 1638 1108 1662 extrema

413 1671 574 1711 superiore
607 1673 749 1714 Epistola
781 1684 846 1706 non
884 1674 1074 1705 reticuerarn
1098 1694 1108 1709 ,

362 1730 373 1734 a
414 1713 580 1748 novissimo
611 1717 648 1748 de
673 1716 722 1749 his
755 1716 886 1758 quidem
920 1715 1013 1749 rebus
1036 1715 1112 1748 scri-

322 1784 327 1794 „
412 1756 507 1790 bendi
531 1758 640 1792 labore
673 1759 877 1802 perfunfflum
911 1757 995 1792 esse.
1029 1760 1112 1792 Ecce

314 1800 346 1816 “⁷''
382 1805 384 1807 “
413 1810 527 1833 autem·
545 1802 662 1835 litterae
687 1814 749 1836 tuae
763 1826 774 1841 ,
796 1802 913 1844 quibus
937 1803 982 1835 ita
996 1803 1112 1844 gratias

109 1867 112 1871 ,
359 1843 363 1846 ’
414 1844 504 1884 agi5‚
528 1854 563 1877 ut
588 1844 680 1879 simul
703 1856 766 1878 non
790 1846 924 1879 obscure
946 1845 1112 1888 significes,

114 1893 345 1936 expefiariate
357 1888 607 1925 Observationes
631 1889 700 1922 illas
724 1900 806 1922 meas
830 1900 908 1931 quas
931 1888 1110 1930 suoquam-

112 1948 177 1978 que
200 1937 274 1969 loco
298 1936 432 1968 inserere
457 1942 521 1963 non
546 1935 725 1973 potuerim,
751 1934 869 1974 quippe
892 1932 1017 1964 habitas
1053 1944 1111 1973 po.

113 1980 175 2013 stea
197 1989 294 2022 quam
319 1975 454 2021 singulas
478 1974 673 2009 absolveram
698 1974 877 2017 Epistolas‚
902 1975 938 2007 ad
963 1987 1040 2017 quas
1063 1985 1110 2008 at-

111 2025 278 2056 tinerent:
305 2022 403 2064 idque
427 2017 485 2051 esse
508 2029 523 2049 a
547 2027 578 2052 te
602 2019 677 2052 satis
700 2019 923 2058 intellefflum,
948 2030 1012 2051 non
1039 2031 1110 2052 mo-

114 2066 158 2099 do
181 2067 258 2108 quia
278 2065 388 2104 nosti,
411 2063 585 2107 quotannis
610 2063 667 2095 alia
682 2073 696 2094 a
711 2074 758 2094 me
777 2084 786 2098 ‚
815 2071 907 2104 atque
932 2062 995 2095 alia
1018 2062 1109 2095 cada-

113 2120 186 2141 vera
211 2108 414 2150 perlustrari,
441 2116 552 2138 verum
578 2107 673 2138 etiam
698 2107 772 2147 quia
796 2106 967 2138 nonnullas
990 2118 1028 2138 ex
1052 2105 1110 2140 hu-

112 2149 576 2195 jusmodiObservationibus,
601 2161 616 2182 a
630 2161 678 2182 me
691 2149 751 2183 tibi
778 2147 911 2181 subinde
934 2150 1017 2181 inter
1034 2148 1109 2182 scri-

107 2195 258 2229 -bendum
283 2194 473 2238 promissas,
498 2194 633 2226 necdum
659 2192 823 2234 accepisti.
851 2191 941 2240 Quid
965 2192 1070 2243 dictam
1094 2191 1110 2225 ,3

109 2239 169 2282 Jus
193 2240 330 2280 postulas
354 2261 364 2275 ‚
398 2237 437 2271 ab
460 2237 592 2271 homine
616 2236 792 2277 praesertim
811 2259 820 2273 ,
856 2236 911 2269 nisi
944 2245 1108 2269 remittere

115 2284 202 2315 ultro
226 2282 327 2319 velis,
351 2279 582 2323 promissorum
607 2279 838 2312 servantiffimo
865 2303 872 2311 .
911 2280 969 2311 Fac
1003 2280 1106 2322 igitur

114 2325 246 2365 saltem,
271 2335 307 2359 ut
329 2324 437 2358 eadem
460 2336 522 2366 qua
548 2324 676 2364 priora,
701 2323 855 2355 comitate
886 2321 953 2356 haec
977 2335 1106 2365 quoque

111 2370 271 2411 excipias,
295 2380 391 2411 quae,
414 2377 449 2402 ut
473 2377 608 2410 potero,
633 2365 767 2404 addam,
793 2366 925 2398 initium
962 2376 1106 2407 repetens

109 2424 126 2444 a
153 2413 273 2445 morbis
295 2413 445 2452 cerebri,
469 2414 499 2444 ἃ
523 2412 664 2452 primum
687 2409 817 2452 quidem
843 2409 882 2442 ab
905 2420 1015 2443 eorum
1039 2421 1109 2453 gra-

107 2454 233 2489 vissimo
244 2478 256 2494 ,
274 2456 465 2498 Apoplexia
476 2480 484 2487 .

149 2510 178 2532 2.
203 2499 354 2532 SENEX
392 2497 611 2540 apoplefficus
641 2498 675 2530 in
702 2495 905 2530 Nosocomio
942 2496 1104 2531 Patavino

101 2541 274 2576 decesserat
297 2544 382 2575 circa
407 2542 539 2575 initium
564 2540 817 2577 Decembris,A.
848 2551 937 2583 1744.
964 2553 1030 2583 quo
1054 2543 1101 2575 ibi

103 2596 251 2627 tempore
270 2585 424 2619 'studiosis
448 2584 714 2618 Adolescentibus
740 2593 841 2625 partes
865 2582 1016 2625 quasdam
1041 2583 1101 2619 hu-

104 2631 192 2664 mani
215 2630 363 2671 corporis
386 2628 610 2662 ostendebam.
636 2628 731 2661 Plura
757 2649 767 2665 ‚
802 2637 836 2660 ut
862 2627 973 2660 solitus
996 2629 1065 2661 sum
1089 2650 1098 2666 ‚

107 2674 279 2715 diligentes
304 2672 501 2709 sciscitatus,
528 2675 583 2704 vix
608 2669 673 2704 haec
700 2671 777 2703 scire
802 2672 915 2712 potui,
941 2680 1013 2704 ante
1036 2673 1102 2705 dies

106 2719 243 2755 triginta
267 2716 434 2759 apoplexia
457 2725 642 2757 correptum
657 2741 666 2754 ‚
690 2724 792 2756 nuper
813 2714 944 2747 demum
966 2713 1029 2763 sine
1051 2715 1102 2748 ul-

106 2760 143 2793 lo
157 2754 275 2795 sensu,
297 2761 327 2791 δι
351 2769 463 2798 motu,
485 2759 587 2792 oculis
611 2758 702 2792 valde
726 2757 915 2791 rubentibus
936 2779 945 2793 ‚
968 2768 1001 2790 in
1026 2769 1101 2792 eum

109 2801 476 2836 locumfuiffeillatum.
604 2800 838 2836 CRANIUM
861 2801 938 2834 dum
962 2802 1102 2836 circum-

110 2846 280 2884 secabant,
304 2844 467 2878 Thoracis
491 2843 629 2884 viscera,
652 2845 747 2886 paulo
771 2854 841 2877 ante
863 2845 1025 2882 detracta,
1050 2847 1103 2877 in-

110 2890 266 2933 spiciens,
289 2888 323 2920 in
350 2889 511 2930 pulmonis
533 2888 655 2921 dexteri
667 2887 810 2927 suprema
833 2897 921 2931 parte
945 2887 1100 2922 duritiem

110 2931 323 2966 animadverti
356 2933 461 2973 qualis
494 2943 509 2963 a
544 2941 650 2964 vetere
684 2930 802 2963 morbo
825 2932 964 2973 relinqui
990 2932 1068 2965 solet
1091 2958 1098 2964 .

108 2975 313 3011 Continebat
338 2984 441 3008 autem
467 2974 627 3008 mediocre
652 2974 854 3007 tuberculum
878 2976 910 3007 in
944 2985 1010 3016 quo
1035 2988 1101 3008 ma-

113 3022 196 3053 teria
221 3017 389 3061 purulenta
405 3043 412 3051 .
438 3018 509 3052 Cor
533 3016 701 3060 polyposas
725 3016 839 3050 habuit
861 3019 1101 3059 concretiones,

82 3062 86 3064 ’
109 3064 258 3104 nihilque
282 3059 498 3094 adnotandum
523 3062 683 3102 praebuit,
708 3062 768 3094 nisi
792 3060 991 3094 valvularum
1004 3062 1102 3097 Semi-

84 3113 87 3115 ’
108 3107 270 3141 lunarium
282 3114 409 3146 aggeres
419 3104 573 3138 crassiores
584 3103 707 3142 fastos,
731 3106 762 3135 &
784 3103 952 3137 albicantes
966 3128 973 3135 .

107 3150 173 3183 His
199 3148 316 3182 amotis
339 3147 530 3185 visceribus,
555 3149 590 3180 ad
604 3148 756 3180 reteftum
779 3148 910 3179 interim
922 3148 1102 3183 <terebrum

107 3195 247 3230 oculos,
269 3191 440 3233 manusque
462 3191 625 3224 converti.
652 3191 824 3223 Exteriore
839 3192 1101 3233 meningedetra-

106 3239 182 3276 (Fra,
206 3246 305 3270 unum
329 3233 498 3267 discrimen
524 3234 669 3276 apparuit
692 3236 774 3266 inter
797 3233 953 3266 sinistrum
977 3235 1099 3268 cerebri

107 3277 394 3320 hemisphaerium,
418 3280 447 3310 ὅ(
470 3278 634 3310 deXternm
658 3302 666 3316 ,
689 3277 776 3319 quod
802 3276 896 3317 hujus
923 3276 1100 3319 superficies

106 3325 262 3365 posterior
288 3322 443 3362 nigricare
467 3322 498 3353 in
525 3321 649 3359 medio,
673 3324 703 3353 ὃ(
727 3321 865 3353 multum
880 3321 990 3354 rubere
1013 3322 1101 3356 vide-

104 3367 202 3401 batur
217 3390 224 3397 .
250 3364 412 3406 Nigrities
439 3374 542 3397 autem
568 3376 582 3397 a
604 3364 679 3397 vasis
700 3375 767 3398 erat
790 3375 859 3406 quae
885 3376 938 3406 per
950 3365 1097 3399 Tenuem

107 3411 293 3451 meningen]
318 3417 432 3449 repunt
456 3432 466 3448 ,
500 3408 592 3449 nigro
615 3406 763 3449 sanguine
786 3407 877 3440 valde
910 3408 954 3440 ibi
979 3407 1097 3443 disten-

104 3457 170 3492 tis;
194 3453 293 3485 rubor
317 3462 332 3483 a
359 3450 509 3493 sanguine
531 3451 587 3492 qui
612 3450 694 3483 inter
717 3452 770 3485 illa
803 3451 874 3483 vasa
897 3473 905 3487 ,
942 3461 1095 3493 tanquam

103 3510 161 3540 per
183 3494 446 3531 enudationem,
470 3493 606 3530 effusus,
633 3494 754 3536 spatia,
778 3495 855 3527 vasis
877 3494 1065 3536 interposita
1083 3521 1092 3535 ‚

102 3540 188 3584 quasi
212 3538 312 3576 crusta
337 3539 431 3580 longe
454 3536 631 3570 tenuiffima
654 3537 817 3579 occupasse
840 3538 1090 3572 videbaturzvel

104 3584 213 3627 potius
229 3607 237 3622 ,
261 3582 416 3623 quoniam
441 3579 523 3613 nihil
548 3580 595 3613 ibi
619 3589 730 3617 revera,
748 3580 834 3614 effusi
869 3582 1014 3614 invenire
1048 3583 1090 3616 li-

99 3629 190 3665 cuit,
215 3638 230 3658 a
255 3625 406 3667 sanguine
430 3623 554 3657 vascula
577 3625 685 3656 omnia
711 3625 866 3661 minima,
889 3624 1097 3666 quaeconfer-

98 3669 216 3705 tiffima
241 3667 333 3705 sunt,
357 3668 568 3701 infarciente.
594 3668 683 3701 Tum
708 3676 844 3709 utroque
869 3669 1008 3701 Laterali
1022 3681 1093 3703 ven.

186 3712 352 3754 Morgagm'
366 3712 400 3744 de
415 3711 482 3743 Sed.
493 3709 630 3758 &Caufi
644 3709 746 3742 Morb.
761 3711 860 3745 Tom.
875 3712 920 3744 II.

99 3805 197 3817 ——a

161 3858 200 3888 sa
218 3857 226 3887 )
242 3858 314 3889 Epist.
331 3864 351 3888 3.
369 3866 392 3883 n.
414 3866 434 3888 9.
452 3857 528 3883 &18.

1159 1585 1281 1619 triculo
1303 1595 1436 1628 aperto,
1461 1589 1495 1621 in
1521 1585 1650 1630 singulis
1674 1587 1793 1629 pariter
1817 1590 1919 1624 serum
1945 1591 2033 1626 valde
2046 1600 2161 1624 cruen-

1159 1637 1229 1662 tum
1254 1631 1459 1670 cons'pet‘lum
1486 1631 1526 1664 est
1550 1632 1586 1664 ad
1611 1631 1797 1666 drachmani
1823 1634 1953 1668 fortasse
1979 1645 2165 1672 unam,an-

1163 1674 1282 1705 teriora
1318 1674 1484 1707 dumtaxat
1520 1683 1629 1707 tenens
1653 1697 1663 1712 ,
1698 1675 1794 1716 plexu
1817 1676 1986 1711 Choroide
2022 1686 2164 1720 utroque

1164 1715 1321 1757 pallidulo
1344 1742 1353 1755 ‚
1386 1719 1515 1760 integro
1551 1728 1657 1751 autem
1682 1717 1770 1759 septo
1795 1721 1921 1754 Lucido
1943 1745 1951 1752 .
1993 1722 2161 1762 Integrum

1164 1770 1294 1802 quoque
1317 1769 1383 1792 erat
1407 1762 1493 1794 intus
1518 1768 1668 1803 extraque
1692 1760 1952 1803 hemisphaerium
1978 1764 2163 1801 sinistrum,

1162 1805 1193 1833 &
1218 1802 1376 1845 quidquid
1402 1813 1551 1845 praeterea
1576 1804 1620 1837 est
1645 1806 1731 1836 intra
1754 1808 1924 1841 calvariam
1940 1831 1949 1847 ,
1975 1807 2016 1841 sic
2033 1808 2104 1841 satis
2116 1807 2163 1840 sa-

1163 1856 1241 1878 num
1265 1868 1275 1883 ‚
1309 1856 1375 1879 uno
1398 1857 1534 1888 excepto
1558 1846 1782 1888 hemisphaerio
1804 1851 1937 1884 dextero
1962 1876 1970 1884 .
2007 1851 2164 1893 Namque

1162 1889 1250 1921 intra
1274 1887 1370 1932 hujus
1394 1890 1601 1924 medullarem
1627 1891 1836 1928 substantiam
1862 1904 1929 1928 crat
1952 1906 2073 1935 cavea,
2098 1906 2165 1928 me·-

1160 1932 1251 1964 dium
1276 1932 1376 1967 ferme
1400 1945 1510 1967 tenens
1534 1934 1707 1969 secundum
1730 1948 1839 1971 omnes
1864 1938 2078 1980 hemisphaerii
2095 1939 2165 1981 pla-

1159 1987 1237 2016 gaS,
1261 1975 1358 2019 longa
1382 1977 1505 2020 digitos
1529 1978 1722 2012 transversos
1747 1982 1921 2015 minimum
1933 1982 2163 2025 quinque‚la-

1160 2029 1192 2053 ta
1216 2020 1318 2058 duos,
1343 2024 1374 2053 &
1400 2021 1514 2058 semis,
1540 2022 1744 2066 totidemque
1769 2023 1929 2067 profunda
1953 2050 1963 2066 ‚
1985 2026 2162 2068 pleniffima

1161 2065 1256 2104 nigro
1281 2063 1457 2106 sanguine,
1480 2076 1594 2107 magna
1618 2078 1655 2099 ex
1680 2078 1768 2109 parte
1793 2068 1901 2103 fluido
1923 2091 1932 2106 ,
1966 2081 2003 2103 ex
2036 2070 2161 2114 reliqua

1161 2116 1266 2139 autem
1291 2107 1377 2149 quasi
1402 2109 1435 2140 in
1460 2119 1589 2149 grumos
1612 2121 1783 2145 concreto.
1810 2114 1889 2151 Quo
1913 2113 2083 2153 detraeso,
2108 2126 2163 2149 ca·-

1160 2160 1224 2182 veae
1250 2152 1387 2191 parietes
1409 2150 1496 2184 foede
1519 2152 1670 2190 lacerati,
1695 2157 1911 2199 &inaequales
1922 2166 2163 2200 apparuerunt&

1159 2193 1381 2236 Circumje&a
1406 2194 1482 2237 ipsis
1507 2195 1679 2231 substantia
1705 2209 1771 2232 erat
1796 2200 1947 2234 laxisiima
1970 2227 1979 2240 ‚
2003 2213 2067 2236 non
2094 2214 2161 2237 mea

1158 2235 1290 2270 dullaris
1316 2237 1417 2271 solum
1441 2259 1451 2276 ‚
1483 2237 1533 2272 secl
1558 2242 1594 2284 &2
1611 2252 1682 2283 quae
1708 2244 1809 2276 totius
1841 2246 1988 2286 corporis
2012 2247 2121 2280 striari
2149 2270 2158 2284 „

1158 2280 1328 2323 totiusque
1353 2280 1487 2315 thalami
1513 2285 1600 2316 nervi
1627 2286 1746 2326 Optici
1770 2296 1938 2321 externum
1974 2289 2055 2323 latus
2079 2314 2088 2329 ,
2127 2293 2162 2325 δι’

1157 2334 1229 2365 quae
1253 2325 1407 2366 proximae
1431 2325 1510 2359 basis
1521 2328 1689 2370 utriusque
1714 2330 1801 2364 illius
1816 2331 2068 2368 Protuberantiae
2080 2345 2161 2370 non·-

1160 2366 1282 2400 nullam
1308 2378 1430 2411 partem
1456 2370 1626 2407 faciebat„

1202 2425 1233 2453 3.
1258 2412 1555 2464 Quomodopavea
1580 2416 1760 2453 istiusmodi
1784 2422 1817 2454 in
1841 2421 1974 2455 cerebro
1998 2422 2067 2456 fieri
2092 2448 2101 2463 ,
2124 2427 2157 2458 &

1159 2467 1257 2497 quarn
1282 2457 1423 2489 exitialis
1445 2458 1573 2492 illarum
1586 2462 1907 2500 Prot-uberantiarum
1934 2467 2052 2500 vicinia
2079 2476 2159 2501 tunc

1157 2497 1216 2548 esse
1236 2498 1387 2548 ¹videatur
1409 2523 1421 2541 ‚
1455 2513 1529 2536 cum
1564 2505 1639 2540 alias
1661 2509 1674 2545 (
1696 2519 1714 2538 a
1737 2510 1750 2544 )
1785 2509 1822 2543 ad
1846 2519 1876 2542 te
1901 2508 2117 2552 scripserimus
2143 2533 2155 2548 ‚

1155 2541 1209 2576 hic
1233 2552 1349 2577 iterare
1365 2555 1437 2590 'non
1461 2545 1504 2580 est
1527 2558 1608 2590 opus
1624 2575 1631 2582 .
1657 2551 1741 2583 Illud
1768 2556 1875 2594 potius
1899 2565 2019 2595 quaeres
2044 2577 2055 2594 ‚
2078 2566 2155 2589 cum

1151 2595 1262 2626 tanta,
1287 2590 1317 2620 &
1342 2587 1499 2628 ejusmodi
1521 2590 1554 2622 in
1581 2591 1678 2633 loco,
1702 2597 1824 2629 cerebri
1848 2596 1917 2629 labe
1930 2597 2095 2638 quomodo
2109 2602 2160 2638 vi-¹

1156 2640 1230 2662 vere
1254 2630 1354 2664 homo
1379 2634 1522 2672 potuerit
1546 2636 1681 2677 triginta
1706 2638 1772 2672 dies
1797 2638 1810 2672 ?
1835 2640 1918 2672 Noli
1943 2640 2119 2675 existimare
2144 2667 2155 2684 ‚

1153 2672 1196 2707 sic
1210 2684 1275 2706 rem
1288 2673 1396 2707 statim
1420 2687 1454 2708 ac
1478 2677 1645 2719 apoplexia
1669 2682 1816 2723 ingruit,
1842 2683 1870 2716 se
1882 2682 2044 2718 habuisse.
2062 2685 2156 2719 Mul-

1153 2726 1191 2749 to
1214 2715 1289 2750 sane
1314 2718 1355 2751 est
1381 2721 1446 2751 veri
1472 2720 1607 2755 similius
1632 2747 1642 2763 ,
1676 2734 1752 2760 tunc
1778 2738 1815 2759 ex
1839 2727 1959 2759 intimo
1993 2729 2152 2769 quopiam

1152 2760 1299 2802 disrupto
1326 2761 1452 2796 vasculo
1478 2775 1541 2797 non
1567 2767 1707 2800 multum
1730 2769 1942 2802 exstillantem
1967 2768 2152 2812 sanguinem

1152 2804 1327 2837 illam¹sibi
1350 2817 1479 2839 caveam
1504 2818 1612 2849 parare
1633 2811 1763 2851 coepisse
1779 2834 1788 2849 ‚
1812 2811 1911 2854 ipsam
1936 2824 2012 2845 vero
2036 2825 2100 2847 non
2114 2817 2152 2849 il-

1152 2848 1217 2880 lico
1242 2848 1278 2880 ad
1302 2860 1374 2881 eum
1398 2851 1529 2883 modum
1554 2850 1591 2883 ad
1614 2864 1709 2894 quem
1734 2866 1792 2888 nos
1814 2855 2058 2897 conspeximuS,
2083 2870 2153 2893 arn-

1152 2889 1327 2933 plisicasle3
1353 2891 1403 2925 sed
1428 2894 1583 2935 paulatim
1607 2906 1707 2936 porro
1730 2896 1925 2932 exstillando
1947 2920 1956 2935 5
1980 2899 2013 2932 id
2037 2903 2152 2942 paula-

1152 2935 1214 2967 tim
1237 2945 1367 2976 quoque
1392 2933 1521 2974 fecisse,
1544 2940 1646 2972 donec
1671 2947 1722 2972 tot
1747 2942 1806 2974 viis
1828 2941 2001 2984 spirituum
2036 2954 2149 2985 perru-

1153 2979 1238 3020 ptis,
1261 2980 1291 3009 &
1316 2986 1367 3011 tot
1391 2978 1460 3012 aliis
1483 2979 1538 3012 suo
1562 2982 1658 3015 audio
1683 2986 1820 3023 pondere
1845 3010 1855 3025 ,
1887 2988 1918 3017 &
1942 2987 2028 3019 mole
2051 2999 2143 3023 com-

1152 3020 1255 3063 pressis
1280 3031 1445 3055 exrernum
1467 3034 1595 3058 omnem
1619 3024 1761 3068 sensum,
1787 3037 1977 3072 motumque
1998 3052 2010 3069 ‚
2034 3032 2065 3063 Sc
2090 3045 2150 3076 po-

1154 3064 1269 3097 stremo
1293 3066 1454 3099 internum
1478 3078 1609 3109 quoque
1632 3068 1775 3110 sustulit,
1798 3081 2001 3115 mortemque
2031 3073 2073 3108 fic
2097 3086 2149 3109 at-

1154 3108 1232 3140 tulit
1257 3119 1265 3139 :
1290 3110 1338 3142 vel
1365 3130 1374 3146 ,
1396 3110 1483 3151 quod
1507 3109 1632 3144 facilius
1654 3114 1843 3148 crediderim
1863 3137 1872 3152 ‚
1905 3127 1992 3150 novo
2014 3116 2145 3153 demum

1154 3161 1345 3193 quacunque
1368 3152 1406 3185 de
1428 3152 1517 3186 causa
1539 3157 1705 3190 accedente
1730 3158 1868 3200 impulsu
1891 3182 1904 3198 ,
1935 3160 2145 3204 pluribusque

1154 3194 1245 3227 simul
1270 3194 1422 3238 disruptis
1446 3197 1579 3231 vasculis
1594 3220 1604 3236 ‚
1627 3202 1791 3240 repentina
1810 3224 1820 3238 ,
1857 3212 2035 3245 magnaque
2068 3215 2145 3245 eru-

1154 3238 1265 3282 ptione
1289 3237 1355 3271 haec
1378 3250 1448 3281 quae
1474 3241 1591 3275 ultimo
1613 3241 1701 3283 dixi,
1726 3254 1789 3276 non
1814 3245 1857 3276 ita
1883 3244 2001 3286 pridem
2024 3246 2147 3282 effecis-

1153 3282 1202 3313 se.
1231 3281 1395 3315 Utralibet
1420 3286 1544 3318 ratione
1567 3286 1727 3326 cogitanti
1751 3287 1895 3328 proclive
1919 3290 1979 3321 erit
2001 3290 2062 3323 tibi
2079 3303 2144 3326 non

1152 3324 1249 3357 modo
1272 3325 1358 3367 quod
1382 3329 1525 3367 quaeris,
1549 3327 1598 3361 sed
1623 3329 1675 3362 illa
1701 3332 1797 3362 etiam
1822 3331 2005 3374 intelligere
2027 3358 2037 3373 ,
2068 3346 2143 3369 cum

1152 3367 1238 3409 signa
1261 3368 1408 3409 quaedam
1433 3371 1574 3412 primum
1600 3372 1735 3406 existunt
1759 3384 1830 3415 quae
1853 3373 2055 3416 sanguineam
2081 3381 2143 3412 mi-

1148 3421 1264 3444 nentur
1288 3413 1487 3454 apoplexiam
1506 3436 1513 3450 ,
1537 3426 1632 3456 quam
1657 3416 1735 3449 utile
1750 3416 1787 3449 fit
1800 3418 2025 3452 alimentorum
2040 3443 2048 3457 ,
2062 3425 2145 3456 acri-

1148 3455 1206 3488 bus
1231 3454 1426 3496 praesertim,
1450 3458 1666 3499 tenuibusque
1691 3460 1858 3500 particulis
1882 3461 2116 3499 abundantium
2132 3489 2142 3506 ,

1143 3498 1268 3538 copiam
1292 3499 1455 3539 minuere,
1478 3501 1518 3533 ab
1540 3503 1647 3534 nimiis
1671 3504 1840 3543 corporis,
1865 3506 2028 3547 animique
2040 3511 2141 3541 moti-

1143 3541 1201 3574 bus
1225 3541 1397 3582 abstinere,
1419 3542 1603 3585 sanguinem
1627 3543 1776 3583 educere,
1800 3547 1856 3579 ubi
1882 3557 1958 3581 vero
1980 3547 2139 3590 ejusmodi

1142 3585 1304 3626 ingruerit
1327 3586 1514 3626 apoplexia,
1540 3597 1632 3621 tanto
1656 3589 2139 3636 magisillumimminuere‚&,

1149 3627 1236 3670 quod
1252 3627 1326 3660 alias
1337 3628 1446 3662 videor
1458 3629 1494 3662 ad
1509 3640 1540 3663 te
1551 3630 1722 3673 scripsisse,
1748 3644 1781 3665 ea
1807 3635 1907 3666 vitare
1933 3635 2050 3669 auxilia
2065 3649 2137 3680 quae

1147 3681 1352 3705 commovere
1365 3696 1376 3712 ,
1399 3673 1429 3706 &
1443 3673 1566 3715 agitare
1580 3675 1804 3751 interlnipestive
1817 3676 1920 3719 ipsum
1931 3678 2049 3719 poffint
2066 3705 2075 3719 ‚
2099 3692 2135 3722 ug

1699 3730 1743 3752 ee
1992 3733 2093 3759 reme-

1120 3797 2006 3820 'wana—*Q
