2498 4075
397 136 498 180 229

332 204 533 240 Tittwanno
556 206 570 242 (
592 213 614 237 x
628 202 671 245 ),
693 202 739 235 ita
763 201 816 236 hic
852 204 968 245 pariter
991 204 1074 237 reste
1096 203 1206 238 credes
1229 227 1240 243 ‚
1279 214 1343 236 non

331 245 406 285 ideo
429 258 478 278 me
501 257 609 288 graves
633 246 750 288 pleurae
786 245 1059 283 inflammationes
1082 259 1155 281 cum
1180 247 1344 287 pulmonis

331 289 586 327 inflammatione
610 287 733 331 junctas
757 299 867 332 negare
890 312 900 328 ,
933 290 1022 333 quod
1053 292 1087 324 in
1119 290 1345 325 diffeetionum

329 335 477 367 maximo
510 343 642 365 numero
674 331 875 375 deprehensas
910 344 1040 375 perraro
1073 334 1166 369 fuiss‘e
1187 356 1196 372 ‚
1242 333 1345 367 osten-

330 377 439 414 dam.
477 376 591 418 Neque
622 376 708 408 enim
739 387 847 413 earum
880 376 1004 411 obiitus
1039 377 1106 411 sum
1130 390 1200 421 quae
1233 377 1266 409 in
1291 379 1343 410 Se-

330 418 502 462 pulchreto
524 418 722 455 recensentur
747 430 758 452 :
795 418 831 451 ad
865 420 975 462 easque
1016 420 1126 457 addere
1158 422 1236 457 alias
1272 420 1343 462 pos-

331 463 399 502 sum
424 486 436 502 ‚
469 471 504 500 ut
538 472 616 504 puta
647 474 724 505 quas
760 461 957 504 Gagliardus
980 466 1033 508 (y
1058 468 1072 504 )
1095 464 1240 503 indicat,
1265 466 1342 496 &in

331 505 475 549 pluribus
499 505 659 548 quidem,
692 517 707 538 a
744 506 895 548 pulmone
927 507 960 540 in
995 508 1134 551 pleuram
1166 507 1306 540 extensas
1331 530 1342 547 ‚

330 559 384 586 aut
408 560 481 583 cum
513 547 731 587 Hoffmannus
764 551 779 587 (
800 560 824 591 z
845 552 859 588 )
883 549 993 584 vidisse
1018 550 1046 588 se
1068 575 1080 591 ‚
1104 553 1148 584 ait
1172 574 1184 591 ,
1218 548 1342 592 inflam-

330 599 451 627 matam
485 592 526 631 <7¹5⁸
551 591 767 633 splmcelatam
793 591 938 633 pleuram
960 616 970 633 ‚
1002 596 1120 627 vitiato
1157 594 1260 636 parvis
1285 594 1341 627 ab-

331 636 473 673 sceffibus
505 636 651 677 pulmoni
688 633 902 671 adhaerentem
933 661 942 671 ,.
979 636 1198 671 Hoffmannus
1233 647 1340 672 tamen

330 678 362 712 id
388 680 485 712 etiam
508 701 521 718 ,
555 675 640 721 quafi
666 688 895 720 nonnunquam
919 702 932 719 ,
965 679 1074 714 vidisse
1097 680 1125 714 se
1146 704 1159 720 ‚
1192 680 1340 721 addidit,

331 722 498 767 postquam
536 721 570 758 id.
601 720 691 763 quod
713 719 998 763 frequentiffimum
1025 724 1067 761 est
1089 746 1099 762 ,
1132 723 1174 758 fic
1198 725 1232 757 in
1266 726 1339 761 uni-

330 765 453 802 versum
487 763 662 798 tradiderat
695 775 703 795 :
748 767 785 800 In
812 763 948 806 Jeb‘t'ione
976 766 1139 808 pulmones
1175 768 1340 801 inveniun-

331 817 384 843 tur
417 805 520 850 inflati
543 831 556 847 ,
588 808 661 844 duri
695 830 707 846 ‚
752 807 846 846 instar
877 807 1000 850 hepatis
1036 835 1045 850 ,
1079 812 1122 844 Θ·
1156 821 1239 853 aquae
1261 809 1341 854 fun-

328 853 403 887 idum
434 857 607 895 petentes:
643 861 714 892 quae
747 850 896 891 praeclare
939 864 1072 896 quoque
1106 854 1341 889 Observatione

329 898 421 937 (a)
457 892 663 931 confirmavit
687 916 699 933 ‚
731 904 840 926 eorum
875 895 1014 929 immane
1052 896 1228 932 describens
1262 911 1342 942 pon-

328 938 387 977 dus
413 963 423 978 ,
458 940 488 970 &
516 936 750 974 distentionem
772 960 785 977 ,
817 940 849 972 ,δε
880 937 1035 977 duritiem
1062 966 1070 981 ‚
1114 943 1190 985 quia
1222 941 1342 984 vesicu-

329 982 377 1018 las
413 979 498 1026 quas}
540 990 649 1014 carnea
684 978 780 1025 crassa
825 980 994 1016 rubicunda
1029 985 1203 1027 substantia
1244 986 1340 1021 habe-

329 1025 406 1064 bant
438 1024 594 1067 infart‘ias
627 1036 638 1061 ;
674 1025 706 1057 &
747 1034 821 1060 cum
857 1023 999 1063 thoracis
1033 1030 1133 1063 nullas
1170 1029 1340 1062 omitteret

327 1070 468 1105 internas
509 1076 642 1109 partes:
701 1067 846 1111 pleuram
882 1079 920 1103 ne
957 1074 1150 1105 memoravit
1184 1072 1338 1115 quidem,

327 1110 527 1154 Gagliardus
560 1119 665 1144 autern
689 1133 700 1150 ‚
732 1110 770 1144 ad
803 1113 940 1154 triginta
964 1138 977 1154 ,
1008 1126 1044 1149 ut
1067 1115 1192 1149 dietum
1215 1116 1257 1149 est
1289 1116 1340 1150 su..

326 1167 383 1198 pra
405 1158 419 1196 ζ
443 1153 497 1201 b)
522 1153 667 1202 dissectis,
685 1177 698 1194 ,
737 1155 773 1191 in
807 1155 878 1189 aliis
910 1157 1100 1201 pulmonum
1134 1158 1341 1195 substantiam

325 1198 367 1237 fic
391 1199 424 1231 in
459 1197 613 1239 hepaticae
647 1197 891 1236 similitudinem
925 1203 1047 1236 invenit
1081 1211 1239 1236 mutatam
1261 1228 1274 1245 ‚
1304 1214 1341 1241 ut

324 1244 360 1282 jn
396 1241 537 1283 quodam
561 1239 749 1284 Chirurgiae
784 1241 924 1277 studioso
948 1244 1048 1280 sectus
1072 1245 1183 1289 pulmo
1206 1259 1223 1279 a
1256 1248 1341 1281 sesto

324 1284 463 1330 ejusdem
496 1283 610 1331 hepate
644 1284 819 1321 internosci
853 1298 918 1321 non
951 1287 1051 1330 posset
1074 1312 1086 1330 ‚
1119 1290 1153 1322 in
1185 1291 1256 1325 aliis
1290 1294 1340 1325 ui-

323 1340 413 1374 gram
449 1352 462 1370 ,
506 1329 539 1365 in
573 1328 644 1365 aliis
680 1337 816 1371 utroque
849 1329 910 1365 illo
942 1333 1027 1365 vitio
1050 1356 1063 1373 ,
1098 1343 1238 1374 quorum
1272 1336 1339 1377 pri-

324 1384 415 1412 mum
446 1370 699 1420 phlegrnonosum
721 1395 734 1412 ‚
770 1373 920 1408 'alterum
948 1376 1176 1419 gangraenosurn
1208 1388 1302 1413 vocat
1326 1402 1339 1420 ‚

324 1416 506 1461 promiscue
537 1415 680 1464 alienam
715 1440 721 1446 .
769 1416 994 1463 Amplilfimus
1025 1431 1154 1462 quoque
1192 1422 1339 1456 Senacius

324 1464 377 1501 (c
402 1465 416 1501 )
437 1470 510 1493 cum
558 1458 701 1494 universe
739 1458 855 1494 scribat
883 1486 892 1501 ,
928 1461 1132 1499 substantiam
1176 1465 1339 1505 pulmonis

324 1503 350 1545 ‚‘,
375 1503 519 1537 indurari
544 1504 576 1534 in
611 1502 840 1552 pleuritidibus
863 1527 873 1543 ‚
909 1507 941 1537 ὅ(
975 1505 1102 1539 massam
1139 1506 1277 1541 formare
1300 1507 1340 1542 fi-

325 1572 352 1589 „
375 1548 487 1581 milem
511 1545 619 1588 hepati
643 1569 669 1586 „
695 1545 771 1581 alibi
796 1550 810 1586 (
832 1548 851 1581 d
872 1551 887 1592 )
910 1558 1014 1585 tamen
1049 1549 1214 1594 cujusdam
1246 1553 1339 1585 Con..

324 1591 508 1629 stitutionis
542 1588 733 1632 pleuritides
765 1592 888 1632 excipit
913 1615 925 1631 ‚
959 1594 993 1625 in
1016 1594 1133 1634 quibus
1161 1606 1340 1637 gangraeno-

316 1634 392 1678 sum
413 1634 606 1677 przncipz'um
645 1631 769 1681 accusat
795 1656 806 1673 ‚
840 1636 872 1670 &
905 1636 938 1668 in
974 1638 1069 1677 aegris
1092 1661 1105 1677 ‚
1138 1638 1339 1682 mortuisque

315 1674 545 1716 'animadversa
569 1686 633 1711 non
658 1685 791 1712 reticet.
818 1677 875 1713 Tu
898 1678 977 1720 quid
1002 1681 1087 1712 inter
1111 1679 1315 1715 Parifiensem
1330 1709 1339 1723 ,

325 1725 357 1759 ,δέ
383 1724 567 1755 Romanam
598 1720 875 1756 constitutionem
908 1721 1105 1758 discriminis
1119 1721 1241 1765 fuerit,
1264 1737 1343 1761 con-

323 1765 459 1800 ferendo
483 1774 653 1805 utrumque
678 1764 896 1806 Scriptorern,
919 1766 1081 1810 intelliges
1102 1792 1109 1800 .
1145 1769 1343 1811 Gagliardus

324 1812 410 1846 enirn
436 1808 542 1845 tribus
566 1806 631 1840 illis
654 1804 786 1850 fingulis
808 1808 900 1843 vitiis
923 1808 974 1843 sua
999 1811 1170 1852 peculiaria
1188 1812 1343 1848 adscribit

322 1853 408 1896 figna
435 1877 447 1893 ,
484 1855 515 1885 &
539 1850 679 1886 remedia
699 1876 706 1882 .
741 1850 801 1898 Sed
824 1859 859 1884 ut
885 1850 1107 1895 phlegmonofi
1131 1855 1166 1886 in
1190 1855 1342 1898 suppura-

325 1899 449 1932 tionem
483 1895 628 1931 abeuntis
653 1895 851 1941 progreslum
883 1896 916 1930 in
942 1896 1040 1938 paulo
1070 1896 1167 1933 serius
1191 1900 1343 1935 extimens

322 1941 399 1975 satis
437 1937 580 1975 dilucide
616 1936 789 1983 ostendit5
825 1939 865 1973 hc
911 1940 945 1972 in
979 1940 1174 1984 gangraenofi
1197 1964 1210 1981 ,
1242 1944 1273 1975 &
1308 1944 1342 1976 in

322 1984 409 2020 misti
444 1995 482 2020 ex
526 1990 664 2024 utroque
696 1981 912 2023 descriptione
955 1983 1217 2026 perspicuitatem
1264 1985 1342 2021 defi-

322 2028 449 2065 derabis
482 2039 493 2064 3
537 2036 641 2068 neque
673 2026 758 2061 enim
801 2026 876 2060 licet
910 2026 1091 2069 intelligere
1123 2053 1131 2066 ,
1174 2027 1342 2071 phlegmo-

323 2084 361 2109 ne
383 2096 395 2112 ,
420 2082 458 2104 an
481 2068 665 2114 eryfipelqte
690 2090 699 2106 ,
737 2079 775 2102 an
809 2077 924 2106 neutro
945 2071 1215 2108 inflammationis
1247 2083 1342 2114 gene..

323 2128 354 2153 re
381 2127 423 2149 ea:
448 2123 550 2156 partes
585 2112 680 2145 essent
704 2110 824 2147 affefiae
879 2114 1020 2149 ulmonis
1044 2137 1054 2152 ‚
1087 2114 1163 2156 quas
1198 2126 1342 2158 gangrae-

323 2171 361 2192 na
385 2156 580 2200 corripiebat
606 2180 613 2186 .
648 2156 692 2191 Et
717 2123 913 2199 progressgdm
939 2157 1070 2200 quidem
1085 2157 1276 2239 3[ubstantiae
1300 2160 1343 2192 il.

323 2204 386 2240 Jius
423 2200 508 2245 quali
533 2199 692 2242 hepaticae
725 2200 759 2234 in
782 2202 1047 2248 suppurationem
1137 2214 1187 2235 me
1211 2214 1341 2246 quoque

323 2257 396 2282 turn
421 2247 455 2278 in
482 2244 539 2278 hac
562 2246 575 2282 (
599 2253 613 2276 e
636 2246 671 2289 >¹³
697 2251 766 2279 tum
790 2244 823 2278 in
849 2244 920 2277 aliis
944 2243 995 2290 (f
1017 2248 1028 2287 )
1055 2245 1213 2287 Epistolis
1237 2245 1341 2279 adno-

323 2300 429 2326 tatum
456 2287 581 2321 videbis
601 2297 608 2318 .·
634 2288 675 2318 {ic
700 2288 801 2319 etiam
825 2287 858 2319 in
882 2286 962 2324 dura
986 2310 996 2325 ‚
1031 2299 1067 2324 ac
1090 2288 1183 2325 densa
1207 2290 1263 2325 illa
1286 2301 1338 2322 ea„

324 2334 398 2368 dem
424 2341 514 2375 parte
537 2329 740 2372 nigredinem
761 2333 774 2369 (
793 2341 816 2372 g
837 2333 850 2370 >
868 2342 876 2365 ,·
901 2331 935 2366 in
959 2331 1132 2375 eademque
1154 2332 1338 2376 conspexis-

325 2378 354 2412 se
380 2375 593 2415 Valsalvam‚
615 2384 690 2406 cum
714 2382 843 2412 atrum,
864 2375 905 2409 (ὠ-
926 2373 1062 2417 phlogofi
1086 2375 1251 2418 eusebium,
1278 2377 1336 2408 du-

326 2432 395 2455 rum
411 2443 424 2460 ,
448 2422 490 2453 (r
513 2417 605 2450 valde
627 2415 820 2458 compartum
844 2417 1031 2456 pulmonem
1054 2419 1142 2450 Senis
1168 2422 1183 2461 (
1204 2418 1224 2451 h
1245 2423 1260 2458 >
1282 2419 1335 2452 de-

329 2465 387 2500 scri
414 2461 452 2496 fir
479 2486 491 2502 ,
524 2461 625 2496 tertio
649 2459 702 2493 die
727 2460 851 2494 mortui
873 2482 886 2499 ,
921 2462 953 2493 δε
978 2471 1052 2494 curn
1076 2461 1230 2497 Mulieris
1252 2465 1266 2501 (
1288 2464 1336 2504 i)

326 2520 384 2552 pro
413 2507 491 2543 ratis
514 2503 664 2540 omuibus
685 2502 808 2538 viribus
831 2502 1053 2539 decumbentis
1076 2528 1086 2544 ,
1118 2504 1207 2548 cujus
1230 2505 1336 2551 postea

325 2550 446 2589 remisit
469 2548 587 2586 dolor,
610 2547 753 2581 indurati
774 2545 942 2588 pulmonis
967 2556 1090 2590 partem
1106 2546 1232 2595 fuscam
1257 2573 1270 2591 ‚
1293 2549 1337 2582 &¹

318 2593 467 2641 sphacelo
491 2589 713 2635 quodammodo
737 2597 910 2631 correptam
932 2614 942 2630 ,
977 2593 1009 2623 &
1033 2602 1107 2625 cum
1141 2593 1260 2633 Viri(
1283 2592 1302 2632 l<
1322 2596 1336 2631 )

327 2639 463 2682 quinem
484 2636 536 2669 die
559 2633 697 2668 extinc‘ti
722 2633 909 2675 pulmonem
930 2633 1024 2668 valde
1048 2635 1228 2671 induratum
1252 2659 1261 2674 ‚
1298 2635 1338 2670 ad

320 2680 518 2728 subviridem
540 2677 672 2712 colorem
695 2684 873 2721 vergentem
896 2701 904 2716 ‚
939 2676 1095 2724 nigrisque
1118 2679 1249 2714 maculis
1288 2679 1337 2712 di-

320 2725 492 2768 ftinfflum.
519 2721 579 2758 Sed
606 2731 662 2755 nec
677 2720 825 2754 Valialva
840 2745 849 2760 ,
873 2720 959 2763 quod
973 2721 1092 2759 sciam,
1119 2723 1152 2755 in
1167 2724 1337 2764 peripneu-

327 2768 465 2807 monicis
488 2765 654 2809 pulmones
677 2789 686 2803 ,
719 2764 775 2806 qui
801 2774 865 2796 non
890 2762 985 2798 essent
1011 2765 1151 2799 indurati
1176 2788 1188 2805 ,
1224 2767 1336 2808 nigros

327 2809 535 2859 deprehendit
550 2834 559 2849 ‚
581 2819 639 2841 nec
663 2805 755 2848 ipse,
776 2805 837 2853 pifi
861 2818 927 2841 uno
951 2808 985 2840 in
1010 2809 1119 2849 Viro,
1142 2807 1179 2841 de
1202 2820 1268 2851 quo
1292 2811 1339 2841 E-

329 2855 444 2902 pistola
466 2852 660 2886 Anatomica
684 2849 807 2892 scripsit
829 2851 926 2884 XIII.
952 2854 965 2892 (
989 2850 1000 2884 l
1022 2856 1036 2895 >
1059 2864 1066 2885 :
1092 2863 1273 2895 quanquam
1298 2853 1338 2885 il÷

329 2904 377 2939 105
400 2923 409 2938 ,
444 2898 565 2941 quippe
588 2894 627 2928 ad
649 2903 745 2935 caput
770 2895 927 2937 praecipue
952 2898 1094 2929 intentus
1116 2918 1125 2932 ‚
1156 2895 1265 2938 curfim
1290 2897 1339 2928 in-

330 2944 417 2990 spexi
434 2967 446 2983 ,
469 2943 501 2977 &
522 2938 661 2982 graviter
682 2935 815 2981 quidem
839 2938 928 2973 laesos
953 2937 1072 2979 fuisse,
1096 2940 1229 2972 memini
1252 2951 1265 2978 ;
1288 2938 1339 2974 sed

330 3001 364 3024 ea
388 2995 493 3022 tamen
518 2981 652 3027 nigredo
675 2992 690 3012 a
714 2991 882 3025 gangraena
907 2981 981 3018 esset
1004 3005 1014 3021 ‚
1046 2994 1083 3015 an
1108 2995 1124 3017 a
1151 2981 1303 3025 sanguine
1326 3007 1338 3023 ‚

330 3034 388 3077 qui
414 3041 479 3063 non
501 3023 699 3068 ita‘prorsus
722 3026 756 3057 in
779 3034 890 3059 eorum
912 3024 990 3059 vasis
1017 3025 1226 3066 substitiss'et,
1248 3027 1338 3062 utad

330 3083 534 3120 gangraenam
557 3067 736 3106 faciendam
760 3069 964 3111 requiritur,
988 3069 1177 3104 adnotatum
1201 3081 1264 3102 non
1280 3070 1338 3103 ha„

330 3115 411 3155 beos-
435 3127 471 3151 ut
495 3125 596 3158 neque
619 3110 791 3154 intelligo,
814 3111 927 3148 durine
951 3111 1045 3161 ess'ent
1069 3138 1080 3154 ,
1104 3125 1141 3150 an
1166 3126 1182 3146 a
1207 3113 1338 3155 sphace-

332 3165 366 3199 lo
390 3161 508 3200 laxati,
533 3161 565 3195 &
601 3155 714 3190 molles
732 3176 741 3191 ³
776 3165 850 3190 curn
874 3157 1038 3191 Lancisius
1063 3159 1095 3190 in
1120 3158 1271 3191 Romana
1296 3159 1337 3191 il-

332 3210 362 3245 la
384 3205 560 3249 epidemica
584 3200 846 3247 peripneumonia
869 3202 883 3237 (
904 3211 934 3233 m
953 3200 970 3241 )
993 3201 1170 3247 *praecordia
1194 3199 1338 3236 rubentia

335 3265 354 3290 u
371 3261 428 3295 que
451 3249 491 3282 ad
514 3245 717 3288 diaphragma
740 3241 831 3278 fuisse
852 3266 864 3282 ‚
898 3242 1018 3290 scripht
1040 3268 1051 3284 ‚
1083 3246 1126 3278 Θ
1149 3244 1339 3286 nigricantia

329 3252 480 3343 Jasnguine
504 3288 631 3329 ιοαῑῖο,
654 3286 688 3321 id
710 3285 753 3320 est
777 3309 790 3326 ‚
823 3295 860 3321 ut
884 3287 1019 3321 inferius
1043 3292 1056 3329 (
1079 3299 1098 3320 n
1121 3291 1134 3329 )
1158 3288 1306 3329 loquitur
1330 3311 1342 3328 ,

336 3339 452 3377 rubra,
474 3336 516 3371 (ξφ
532 3331 676 3379 sphacelo
698 3337 822 3365 tentata
845 3354 852 3361 .
887 3332 1008 3366 Verum
1035 3341 1194 3373 utcunque
1218 3330 1252 3364 id
1276 3330 1342 3366 fue-

903 123 1061 178 Liber
1096 121 1163 174 11.
1197 123 1283 175 De
1317 123 1527 176 Morbis
1560 123 1818 177 Thoracis

1395 203 1464 238 τῖες
1488 201 1538 235 hae
1561 213 1670 236 omnes
1692 202 1882 245 pulmonum
1907 202 1992 236 labes
2017 226 2029 242 ,
2059 204 2093 237 in
2118 204 2237 248 quibus
2259 215 2402 238 comme-

1395 245 1556 279 morandis
1581 257 1630 278 me
1654 256 1670 278 a
1693 245 1859 288 proposito
1880 244 2041 280 divertisse
2060 271 2072 288 ,
2106 246 2237 282 fortaffe
2259 247 2398 283 ,credide-

1398 291 1460 328 ris,
1486 288 1672 323 videnturne
1695 289 1758 321 tibi
1779 287 1936 330 ejusmodi
1960 288 2016 323 effe
2040 316 2049 330 ,
2083 300 2118 324 ut
2143 291 2165 324 fi
2188 303 2261 327 curn
2286 292 2401 334 pleurae

1397 333 1492 365 noxis
1505 355 1517 372 ,
1539 333 1746 374 quantumvis
1765 333 1933 373 gravibus,
1956 344 2186 377 nonnunquam
2200 334 2400 378 jungantur,

1396 374 1447 409 his
1473 376 1580 417 potius
1600 399 1613 416 ‚
1647 387 1743 418 quarn
1767 375 1833 408 illis
1864 399 1875 416 ‚
1908 374 2019 411 debeas
2043 388 2202 418 aegrorum
2227 380 2398 412 interitum

1394 418 1582 460 imputare?
1606 418 1753 452 Lancisio
1777 418 1809 451 id
1830 427 1916 453 certe
1949 430 2011 452 non
2035 419 2077 453 est
2099 420 2202 455 visum
2225 444 2234 458 ‚
2271 424 2327 464 qui
2350 422 2400 454 vel

1394 472 1446 495 eos
1471 464 1503 494 in
1528 462 1644 505 quibus
1669 463 1751 496 rami
1786 472 1871 495 venae
1894 463 2019 505 Azygae
2043 464 2151 498 lateris
2185 466 2326 506 primum
2349 467 2399 498 in-

1394 507 1550 539 flammati
1574 506 1605 539 in
1627 505 1750 539 varices
1770 503 1913 538 abierant
1938 528 1948 543 ‚
1983 507 2022 539 ad
2046 519 2096 542 me
2120 507 2243 550 scripsit
2272 532 2283 548 ,
2306 511 2320 548 ζ
2343 521 2358 541 o
2381 513 2396 548 )

1394 560 1431 583 ex
1450 548 1532 591 saepa
1555 548 1686 592 quidem
1695 548 1886 590 pleuritide‚
1903 548 1958 592 sed
1978 550 2010 585 in
2015 552 2303 592 peripneumoniam
2318 578 2326 590 ‚
2355 552 2399 585 Θ

1386 593 1472 634 fiepti
1504 591 1780 638 inflammationem
1795 589 1962 636 facessente
1981 616 1994 632 ‚
2025 594 2106 629 diem
2123 593 2219 635 suum
2255 593 2360 638 obiiffe
2385 619 2394 628 ,

1393 637 1483 674 Quin
1509 637 1645 670 Riverio
1667 634 1726 677 ipsi
1746 658 1758 675 ,
1792 634 1871 669 dum
1894 636 2087 671 contrariam
2110 646 2251 673 tueretur
2275 638 2399 672 senten-

1392 682 1496 719 tiam,
1519 681 1635 714 veritas
1659 677 1801 720 expreffit
1825 678 1918 711 verba
1941 676 2029 717 haec,
2053 692 2124 723 qnae
2148 683 2182 716 in
2204 681 2399 724 Sepulchre-

1391 733 1428 756 to
1450 734 1577 765 quoque
1600 726 1655 764 (p
1677 724 1691 761 >
1715 734 1730 754 a
1752 730 1783 755 te
1807 723 2003 763 reperientur
2025 745 2035 762 ,
2059 723 2215 768 nobisque
2238 725 2314 762 satis
2336 723 2396 758 esse

1391 766 1528 800 debent:
1549 766 1735 808 pleuritides
1757 764 2003 801 vehementiores
2024 789 2037 807 ,
2059 777 2123 809 quae
2144 777 2280 804 mortem
2303 769 2398 802 indu-

1391 820 1457 843 cere
1487 809 1709 852 consueverunt
1730 831 1743 847 ,
1776 810 1809 841 in
1842 809 2131 854 peripneumoniam
2162 813 2396 854 utplurimum

1391 854 1587 896 degenerare.
1614 851 1675 885 Sed
1698 850 1842 885 universe
1867 852 2013 885 asseverat
2037 853 2184 893 Medicus
2201 855 2398 890 Praestantis-

1393 896 1488 930 fimus
1514 896 1677 931 Trillerus
1700 898 1713 933 (
1734 907 1753 938 q
1774 899 1809 935 ),
1833 895 1866 927 in
1889 906 1961 928 vera
1986 897 2159 939 pleuritide
2183 921 2195 938 ,
2227 910 2285 932 non
2305 899 2396 941 pleu-

1393 952 1462 973 ram
1478 939 1581 985 solum
1604 938 1684 982 affici
1700 961 1709 976 ‚
1733 939 1815 982 quod
1836 937 1984 983 huffenus
2007 940 2130 981 quidem
2157 949 2271 975 temere
2293 943 2397 976 credi-

1393 992 1462 1017 tum
1481 996 1491 1022 ς
1517 982 1573 1025 fied
1595 982 1696 1025 ipsam
1728 992 1845 1025 quoque
1863 981 2047 1025 pulmonum
2073 982 2281 1027 substantiam
2299 984 2395 1028 simul

1390 1024 1529 1069 infestari
1542 1049 1551 1064 ‚
1574 1027 1654 1069 quod
1675 1027 1786 1061 unicus
1807 1026 1964 1059 medicina
1989 1025 2125 1064 ocellus,
2149 1036 2294 1061 anatome
2310 1053 2318 1068 ‚
2343 1029 2398 1061 do-

1390 1071 1458 1105 cuit
1481 1067 1713 1111 luculentzffime
1734 1094 1747 1110 ,
1771 1073 1803 1104 &
1825 1068 1946 1103 nullam
1968 1079 2076 1104 veram
2097 1070 2297 1113 pleuriticiem
2320 1082 2394 1106 acu-

1391 1120 1457 1147 tam
1474 1113 1539 1157 fine
1559 1113 1812 1155 peripneumonia
1835 1112 1982 1154 agnoscit
2005 1138 2012 1145 .
2047 1114 2196 1156 Denique
2221 1126 2231 1153 3
2255 1122 2291 1147 ut
2317 1115 2396 1149 alios

1393 1156 1448 1190 hic
1473 1158 1657 1194 omittam3
1692 1154 1765 1189 satis
1789 1155 1888 1190 fuerit
1914 1180 1927 1197 ,
1959 1157 2191 1191 Anatomicum
2227 1159 2396 1191 Exercita-

1393 1201 1545 1236 tiffimum
1578 1200 1749 1233 Hallerum
1781 1204 1870 1240 (r)
1906 1211 2017 1243 negare
2037 1226 2046 1241 ‚
2089 1201 2144 1234 sibi
2180 1212 2314 1243 unquam
2344 1204 2398 1237 νὶ-

1385 1243 1464 1331 sursnvv
1482 1268 1494 1286 ,
1511 1244 1610 1287 solam
1629 1243 1773 1289 pleuram
1804 1242 2047 1288 inflammatione
2064 1244 2123 1289 sua
2154 1244 2309 1283 hominem
2342 1256 2397 1282 ne-

1397 1299 1431 1321 ca
1458 1299 1491 1323 e,

1433 1296 1485 1374 ἐμ.
1512 1333 1584 1365 Nec
1617 1342 1724 1365 vereor
1747 1330 1879 1364 interim
1916 1329 1993 1365 dum
2025 1332 2058 1364 in
2089 1332 2304 1365 controversia
2337 1332 2397 1369 hac

1390 1373 1428 1407 de
1453 1386 1532 1409 verae
1556 1374 1742 1418 pleuritidis
1767 1373 1834 1409 sede
1857 1373 1981 1419 diutius
2005 1374 2112 1409 haereo
2136 1399 2148 1416 ‚
2183 1387 2222 1409 ne
2248 1386 2282 1409 tu
2308 1376 2398 1410 forte

1391 1419 1577 1460 Empiricos
1600 1421 1771 1459 imitatus,
1795 1418 1985 1461 quibuscum
2009 1419 2162 1457 mollius,
2187 1421 2274 1462 quod
2296 1419 2334 1453 ad
2358 1421 2399 1453 il-

1391 1461 1455 1494 lam
1478 1464 1595 1496 attinet
1615 1487 1628 1504 ,
1661 1463 1726 1505 egit
1749 1462 1894 1496 Galenus
1925 1462 2008 1507 (s)
2032 1486 2043 1502 ‚
2076 1462 2113 1498 de
2142 1475 2172 1495 re
2207 1463 2320 1496 inutili
2344 1473 2398 1498 tot

1390 1505 1481 1539 verba
1506 1518 1523 1541 a
1546 1518 1594 1541 me
1619 1507 1687 1542 fieri
1714 1529 1723 1544 ‚
1759 1505 1923 1539 arbitraris
1947 1531 1954 1538 .
1990 1507 2079 1540 Nam
2102 1505 2123 1539 fi
2146 1508 2339 1549 Dogmatici
2362 1520 2398 1542 ea

1389 1550 1571 1591 tempestate
1591 1573 1604 1591 ‚
1634 1557 1741 1584 contra
1764 1549 1835 1584 illos
1865 1559 1981 1591 parum
2016 1551 2122 1584 idonea
2139 1549 2176 1593 se
2210 1550 2394 1594 responsione

1391 1592 1560 1629 tuebantur
1594 1605 1605 1634 3
1648 1602 1679 1627 at
1712 1592 1826 1627 nostris
1871 1593 2072 1633 temporibus
2106 1592 2127 1625 fi
2160 1594 2397 1628 Celeberrimos

1391 1636 1478 1669 inter
1513 1637 1732 1678 Dogmaticos
1754 1634 1902 1670 Medicos
1925 1635 2007 1669 duos
2031 1636 2224 1672 consulueris
2250 1660 2261 1675 ‚
2296 1639 2398 1671 Botr-

1396 1677 1544 1713 haavium
1568 1683 1581 1718 (
1604 1691 1618 1713 t
1641 1683 1687 1719 ),
1719 1681 1752 1711 δε
1787 1677 2024 1713 Hoffmannum
2057 1682 2070 1718 (
2093 1690 2114 1712 u
2136 1684 2149 1720 )
2175 1692 2185 1719 3
2219 1691 2281 1713 non
2315 1680 2398 1715 faci-

1396 1723 1423 1754 le
1452 1723 1559 1758 credes
1584 1746 1593 1760 ,
1639 1722 1749 1756 eadem
1784 1724 1958 1756 curationis
1992 1723 2178 1756 discrimina
2212 1725 2398 1766 Empiricos

1395 1766 1470 1799 illos
1517 1777 1572 1808 per
1609 1766 1709 1801 solam
1752 1766 1980 1811 experientiam
2027 1776 2171 1802 accurate
2189 1790 2201 1806 ,
2244 1770 2361 1810 partite
2385 1792 2398 1809 ‚

1394 1809 1534 1844 dilucide
1570 1809 1647 1845 adeo
1679 1810 1800 1844 novisse
1823 1835 1832 1849 ,
1866 1818 1959 1853 atque
1983 1807 2017 1841 hi
2042 1834 2054 1850 ,
2088 1820 2232 1844 anatome
2255 1832 2265 1848 ‚
2298 1814 2330 1844 δε
2350 1823 2399 1844 ra-

1394 1854 1483 1887 tione
1518 1853 1598 1889 duce
1620 1877 1630 1892 ‚
1665 1853 1897 1897 proposuerunt
1921 1876 1933 1893 ‚
1966 1853 2143 1897 praesertim
2167 1862 2273 1886 autern
2300 1855 2399 1887 Eoer-

1397 1896 1526 1931 haavius
1560 1922 1567 1929 .
1617 1900 1710 1938 AEgre
1756 1898 1854 1930 etiam
1886 1895 1964 1930 feres
1990 1921 1998 1935 ,
2042 1896 2134 1931 fuiffe
2170 1907 2263 1931 aetate
2294 1898 2398 1932 nostra.

1395 1938 1549 1976 seniorem
1582 1940 1751 1975 Medicum
1783 1964 1796 1981 ‚
1837 1941 1895 1982 qui
1934 1939 2042 1973 eadem
2073 1951 2183 1973 omnes
2216 1942 2265 1974 uti
2311 1952 2400 1975 cura-

1394 1985 1485 2018 tione
1520 2010 1529 2024 ,
1572 1983 1730 2026 scripserit
1764 2007 1776 2023 ‚
1821 1982 1882 2017 sive
1915 1984 2056 2025 pleuram
2097 1983 2231 2017 morbus
2261 1994 2365 2018 teneat
2389 2012 2399 2026 ,

1394 2026 1455 2060 sive
1486 2027 1655 2069 pulmones
1676 2050 1688 2066 ,
1728 2027 1852 2061 oblitus
1899 2027 2050 2061 videlicet
2090 2027 2139 2060 vel
2172 2026 2237 2071 ejus
2286 2027 2399 2061 discr-i„

1394 2070 1493 2103 minis
1524 2069 1612 2114 quod
1644 2081 1681 2103 ne
1714 2071 1740 2104 ii
1771 2071 1902 2113 quidem
1936 2079 2083 2112 negant,
2116 2071 2170 2112 qui
2206 2080 2319 2105 caetera
2343 2084 2400 2105 ex-

1394 2122 1522 2148 tenuare
1555 2122 1712 2148 conantur
1742 2137 1755 2154 ,
1797 2112 1821 2149 s1
1857 2125 1903 2147 res
1945 2114 1983 2147 ad
2029 2114 2288 2157 suppurationem
2331 2127 2399 2149 ver-

1393 2165 1448 2199 gat
1472 2181 1484 2198 ,
1516 2166 1594 2191 tunc
1628 2156 1738 2191 saltem
1770 2158 1892 2203 requiri
1925 2158 2020 2191 aliam
2053 2157 2184 2192 curandi
2206 2160 2365 2192 rationem
2388 2183 2397 2197 ‚

1397 2199 1418 2233 fi
1454 2212 1513 2246 pus
1548 2203 1581 2235 in
1617 2200 1724 2245 pleura
1754 2198 1794 2234 fit
1817 2224 1827 2239 ,
1861 2199 2030 2243 adfitisque
2055 2201 2205 2234 musculis
2230 2225 2241 2241 ,
2279 2203 2397 2244 aliam,

1392 2243 1470 2278 liin
1503 2243 1712 2288 pulmonibus
1734 2267 1747 2284 ‚
1784 2244 1935 2287 &longe
1969 2245 2030 2279 alia
2065 2246 2115 2276 via
2149 2256 2186 2277 ex
2223 2246 2278 2279 illa
2301 2270 2313 2286 ,
2349 2257 2398 2281 at-

1392 2298 1452 2329 que
1475 2298 1514 2322 ex
1539 2287 1590 2321 his
1613 2310 1626 2327 ‚
1658 2286 1716 2323 esse
1739 2288 1957 2322 educendum.
1983 2288 2063 2321 Non
2089 2299 2137 2321 me
2162 2287 2250 2329 sugit
2274 2312 2287 2331 ,
2318 2290 2397 2324 alios

1393 2341 1543 2372 quoque,
1567 2333 1599 2363 ἃ
1622 2330 1718 2372 longe
1740 2330 1869 2372 quidem
1893 2344 1932 2365 eo
1957 2332 2147 2373 peritiores,
2171 2332 2326 2365 memoria
2339 2345 2398 2366 no-

1389 2372 1448 2406 stra
1474 2369 1564 2408 fuisse
1587 2372 1753 2413 Medicos‚
1777 2376 1833 2417 qui
1857 2374 1986 2407 eandem
2011 2373 2073 2406 fere
2091 2398 2104 2415 ,
2137 2376 2206 2408 imo
2229 2387 2337 2418 parem
2362 2390 2400 2410 o-

1388 2417 1502 2451 mnino
1535 2416 1682 2451 medendi
1717 2419 1874 2452 rationem
1906 2416 2075 2452 docuerint
2118 2420 2247 2461 utrique
2281 2421 2398 2458 morbo

1389 2460 1574 2494 convenire.
1601 2460 1659 2493 Sed
1683 2459 1719 2495 hi
1743 2469 1796 2494 aut
1820 2460 1921 2495 sedern
1946 2461 2112 2504 utriusque
2146 2463 2180 2494 in
2204 2462 2356 2504 pulmone
2382 2489 2395 2504 ,

1387 2513 1441 2537 aut
1465 2503 1557 2538 fimul
1581 2512 1751 2546 utrumque
1774 2503 1832 2538 effe
1853 2530 1862 2544 ‚
1897 2504 2136 2539 arbitrabantur
2160 2529 2169 2544 ,
2203 2508 2235 2540 δέ
2259 2517 2329 2548 quae
2351 2518 2398 2539 re-

1388 2545 1490 2581 media
1516 2548 1646 2589 utrique
1673 2547 1789 2580 morbo
1811 2548 1997 2582 communia
2018 2570 2027 2585 ,
2063 2551 2095 2582 δέ
2119 2549 2203 2581 reste
2228 2549 2359 2591 quidem
2385 2573 2395 2588 ‚

1388 2589 1560 2625 statuerent
1580 2612 1588 2627 ‚
1614 2590 1689 2623 satis
1711 2590 1909 2633 intelligitur
1933 2615 1940 2622 .
1977 2592 2036 2624 Ille
2059 2602 2134 2624 vero
2160 2617 2170 2632 ,
2206 2601 2242 2626 ut
2266 2603 2397 2627 omnem

1388 2635 1662 2674 Anatomicorum
1696 2644 1826 2676 operam
1860 2636 1893 2667 in
1915 2634 2139 2677 disquisitione
2172 2633 2230 2669 hac
2267 2637 2396 2672 inanem

1389 2675 1447 2709 esse
1469 2701 1481 2717 ,
1513 2677 1677 2710 diffitaret
1703 2702 1710 2715 ‚
1742 2677 1827 2712 idem
1862 2677 2035 2711 affirmabat
2071 2679 2108 2711 de
2133 2677 2275 2713 universa
2308 2691 2398 2713 cura-

1389 2721 1501 2759 tione3
1525 2720 1610 2764 quasi
1633 2720 1713 2754 illud
1738 2721 1846 2755 saltem
1872 2733 1978 2758 verum
2003 2733 2068 2755 non
2091 2720 2164 2756 ess'et
2187 2745 2196 2760 ,
2222 2725 2323 2766 magis
2347 2724 2398 2758 so-

1390 2764 1518 2798 licitum
1550 2764 1588 2797 de
1622 2764 1735 2799 morbo
1760 2788 1771 2805 ,
1814 2768 1845 2798 δε
1879 2765 1916 2799 de
1950 2766 2041 2800 celeri
2079 2777 2271 2809 magnorum
2305 2769 2398 2801 auxi-

1389 2808 1513 2841 liorum
1545 2807 1819 2843 administratione
1854 2808 2020 2851 Medicum
2054 2809 2124 2843 fore
2160 2833 2168 2848 ,
2200 2813 2257 2853 qui
2290 2813 2397 2844 multo

1391 2851 1616 2887 creberrimam
1648 2851 1713 2893 ejus
1747 2850 1851 2887 sedem
1886 2852 1961 2887 sciat
1994 2853 2052 2886 esse
2087 2854 2121 2887 in
2153 2853 2360 2901 pulmonibus
2383 2879 2398 2896 ,

1392 2897 1541 2928 rariorem
1585 2897 1618 2928 in
1662 2895 1771 2937 pleura
1805 2921 1812 2927 .
1856 2897 1912 2931 Tu
1946 2905 2051 2932 autem
2087 2921 2097 2935 ,
2139 2897 2159 2929 si
2194 2898 2271 2930 bene
2306 2907 2398 2932 tuum

1392 2939 1471 2971 novi
1508 2939 1651 2972 animum
1689 2938 1809 2972 sciendi
1843 2939 1999 2982 cupidum
2021 2965 2032 2980 ,
2067 2944 2100 2974 &
2138 2942 2201 2972 veri
2225 2943 2398 2983 cognitio-

1391 2993 1463 3015 nem
1497 2982 1587 3016 rebus
1620 2984 1740 3015 caeteris
1774 2982 2023 3025 antefert-ntem,
2046 2996 2109 3017 non
2134 2985 2174 3017 iis
2207 2985 2305 3018 modo
2326 2998 2397 3028 quse

1389 3025 1427 3058 de
1462 3026 1576 3059 morbo
1608 3025 1669 3058 hoc
1707 3024 1789 3059 mihi
1825 3027 1975 3061 haetenus
2019 3029 2187 3072 conspeera
2220 3026 2277 3061 esse
2300 3054 2312 3071 ‚
2345 3032 2398 3064 di-

1388 3071 1421 3101 xi
1456 3094 1467 3109 ,
1509 3078 1677 3104 contentus
1711 3080 1773 3103 non
1809 3073 1868 3102 eris
1904 3084 1913 3109 3
1955 3071 2005 3105 sed
2038 3072 2121 3107 illud
2164 3072 2293 3114 insuper
2327 3072 2399 3107 for-

1389 3111 1461 3147 tasse
1484 3113 1615 3155 optabis
1640 3134 1647 3148 ‚
1682 3123 1717 3145 ut
1750 3113 2021 3155 quemadmodum
2058 3116 2250 3158 pulmonum
2296 3128 2399 3151 mem-

1388 3156 1519 3190 branam
1544 3157 1638 3190 toties
1661 3157 1817 3198 integram
1843 3160 2011 3202 lanamque
2038 3157 2126 3193 fuisse
2150 3183 2161 3199 ‚
2196 3160 2399 3194 animadver-

1389 3201 1415 3234 ti
1440 3223 1452 3240 ,
1484 3201 1529 3232 ita
1560 3202 1591 3233 &
1617 3210 1846 3243 nonnunquam
1880 3203 1980 3243 ipsam
2015 3202 2182 3236 dumtaxat
2216 3203 2301 3245 quali
2325 3216 2399 3246 ery-

1391 3242 1519 3285 sipelate
1551 3241 1695 3276 affeetam
1720 3269 1728 3283 ,
1763 3243 1972 3285 profundiore
2006 3246 2173 3280 substantia
2208 3248 2305 3281 illaesa
2328 3271 2341 3288 ,
2365 3250 2399 3280 δε

1393 3288 1525 3321 minime
1549 3286 1683 3322 infausta
1698 3311 1709 3326 ‚
1734 3286 2029 3330 deprehendissem,
2052 3299 2088 3323 ut
2112 3289 2195 3322 sedes
2220 3301 2330 3324 omnes
2342 3288 2400 3323 ha-

1395 3342 1466 3367 rum
1490 3331 1630 3365 thoracis
1662 3330 1955 3367 inflammationum
1987 3346 2043 3377 per
2078 3343 2246 3368 anatomen
2280 3345 2318 3367 ex
2349 3344 2398 3367 me

2240 3389 2354 3421 cogni-

1280 3538 1287 3567 (
1304 3547 1320 3568 y
1336 3539 1349 3569 )
1367 3538 1406 3562 cit.
1426 3538 1492 3567 supra
1507 3555 1514 3567 2
1530 3540 1560 3563 ad
1578 3548 1600 3563 n.
1617 3542 1656 3564 28.

1255 3569 1268 3598 (
1285 3577 1295 3592 c
1312 3570 1324 3598 )
1341 3571 1425 3594 Traite
1442 3570 1473 3594 du
1490 3572 1572 3594 Coeur
1589 3571 1606 3596 l.
1623 3581 1645 3601 4.
1664 3572 1700 3596 ch.
1719 3581 1741 3602 3,
1759 3582 1783 3597 n.
1802 3582 1824 3597 2.

399 3545 413 3568 ί
429 3552 443 3567 x
459 3544 467 3572 )
484 3542 509 3566 in
526 3544 630 3566 Prooem.
648 3538 810 3564 Mechanismi
828 3545 894 3572 venae
910 3540 989 3568 Azyg.
1007 3538 1108 3565 Pleurit.
1126 3537 1217 3562 causae.

401 3568 416 3603 ἰ
431 3582 444 3597 a
460 3574 474 3601 )
493 3580 511 3595 ιΩ
530 3573 554 3595 in
572 3574 657 3596 Enarr.
676 3569 757 3594 Morb.
775 3577 826 3598 cat).
843 3569 904 3594 ibid.
922 3570 965 3594 cit.
1032 3571 1038 3600 (
1058 3570 1072 3594 b
1089 3570 1096 3599 )
1114 3578 1136 3593 n.
1155 3571 1191 3598 38.

402 3607 509 3633 (εμπ.
530 3610 565 3629 ¹7·
627 3601 696 3630 (f)
713 3600 787 3629 Epist.
805 3603 828 3623 6.
844 3607 869 3625 n.
890 3607 922 3624 ιι.
984 3600 1166 3631 (g)supra‚
1189 3599 1346 3628 nai-&zm

403 3637 417 3664 (
436 3634 451 3658 k
468 3633 482 3661 3
500 3632 558 3656 lbid,
576 3640 600 3655 nr
617 3640 654 3659 42-
718 3632 784 3661 (l)
801 3638 824 3654 n.
843 3637 880 3663 μς.
941 3627 991 3658 (m
1007 3631 1020 3659 )
1036 3631 1146 3658 Epidem.
1166 3631 1269 3654 Rheum.
1290 3633 1318 3654 Α.
1341 3639 1406 3660 1709,
1424 3640 1444 3657 c.
1461 3638 1482 3654 2.
1501 3639 1525 3654 n.
1542 3635 1565 3655 6.

402 3666 416 3695 ζ,
431 3674 443 3687 o
461 3669 470 3689 )
489 3663 585 3687 Dirlert.
601 3663 628 3685 de
648 3664 715 3685 Vena
732 3661 780 3686 sine
801 3668 866 3690 pari.
932 3660 939 3687 (
954 3667 970 3689 p
988 3662 1000 3689 )
1017 3662 1078 3686 See't.
1097 3661 1139 3694 hac
1156 3660 1214 3687 Obs.
1235 3668 1268 3689 14.
1288 3661 1308 3690 ἕ.
1326 3670 1349 3689 4.

403 3699 409 3723 (
431 3703 442 3719 r
460 3695 472 3722 )
489 3693 575 3721 Opusc.
597 3692 689 3716 Parhol,
709 3691 765 3715 Obsi
784 3699 818 3720 ¹3·
880 3691 893 3718 (
906 3689 949 3718 s)
966 3693 1000 3714 De
1019 3694 1074 3716 Loc.
1092 3693 1129 3715 ἢῆ.
1147 3691 1165 3715 1.
1184 3699 1204 3719 3.
1222 3698 1242 3716 c.
1261 3700 1282 3715 2.

404 3728 414 3751 (
432 3733 447 3750 u
466 3725 477 3752 )
494 3731 514 3747 c.
535 3727 557 3748 6.
575 3723 616 3747 cit.
635 3723 718 3753 supra,
736 3723 765 3746 ad
782 3730 804 3745 n.
823 3722 858 3745 ²8,
879 3721 899 3750 §.
918 3728 941 3744 2.
960 3721 981 3744 2:
1000 3722 1060 3752 seqq.

1719 3543 1764 3571 (τ,
1781 3543 1794 3572 )
1809 3542 1852 3567 cit.
1870 3543 1930 3568 ibid.

1823 3605 1827 3609 ⁵
1887 3573 1933 3608 (⁴11
1947 3573 1995 3602 91.
2015 3583 2035 3604 3·
2053 3574 2092 3601 ch.
2110 3577 2133 3601 Β.
2151 3583 2178 3604 n,
2197 3585 2217 3607 9.

1787 3605 1826 3633 (x
1841 3604 1855 3632 )
1874 3605 1937 3628 Ib1d.
1953 3612 1977 3628 n.
1996 3613 2036 3635 ρι-

1526 3662 1530 3665 v
1627 3634 1943 3664 [n)c.4-S.1.n.7.

1414 3663 1422 3690 (
1441 3671 1454 3691 q
1473 3663 1485 3690 J
1504 3662 1556 3685 vid.
1574 3664 1712 3687 Commerc.
1733 3667 1817 3691 Litter.
1838 3669 1866 3689 A.
1885 3674 1952 3693 1741·
1970 3666 2046 3690 Hebri.
2064 3674 2085 3690 2.
2103 3675 2128 3690 n.
2147 3676 2169 3692 2-

1409 3606 1422 3631 ς
1439 3600 1571 3629 h)1·:pist.
1588 3610 1626 3626 20.
1645 3610 1668 3626 n.
1688 3611 1724 3633 33.

1348 3695 1357 3717 (
1376 3700 1385 3718 ι
1403 3694 1416 3722 )
1433 3693 1524 3722 Aphor.
1542 3692 1571 3717 de
1587 3702 1656 3723 cogn.
1675 3697 1696 3719 8<
1712 3703 1761 3719 cur⁴
1776 3696 1857 3720 Morb.
1875 3702 1928 3721 turn
1948 3695 1968 3725 ᾖ.
1982 3698 2036 3726 849.
2053 3699 2075 3721 δι’,
2093 3697 2217 3728 [εςφῐυηι
2238 3699 2320 3733 §.8235
2337 3700 2401 3730 seqe-
