<?xml version="1.0" encoding="UTF-8"?>
<!DOCTYPE html PUBLIC "-//W3C//DTD XHTML 1.0 Transitional//EN"
    "http://www.w3.org/TR/xhtml1/DTD/xhtml1-transitional.dtd">
<html xmlns="http://www.w3.org/1999/xhtml" xml:lang="en" lang="en">
 <head>
  <title>
</title>
<meta http-equiv="Content-Type" content="text/html;charset=utf-8" />
  <meta name='ocr-system' content='tesseract 3.04.00' />
  <meta name='ocr-capabilities' content='ocr_page ocr_carea ocr_par ocr_line ocrx_word'/>
</head>
<body>
  <div class='ocr_page' id='page_1' title='image "./desedibusetcausi00morg_0649.png"; bbox 0 0 2498 4075; ppageno 0'>
   <div class='ocr_carea' id='block_1_1' title="bbox 290 196 1788 269">
    <p class='ocr_par' dir='ltr' id='par_1_1' title="bbox 290 196 1788 269">
     <span class='ocr_line' id='line_1_1' title="bbox 290 196 1788 269; baseline -0.001 -14"><span class='ocrx_word' id='word_1_1' title='bbox 290 202 443 269; x_wconf 86' lang='lat' dir='ltr'>Epist.</span> <span class='ocrx_word' id='word_1_2' title='bbox 483 202 641 254; x_wconf 81' lang='lat' dir='ltr'>Anat.</span> <span class='ocrx_word' id='word_1_3' title='bbox 678 201 891 253; x_wconf 78' lang='lat' dir='ltr'>Medica</span> <span class='ocrx_word' id='word_1_4' title='bbox 926 199 1175 254; x_wconf 81' lang='lat' dir='ltr'>XLVIII·</span> <span class='ocrx_word' id='word_1_5' title='bbox 1212 196 1788 265; x_wconf 79' lang='lat' dir='ltr'>Art-61.62.63.&amp;64.</span> 
     </span>
    </p>
   </div>
   <div class='ocr_carea' id='block_1_2' title="bbox 16 278 1032 3219">
    <p class='ocr_par' dir='ltr' id='par_1_2' title="bbox 16 278 1032 2055">
     <span class='ocr_line' id='line_1_2' title="bbox 31 278 1031 323; baseline 0.002 -11"><span class='ocrx_word' id='word_1_6' title='bbox 31 280 94 313; x_wconf 82' lang='lat' dir='ltr'>tim</span> <span class='ocrx_word' id='word_1_7' title='bbox 117 291 132 313; x_wconf 83' lang='lat' dir='ltr'>a</span> <span class='ocrx_word' id='word_1_8' title='bbox 156 284 250 322; x_wconf 84' lang='lat' dir='ltr'>partu</span> <span class='ocrx_word' id='word_1_9' title='bbox 273 279 453 314; x_wconf 80' lang='lat' dir='ltr'>subflavum</span> <span class='ocrx_word' id='word_1_10' title='bbox 476 278 513 312; x_wconf 90' lang='lat' dir='ltr'>s1t</span> <span class='ocrx_word' id='word_1_11' title='bbox 528 304 535 311; x_wconf 96' lang='lat'>.</span> <span class='ocrx_word' id='word_1_12' title='bbox 560 279 643 312; x_wconf 87' lang='lat' dir='ltr'>Vidi</span> <span class='ocrx_word' id='word_1_13' title='bbox 665 289 744 314; x_wconf 90' lang='lat' dir='ltr'>tunc</span> <span class='ocrx_word' id='word_1_14' title='bbox 755 280 902 322; x_wconf 86' lang='lat' dir='ltr'>equidem</span> <span class='ocrx_word' id='word_1_15' title='bbox 928 283 1031 323; x_wconf 84' lang='lat' dir='ltr'>&amp;ego</span> 
     </span>
     <span class='ocr_line' id='line_1_3' title="bbox 34 321 1031 366; baseline 0.002 -11"><span class='ocrx_word' id='word_1_16' title='bbox 34 323 97 356; x_wconf 86' lang='lat' dir='ltr'>hoc</span> <span class='ocrx_word' id='word_1_17' title='bbox 121 323 294 364; x_wconf 85' lang='lat' dir='ltr'>aliquando</span> <span class='ocrx_word' id='word_1_18' title='bbox 317 323 518 364; x_wconf 81' lang='lat' dir='ltr'>subflavum.</span> <span class='ocrx_word' id='word_1_19' title='bbox 543 321 603 355; x_wconf 88' lang='lat' dir='ltr'>Sed</span> <span class='ocrx_word' id='word_1_20' title='bbox 626 331 662 355; x_wconf 87' lang='lat' dir='ltr'>ut</span> <span class='ocrx_word' id='word_1_21' title='bbox 687 324 807 364; x_wconf 77' lang='lat' dir='ltr'>semper</span> <span class='ocrx_word' id='word_1_22' title='bbox 830 324 927 363; x_wconf 86' lang='lat' dir='ltr'>eslet;</span> <span class='ocrx_word' id='word_1_23' title='bbox 947 335 1031 366; x_wconf 75' lang='lat' dir='ltr'>quo-</span> 
     </span>
     <span class='ocr_line' id='line_1_4' title="bbox 33 365 1029 409; baseline 0.002 -10"><span class='ocrx_word' id='word_1_24' title='bbox 33 365 131 400; x_wconf 84' lang='lat' dir='ltr'>modo</span> <span class='ocrx_word' id='word_1_25' title='bbox 167 367 330 401; x_wconf 88' lang='lat' dir='ltr'>interdurn</span> <span class='ocrx_word' id='word_1_26' title='bbox 356 366 499 400; x_wconf 82' lang='lat' dir='ltr'>vidissem</span> <span class='ocrx_word' id='word_1_27' title='bbox 529 365 617 398; x_wconf 82' lang='lat' dir='ltr'>valde</span> <span class='ocrx_word' id='word_1_28' title='bbox 642 366 792 401; x_wconf 79' lang='lat' dir='ltr'>flaventes</span> <span class='ocrx_word' id='word_1_29' title='bbox 825 378 877 400; x_wconf 88' lang='lat' dir='ltr'>eos</span> <span class='ocrx_word' id='word_1_30' title='bbox 899 378 1029 409; x_wconf 89' lang='lat' dir='ltr'>quoque</span> 
     </span>
     <span class='ocr_line' id='line_1_5' title="bbox 29 407 1027 452; baseline -0.003 -9"><span class='ocrx_word' id='word_1_31' title='bbox 29 407 167 443; x_wconf 85' lang='lat' dir='ltr'>infantes</span> <span class='ocrx_word' id='word_1_32' title='bbox 190 412 247 452; x_wconf 88' lang='lat' dir='ltr'>qui</span> <span class='ocrx_word' id='word_1_33' title='bbox 282 422 338 444; x_wconf 88' lang='lat' dir='ltr'>nec</span> <span class='ocrx_word' id='word_1_34' title='bbox 363 412 474 442; x_wconf 83' lang='lat' dir='ltr'>matri-s</span> <span class='ocrx_word' id='word_1_35' title='bbox 491 432 504 449; x_wconf 89' lang='lat'><em>‚</em></span> <span class='ocrx_word' id='word_1_36' title='bbox 537 419 594 441; x_wconf 88' lang='lat' dir='ltr'>nec</span> <span class='ocrx_word' id='word_1_37' title='bbox 618 412 754 443; x_wconf 85' lang='lat' dir='ltr'>recentis</span> <span class='ocrx_word' id='word_1_38' title='bbox 777 411 905 444; x_wconf 76' lang='lat' dir='ltr'>alterius</span> <span class='ocrx_word' id='word_1_39' title='bbox 937 421 1027 451; x_wconf 87' lang='lat' dir='ltr'>puer.</span> 
     </span>
     <span class='ocr_line' id='line_1_6' title="bbox 31 451 1029 496; baseline 0.002 -11"><span class='ocrx_word' id='word_1_40' title='bbox 31 464 112 496; x_wconf 79' lang='lat' dir='ltr'>perae</span> <span class='ocrx_word' id='word_1_41' title='bbox 135 453 184 486; x_wconf 79' lang='lat' dir='ltr'>lac</span> <span class='ocrx_word' id='word_1_42' title='bbox 208 453 379 487; x_wconf 83' lang='lat' dir='ltr'>suxissent?</span> <span class='ocrx_word' id='word_1_43' title='bbox 404 462 457 486; x_wconf 89' lang='lat' dir='ltr'>aut</span> <span class='ocrx_word' id='word_1_44' title='bbox 480 451 646 494; x_wconf 84' lang='lat' dir='ltr'>quomodo</span> <span class='ocrx_word' id='word_1_45' title='bbox 660 453 790 495; x_wconf 83' lang='lat' dir='ltr'>Sylvius</span> <span class='ocrx_word' id='word_1_46' title='bbox 815 454 864 496; x_wconf 81' lang='lat' dir='ltr'>(e</span> <span class='ocrx_word' id='word_1_47' title='bbox 887 456 900 492; x_wconf 88' lang='grc'>&gt;</span> <span class='ocrx_word' id='word_1_48' title='bbox 923 452 1029 487; x_wconf 86' lang='lat' dir='ltr'>obser-</span> 
     </span>
     <span class='ocr_line' id='line_1_7' title="bbox 32 494 1028 539; baseline 0.001 -11"><span class='ocrx_word' id='word_1_49' title='bbox 32 495 155 536; x_wconf 83' lang='lat' dir='ltr'>vasset,</span> <span class='ocrx_word' id='word_1_50' title='bbox 178 497 293 529; x_wconf 79' lang='lat' dir='ltr'>multos</span> <span class='ocrx_word' id='word_1_51' title='bbox 316 496 399 539; x_wconf 77' lang='lat' dir='ltr'>nasci</span> <span class='ocrx_word' id='word_1_52' title='bbox 421 505 490 528; x_wconf 85' lang='lat' dir='ltr'>cum</span> <span class='ocrx_word' id='word_1_53' title='bbox 513 494 611 528; x_wconf 65' lang='grc' dir='ltr'><em>Ιίῗενο</em></span> <span class='ocrx_word' id='word_1_54' title='bbox 628 519 639 535; x_wconf 83' lang='grc'>,</span> <span class='ocrx_word' id='word_1_55' title='bbox 663 498 779 530; x_wconf 91' lang='lat' dir='ltr'>nedum</span> <span class='ocrx_word' id='word_1_56' title='bbox 791 506 862 529; x_wconf 86' lang='lat' dir='ltr'>mox</span> <span class='ocrx_word' id='word_1_57' title='bbox 882 495 1028 537; x_wconf 78' lang='lat' dir='ltr'>postpar-</span> 
     </span>
     <span class='ocr_line' id='line_1_8' title="bbox 31 536 1029 582; baseline 0.002 -10"><span class='ocrx_word' id='word_1_58' title='bbox 31 546 100 572; x_wconf 82' lang='lat' dir='ltr'>tum</span> <span class='ocrx_word' id='word_1_59' title='bbox 124 538 195 581; x_wconf 83' lang='lat' dir='ltr'>ipfis</span> <span class='ocrx_word' id='word_1_60' title='bbox 217 549 373 582; x_wconf 80' lang='lat' dir='ltr'><em>erumpere</em></span> <span class='ocrx_word' id='word_1_61' title='bbox 396 538 529 572; x_wconf 66' lang='lat' dir='ltr'>merum</span> <span class='ocrx_word' id='word_1_62' title='bbox 544 536 560 569; x_wconf 72' lang='grc' dir='ltr'>,ἒ</span> <span class='ocrx_word' id='word_1_63' title='bbox 593 541 670 573; x_wconf 85' lang='lat' dir='ltr'>Sunt</span> <span class='ocrx_word' id='word_1_64' title='bbox 694 543 725 573; x_wconf 70' lang='grc' dir='ltr'>δε</span> <span class='ocrx_word' id='word_1_65' title='bbox 751 540 849 573; x_wconf 71' lang='grc' dir='ltr'>Βοᾶἰ</span> <span class='ocrx_word' id='word_1_66' title='bbox 872 539 949 572; x_wconf 89' lang='lat' dir='ltr'>Viri</span> <span class='ocrx_word' id='word_1_67' title='bbox 972 543 1029 581; x_wconf 90' lang='lat' dir='ltr'>qui</span> 
     </span>
     <span class='ocr_line' id='line_1_9' title="bbox 31 582 1029 622; baseline 0.002 -7"><span class='ocrx_word' id='word_1_68' title='bbox 31 593 142 616; x_wconf 90' lang='lat' dir='ltr'>omnes</span> <span class='ocrx_word' id='word_1_69' title='bbox 166 594 274 616; x_wconf 86' lang='lat' dir='ltr'>recens</span> <span class='ocrx_word' id='word_1_70' title='bbox 297 592 389 615; x_wconf 89' lang='lat' dir='ltr'>natos</span> <span class='ocrx_word' id='word_1_71' title='bbox 412 582 562 614; x_wconf 60' lang='lat' dir='ltr'>ictericos</span> <span class='ocrx_word' id='word_1_72' title='bbox 584 582 673 620; x_wconf 85' lang='lat' dir='ltr'>fieri,</span> <span class='ocrx_word' id='word_1_73' title='bbox 698 584 919 622; x_wconf 81' lang='lat' dir='ltr'>arbitrantur,</span> <span class='ocrx_word' id='word_1_74' title='bbox 966 585 1029 617; x_wconf 89' lang='lat' dir='ltr'>uod</span> 
     </span>
     <span class='ocr_line' id='line_1_10' title="bbox 31 624 1030 668; baseline 0.002 -10"><span class='ocrx_word' id='word_1_75' title='bbox 31 637 70 659; x_wconf 83' lang='lat' dir='ltr'>ex</span> <span class='ocrx_word' id='word_1_76' title='bbox 94 628 200 668; x_wconf 86' lang='lat' dir='ltr'>primo</span> <span class='ocrx_word' id='word_1_77' title='bbox 223 626 301 659; x_wconf 58' lang='lat' dir='ltr'>laese</span> <span class='ocrx_word' id='word_1_78' title='bbox 325 628 360 658; x_wconf 86' lang='lat' dir='ltr'>iti</span> <span class='ocrx_word' id='word_1_79' title='bbox 385 625 565 657; x_wconf 85' lang='lat' dir='ltr'>ventriculo</span> <span class='ocrx_word' id='word_1_80' title='bbox 576 625 734 659; x_wconf 81' lang='lat' dir='ltr'>acescente</span> <span class='ocrx_word' id='word_1_81' title='bbox 760 626 932 667; x_wconf 81' lang='lat' dir='ltr'>coagulum</span> <span class='ocrx_word' id='word_1_82' title='bbox 962 624 1030 665; x_wconf 64' lang='grc' dir='ltr'>ἐπ,</span> 
     </span>
     <span class='ocr_line' id='line_1_11' title="bbox 31 667 1030 711; baseline -0.001 -11"><span class='ocrx_word' id='word_1_83' title='bbox 31 680 46 700; x_wconf 85' lang='lat' dir='ltr'>a</span> <span class='ocrx_word' id='word_1_84' title='bbox 69 681 136 711; x_wconf 92' lang='lat' dir='ltr'>quo</span> <span class='ocrx_word' id='word_1_85' title='bbox 160 681 236 702; x_wconf 86' lang='lat' dir='ltr'>mox</span> <span class='ocrx_word' id='word_1_86' title='bbox 259 668 456 702; x_wconf 86' lang='lat' dir='ltr'>Duodenum</span> <span class='ocrx_word' id='word_1_87' title='bbox 481 667 667 703; x_wconf 89' lang='lat' dir='ltr'>intestinum</span> <span class='ocrx_word' id='word_1_88' title='bbox 690 669 885 703; x_wconf 86' lang='lat' dir='ltr'>distendatur</span> <span class='ocrx_word' id='word_1_89' title='bbox 905 692 917 708; x_wconf 87' lang='lat'>,</span> <span class='ocrx_word' id='word_1_90' title='bbox 939 669 1030 703; x_wconf 85' lang='lat' dir='ltr'>bilis.</span> 
     </span>
     <span class='ocr_line' id='line_1_12' title="bbox 30 710 1030 754; baseline 0.002 -9"><span class='ocrx_word' id='word_1_91' title='bbox 30 724 91 753; x_wconf 84' lang='lat' dir='ltr'>que</span> <span class='ocrx_word' id='word_1_92' title='bbox 112 735 122 750; x_wconf 87' lang='lat'>,</span> <span class='ocrx_word' id='word_1_93' title='bbox 158 714 310 746; x_wconf 80' lang='lat' dir='ltr'>obturata</span> <span class='ocrx_word' id='word_1_94' title='bbox 335 713 369 744; x_wconf 86' lang='lat' dir='ltr'>in</span> <span class='ocrx_word' id='word_1_95' title='bbox 392 710 451 744; x_wconf 91' lang='lat' dir='ltr'>hoc</span> <span class='ocrx_word' id='word_1_96' title='bbox 476 712 527 743; x_wconf 87' lang='lat' dir='ltr'>via</span> <span class='ocrx_word' id='word_1_97' title='bbox 551 733 559 745; x_wconf 72' lang='lat'><em>2</em></span> <span class='ocrx_word' id='word_1_98' title='bbox 591 714 625 745; x_wconf 85' lang='lat' dir='ltr'>in</span> <span class='ocrx_word' id='word_1_99' title='bbox 651 713 770 754; x_wconf 85' lang='lat' dir='ltr'>hepar,</span> <span class='ocrx_word' id='word_1_100' title='bbox 793 716 822 745; x_wconf 85' lang='lat'>&amp;</span> <span class='ocrx_word' id='word_1_101' title='bbox 847 712 1030 753; x_wconf 82' lang='lat' dir='ltr'>sanguinem</span> 
     </span>
     <span class='ocr_line' id='line_1_13' title="bbox 30 754 1031 798; baseline 0.003 -11"><span class='ocrx_word' id='word_1_102' title='bbox 30 757 226 798; x_wconf 81' lang='lat' dir='ltr'>regurgitet,</span> <span class='ocrx_word' id='word_1_103' title='bbox 251 767 320 798; x_wconf 81' lang='lat' dir='ltr'>quae</span> <span class='ocrx_word' id='word_1_104' title='bbox 343 766 389 787; x_wconf 87' lang='lat' dir='ltr'>res</span> <span class='ocrx_word' id='word_1_105' title='bbox 414 754 487 786; x_wconf 90' lang='lat' dir='ltr'>hinc</span> <span class='ocrx_word' id='word_1_106' title='bbox 511 754 762 795; x_wconf 77' lang='lat' dir='ltr'>dignoscantur,</span> <span class='ocrx_word' id='word_1_107' title='bbox 787 754 874 797; x_wconf 88' lang='lat' dir='ltr'>quod</span> <span class='ocrx_word' id='word_1_108' title='bbox 897 755 1031 791; x_wconf 86' lang='lat' dir='ltr'>rhabar-</span> 
     </span>
     <span class='ocr_line' id='line_1_14' title="bbox 29 798 1030 842; baseline 0 -11"><span class='ocrx_word' id='word_1_109' title='bbox 29 799 98 831; x_wconf 85' lang='lat' dir='ltr'>bari</span> <span class='ocrx_word' id='word_1_110' title='bbox 119 821 129 837; x_wconf 92' lang='lat'>,</span> <span class='ocrx_word' id='word_1_111' title='bbox 163 810 215 832; x_wconf 87' lang='lat' dir='ltr'>aut</span> <span class='ocrx_word' id='word_1_112' title='bbox 239 799 365 840; x_wconf 77' lang='lat' dir='ltr'>saponis</span> <span class='ocrx_word' id='word_1_113' title='bbox 388 798 532 839; x_wconf 85' lang='lat' dir='ltr'>pauxillo</span> <span class='ocrx_word' id='word_1_114' title='bbox 554 799 580 832; x_wconf 92' lang='lat' dir='ltr'>is</span> <span class='ocrx_word' id='word_1_115' title='bbox 604 800 757 842; x_wconf 88' lang='lat' dir='ltr'>paulatim</span> <span class='ocrx_word' id='word_1_116' title='bbox 783 799 926 832; x_wconf 83' lang='lat' dir='ltr'>solvatur</span> <span class='ocrx_word' id='word_1_117' title='bbox 953 801 1030 833; x_wconf 65' lang='lat' dir='ltr'>iste-</span> 
     </span>
     <span class='ocr_line' id='line_1_15' title="bbox 28 841 1030 880; baseline 0.003 -7"><span class='ocrx_word' id='word_1_118' title='bbox 28 853 80 874; x_wconf 89' lang='lat' dir='ltr'>rus</span> <span class='ocrx_word' id='word_1_119' title='bbox 102 867 111 874; x_wconf 90' lang='lat'><strong>.</strong></span> <span class='ocrx_word' id='word_1_120' title='bbox 146 844 193 875; x_wconf 86' lang='lat' dir='ltr'>At</span> <span class='ocrx_word' id='word_1_121' title='bbox 219 843 328 874; x_wconf 86' lang='lat' dir='ltr'>multis</span> <span class='ocrx_word' id='word_1_122' title='bbox 352 841 415 873; x_wconf 88' lang='lat' dir='ltr'>illis</span> <span class='ocrx_word' id='word_1_123' title='bbox 435 867 444 880; x_wconf 81' lang='lat'>,</span> <span class='ocrx_word' id='word_1_124' title='bbox 479 852 553 874; x_wconf 89' lang='lat' dir='ltr'>cum</span> <span class='ocrx_word' id='word_1_125' title='bbox 578 842 641 876; x_wconf 89' lang='lat' dir='ltr'>hoc</span> <span class='ocrx_word' id='word_1_126' title='bbox 665 844 749 875; x_wconf 86' lang='lat' dir='ltr'>natis</span> <span class='ocrx_word' id='word_1_127' title='bbox 773 866 781 878; x_wconf 95' lang='lat'>‚</span> <span class='ocrx_word' id='word_1_128' title='bbox 816 842 862 875; x_wconf 80' lang='lat' dir='ltr'>lac</span> <span class='ocrx_word' id='word_1_129' title='bbox 887 851 972 876; x_wconf 86' lang='lat' dir='ltr'>certe</span> <span class='ocrx_word' id='word_1_130' title='bbox 997 846 1030 876; x_wconf 89' lang='lat' dir='ltr'>in</span> 
     </span>
     <span class='ocr_line' id='line_1_16' title="bbox 29 885 1030 927; baseline -0.001 -10"><span class='ocrx_word' id='word_1_131' title='bbox 29 886 212 918; x_wconf 82' lang='lat' dir='ltr'>ventriculo</span> <span class='ocrx_word' id='word_1_132' title='bbox 236 886 362 918; x_wconf 88' lang='lat' dir='ltr'>acidum</span> <span class='ocrx_word' id='word_1_133' title='bbox 386 885 506 917; x_wconf 55' lang='lat' dir='ltr'>sasscum</span> <span class='ocrx_word' id='word_1_134' title='bbox 532 895 597 917; x_wconf 89' lang='lat' dir='ltr'>non</span> <span class='ocrx_word' id='word_1_135' title='bbox 623 885 728 919; x_wconf 85' lang='lat' dir='ltr'>fuerat</span> <span class='ocrx_word' id='word_1_136' title='bbox 750 911 757 923; x_wconf 96' lang='lat'><strong>‚</strong></span> <span class='ocrx_word' id='word_1_137' title='bbox 780 888 809 918; x_wconf 65' lang='grc' dir='ltr'>δέ</span> <span class='ocrx_word' id='word_1_138' title='bbox 834 885 871 919; x_wconf 88' lang='lat' dir='ltr'>de</span> <span class='ocrx_word' id='word_1_139' title='bbox 894 887 1030 927; x_wconf 82' lang='lat' dir='ltr'>quinde-</span> 
     </span>
     <span class='ocr_line' id='line_1_17' title="bbox 28 929 1032 972; baseline 0.002 -12"><span class='ocrx_word' id='word_1_140' title='bbox 28 930 94 960; x_wconf 86' lang='lat' dir='ltr'>cim</span> <span class='ocrx_word' id='word_1_141' title='bbox 120 929 197 962; x_wconf 88' lang='lat' dir='ltr'>filiis</span> <span class='ocrx_word' id='word_1_142' title='bbox 220 931 299 961; x_wconf 87' lang='lat' dir='ltr'>meis</span> <span class='ocrx_word' id='word_1_143' title='bbox 320 951 331 967; x_wconf 87' lang='lat'><em>‚</em></span> <span class='ocrx_word' id='word_1_144' title='bbox 365 939 439 961; x_wconf 87' lang='lat' dir='ltr'>cum</span> <span class='ocrx_word' id='word_1_145' title='bbox 465 940 541 960; x_wconf 78' lang='lat' dir='ltr'>mox</span> <span class='ocrx_word' id='word_1_146' title='bbox 577 941 592 961; x_wconf 88' lang='lat' dir='ltr'>a</span> <span class='ocrx_word' id='word_1_147' title='bbox 617 938 710 972; x_wconf 87' lang='lat' dir='ltr'>partu</span> <span class='ocrx_word' id='word_1_148' title='bbox 736 929 812 962; x_wconf 82' lang='lat' dir='ltr'>flavi</span> <span class='ocrx_word' id='word_1_149' title='bbox 837 939 947 961; x_wconf 86' lang='lat' dir='ltr'>omnes</span> <span class='ocrx_word' id='word_1_150' title='bbox 970 952 978 966; x_wconf 93' lang='lat'>‚</span> <span class='ocrx_word' id='word_1_151' title='bbox 1002 933 1032 962; x_wconf 90' lang='lat'>&amp;</span> 
     </span>
     <span class='ocr_line' id='line_1_18' title="bbox 29 970 1028 1009; baseline 0.001 -5"><span class='ocrx_word' id='word_1_152' title='bbox 29 972 177 1005; x_wconf 87' lang='lat' dir='ltr'>nonnulli</span> <span class='ocrx_word' id='word_1_153' title='bbox 200 973 299 1004; x_wconf 87' lang='lat' dir='ltr'>etiam</span> <span class='ocrx_word' id='word_1_154' title='bbox 324 970 408 1004; x_wconf 90' lang='lat' dir='ltr'>haud</span> <span class='ocrx_word' id='word_1_155' title='bbox 432 972 479 1003; x_wconf 78' lang='lat' dir='ltr'>ita</span> <span class='ocrx_word' id='word_1_156' title='bbox 502 972 615 1005; x_wconf 90' lang='lat' dir='ltr'>leviter</span> <span class='ocrx_word' id='word_1_157' title='bbox 630 995 638 1009; x_wconf 94' lang='lat'>‚</span> <span class='ocrx_word' id='word_1_158' title='bbox 662 971 759 1004; x_wconf 78' lang='lat' dir='ltr'>essent</span> <span class='ocrx_word' id='word_1_159' title='bbox 786 971 859 1004; x_wconf 69' lang='lat' dir='ltr'>facti</span> <span class='ocrx_word' id='word_1_160' title='bbox 875 994 883 1008; x_wconf 86' lang='lat'>‚</span> <span class='ocrx_word' id='word_1_161' title='bbox 907 973 1028 1005; x_wconf 76' lang='lat' dir='ltr'>cunffls</span> 
     </span>
     <span class='ocr_line' id='line_1_19' title="bbox 30 1013 1029 1057; baseline 0.001 -10"><span class='ocrx_word' id='word_1_162' title='bbox 30 1026 84 1057; x_wconf 88' lang='lat' dir='ltr'>per</span> <span class='ocrx_word' id='word_1_163' title='bbox 109 1015 137 1048; x_wconf 90' lang='lat' dir='ltr'>se</span> <span class='ocrx_word' id='word_1_164' title='bbox 162 1039 171 1054; x_wconf 86' lang='lat'>,</span> <span class='ocrx_word' id='word_1_165' title='bbox 205 1016 297 1048; x_wconf 88' lang='lat' dir='ltr'>nullo</span> <span class='ocrx_word' id='word_1_166' title='bbox 322 1013 449 1056; x_wconf 88' lang='lat' dir='ltr'>prorsus</span> <span class='ocrx_word' id='word_1_167' title='bbox 478 1016 570 1047; x_wconf 86' lang='lat' dir='ltr'>Artis</span> <span class='ocrx_word' id='word_1_168' title='bbox 594 1015 715 1049; x_wconf 82' lang='lat' dir='ltr'>auxilio</span> <span class='ocrx_word' id='word_1_169' title='bbox 738 1040 746 1052; x_wconf 77' lang='grc'>,</span> <span class='ocrx_word' id='word_1_170' title='bbox 771 1015 925 1056; x_wconf 86' lang='lat' dir='ltr'>paulatim</span> <span class='ocrx_word' id='word_1_171' title='bbox 950 1016 1029 1048; x_wconf 66' lang='lat' dir='ltr'>iete-</span> 
     </span>
     <span class='ocr_line' id='line_1_20' title="bbox 27 1058 1028 1100; baseline -0.001 -10"><span class='ocrx_word' id='word_1_172' title='bbox 27 1070 79 1091; x_wconf 79' lang='lat' dir='ltr'>rus</span> <span class='ocrx_word' id='word_1_173' title='bbox 104 1059 224 1092; x_wconf 80' lang='lat' dir='ltr'>solutus</span> <span class='ocrx_word' id='word_1_174' title='bbox 248 1059 310 1091; x_wconf 86' lang='lat' dir='ltr'>est.</span> <span class='ocrx_word' id='word_1_175' title='bbox 335 1058 398 1090; x_wconf 81' lang='lat' dir='ltr'>His</span> <span class='ocrx_word' id='word_1_176' title='bbox 424 1067 531 1091; x_wconf 80' lang='lat' dir='ltr'>antem</span> <span class='ocrx_word' id='word_1_177' title='bbox 556 1059 707 1091; x_wconf 82' lang='lat' dir='ltr'>omnibus</span> <span class='ocrx_word' id='word_1_178' title='bbox 731 1059 778 1091; x_wconf 87' lang='lat' dir='ltr'>lac</span> <span class='ocrx_word' id='word_1_179' title='bbox 802 1083 810 1097; x_wconf 85' lang='lat'>‚</span> <span class='ocrx_word' id='word_1_180' title='bbox 835 1059 922 1100; x_wconf 82' lang='lat' dir='ltr'>quod</span> <span class='ocrx_word' id='word_1_181' title='bbox 946 1069 1028 1091; x_wconf 84' lang='lat' dir='ltr'>non-</span> 
     </span>
     <span class='ocr_line' id='line_1_21' title="bbox 26 1101 1029 1142; baseline 0.001 -8"><span class='ocrx_word' id='word_1_182' title='bbox 26 1101 106 1135; x_wconf 81' lang='lat' dir='ltr'>nulli</span> <span class='ocrx_word' id='word_1_183' title='bbox 132 1114 148 1135; x_wconf 86' lang='lat' dir='ltr'>a</span> <span class='ocrx_word' id='word_1_184' title='bbox 176 1111 296 1139; x_wconf 85' lang='lat' dir='ltr'>matre,</span> <span class='ocrx_word' id='word_1_185' title='bbox 322 1101 375 1133; x_wconf 88' lang='lat' dir='ltr'>alii</span> <span class='ocrx_word' id='word_1_186' title='bbox 401 1102 441 1134; x_wconf 87' lang='lat' dir='ltr'>ab</span> <span class='ocrx_word' id='word_1_187' title='bbox 465 1103 538 1135; x_wconf 78' lang='lat' dir='ltr'>aliis</span> <span class='ocrx_word' id='word_1_188' title='bbox 562 1102 742 1135; x_wconf 84' lang='lat' dir='ltr'>nutricibus</span> <span class='ocrx_word' id='word_1_189' title='bbox 764 1101 911 1135; x_wconf 85' lang='lat' dir='ltr'>suxerant</span> <span class='ocrx_word' id='word_1_190' title='bbox 929 1128 937 1142; x_wconf 92' lang='lat'>‚</span> <span class='ocrx_word' id='word_1_191' title='bbox 964 1103 1029 1135; x_wconf 83' lang='lat' dir='ltr'>aci-</span> 
     </span>
     <span class='ocr_line' id='line_1_22' title="bbox 23 1143 1029 1186; baseline -0.001 -8"><span class='ocrx_word' id='word_1_192' title='bbox 23 1146 99 1178; x_wconf 79' lang='lat' dir='ltr'>dum</span> <span class='ocrx_word' id='word_1_193' title='bbox 122 1145 180 1178; x_wconf 89' lang='lat' dir='ltr'>esse</span> <span class='ocrx_word' id='word_1_194' title='bbox 204 1144 348 1181; x_wconf 55' lang='lat' dir='ltr'>factum,</span> <span class='ocrx_word' id='word_1_195' title='bbox 373 1146 441 1177; x_wconf 88' lang='lat' dir='ltr'>imo</span> <span class='ocrx_word' id='word_1_196' title='bbox 465 1145 589 1177; x_wconf 81' lang='lat' dir='ltr'>caeteris</span> <span class='ocrx_word' id='word_1_197' title='bbox 613 1145 722 1186; x_wconf 82' lang='lat' dir='ltr'>passim</span> <span class='ocrx_word' id='word_1_198' title='bbox 745 1143 927 1179; x_wconf 86' lang='lat' dir='ltr'>infantibus</span> <span class='ocrx_word' id='word_1_199' title='bbox 947 1169 958 1185; x_wconf 88' lang='lat'>,</span> <span class='ocrx_word' id='word_1_200' title='bbox 981 1145 1029 1178; x_wconf 91' lang='lat' dir='ltr'>di-</span> 
     </span>
     <span class='ocr_line' id='line_1_23' title="bbox 25 1188 1030 1230; baseline -0.001 -9"><span class='ocrx_word' id='word_1_201' title='bbox 25 1188 116 1221; x_wconf 89' lang='lat' dir='ltr'>verso</span> <span class='ocrx_word' id='word_1_202' title='bbox 141 1189 219 1221; x_wconf 86' lang='lat' dir='ltr'>adeo</span> <span class='ocrx_word' id='word_1_203' title='bbox 242 1197 313 1220; x_wconf 86' lang='lat' dir='ltr'>tum</span> <span class='ocrx_word' id='word_1_204' title='bbox 337 1189 418 1220; x_wconf 69' lang='lat' dir='ltr'>laete</span> <span class='ocrx_word' id='word_1_205' title='bbox 442 1188 607 1221; x_wconf 89' lang='lat' dir='ltr'>utentibus</span> <span class='ocrx_word' id='word_1_206' title='bbox 627 1213 640 1229; x_wconf 83' lang='grc'>,</span> <span class='ocrx_word' id='word_1_207' title='bbox 661 1198 730 1221; x_wconf 88' lang='lat' dir='ltr'>tum</span> <span class='ocrx_word' id='word_1_208' title='bbox 756 1190 936 1223; x_wconf 75' lang='lat' dir='ltr'>ventriculo</span> <span class='ocrx_word' id='word_1_209' title='bbox 949 1200 1030 1230; x_wconf 80' lang='lat' dir='ltr'>prae-</span> 
     </span>
     <span class='ocr_line' id='line_1_24' title="bbox 23 1229 1030 1269; baseline 0 -5"><span class='ocrx_word' id='word_1_210' title='bbox 23 1231 123 1269; x_wconf 88' lang='lat' dir='ltr'>ditis,</span> <span class='ocrx_word' id='word_1_211' title='bbox 148 1233 304 1268; x_wconf 78' lang='lat' dir='ltr'>acescere,</span> <span class='ocrx_word' id='word_1_212' title='bbox 332 1233 387 1264; x_wconf 78' lang='lat' dir='ltr'>vix</span> <span class='ocrx_word' id='word_1_213' title='bbox 401 1229 443 1263; x_wconf 81' lang='lat' dir='ltr'>est</span> <span class='ocrx_word' id='word_1_214' title='bbox 460 1232 612 1265; x_wconf 70' lang='lat' dir='ltr'>credibile</span> <span class='ocrx_word' id='word_1_215' title='bbox 628 1258 635 1265; x_wconf 95' lang='lat'>.</span> <span class='ocrx_word' id='word_1_216' title='bbox 662 1231 816 1264; x_wconf 79' lang='lat' dir='ltr'>Crederet</span> <span class='ocrx_word' id='word_1_217' title='bbox 828 1229 954 1265; x_wconf 72' lang='lat' dir='ltr'>fortasse</span> <span class='ocrx_word' id='word_1_218' title='bbox 971 1234 1030 1264; x_wconf 69' lang='lat' dir='ltr'>ali-</span> 
     </span>
     <span class='ocr_line' id='line_1_25' title="bbox 22 1273 1022 1321; baseline 0.001 -13"><span class='ocrx_word' id='word_1_219' title='bbox 22 1277 116 1317; x_wconf 86' lang='lat' dir='ltr'>quis,</span> <span class='ocrx_word' id='word_1_220' title='bbox 139 1286 260 1309; x_wconf 88' lang='lat' dir='ltr'>novum</span> <span class='ocrx_word' id='word_1_221' title='bbox 285 1273 346 1308; x_wconf 84' lang='lat' dir='ltr'>lnoc</span> <span class='ocrx_word' id='word_1_222' title='bbox 371 1274 562 1308; x_wconf 79' lang='lat' dir='ltr'>alimentum</span> <span class='ocrx_word' id='word_1_223' title='bbox 586 1275 654 1317; x_wconf 81' lang='lat' dir='ltr'>plus</span> <span class='ocrx_word' id='word_1_224' title='bbox 678 1275 857 1321; x_wconf 73' lang='lat' dir='ltr'>oleosarum</span> <span class='ocrx_word' id='word_1_225' title='bbox 878 1277 1022 1319; x_wconf 74' lang='lat' dir='ltr'>partitu-</span> 
     </span>
     <span class='ocr_line' id='line_1_26' title="bbox 23 1319 1023 1361; baseline 0.001 -11"><span class='ocrx_word' id='word_1_226' title='bbox 23 1319 126 1352; x_wconf 83' lang='lat' dir='ltr'>larum</span> <span class='ocrx_word' id='word_1_227' title='bbox 150 1321 184 1352; x_wconf 90' lang='lat' dir='ltr'>in</span> <span class='ocrx_word' id='word_1_228' title='bbox 209 1320 394 1360; x_wconf 82' lang='lat' dir='ltr'>sanguinem</span> <span class='ocrx_word' id='word_1_229' title='bbox 417 1319 585 1356; x_wconf 81' lang='lat' dir='ltr'>invehere,</span> <span class='ocrx_word' id='word_1_230' title='bbox 609 1330 708 1361; x_wconf 86' lang='lat' dir='ltr'>quam</span> <span class='ocrx_word' id='word_1_231' title='bbox 732 1327 872 1359; x_wconf 79' lang='lat' dir='ltr'>utJecur</span> <span class='ocrx_word' id='word_1_232' title='bbox 899 1330 954 1360; x_wconf 73' lang='lat' dir='ltr'>par</span> <span class='ocrx_word' id='word_1_233' title='bbox 977 1319 1023 1352; x_wconf 87' lang='lat' dir='ltr'>es-</span> 
     </span>
     <span class='ocr_line' id='line_1_27' title="bbox 23 1361 1024 1405; baseline -0.001 -9"><span class='ocrx_word' id='word_1_234' title='bbox 23 1363 53 1396; x_wconf 83' lang='lat' dir='ltr'>se</span> <span class='ocrx_word' id='word_1_235' title='bbox 76 1362 170 1405; x_wconf 77' lang='lat' dir='ltr'>possit</span> <span class='ocrx_word' id='word_1_236' title='bbox 193 1361 413 1400; x_wconf 83' lang='lat' dir='ltr'>secernendis;</span> <span class='ocrx_word' id='word_1_237' title='bbox 438 1362 496 1395; x_wconf 85' lang='lat' dir='ltr'>nisi</span> <span class='ocrx_word' id='word_1_238' title='bbox 519 1372 619 1402; x_wconf 86' lang='lat' dir='ltr'>tunc,</span> <span class='ocrx_word' id='word_1_239' title='bbox 642 1363 784 1395; x_wconf 88' lang='lat' dir='ltr'>dicerent</span> <span class='ocrx_word' id='word_1_240' title='bbox 808 1385 817 1400; x_wconf 85' lang='lat'>,</span> <span class='ocrx_word' id='word_1_241' title='bbox 848 1363 954 1397; x_wconf 76' lang='lat' dir='ltr'>albida</span> <span class='ocrx_word' id='word_1_242' title='bbox 976 1362 1024 1395; x_wconf 91' lang='lat' dir='ltr'>es-</span> 
     </span>
     <span class='ocr_line' id='line_1_28' title="bbox 20 1404 1024 1444; baseline 0 -5"><span class='ocrx_word' id='word_1_243' title='bbox 20 1406 50 1439; x_wconf 88' lang='lat' dir='ltr'>se</span> <span class='ocrx_word' id='word_1_244' title='bbox 74 1407 137 1439; x_wconf 88' lang='lat' dir='ltr'>alvi</span> <span class='ocrx_word' id='word_1_245' title='bbox 163 1415 356 1440; x_wconf 87' lang='lat' dir='ltr'>recrementa</span> <span class='ocrx_word' id='word_1_246' title='bbox 384 1427 393 1442; x_wconf 84' lang='lat'><em>‚</em></span> <span class='ocrx_word' id='word_1_247' title='bbox 425 1405 548 1438; x_wconf 80' lang='lat' dir='ltr'>indicio</span> <span class='ocrx_word' id='word_1_248' title='bbox 571 1417 635 1439; x_wconf 90' lang='lat' dir='ltr'>non</span> <span class='ocrx_word' id='word_1_249' title='bbox 661 1404 797 1438; x_wconf 87' lang='lat' dir='ltr'>obscuro</span> <span class='ocrx_word' id='word_1_250' title='bbox 823 1428 832 1444; x_wconf 89' lang='lat'>‚</span> <span class='ocrx_word' id='word_1_251' title='bbox 867 1407 966 1439; x_wconf 81' lang='lat' dir='ltr'>bilem</span> <span class='ocrx_word' id='word_1_252' title='bbox 991 1407 1024 1439; x_wconf 89' lang='lat' dir='ltr'>in</span> 
     </span>
     <span class='ocr_line' id='line_1_29' title="bbox 19 1449 1025 1491; baseline 0 -9"><span class='ocrx_word' id='word_1_253' title='bbox 19 1451 217 1483; x_wconf 82' lang='lat' dir='ltr'>Duodenum</span> <span class='ocrx_word' id='word_1_254' title='bbox 251 1450 441 1482; x_wconf 85' lang='lat' dir='ltr'>intestinum</span> <span class='ocrx_word' id='word_1_255' title='bbox 466 1450 598 1482; x_wconf 88' lang='lat' dir='ltr'>minime</span> <span class='ocrx_word' id='word_1_256' title='bbox 631 1449 764 1482; x_wconf 81' lang='lat' dir='ltr'>influere</span> <span class='ocrx_word' id='word_1_257' title='bbox 787 1473 795 1481; x_wconf 93' lang='lat'><strong>.</strong></span> <span class='ocrx_word' id='word_1_258' title='bbox 829 1449 924 1491; x_wconf 69' lang='lat' dir='ltr'>Quid</span> <span class='ocrx_word' id='word_1_259' title='bbox 949 1460 1025 1491; x_wconf 89' lang='lat' dir='ltr'>ergo</span> 
     </span>
     <span class='ocr_line' id='line_1_30' title="bbox 21 1491 1027 1534; baseline -0.001 -9"><span class='ocrx_word' id='word_1_260' title='bbox 21 1492 97 1526; x_wconf 77' lang='lat' dir='ltr'>est?</span> <span class='ocrx_word' id='word_1_261' title='bbox 121 1495 150 1525; x_wconf 83' lang='lat' dir='ltr'>Si</span> <span class='ocrx_word' id='word_1_262' title='bbox 174 1491 323 1531; x_wconf 64' lang='lat' dir='ltr'>effectus,</span> <span class='ocrx_word' id='word_1_263' title='bbox 349 1492 501 1526; x_wconf 88' lang='lat' dir='ltr'>omnibus</span> <span class='ocrx_word' id='word_1_264' title='bbox 525 1494 724 1531; x_wconf 86' lang='lat' dir='ltr'>communis,</span> <span class='ocrx_word' id='word_1_265' title='bbox 750 1495 1027 1534; x_wconf 63' lang='lat' dir='ltr'>communisquo-</span> 
     </span>
     <span class='ocr_line' id='line_1_31' title="bbox 20 1535 1028 1579; baseline -0.001 -10"><span class='ocrx_word' id='word_1_266' title='bbox 20 1547 83 1578; x_wconf 87' lang='lat' dir='ltr'>que</span> <span class='ocrx_word' id='word_1_267' title='bbox 107 1537 205 1579; x_wconf 20' lang='lat' dir='ltr'>‘causa</span> <span class='ocrx_word' id='word_1_268' title='bbox 229 1535 287 1569; x_wconf 85' lang='lat' dir='ltr'>esse</span> <span class='ocrx_word' id='word_1_269' title='bbox 322 1536 418 1569; x_wconf 89' lang='lat' dir='ltr'>debet</span> <span class='ocrx_word' id='word_1_270' title='bbox 440 1549 449 1573; x_wconf 68' lang='grc' dir='ltr'>ς</span> <span class='ocrx_word' id='word_1_271' title='bbox 485 1549 500 1569; x_wconf 88' lang='lat' dir='ltr'>a</span> <span class='ocrx_word' id='word_1_272' title='bbox 525 1538 591 1568; x_wconf 87' lang='lat' dir='ltr'>veri</span> <span class='ocrx_word' id='word_1_273' title='bbox 616 1535 826 1569; x_wconf 82' lang='lat' dir='ltr'>fimilitudine</span> <span class='ocrx_word' id='word_1_274' title='bbox 859 1547 925 1568; x_wconf 84' lang='lat' dir='ltr'>non</span> <span class='ocrx_word' id='word_1_275' title='bbox 950 1537 1028 1568; x_wconf 90' lang='lat' dir='ltr'>alie-</span> 
     </span>
     <span class='ocr_line' id='line_1_32' title="bbox 21 1579 1027 1622; baseline 0.001 -11"><span class='ocrx_word' id='word_1_276' title='bbox 21 1591 99 1612; x_wconf 87' lang='lat' dir='ltr'>num</span> <span class='ocrx_word' id='word_1_277' title='bbox 126 1580 187 1617; x_wconf 86' lang='lat' dir='ltr'>est,</span> <span class='ocrx_word' id='word_1_278' title='bbox 212 1579 323 1621; x_wconf 80' lang='lat' dir='ltr'>respici</span> <span class='ocrx_word' id='word_1_279' title='bbox 350 1589 500 1622; x_wconf 83' lang='lat' dir='ltr'>oportere</span> <span class='ocrx_word' id='word_1_280' title='bbox 526 1590 638 1612; x_wconf 85' lang='lat' dir='ltr'>venam</span> <span class='ocrx_word' id='word_1_281' title='bbox 665 1580 903 1613; x_wconf 85' lang='lat' dir='ltr'>Umbilicalem</span> <span class='ocrx_word' id='word_1_282' title='bbox 920 1602 931 1619; x_wconf 93' lang='lat'>,</span> <span class='ocrx_word' id='word_1_283' title='bbox 955 1591 1027 1621; x_wconf 83' lang='lat' dir='ltr'>quae</span> 
     </span>
     <span class='ocr_line' id='line_1_33' title="bbox 21 1621 1026 1665; baseline -0.002 -9"><span class='ocrx_word' id='word_1_284' title='bbox 21 1624 88 1656; x_wconf 87' lang='lat' dir='ltr'>five</span> <span class='ocrx_word' id='word_1_285' title='bbox 111 1633 147 1656; x_wconf 89' lang='lat' dir='ltr'>ut</span> <span class='ocrx_word' id='word_1_286' title='bbox 173 1622 290 1660; x_wconf 80' lang='lat' dir='ltr'>incisa,</span> <span class='ocrx_word' id='word_1_287' title='bbox 316 1622 435 1665; x_wconf 84' lang='lat' dir='ltr'>filoque</span> <span class='ocrx_word' id='word_1_288' title='bbox 459 1621 629 1655; x_wconf 60' lang='lat' dir='ltr'>constricta</span> <span class='ocrx_word' id='word_1_289' title='bbox 654 1622 772 1655; x_wconf 89' lang='lat' dir='ltr'>inferat</span> <span class='ocrx_word' id='word_1_290' title='bbox 797 1625 829 1654; x_wconf 87' lang='lat' dir='ltr'>in</span> <span class='ocrx_word' id='word_1_291' title='bbox 855 1625 1026 1657; x_wconf 86' lang='lat' dir='ltr'>continua-</span> 
     </span>
     <span class='ocr_line' id='line_1_34' title="bbox 21 1664 1027 1709; baseline 0 -11"><span class='ocrx_word' id='word_1_292' title='bbox 21 1676 86 1699; x_wconf 85' lang='lat' dir='ltr'>tam</span> <span class='ocrx_word' id='word_1_293' title='bbox 111 1677 278 1709; x_wconf 85' lang='lat' dir='ltr'>portarum</span> <span class='ocrx_word' id='word_1_294' title='bbox 302 1677 414 1698; x_wconf 85' lang='lat' dir='ltr'>venam</span> <span class='ocrx_word' id='word_1_295' title='bbox 449 1666 706 1699; x_wconf 63' lang='lat' dir='ltr'>contraistionem</span> <span class='ocrx_word' id='word_1_296' title='bbox 732 1664 892 1706; x_wconf 86' lang='lat' dir='ltr'>quandam</span> <span class='ocrx_word' id='word_1_297' title='bbox 919 1689 927 1703; x_wconf 91' lang='lat'>,</span> <span class='ocrx_word' id='word_1_298' title='bbox 964 1665 1027 1698; x_wconf 85' lang='lat' dir='ltr'>sive</span> 
     </span>
     <span class='ocr_line' id='line_1_35' title="bbox 23 1708 1026 1751; baseline -0.002 -8"><span class='ocrx_word' id='word_1_299' title='bbox 23 1719 58 1742; x_wconf 89' lang='lat' dir='ltr'>ut</span> <span class='ocrx_word' id='word_1_300' title='bbox 91 1711 203 1743; x_wconf 88' lang='lat' dir='ltr'>orbata</span> <span class='ocrx_word' id='word_1_301' title='bbox 229 1709 380 1751; x_wconf 87' lang='lat' dir='ltr'>sanguine</span> <span class='ocrx_word' id='word_1_302' title='bbox 401 1733 409 1747; x_wconf 84' lang='lat'><strong><em>‚</em></strong></span> <span class='ocrx_word' id='word_1_303' title='bbox 441 1720 457 1741; x_wconf 90' lang='lat' dir='ltr'>a</span> <span class='ocrx_word' id='word_1_304' title='bbox 482 1709 628 1750; x_wconf 83' lang='lat' dir='ltr'>placenta</span> <span class='ocrx_word' id='word_1_305' title='bbox 660 1710 774 1743; x_wconf 86' lang='lat' dir='ltr'>reduce</span> <span class='ocrx_word' id='word_1_306' title='bbox 801 1733 809 1746; x_wconf 89' lang='lat'><em>‚</em></span> <span class='ocrx_word' id='word_1_307' title='bbox 849 1721 911 1742; x_wconf 88' lang='lat' dir='ltr'>non</span> <span class='ocrx_word' id='word_1_308' title='bbox 938 1708 1026 1751; x_wconf 82' lang='lat' dir='ltr'>juvet</span> 
     </span>
     <span class='ocr_line' id='line_1_36' title="bbox 20 1751 1027 1795; baseline -0.002 -9"><span class='ocrx_word' id='word_1_309' title='bbox 20 1753 82 1786; x_wconf 89' lang='lat' dir='ltr'>hoc</span> <span class='ocrx_word' id='word_1_310' title='bbox 107 1755 181 1788; x_wconf 89' lang='lat' dir='ltr'>utili</span> <span class='ocrx_word' id='word_1_311' title='bbox 205 1753 426 1786; x_wconf 84' lang='lat' dir='ltr'>additamento</span> <span class='ocrx_word' id='word_1_312' title='bbox 450 1753 610 1795; x_wconf 88' lang='lat' dir='ltr'>reliquum</span> <span class='ocrx_word' id='word_1_313' title='bbox 637 1764 691 1795; x_wconf 90' lang='lat' dir='ltr'>per</span> <span class='ocrx_word' id='word_1_314' title='bbox 716 1751 745 1785; x_wconf 87' lang='lat' dir='ltr'>se</span> <span class='ocrx_word' id='word_1_315' title='bbox 769 1755 962 1786; x_wconf 62' lang='lat' dir='ltr'>conve-stum</span> <span class='ocrx_word' id='word_1_316' title='bbox 978 1774 987 1789; x_wconf 90' lang='lat'><em>‚</em></span> <span class='ocrx_word' id='word_1_317' title='bbox 1012 1765 1027 1784; x_wconf 84' lang='lat' dir='ltr'>a</span> 
     </span>
     <span class='ocr_line' id='line_1_37' title="bbox 18 1795 1028 1838; baseline -0.002 -9"><span class='ocrx_word' id='word_1_318' title='bbox 18 1808 106 1829; x_wconf 89' lang='lat' dir='ltr'>novo</span> <span class='ocrx_word' id='word_1_319' title='bbox 130 1798 276 1830; x_wconf 80' lang='lat' dir='ltr'>alimenti</span> <span class='ocrx_word' id='word_1_320' title='bbox 302 1807 413 1838; x_wconf 82' lang='lat' dir='ltr'>genere</span> <span class='ocrx_word' id='word_1_321' title='bbox 437 1795 567 1828; x_wconf 82' lang='lat' dir='ltr'>fortasse</span> <span class='ocrx_word' id='word_1_322' title='bbox 590 1795 771 1828; x_wconf 76' lang='lat' dir='ltr'>crassiorem</span> <span class='ocrx_word' id='word_1_323' title='bbox 792 1820 800 1834; x_wconf 96' lang='lat'>,</span> <span class='ocrx_word' id='word_1_324' title='bbox 837 1797 994 1830; x_wconf 87' lang='lat' dir='ltr'>utrolibet</span> <span class='ocrx_word' id='word_1_325' title='bbox 1019 1820 1028 1835; x_wconf 97' lang='lat'>‚</span> 
     </span>
     <span class='ocr_line' id='line_1_38' title="bbox 20 1838 1027 1882; baseline -0.003 -9"><span class='ocrx_word' id='word_1_326' title='bbox 20 1850 73 1873; x_wconf 85' lang='lat' dir='ltr'>aut</span> <span class='ocrx_word' id='word_1_327' title='bbox 107 1850 245 1882; x_wconf 86' lang='lat' dir='ltr'>utroque</span> <span class='ocrx_word' id='word_1_328' title='bbox 270 1841 368 1873; x_wconf 83' lang='lat' dir='ltr'>modo</span> <span class='ocrx_word' id='word_1_329' title='bbox 403 1838 544 1872; x_wconf 80' lang='lat' dir='ltr'>retardet</span> <span class='ocrx_word' id='word_1_330' title='bbox 567 1839 643 1872; x_wconf 87' lang='lat' dir='ltr'>bilis</span> <span class='ocrx_word' id='word_1_331' title='bbox 666 1840 699 1871; x_wconf 89' lang='lat' dir='ltr'>in</span> <span class='ocrx_word' id='word_1_332' title='bbox 737 1840 850 1881; x_wconf 82' lang='lat' dir='ltr'>hepate</span> <span class='ocrx_word' id='word_1_333' title='bbox 875 1839 1027 1873; x_wconf 81' lang='lat' dir='ltr'>secretio-</span> 
     </span>
     <span class='ocr_line' id='line_1_39' title="bbox 17 1881 1026 1922; baseline -0.002 -6"><span class='ocrx_word' id='word_1_334' title='bbox 17 1893 91 1916; x_wconf 89' lang='lat' dir='ltr'>nem</span> <span class='ocrx_word' id='word_1_335' title='bbox 116 1905 125 1920; x_wconf 92' lang='lat'>,</span> <span class='ocrx_word' id='word_1_336' title='bbox 161 1884 262 1917; x_wconf 89' lang='lat' dir='ltr'>donec</span> <span class='ocrx_word' id='word_1_337' title='bbox 287 1882 392 1916; x_wconf 88' lang='lat' dir='ltr'>viscus</span> <span class='ocrx_word' id='word_1_338' title='bbox 415 1882 477 1916; x_wconf 89' lang='lat' dir='ltr'>hoc</span> <span class='ocrx_word' id='word_1_339' title='bbox 494 1905 502 1920; x_wconf 90' lang='lat'>,</span> <span class='ocrx_word' id='word_1_340' title='bbox 525 1881 661 1915; x_wconf 78' lang='lat' dir='ltr'>cessante</span> <span class='ocrx_word' id='word_1_341' title='bbox 685 1882 742 1914; x_wconf 86' lang='lat' dir='ltr'>illa</span> <span class='ocrx_word' id='word_1_342' title='bbox 767 1884 992 1916; x_wconf 68' lang='lat' dir='ltr'>contractione</span> <span class='ocrx_word' id='word_1_343' title='bbox 1015 1905 1026 1922; x_wconf 85' lang='lat'>‚</span> 
     </span>
     <span class='ocr_line' id='line_1_40' title="bbox 17 1925 1026 1969; baseline -0.002 -10"><span class='ocrx_word' id='word_1_344' title='bbox 17 1928 177 1966; x_wconf 86' lang='lat' dir='ltr'>paulatim</span> <span class='ocrx_word' id='word_1_345' title='bbox 210 1925 357 1961; x_wconf 74' lang='lat' dir='ltr'>assuescat</span> <span class='ocrx_word' id='word_1_346' title='bbox 382 1951 392 1967; x_wconf 89' lang='lat'>‚</span> <span class='ocrx_word' id='word_1_347' title='bbox 425 1935 603 1969; x_wconf 87' lang='lat' dir='ltr'>aptumque</span> <span class='ocrx_word' id='word_1_348' title='bbox 626 1927 744 1958; x_wconf 84' lang='lat' dir='ltr'>iterum</span> <span class='ocrx_word' id='word_1_349' title='bbox 770 1926 826 1959; x_wconf 76' lang='lat' dir='ltr'>fiat</span> <span class='ocrx_word' id='word_1_350' title='bbox 863 1926 900 1958; x_wconf 88' lang='lat' dir='ltr'>ad</span> <span class='ocrx_word' id='word_1_351' title='bbox 926 1926 1026 1959; x_wconf 84' lang='lat' dir='ltr'>bilem</span> 
     </span>
     <span class='ocr_line' id='line_1_41' title="bbox 16 1968 1027 2011; baseline -0.001 -9"><span class='ocrx_word' id='word_1_352' title='bbox 16 1969 244 2011; x_wconf 77' lang='lat' dir='ltr'>separandam.</span> <span class='ocrx_word' id='word_1_353' title='bbox 270 1971 491 2003; x_wconf 83' lang='lat' dir='ltr'>Veruntamen</span> <span class='ocrx_word' id='word_1_354' title='bbox 516 1968 606 2008; x_wconf 76' lang='lat' dir='ltr'>haec,</span> <span class='ocrx_word' id='word_1_355' title='bbox 630 1977 665 2002; x_wconf 90' lang='lat' dir='ltr'>ut</span> <span class='ocrx_word' id='word_1_356' title='bbox 692 1968 778 2002; x_wconf 86' lang='lat' dir='ltr'>vides</span> <span class='ocrx_word' id='word_1_357' title='bbox 802 1992 809 2007; x_wconf 89' lang='lat'>‚</span> <span class='ocrx_word' id='word_1_358' title='bbox 836 1971 920 2002; x_wconf 88' lang='lat' dir='ltr'>intra</span> <span class='ocrx_word' id='word_1_359' title='bbox 947 1979 1027 2002; x_wconf 87' lang='lat' dir='ltr'>con-</span> 
     </span>
     <span class='ocr_line' id='line_1_42' title="bbox 22 2012 298 2055; baseline 0.004 -9"><span class='ocrx_word' id='word_1_360' title='bbox 22 2012 179 2055; x_wconf 58' lang='lat' dir='ltr'>jersturam</span> <span class='ocrx_word' id='word_1_361' title='bbox 205 2013 298 2047; x_wconf 73' lang='lat' dir='ltr'>sunt,</span> 
     </span>
    </p>

    <p class='ocr_par' dir='ltr' id='par_1_3' title="bbox 17 2054 1028 3219">
     <span class='ocr_line' id='line_1_43' title="bbox 59 2054 1026 2098; baseline 0.001 -11"><span class='ocrx_word' id='word_1_362' title='bbox 59 2059 111 2088; x_wconf 87' lang='lat'>61.</span> <span class='ocrx_word' id='word_1_363' title='bbox 138 2058 183 2090; x_wconf 85' lang='lat' dir='ltr'>At</span> <span class='ocrx_word' id='word_1_364' title='bbox 208 2057 280 2090; x_wconf 87' lang='lat' dir='ltr'>sunt</span> <span class='ocrx_word' id='word_1_365' title='bbox 304 2057 364 2090; x_wconf 88' lang='lat' dir='ltr'>alia</span> <span class='ocrx_word' id='word_1_366' title='bbox 388 2067 461 2098; x_wconf 72' lang='lat' dir='ltr'>quae</span> <span class='ocrx_word' id='word_1_367' title='bbox 487 2067 541 2097; x_wconf 87' lang='lat' dir='ltr'>per</span> <span class='ocrx_word' id='word_1_368' title='bbox 565 2054 728 2089; x_wconf 80' lang='lat' dir='ltr'>infantum</span> <span class='ocrx_word' id='word_1_369' title='bbox 751 2056 950 2090; x_wconf 66' lang='lat' dir='ltr'>dissestiones</span> <span class='ocrx_word' id='word_1_370' title='bbox 984 2056 1026 2088; x_wconf 92' lang='lat' dir='ltr'>li-</span> 
     </span>
     <span class='ocr_line' id='line_1_44' title="bbox 18 2098 1027 2141; baseline -0.003 -7"><span class='ocrx_word' id='word_1_371' title='bbox 18 2109 66 2134; x_wconf 79' lang='lat' dir='ltr'>tet</span> <span class='ocrx_word' id='word_1_372' title='bbox 90 2100 302 2134; x_wconf 74' lang='lat' dir='ltr'>confirmare.</span> <span class='ocrx_word' id='word_1_373' title='bbox 328 2098 452 2141; x_wconf 86' lang='lat' dir='ltr'>Legisse</span> <span class='ocrx_word' id='word_1_374' title='bbox 476 2100 609 2132; x_wconf 87' lang='lat' dir='ltr'>memini</span> <span class='ocrx_word' id='word_1_375' title='bbox 633 2100 719 2131; x_wconf 81' lang='lat' dir='ltr'>inter</span> <span class='ocrx_word' id='word_1_376' title='bbox 743 2112 776 2132; x_wconf 84' lang='lat' dir='ltr'>ea</span> <span class='ocrx_word' id='word_1_377' title='bbox 801 2111 872 2140; x_wconf 79' lang='lat' dir='ltr'>quae</span> <span class='ocrx_word' id='word_1_378' title='bbox 885 2100 1027 2140; x_wconf 80' lang='lat' dir='ltr'>Cowpe-</span> 
     </span>
     <span class='ocr_line' id='line_1_45' title="bbox 20 2142 1026 2185; baseline 0.001 -10"><span class='ocrx_word' id='word_1_379' title='bbox 20 2154 72 2177; x_wconf 86' lang='lat' dir='ltr'>rus</span> <span class='ocrx_word' id='word_1_380' title='bbox 96 2146 129 2177; x_wconf 83' lang='lat' dir='ltr'>in</span> <span class='ocrx_word' id='word_1_381' title='bbox 152 2145 344 2185; x_wconf 86' lang='lat' dir='ltr'>Appendice</span> <span class='ocrx_word' id='word_1_382' title='bbox 369 2142 407 2176; x_wconf 89' lang='lat' dir='ltr'>ad</span> <span class='ocrx_word' id='word_1_383' title='bbox 432 2144 616 2176; x_wconf 75' lang='lat' dir='ltr'>Anatomen</span> <span class='ocrx_word' id='word_1_384' title='bbox 642 2142 775 2176; x_wconf 84' lang='lat' dir='ltr'>humani</span> <span class='ocrx_word' id='word_1_385' title='bbox 798 2143 948 2184; x_wconf 87' lang='lat' dir='ltr'>corporis</span> <span class='ocrx_word' id='word_1_386' title='bbox 972 2142 1026 2176; x_wconf 84' lang='lat' dir='ltr'>ad-</span> 
     </span>
     <span class='ocr_line' id='line_1_46' title="bbox 18 2183 1028 2229; baseline -0.001 -10"><span class='ocrx_word' id='word_1_387' title='bbox 18 2188 169 2224; x_wconf 83' lang='lat' dir='ltr'>notavit,</span> <span class='ocrx_word' id='word_1_388' title='bbox 193 2188 311 2229; x_wconf 86' lang='lat' dir='ltr'>quibus</span> <span class='ocrx_word' id='word_1_389' title='bbox 336 2187 403 2218; x_wconf 83' lang='lat' dir='ltr'>vias</span> <span class='ocrx_word' id='word_1_390' title='bbox 426 2185 497 2219; x_wconf 85' lang='lat' dir='ltr'>illas</span> <span class='ocrx_word' id='word_1_391' title='bbox 512 2197 590 2228; x_wconf 86' lang='lat' dir='ltr'>quas</span> <span class='ocrx_word' id='word_1_392' title='bbox 606 2185 695 2227; x_wconf 90' lang='lat' dir='ltr'>supra</span> <span class='ocrx_word' id='word_1_393' title='bbox 720 2183 803 2228; x_wconf 84' lang='lat' dir='ltr'>(f)</span> <span class='ocrx_word' id='word_1_394' title='bbox 825 2196 1028 2218; x_wconf 89' lang='lat' dir='ltr'>commemo-</span> 
     </span>
     <span class='ocr_line' id='line_1_47' title="bbox 17 2228 1024 2271; baseline -0.003 -7"><span class='ocrx_word' id='word_1_395' title='bbox 17 2233 111 2270; x_wconf 83' lang='lat' dir='ltr'>ravi,</span> <span class='ocrx_word' id='word_1_396' title='bbox 132 2231 262 2263; x_wconf 87' lang='lat' dir='ltr'>Tubuli</span> <span class='ocrx_word' id='word_1_397' title='bbox 285 2228 466 2269; x_wconf 82' lang='lat' dir='ltr'>Arteri0fi,</span> <span class='ocrx_word' id='word_1_398' title='bbox 490 2232 521 2261; x_wconf 87' lang='lat'>&amp;</span> <span class='ocrx_word' id='word_1_399' title='bbox 546 2228 662 2262; x_wconf 87' lang='lat' dir='ltr'>Ovalis</span> <span class='ocrx_word' id='word_1_400' title='bbox 687 2228 861 2271; x_wconf 83' lang='lat' dir='ltr'>praesertim</span> <span class='ocrx_word' id='word_1_401' title='bbox 878 2230 1024 2262; x_wconf 75' lang='lat' dir='ltr'>Forami-</span> 
     </span>
     <span class='ocr_line' id='line_1_48' title="bbox 19 2271 1026 2316; baseline -0.004 -9"><span class='ocrx_word' id='word_1_402' title='bbox 19 2275 69 2307; x_wconf 86' lang='lat' dir='ltr'>nis</span> <span class='ocrx_word' id='word_1_403' title='bbox 94 2298 102 2312; x_wconf 94' lang='lat'>‚</span> <span class='ocrx_word' id='word_1_404' title='bbox 133 2285 227 2316; x_wconf 84' lang='lat' dir='ltr'>aequo</span> <span class='ocrx_word' id='word_1_405' title='bbox 251 2275 349 2307; x_wconf 88' lang='lat' dir='ltr'>citius</span> <span class='ocrx_word' id='word_1_406' title='bbox 371 2271 512 2306; x_wconf 85' lang='lat' dir='ltr'>occlusas</span> <span class='ocrx_word' id='word_1_407' title='bbox 536 2274 661 2307; x_wconf 83' lang='lat' dir='ltr'>invenit</span> <span class='ocrx_word' id='word_1_408' title='bbox 687 2295 697 2309; x_wconf 94' lang='lat'>,</span> <span class='ocrx_word' id='word_1_409' title='bbox 733 2284 787 2305; x_wconf 88' lang='lat' dir='ltr'>eos</span> <span class='ocrx_word' id='word_1_410' title='bbox 812 2273 921 2305; x_wconf 83' lang='lat' dir='ltr'>multis</span> <span class='ocrx_word' id='word_1_411' title='bbox 947 2272 1026 2313; x_wconf 77' lang='lat' dir='ltr'>saepe</span> 
     </span>
     <span class='ocr_line' id='line_1_49' title="bbox 21 2313 1028 2359; baseline -0.005 -9"><span class='ocrx_word' id='word_1_412' title='bbox 21 2318 145 2351; x_wconf 83' lang='lat' dir='ltr'>morbis</span> <span class='ocrx_word' id='word_1_413' title='bbox 183 2319 262 2350; x_wconf 84' lang='lat' dir='ltr'>male</span> <span class='ocrx_word' id='word_1_414' title='bbox 287 2316 416 2350; x_wconf 84' lang='lat' dir='ltr'>habitos</span> <span class='ocrx_word' id='word_1_415' title='bbox 439 2313 532 2348; x_wconf 84' lang='lat' dir='ltr'>fuisse</span> <span class='ocrx_word' id='word_1_416' title='bbox 553 2338 562 2353; x_wconf 89' lang='lat'>,</span> <span class='ocrx_word' id='word_1_417' title='bbox 595 2324 631 2348; x_wconf 86' lang='lat' dir='ltr'>ut</span> <span class='ocrx_word' id='word_1_418' title='bbox 653 2317 772 2359; x_wconf 87' lang='lat' dir='ltr'>capitis</span> <span class='ocrx_word' id='word_1_419' title='bbox 794 2338 802 2351; x_wconf 90' lang='lat'>,</span> <span class='ocrx_word' id='word_1_420' title='bbox 826 2316 925 2353; x_wconf 86' lang='lat' dir='ltr'>colli,</span> <span class='ocrx_word' id='word_1_421' title='bbox 953 2315 1028 2356; x_wconf 81' lang='lat' dir='ltr'>pul-</span> 
     </span>
     <span class='ocr_line' id='line_1_50' title="bbox 20 2356 1022 2399; baseline -0.004 -5"><span class='ocrx_word' id='word_1_422' title='bbox 20 2372 155 2394; x_wconf 86' lang='lat' dir='ltr'>monum</span> <span class='ocrx_word' id='word_1_423' title='bbox 190 2359 504 2395; x_wconf 79' lang='lat' dir='ltr'>inflammationibus</span> <span class='ocrx_word' id='word_1_424' title='bbox 534 2384 540 2389; x_wconf 95' lang='lat'>.</span> <span class='ocrx_word' id='word_1_425' title='bbox 577 2361 691 2399; x_wconf 84' lang='lat' dir='ltr'>Itaque</span> <span class='ocrx_word' id='word_1_426' title='bbox 723 2370 799 2391; x_wconf 89' lang='lat' dir='ltr'>cum</span> <span class='ocrx_word' id='word_1_427' title='bbox 831 2356 879 2392; x_wconf 68' lang='lat' dir='ltr'>ha&#39;e</span> <span class='ocrx_word' id='word_1_428' title='bbox 902 2381 911 2396; x_wconf 92' lang='lat'>,</span> <span class='ocrx_word' id='word_1_429' title='bbox 936 2358 1022 2391; x_wconf 88' lang='lat' dir='ltr'>nulla</span> 
     </span>
     <span class='ocr_line' id='line_1_51' title="bbox 20 2401 1023 2446; baseline -0.005 -9"><span class='ocrx_word' id='word_1_430' title='bbox 20 2405 140 2446; x_wconf 86' lang='lat' dir='ltr'>praevia</span> <span class='ocrx_word' id='word_1_431' title='bbox 166 2406 255 2438; x_wconf 87' lang='lat' dir='ltr'>causa</span> <span class='ocrx_word' id='word_1_432' title='bbox 270 2401 456 2440; x_wconf 84' lang='lat' dir='ltr'>manifesta,</span> <span class='ocrx_word' id='word_1_433' title='bbox 484 2413 590 2435; x_wconf 84' lang='lat' dir='ltr'>recens</span> <span class='ocrx_word' id='word_1_434' title='bbox 610 2412 700 2436; x_wconf 83' lang='lat' dir='ltr'>natos</span> <span class='ocrx_word' id='word_1_435' title='bbox 724 2403 934 2440; x_wconf 78' lang='lat' dir='ltr'>adorientur3</span> <span class='ocrx_word' id='word_1_436' title='bbox 958 2412 1023 2433; x_wconf 88' lang='lat' dir='ltr'>non</span> 
     </span>
     <span class='ocr_line' id='line_1_52' title="bbox 22 2444 1025 2490; baseline -0.005 -9"><span class='ocrx_word' id='word_1_437' title='bbox 22 2449 76 2481; x_wconf 82' lang='lat' dir='ltr'>abs</span> <span class='ocrx_word' id='word_1_438' title='bbox 109 2460 140 2481; x_wconf 89' lang='lat' dir='ltr'>re</span> <span class='ocrx_word' id='word_1_439' title='bbox 164 2449 224 2480; x_wconf 91' lang='lat' dir='ltr'>erit</span> <span class='ocrx_word' id='word_1_440' title='bbox 261 2456 497 2490; x_wconf 74' lang='lat' dir='ltr'>praeproperam</span> <span class='ocrx_word' id='word_1_441' title='bbox 520 2446 611 2479; x_wconf 83' lang='lat' dir='ltr'>illam</span> <span class='ocrx_word' id='word_1_442' title='bbox 645 2444 859 2480; x_wconf 79' lang='lat' dir='ltr'>occlufionem</span> <span class='ocrx_word' id='word_1_443' title='bbox 885 2444 1025 2486; x_wconf 86' lang='lat' dir='ltr'>suspica-</span> 
     </span>
     <span class='ocr_line' id='line_1_53' title="bbox 22 2488 1023 2533; baseline -0.004 -9"><span class='ocrx_word' id='word_1_444' title='bbox 22 2493 49 2524; x_wconf 91' lang='lat' dir='ltr'>ri</span> <span class='ocrx_word' id='word_1_445' title='bbox 74 2515 81 2523; x_wconf 88' lang='lat'><strong><em>.</em></strong></span> <span class='ocrx_word' id='word_1_446' title='bbox 119 2492 157 2523; x_wconf 85' lang='lat' dir='ltr'>In</span> <span class='ocrx_word' id='word_1_447' title='bbox 181 2502 243 2533; x_wconf 84' lang='lat' dir='ltr'>qua</span> <span class='ocrx_word' id='word_1_448' title='bbox 268 2500 303 2523; x_wconf 91' lang='lat' dir='ltr'>ut</span> <span class='ocrx_word' id='word_1_449' title='bbox 328 2490 381 2522; x_wconf 88' lang='lat' dir='ltr'>ille</span> <span class='ocrx_word' id='word_1_450' title='bbox 406 2490 670 2523; x_wconf 84' lang='lat' dir='ltr'>imminutionem</span> <span class='ocrx_word' id='word_1_451' title='bbox 697 2489 858 2531; x_wconf 74' lang='lat' dir='ltr'>sanguinis</span> <span class='ocrx_word' id='word_1_452' title='bbox 883 2488 991 2522; x_wconf 73' lang='lat' dir='ltr'>laudat</span> <span class='ocrx_word' id='word_1_453' title='bbox 1014 2502 1023 2524; x_wconf 78' lang='lat'>3</span> 
     </span>
     <span class='ocr_line' id='line_1_54' title="bbox 20 2531 1026 2574; baseline -0.006 -6"><span class='ocrx_word' id='word_1_454' title='bbox 20 2533 61 2568; x_wconf 85' lang='lat' dir='ltr'>fic</span> <span class='ocrx_word' id='word_1_455' title='bbox 87 2543 121 2566; x_wconf 88' lang='lat' dir='ltr'>tu</span> <span class='ocrx_word' id='word_1_456' title='bbox 145 2533 372 2568; x_wconf 74' lang='lat' dir='ltr'>commendare</span> <span class='ocrx_word' id='word_1_457' title='bbox 395 2533 507 2566; x_wconf 72' lang='lat' dir='ltr'>saltem</span> <span class='ocrx_word' id='word_1_458' title='bbox 534 2534 653 2574; x_wconf 87' lang='lat' dir='ltr'>poteris</span> <span class='ocrx_word' id='word_1_459' title='bbox 687 2533 735 2565; x_wconf 86' lang='lat' dir='ltr'>lac</span> <span class='ocrx_word' id='word_1_460' title='bbox 761 2534 885 2574; x_wconf 88' lang='lat' dir='ltr'>parcius</span> <span class='ocrx_word' id='word_1_461' title='bbox 909 2531 1026 2574; x_wconf 67' lang='lat' dir='ltr'>praebi-</span> 
     </span>
     <span class='ocr_line' id='line_1_55' title="bbox 21 2576 1025 2618; baseline -0.005 -7"><span class='ocrx_word' id='word_1_462' title='bbox 21 2587 117 2617; x_wconf 85' lang='lat' dir='ltr'>tum,</span> <span class='ocrx_word' id='word_1_463' title='bbox 140 2581 169 2610; x_wconf 75' lang='grc' dir='ltr'>δι</span> <span class='ocrx_word' id='word_1_464' title='bbox 196 2590 231 2611; x_wconf 90' lang='lat' dir='ltr'>ea</span> <span class='ocrx_word' id='word_1_465' title='bbox 254 2578 375 2610; x_wconf 78' lang='lat' dir='ltr'>nutrici</span> <span class='ocrx_word' id='word_1_466' title='bbox 402 2576 482 2610; x_wconf 88' lang='lat' dir='ltr'>unde</span> <span class='ocrx_word' id='word_1_467' title='bbox 506 2576 631 2609; x_wconf 83' lang='lat' dir='ltr'>tenuius</span> <span class='ocrx_word' id='word_1_468' title='bbox 654 2599 662 2613; x_wconf 88' lang='lat'>‚</span> <span class='ocrx_word' id='word_1_469' title='bbox 687 2579 717 2609; x_wconf 86' lang='lat'><strong>&amp;</strong></span> <span class='ocrx_word' id='word_1_470' title='bbox 742 2576 886 2610; x_wconf 78' lang='lat' dir='ltr'>fluxilius</span> <span class='ocrx_word' id='word_1_471' title='bbox 910 2577 1025 2618; x_wconf 88' lang='lat' dir='ltr'>gigna-</span> 
     </span>
     <span class='ocr_line' id='line_1_56' title="bbox 20 2619 1025 2662; baseline -0.004 -8"><span class='ocrx_word' id='word_1_472' title='bbox 20 2631 73 2654; x_wconf 88' lang='lat' dir='ltr'>tur</span> <span class='ocrx_word' id='word_1_473' title='bbox 97 2646 103 2653; x_wconf 96' lang='lat'>.</span> <span class='ocrx_word' id='word_1_474' title='bbox 142 2622 192 2654; x_wconf 82' lang='lat' dir='ltr'>Sic</span> <span class='ocrx_word' id='word_1_475' title='bbox 215 2623 302 2654; x_wconf 91' lang='lat' dir='ltr'>enim</span> <span class='ocrx_word' id='word_1_476' title='bbox 339 2620 466 2662; x_wconf 84' lang='lat' dir='ltr'>sanguis</span> <span class='ocrx_word' id='word_1_477' title='bbox 490 2621 545 2661; x_wconf 87' lang='lat' dir='ltr'>qui</span> <span class='ocrx_word' id='word_1_478' title='bbox 571 2629 661 2653; x_wconf 86' lang='lat' dir='ltr'>totus</span> <span class='ocrx_word' id='word_1_479' title='bbox 686 2631 741 2662; x_wconf 86' lang='lat' dir='ltr'>per</span> <span class='ocrx_word' id='word_1_480' title='bbox 768 2619 936 2662; x_wconf 74' lang='lat' dir='ltr'>pulmones</span> <span class='ocrx_word' id='word_1_481' title='bbox 961 2629 1025 2651; x_wconf 89' lang='lat' dir='ltr'>tra-</span> 
     </span>
     <span class='ocr_line' id='line_1_57' title="bbox 19 2662 1026 2708; baseline -0.003 -12"><span class='ocrx_word' id='word_1_482' title='bbox 19 2665 156 2708; x_wconf 80' lang='lat' dir='ltr'>jicitur,</span> <span class='ocrx_word' id='word_1_483' title='bbox 179 2668 210 2697; x_wconf 78' lang='grc' dir='ltr'>δι</span> <span class='ocrx_word' id='word_1_484' title='bbox 233 2674 326 2698; x_wconf 86' lang='lat' dir='ltr'>tanto</span> <span class='ocrx_word' id='word_1_485' title='bbox 349 2664 465 2706; x_wconf 80' lang='lat' dir='ltr'>majori</span> <span class='ocrx_word' id='word_1_486' title='bbox 490 2663 585 2704; x_wconf 90' lang='lat' dir='ltr'>copia</span> <span class='ocrx_word' id='word_1_487' title='bbox 609 2665 643 2697; x_wconf 93' lang='lat' dir='ltr'>iu</span> <span class='ocrx_word' id='word_1_488' title='bbox 669 2674 772 2696; x_wconf 87' lang='lat' dir='ltr'>ramos</span> <span class='ocrx_word' id='word_1_489' title='bbox 797 2662 1026 2706; x_wconf 77' lang='lat' dir='ltr'>superioresir-</span> 
     </span>
     <span class='ocr_line' id='line_1_58' title="bbox 19 2705 1025 2749; baseline -0.005 -8"><span class='ocrx_word' id='word_1_490' title='bbox 19 2710 84 2741; x_wconf 86' lang='lat' dir='ltr'>ruit</span> <span class='ocrx_word' id='word_1_491' title='bbox 110 2710 232 2741; x_wconf 73' lang='lat' dir='ltr'>arteriae</span> <span class='ocrx_word' id='word_1_492' title='bbox 256 2710 387 2749; x_wconf 84' lang='lat' dir='ltr'>Magnae</span> <span class='ocrx_word' id='word_1_493' title='bbox 412 2729 420 2744; x_wconf 89' lang='lat'><em>‚</em></span> <span class='ocrx_word' id='word_1_494' title='bbox 455 2717 579 2748; x_wconf 86' lang='lat' dir='ltr'>quanto</span> <span class='ocrx_word' id='word_1_495' title='bbox 602 2705 666 2748; x_wconf 89' lang='lat' dir='ltr'>jam</span> <span class='ocrx_word' id='word_1_496' title='bbox 692 2709 811 2740; x_wconf 87' lang='lat' dir='ltr'>minori</span> <span class='ocrx_word' id='word_1_497' title='bbox 843 2708 876 2739; x_wconf 87' lang='lat' dir='ltr'>in</span> <span class='ocrx_word' id='word_1_498' title='bbox 899 2705 1025 2738; x_wconf 83' lang='lat' dir='ltr'>descen-</span> 
     </span>
     <span class='ocr_line' id='line_1_59' title="bbox 19 2749 1022 2794; baseline -0.001 -9"><span class='ocrx_word' id='word_1_499' title='bbox 19 2752 150 2785; x_wconf 83' lang='lat' dir='ltr'>dentem</span> <span class='ocrx_word' id='word_1_500' title='bbox 183 2749 279 2792; x_wconf 87' lang='lat' dir='ltr'>hujus</span> <span class='ocrx_word' id='word_1_501' title='bbox 303 2760 452 2783; x_wconf 89' lang='lat' dir='ltr'>truncum</span> <span class='ocrx_word' id='word_1_502' title='bbox 485 2749 627 2783; x_wconf 67' lang='lat' dir='ltr'>deflec‘tit</span> <span class='ocrx_word' id='word_1_503' title='bbox 649 2773 657 2788; x_wconf 92' lang='lat'>‚</span> <span class='ocrx_word' id='word_1_504' title='bbox 691 2750 817 2784; x_wconf 85' lang='lat' dir='ltr'>facilius</span> <span class='ocrx_word' id='word_1_505' title='bbox 841 2749 989 2794; x_wconf 81' lang='lat' dir='ltr'>transibit</span> <span class='ocrx_word' id='word_1_506' title='bbox 1014 2772 1022 2784; x_wconf 77' lang='lat'>‚</span> 
     </span>
     <span class='ocr_line' id='line_1_60' title="bbox 22 2793 1025 2836; baseline -0.004 -8"><span class='ocrx_word' id='word_1_507' title='bbox 22 2799 52 2828; x_wconf 82' lang='lat'><strong>&amp;</strong></span> <span class='ocrx_word' id='word_1_508' title='bbox 78 2795 285 2836; x_wconf 85' lang='lat' dir='ltr'>pulmonibus</span> <span class='ocrx_word' id='word_1_509' title='bbox 310 2816 322 2833; x_wconf 94' lang='lat'>,</span> <span class='ocrx_word' id='word_1_510' title='bbox 353 2793 549 2834; x_wconf 81' lang='lat' dir='ltr'>cerebroque</span> <span class='ocrx_word' id='word_1_511' title='bbox 574 2795 680 2827; x_wconf 84' lang='lat' dir='ltr'>minus</span> <span class='ocrx_word' id='word_1_512' title='bbox 702 2794 823 2827; x_wconf 81' lang='lat' dir='ltr'>officiet</span> <span class='ocrx_word' id='word_1_513' title='bbox 849 2816 858 2831; x_wconf 94' lang='lat'>,</span> <span class='ocrx_word' id='word_1_514' title='bbox 891 2805 906 2825; x_wconf 83' lang='lat' dir='ltr'>a</span> <span class='ocrx_word' id='word_1_515' title='bbox 932 2802 1025 2833; x_wconf 75' lang='lat' dir='ltr'>cnjus</span> 
     </span>
     <span class='ocr_line' id='line_1_61' title="bbox 22 2836 1023 2880; baseline -0.005 -9"><span class='ocrx_word' id='word_1_516' title='bbox 22 2839 144 2880; x_wconf 77' lang='lat' dir='ltr'>quippe</span> <span class='ocrx_word' id='word_1_517' title='bbox 176 2846 253 2870; x_wconf 90' lang='lat' dir='ltr'>tunc</span> <span class='ocrx_word' id='word_1_518' title='bbox 277 2836 450 2870; x_wconf 78' lang='lat' dir='ltr'>molliffimi</span> <span class='ocrx_word' id='word_1_519' title='bbox 476 2860 488 2876; x_wconf 83' lang='lat'>,</span> <span class='ocrx_word' id='word_1_520' title='bbox 521 2836 646 2870; x_wconf 69' lang='lat' dir='ltr'>laesione</span> <span class='ocrx_word' id='word_1_521' title='bbox 670 2836 802 2870; x_wconf 89' lang='lat' dir='ltr'>fortasse</span> <span class='ocrx_word' id='word_1_522' title='bbox 836 2846 951 2878; x_wconf 72' lang='lat' dir='ltr'>praeter</span> <span class='ocrx_word' id='word_1_523' title='bbox 975 2837 1023 2867; x_wconf 85' lang='lat' dir='ltr'>in.</span> 
     </span>
     <span class='ocr_line' id='line_1_62' title="bbox 24 2879 1026 2922; baseline -0.005 -7"><span class='ocrx_word' id='word_1_524' title='bbox 24 2882 287 2919; x_wconf 83' lang='lat' dir='ltr'>flammationes,</span> <span class='ocrx_word' id='word_1_525' title='bbox 309 2881 371 2912; x_wconf 89' lang='lat' dir='ltr'>alia</span> <span class='ocrx_word' id='word_1_526' title='bbox 396 2880 477 2912; x_wconf 87' lang='lat' dir='ltr'>mala</span> <span class='ocrx_word' id='word_1_527' title='bbox 502 2881 612 2922; x_wconf 74' lang='lat' dir='ltr'>saepius</span> <span class='ocrx_word' id='word_1_528' title='bbox 634 2879 706 2913; x_wconf 90' lang='lat' dir='ltr'>sunt</span> <span class='ocrx_word' id='word_1_529' title='bbox 731 2882 763 2913; x_wconf 90' lang='lat' dir='ltr'>in</span> <span class='ocrx_word' id='word_1_530' title='bbox 789 2892 905 2913; x_wconf 87' lang='lat' dir='ltr'>nerveo</span> <span class='ocrx_word' id='word_1_531' title='bbox 929 2889 1026 2921; x_wconf 88' lang='lat' dir='ltr'>gene-</span> 
     </span>
     <span class='ocr_line' id='line_1_63' title="bbox 24 2923 1026 2966; baseline -0.005 -8"><span class='ocrx_word' id='word_1_532' title='bbox 24 2937 57 2958; x_wconf 76' lang='lat' dir='ltr'>re</span> <span class='ocrx_word' id='word_1_533' title='bbox 83 2926 201 2966; x_wconf 81' lang='lat' dir='ltr'>quibus</span> <span class='ocrx_word' id='word_1_534' title='bbox 225 2933 331 2956; x_wconf 82' lang='lat' dir='ltr'>recens</span> <span class='ocrx_word' id='word_1_535' title='bbox 353 2924 418 2956; x_wconf 87' lang='lat' dir='ltr'>nati</span> <span class='ocrx_word' id='word_1_536' title='bbox 443 2933 570 2965; x_wconf 83' lang='lat' dir='ltr'>repente</span> <span class='ocrx_word' id='word_1_537' title='bbox 591 2923 821 2961; x_wconf 87' lang='lat' dir='ltr'>absumuntur,</span> <span class='ocrx_word' id='word_1_538' title='bbox 846 2925 934 2965; x_wconf 90' lang='lat' dir='ltr'>iique</span> <span class='ocrx_word' id='word_1_539' title='bbox 947 2933 1026 2964; x_wconf 74' lang='lat' dir='ltr'>prae-</span> 
     </span>
     <span class='ocr_line' id='line_1_64' title="bbox 25 2967 1024 3010; baseline -0.004 -9"><span class='ocrx_word' id='word_1_540' title='bbox 25 2968 135 3001; x_wconf 85' lang='lat' dir='ltr'>sertim</span> <span class='ocrx_word' id='word_1_541' title='bbox 158 2969 191 3000; x_wconf 86' lang='lat' dir='ltr'>in</span> <span class='ocrx_word' id='word_1_542' title='bbox 215 2967 333 3010; x_wconf 86' lang='lat' dir='ltr'>quibus</span> <span class='ocrx_word' id='word_1_543' title='bbox 367 2976 480 3008; x_wconf 72' lang='lat' dir='ltr'>praeter</span> <span class='ocrx_word' id='word_1_544' title='bbox 504 2978 551 3000; x_wconf 83' lang='lat' dir='ltr'>eas</span> <span class='ocrx_word' id='word_1_545' title='bbox 576 2977 784 3009; x_wconf 79' lang='lat' dir='ltr'>praematuras</span> <span class='ocrx_word' id='word_1_546' title='bbox 806 2967 1024 3004; x_wconf 84' lang='lat' dir='ltr'>occlusiones,</span> 
     </span>
     <span class='ocr_line' id='line_1_65' title="bbox 25 3008 1025 3054; baseline -0.004 -9"><span class='ocrx_word' id='word_1_547' title='bbox 25 3012 154 3054; x_wconf 85' lang='lat' dir='ltr'>sanguis</span> <span class='ocrx_word' id='word_1_548' title='bbox 178 3009 240 3052; x_wconf 86' lang='lat' dir='ltr'>jam</span> <span class='ocrx_word' id='word_1_549' title='bbox 266 3010 304 3042; x_wconf 85' lang='lat' dir='ltr'>ab</span> <span class='ocrx_word' id='word_1_550' title='bbox 327 3018 419 3042; x_wconf 85' lang='lat' dir='ltr'>utero</span> <span class='ocrx_word' id='word_1_551' title='bbox 442 3008 478 3042; x_wconf 81' lang='lat' dir='ltr'>fit</span> <span class='ocrx_word' id='word_1_552' title='bbox 502 3011 686 3053; x_wconf 83' lang='lat' dir='ltr'>copiosior,</span> <span class='ocrx_word' id='word_1_553' title='bbox 711 3021 766 3044; x_wconf 85' lang='lat' dir='ltr'>aut</span> <span class='ocrx_word' id='word_1_554' title='bbox 789 3009 917 3044; x_wconf 82' lang='lat' dir='ltr'>craffior</span> <span class='ocrx_word' id='word_1_555' title='bbox 940 3032 952 3048; x_wconf 84' lang='lat'><em>‚</em></span> <span class='ocrx_word' id='word_1_556' title='bbox 975 3021 1025 3042; x_wconf 89' lang='lat' dir='ltr'>ce-</span> 
     </span>
     <span class='ocr_line' id='line_1_66' title="bbox 26 3052 1025 3097; baseline -0.005 -8"><span class='ocrx_word' id='word_1_557' title='bbox 26 3052 110 3089; x_wconf 83' lang='lat' dir='ltr'>rebri</span> <span class='ocrx_word' id='word_1_558' title='bbox 135 3064 241 3088; x_wconf 85' lang='lat' dir='ltr'>autem</span> <span class='ocrx_word' id='word_1_559' title='bbox 266 3052 335 3085; x_wconf 82' lang='lat' dir='ltr'>vasa</span> <span class='ocrx_word' id='word_1_560' title='bbox 361 3053 410 3085; x_wconf 87' lang='lat' dir='ltr'>vel</span> <span class='ocrx_word' id='word_1_561' title='bbox 435 3053 537 3086; x_wconf 88' lang='lat' dir='ltr'>multo</span> <span class='ocrx_word' id='word_1_562' title='bbox 561 3066 657 3097; x_wconf 85' lang='lat' dir='ltr'>quam</span> <span class='ocrx_word' id='word_1_563' title='bbox 683 3054 800 3087; x_wconf 88' lang='lat' dir='ltr'>soleant</span> <span class='ocrx_word' id='word_1_564' title='bbox 821 3075 830 3090; x_wconf 93' lang='lat'><em>‚</em></span> <span class='ocrx_word' id='word_1_565' title='bbox 864 3052 1025 3086; x_wconf 80' lang='lat' dir='ltr'>infirmio-</span> 
     </span>
     <span class='ocr_line' id='line_1_67' title="bbox 26 3095 1027 3140; baseline -0.004 -8"><span class='ocrx_word' id='word_1_566' title='bbox 26 3111 80 3132; x_wconf 83' lang='lat' dir='ltr'>ra.</span> <span class='ocrx_word' id='word_1_567' title='bbox 108 3099 212 3131; x_wconf 83' lang='lat' dir='ltr'>Sicuti</span> <span class='ocrx_word' id='word_1_568' title='bbox 236 3106 343 3130; x_wconf 88' lang='lat' dir='ltr'>autem</span> <span class='ocrx_word' id='word_1_569' title='bbox 365 3095 449 3129; x_wconf 86' lang='lat' dir='ltr'>nasci</span> <span class='ocrx_word' id='word_1_570' title='bbox 475 3097 571 3140; x_wconf 87' lang='lat' dir='ltr'>aliqui</span> <span class='ocrx_word' id='word_1_571' title='bbox 595 3110 634 3131; x_wconf 87' lang='lat' dir='ltr'>eo</span> <span class='ocrx_word' id='word_1_572' title='bbox 657 3097 824 3131; x_wconf 61' lang='lat' dir='ltr'>strueturae</span> <span class='ocrx_word' id='word_1_573' title='bbox 850 3097 932 3129; x_wconf 89' lang='lat' dir='ltr'>vitio</span> <span class='ocrx_word' id='word_1_574' title='bbox 956 3095 1027 3137; x_wconf 88' lang='lat' dir='ltr'>pos·</span> 
     </span>
     <span class='ocr_line' id='line_1_68' title="bbox 25 3139 1025 3182; baseline -0.004 -6"><span class='ocrx_word' id='word_1_575' title='bbox 25 3143 96 3176; x_wconf 87' lang='lat' dir='ltr'>sunt</span> <span class='ocrx_word' id='word_1_576' title='bbox 123 3165 131 3179; x_wconf 92' lang='lat'>‚</span> <span class='ocrx_word' id='word_1_577' title='bbox 171 3152 205 3173; x_wconf 92' lang='lat' dir='ltr'>ut</span> <span class='ocrx_word' id='word_1_578' title='bbox 232 3142 289 3173; x_wconf 83' lang='lat' dir='ltr'>viae</span> <span class='ocrx_word' id='word_1_579' title='bbox 314 3139 376 3171; x_wconf 80' lang='lat' dir='ltr'>illa:</span> <span class='ocrx_word' id='word_1_580' title='bbox 402 3140 582 3181; x_wconf 77' lang='lat' dir='ltr'>sanguinis,</span> <span class='ocrx_word' id='word_1_581' title='bbox 607 3142 644 3175; x_wconf 87' lang='lat' dir='ltr'>de</span> <span class='ocrx_word' id='word_1_582' title='bbox 667 3142 784 3182; x_wconf 88' lang='lat' dir='ltr'>quibus</span> <span class='ocrx_word' id='word_1_583' title='bbox 807 3140 928 3172; x_wconf 60' lang='lat' dir='ltr'>dietum</span> <span class='ocrx_word' id='word_1_584' title='bbox 952 3139 993 3172; x_wconf 82' lang='lat' dir='ltr'>est</span> <span class='ocrx_word' id='word_1_585' title='bbox 1016 3162 1025 3177; x_wconf 93' lang='lat'>,</span> 
     </span>
     <span class='ocr_line' id='line_1_69' title="bbox 25 3182 1028 3219; baseline -0.002 -1"><span class='ocrx_word' id='word_1_586' title='bbox 25 3188 161 3219; x_wconf 84' lang='lat' dir='ltr'>celerius</span> <span class='ocrx_word' id='word_1_587' title='bbox 184 3182 396 3219; x_wconf 76' lang='lat' dir='ltr'>claudantur3</span> <span class='ocrx_word' id='word_1_588' title='bbox 420 3184 465 3215; x_wconf 81' lang='lat' dir='ltr'>ita</span> <span class='ocrx_word' id='word_1_589' title='bbox 489 3196 503 3216; x_wconf 86' lang='lat' dir='ltr'>e</span> <span class='ocrx_word' id='word_1_590' title='bbox 526 3185 692 3217; x_wconf 77' lang='lat' dir='ltr'>contrario</span> <span class='ocrx_word' id='word_1_591' title='bbox 718 3184 871 3218; x_wconf 83' lang='lat' dir='ltr'>credibile</span> <span class='ocrx_word' id='word_1_592' title='bbox 894 3182 935 3215; x_wconf 85' lang='lat' dir='ltr'>est</span> <span class='ocrx_word' id='word_1_593' title='bbox 959 3205 967 3218; x_wconf 82' lang='lat'>‚</span> <span class='ocrx_word' id='word_1_594' title='bbox 990 3195 1028 3216; x_wconf 89' lang='lat'>0-</span> 
     </span>
    </p>
   </div>
   <div class='ocr_carea' id='block_1_3' title="bbox 26 3225 1051 3273">
    <p class='ocr_par' dir='ltr' id='par_1_4' title="bbox 26 3225 1051 3273">
     <span class='ocr_line' id='line_1_70' title="bbox 26 3225 1051 3273; baseline -0.005 -10"><span class='ocrx_word' id='word_1_595' title='bbox 26 3231 84 3263; x_wconf 89' lang='lat' dir='ltr'>riri</span> <span class='ocrx_word' id='word_1_596' title='bbox 109 3228 281 3262; x_wconf 87' lang='lat' dir='ltr'>nonnullos</span> <span class='ocrx_word' id='word_1_597' title='bbox 304 3228 337 3259; x_wconf 90' lang='lat' dir='ltr'>in</span> <span class='ocrx_word' id='word_1_598' title='bbox 360 3227 476 3267; x_wconf 83' lang='lat' dir='ltr'>quibus</span> <span class='ocrx_word' id='word_1_599' title='bbox 498 3228 683 3269; x_wconf 76' lang='lat' dir='ltr'>oppositum</span> <span class='ocrx_word' id='word_1_600' title='bbox 708 3230 829 3260; x_wconf 78' lang='lat' dir='ltr'>vitium</span> <span class='ocrx_word' id='word_1_601' title='bbox 855 3225 891 3258; x_wconf 81' lang='lat' dir='ltr'>fit</span> <span class='ocrx_word' id='word_1_602' title='bbox 918 3247 926 3261; x_wconf 86' lang='lat'><em>,</em></span> <span class='ocrx_word' id='word_1_603' title='bbox 952 3226 1023 3257; x_wconf 74' lang='lat' dir='ltr'>viae.</span> <span class='ocrx_word' id='word_1_604' title='bbox 1039 3248 1051 3273; x_wconf 60' lang='lat' dir='ltr'><em>f</em></span> 
     </span>
    </p>
   </div>
   <div class='ocr_carea' id='block_1_4' title="bbox 22 3269 1027 3659">
    <p class='ocr_par' dir='ltr' id='par_1_5' title="bbox 22 3269 1027 3659">
     <span class='ocr_line' id='line_1_71' title="bbox 25 3269 1024 3315; baseline -0.005 -10"><span class='ocrx_word' id='word_1_605' title='bbox 25 3284 89 3315; x_wconf 86' lang='lat' dir='ltr'>que</span> <span class='ocrx_word' id='word_1_606' title='bbox 122 3279 295 3314; x_wconf 86' lang='lat' dir='ltr'>propterea</span> <span class='ocrx_word' id='word_1_607' title='bbox 318 3269 381 3301; x_wconf 82' lang='lat' dir='ltr'>illae</span> <span class='ocrx_word' id='word_1_608' title='bbox 417 3281 480 3302; x_wconf 89' lang='lat' dir='ltr'>non</span> <span class='ocrx_word' id='word_1_609' title='bbox 505 3272 602 3303; x_wconf 86' lang='lat' dir='ltr'>modo</span> <span class='ocrx_word' id='word_1_610' title='bbox 634 3282 795 3313; x_wconf 79' lang='lat' dir='ltr'>nunquam</span> <span class='ocrx_word' id='word_1_611' title='bbox 821 3270 945 3313; x_wconf 66' lang='lat' dir='ltr'>penitus</span> <span class='ocrx_word' id='word_1_612' title='bbox 969 3280 1024 3301; x_wconf 85' lang='lat' dir='ltr'>oc-</span> 
     </span>
     <span class='ocr_line' id='line_1_72' title="bbox 25 3311 1026 3354; baseline -0.006 -5"><span class='ocrx_word' id='word_1_613' title='bbox 25 3316 219 3352; x_wconf 81' lang='lat' dir='ltr'>eludantur,</span> <span class='ocrx_word' id='word_1_614' title='bbox 244 3313 332 3354; x_wconf 85' lang='lat' dir='ltr'>quod</span> <span class='ocrx_word' id='word_1_615' title='bbox 355 3313 387 3343; x_wconf 85' lang='lat' dir='ltr'>in</span> <span class='ocrx_word' id='word_1_616' title='bbox 412 3312 514 3346; x_wconf 82' lang='lat' dir='ltr'>Ovali</span> <span class='ocrx_word' id='word_1_617' title='bbox 538 3316 705 3348; x_wconf 78' lang='lat' dir='ltr'>Foramine</span> <span class='ocrx_word' id='word_1_618' title='bbox 729 3315 811 3347; x_wconf 82' lang='lat' dir='ltr'>haud</span> <span class='ocrx_word' id='word_1_619' title='bbox 837 3323 908 3345; x_wconf 78' lang='lat' dir='ltr'>raro</span> <span class='ocrx_word' id='word_1_620' title='bbox 924 3311 1001 3344; x_wconf 82' lang='lat' dir='ltr'>mihi</span> <span class='ocrx_word' id='word_1_621' title='bbox 1018 3337 1026 3352; x_wconf 87' lang='lat'>‚</span> 
     </span>
     <span class='ocr_line' id='line_1_73' title="bbox 26 3356 1022 3401; baseline -0.005 -9"><span class='ocrx_word' id='word_1_622' title='bbox 26 3359 157 3401; x_wconf 82' lang='lat' dir='ltr'>aliisque</span> <span class='ocrx_word' id='word_1_623' title='bbox 171 3359 337 3396; x_wconf 88' lang='lat' dir='ltr'>occurrit,</span> <span class='ocrx_word' id='word_1_624' title='bbox 361 3356 410 3389; x_wconf 81' lang='lat' dir='ltr'>sed</span> <span class='ocrx_word' id='word_1_625' title='bbox 434 3356 521 3398; x_wconf 90' lang='lat' dir='ltr'>quod</span> <span class='ocrx_word' id='word_1_626' title='bbox 533 3358 570 3389; x_wconf 90' lang='lat' dir='ltr'>de</span> <span class='ocrx_word' id='word_1_627' title='bbox 583 3360 694 3391; x_wconf 86' lang='lat' dir='ltr'>eodem</span> <span class='ocrx_word' id='word_1_628' title='bbox 708 3358 874 3390; x_wconf 79' lang='lat' dir='ltr'>Foramine</span> <span class='ocrx_word' id='word_1_629' title='bbox 897 3356 1022 3388; x_wconf 68' lang='lat' dir='ltr'>dietum</span> 
     </span>
     <span class='ocr_line' id='line_1_74' title="bbox 26 3397 1022 3444; baseline -0.004 -10"><span class='ocrx_word' id='word_1_630' title='bbox 26 3412 104 3444; x_wconf 84' lang='lat' dir='ltr'>puta</span> <span class='ocrx_word' id='word_1_631' title='bbox 124 3424 135 3441; x_wconf 91' lang='lat'>,</span> <span class='ocrx_word' id='word_1_632' title='bbox 170 3413 208 3433; x_wconf 88' lang='lat' dir='ltr'>ne</span> <span class='ocrx_word' id='word_1_633' title='bbox 233 3401 468 3432; x_wconf 80' lang='lat' dir='ltr'>imminuantur</span> <span class='ocrx_word' id='word_1_634' title='bbox 500 3400 631 3442; x_wconf 83' lang='lat' dir='ltr'>quidem</span> <span class='ocrx_word' id='word_1_635' title='bbox 653 3427 661 3434; x_wconf 92' lang='lat'>.</span> <span class='ocrx_word' id='word_1_636' title='bbox 697 3402 778 3435; x_wconf 73' lang='lat' dir='ltr'>Haec</span> <span class='ocrx_word' id='word_1_637' title='bbox 803 3409 910 3434; x_wconf 83' lang='lat' dir='ltr'>autem</span> <span class='ocrx_word' id='word_1_638' title='bbox 937 3397 1022 3442; x_wconf 71' lang='lat' dir='ltr'>siqua</span> 
     </span>
     <span class='ocr_line' id='line_1_75' title="bbox 26 3440 1023 3486; baseline -0.005 -7"><span class='ocrx_word' id='word_1_639' title='bbox 26 3456 161 3486; x_wconf 86' lang='lat' dir='ltr'>corpora</span> <span class='ocrx_word' id='word_1_640' title='bbox 195 3443 282 3477; x_wconf 90' lang='lat' dir='ltr'>forte</span> <span class='ocrx_word' id='word_1_641' title='bbox 305 3442 367 3475; x_wconf 84' lang='lat' dir='ltr'>fint</span> <span class='ocrx_word' id='word_1_642' title='bbox 401 3446 445 3475; x_wconf 85' lang='lat' dir='ltr'>ita</span> <span class='ocrx_word' id='word_1_643' title='bbox 470 3440 553 3476; x_wconf 66' lang='lat' dir='ltr'>faeta</span> <span class='ocrx_word' id='word_1_644' title='bbox 579 3470 588 3483; x_wconf 91' lang='lat'>,</span> <span class='ocrx_word' id='word_1_645' title='bbox 623 3454 659 3479; x_wconf 85' lang='lat' dir='ltr'>ut</span> <span class='ocrx_word' id='word_1_646' title='bbox 684 3443 764 3478; x_wconf 77' lang='lat' dir='ltr'>serre</span> <span class='ocrx_word' id='word_1_647' title='bbox 790 3444 903 3485; x_wconf 81' lang='lat' dir='ltr'>poffint</span> <span class='ocrx_word' id='word_1_648' title='bbox 922 3465 931 3480; x_wconf 86' lang='lat'>,</span> <span class='ocrx_word' id='word_1_649' title='bbox 957 3445 1023 3475; x_wconf 80' lang='lat' dir='ltr'>veri</span> 
     </span>
     <span class='ocr_line' id='line_1_76' title="bbox 26 3486 1026 3529; baseline -0.003 -8"><span class='ocrx_word' id='word_1_650' title='bbox 26 3488 125 3522; x_wconf 82' lang='lat' dir='ltr'>simile</span> <span class='ocrx_word' id='word_1_651' title='bbox 149 3490 215 3528; x_wconf 81' lang='lat' dir='ltr'>est,</span> <span class='ocrx_word' id='word_1_652' title='bbox 240 3486 344 3519; x_wconf 90' lang='lat' dir='ltr'>multo</span> <span class='ocrx_word' id='word_1_653' title='bbox 363 3487 453 3529; x_wconf 87' lang='lat' dir='ltr'>plura</span> <span class='ocrx_word' id='word_1_654' title='bbox 478 3497 541 3518; x_wconf 89' lang='lat' dir='ltr'>non</span> <span class='ocrx_word' id='word_1_655' title='bbox 556 3487 638 3528; x_wconf 84' lang='lat' dir='ltr'>posse</span> <span class='ocrx_word' id='word_1_656' title='bbox 651 3513 658 3520; x_wconf 91' lang='lat'><em>.</em></span> <span class='ocrx_word' id='word_1_657' title='bbox 791 3488 951 3519; x_wconf 77' lang='lat' dir='ltr'>Pei-tinent</span> <span class='ocrx_word' id='word_1_658' title='bbox 966 3487 1026 3519; x_wconf 76' lang='lat' dir='ltr'>huc</span> 
     </span>
     <span class='ocr_line' id='line_1_77' title="bbox 26 3529 1027 3573; baseline -0.004 -8"><span class='ocrx_word' id='word_1_659' title='bbox 26 3542 97 3573; x_wconf 84' lang='lat' dir='ltr'>quae</span> <span class='ocrx_word' id='word_1_660' title='bbox 122 3533 198 3564; x_wconf 89' lang='lat' dir='ltr'>XV.</span> <span class='ocrx_word' id='word_1_661' title='bbox 227 3530 300 3563; x_wconf 85' lang='lat' dir='ltr'>Kal.</span> <span class='ocrx_word' id='word_1_662' title='bbox 321 3530 401 3572; x_wconf 88' lang='lat' dir='ltr'>Jun.</span> <span class='ocrx_word' id='word_1_663' title='bbox 425 3532 466 3562; x_wconf 85' lang='lat' dir='ltr'>A.</span> <span class='ocrx_word' id='word_1_664' title='bbox 496 3540 585 3571; x_wconf 83' lang='lat'>1722.</span> <span class='ocrx_word' id='word_1_665' title='bbox 612 3533 677 3564; x_wconf 89' lang='lat' dir='ltr'>Vir</span> <span class='ocrx_word' id='word_1_666' title='bbox 701 3530 754 3564; x_wconf 90' lang='lat' dir='ltr'>Cl.</span> <span class='ocrx_word' id='word_1_667' title='bbox 769 3534 804 3564; x_wconf 85' lang='lat' dir='ltr'>ad</span> <span class='ocrx_word' id='word_1_668' title='bbox 830 3542 879 3563; x_wconf 83' lang='lat' dir='ltr'>me</span> <span class='ocrx_word' id='word_1_669' title='bbox 904 3529 1027 3572; x_wconf 76' lang='lat' dir='ltr'>scripfit</span> 
     </span>
     <span class='ocr_line' id='line_1_78' title="bbox 22 3574 1027 3618; baseline -0.001 -11"><span class='ocrx_word' id='word_1_670' title='bbox 22 3574 121 3618; x_wconf 84' lang='lat' dir='ltr'>Janus</span> <span class='ocrx_word' id='word_1_671' title='bbox 148 3575 301 3610; x_wconf 78' lang='lat' dir='ltr'>Plancus.</span> <span class='ocrx_word' id='word_1_672' title='bbox 328 3574 378 3604; x_wconf 71' lang='lat' dir='ltr'>Ex</span> <span class='ocrx_word' id='word_1_673' title='bbox 403 3584 451 3604; x_wconf 86' lang='lat' dir='ltr'>me</span> <span class='ocrx_word' id='word_1_674' title='bbox 475 3575 559 3605; x_wconf 83' lang='lat' dir='ltr'>enim</span> <span class='ocrx_word' id='word_1_675' title='bbox 583 3574 745 3615; x_wconf 57' lang='lat' dir='ltr'>quaerebat</span> <span class='ocrx_word' id='word_1_676' title='bbox 771 3600 778 3612; x_wconf 92' lang='lat'>‚</span> <span class='ocrx_word' id='word_1_677' title='bbox 812 3585 888 3606; x_wconf 89' lang='lat' dir='ltr'>num</span> <span class='ocrx_word' id='word_1_678' title='bbox 912 3575 944 3606; x_wconf 87' lang='lat' dir='ltr'>in</span> <span class='ocrx_word' id='word_1_679' title='bbox 978 3586 1027 3606; x_wconf 78' lang='lat' dir='ltr'>re-</span> 
     </span>
     <span class='ocr_line' id='line_1_79' title="bbox 115 3615 840 3659; baseline -0.004 -9"><span class='ocrx_word' id='word_1_680' title='bbox 115 3616 279 3659; x_wconf 67' lang='lat' dir='ltr'>Morgagm&#39;</span> <span class='ocrx_word' id='word_1_681' title='bbox 292 3618 325 3649; x_wconf 76' lang='lat' dir='ltr'>de</span> <span class='ocrx_word' id='word_1_682' title='bbox 337 3618 402 3649; x_wconf 78' lang='lat' dir='ltr'>Sed.</span> <span class='ocrx_word' id='word_1_683' title='bbox 415 3615 554 3657; x_wconf 69' lang='lat' dir='ltr'>&amp;Caufi</span> <span class='ocrx_word' id='word_1_684' title='bbox 568 3617 669 3650; x_wconf 80' lang='lat' dir='ltr'>Morb.</span> <span class='ocrx_word' id='word_1_685' title='bbox 685 3618 783 3649; x_wconf 78' lang='lat' dir='ltr'>Tom.</span> <span class='ocrx_word' id='word_1_686' title='bbox 795 3619 840 3649; x_wconf 85' lang='lat' dir='ltr'>II.</span> 
     </span>
    </p>
   </div>
   <div class='ocr_carea' id='block_1_5' title="bbox 28 3722 203 3732">
    <p class='ocr_par' dir='ltr' id='par_1_6' title="bbox 28 3722 203 3732">
     <span class='ocr_line' id='line_1_80' title="bbox 28 3722 203 3732; baseline 0 -1"><span class='ocrx_word' id='word_1_687' title='bbox 28 3722 203 3732; x_wconf 53' lang='lat' dir='ltr'>m</span> 
     </span>
    </p>
   </div>
   <div class='ocr_carea' id='block_1_6' title="bbox 95 3796 592 3824">
    <p class='ocr_par' dir='ltr' id='par_1_7' title="bbox 95 3796 592 3824">
     <span class='ocr_line' id='line_1_81' title="bbox 95 3796 592 3824; baseline -0.008 -3"><span class='ocrx_word' id='word_1_688' title='bbox 95 3797 109 3824; x_wconf 86' lang='lat'><strong>(</strong></span> <span class='ocrx_word' id='word_1_689' title='bbox 125 3803 135 3818; x_wconf 87' lang='lat' dir='ltr'>e</span> <span class='ocrx_word' id='word_1_690' title='bbox 151 3796 163 3824; x_wconf 79' lang='grc'>)</span> <span class='ocrx_word' id='word_1_691' title='bbox 182 3799 249 3820; x_wconf 64' lang='lat' dir='ltr'>Prax.</span> <span class='ocrx_word' id='word_1_692' title='bbox 269 3796 333 3820; x_wconf 54' lang='lat' dir='ltr'>Med&gt;</span> <span class='ocrx_word' id='word_1_693' title='bbox 353 3798 367 3819; x_wconf 61' lang='lat' dir='ltr'>l&gt;</span> <span class='ocrx_word' id='word_1_694' title='bbox 389 3803 405 3818; x_wconf 70' lang='grc' dir='ltr'>ε,</span> <span class='ocrx_word' id='word_1_695' title='bbox 422 3801 442 3817; x_wconf 85' lang='lat' dir='ltr'>c.</span> <span class='ocrx_word' id='word_1_696' title='bbox 461 3798 489 3822; x_wconf 67' lang='lat'>46</span> <span class='ocrx_word' id='word_1_697' title='bbox 516 3802 538 3818; x_wconf 91' lang='lat' dir='ltr'>n.</span> <span class='ocrx_word' id='word_1_698' title='bbox 558 3805 592 3822; x_wconf 82' lang='lat' dir='ltr'>n.</span> 
     </span>
    </p>
   </div>
   <div class='ocr_carea' id='block_1_7' title="bbox 656 3795 819 3826">
    <p class='ocr_par' dir='ltr' id='par_1_8' title="bbox 656 3795 819 3826">
     <span class='ocr_line' id='line_1_82' title="bbox 656 3795 819 3826; baseline 0 -1"><span class='ocrx_word' id='word_1_699' title='bbox 656 3795 764 3825; x_wconf 75' lang='lat' dir='ltr'><strong>(f)¹¹·</strong></span> <span class='ocrx_word' id='word_1_700' title='bbox 783 3805 819 3826; x_wconf 74' lang='lat'>39·</span> 
     </span>
    </p>
   </div>
   <div class='ocr_carea' id='block_1_8' title="bbox 1920 213 2016 264">
    <p class='ocr_par' dir='ltr' id='par_1_9' title="bbox 1920 213 2016 264">
     <span class='ocr_line' id='line_1_83' title="bbox 1920 213 2016 264; baseline 0.021 -2"><span class='ocrx_word' id='word_1_701' title='bbox 1920 213 2016 264; x_wconf 79' lang='lat'>²49</span> 
     </span>
    </p>
   </div>
   <div class='ocr_carea' id='block_1_9' title="bbox 1074 272 2106 3615">
    <p class='ocr_par' dir='ltr' id='par_1_10' title="bbox 1081 272 2081 410">
     <span class='ocr_line' id='line_1_84' title="bbox 1082 272 2080 320; baseline -0.01 -4"><span class='ocrx_word' id='word_1_702' title='bbox 1082 293 1154 316; x_wconf 84' lang='lat' dir='ltr'>cens</span> <span class='ocrx_word' id='word_1_703' title='bbox 1189 281 1272 314; x_wconf 88' lang='lat' dir='ltr'>natis</span> <span class='ocrx_word' id='word_1_704' title='bbox 1297 272 1475 314; x_wconf 75' lang='lat' dir='ltr'>infantibus</span> <span class='ocrx_word' id='word_1_705' title='bbox 1509 290 1649 320; x_wconf 86' lang='lat' dir='ltr'>unquam</span> <span class='ocrx_word' id='word_1_706' title='bbox 1673 279 1778 312; x_wconf 89' lang='lat' dir='ltr'>Ovale</span> <span class='ocrx_word' id='word_1_707' title='bbox 1808 278 1967 311; x_wconf 84' lang='lat' dir='ltr'>Forameu</span> <span class='ocrx_word' id='word_1_708' title='bbox 1992 275 2080 309; x_wconf 88' lang='lat' dir='ltr'>nulla</span> 
     </span>
     <span class='ocr_line' id='line_1_85' title="bbox 1082 320 2081 368; baseline -0.007 -11"><span class='ocrx_word' id='word_1_709' title='bbox 1082 325 1206 368; x_wconf 86' lang='lat' dir='ltr'>prorsus</span> <span class='ocrx_word' id='word_1_710' title='bbox 1230 323 1420 358; x_wconf 61' lang='lat' dir='ltr'>instrustum</span> <span class='ocrx_word' id='word_1_711' title='bbox 1443 322 1571 356; x_wconf 84' lang='lat' dir='ltr'>valvula</span> <span class='ocrx_word' id='word_1_712' title='bbox 1595 320 1790 356; x_wconf 87' lang='lat' dir='ltr'>offendissem</span> <span class='ocrx_word' id='word_1_713' title='bbox 1805 346 1812 353; x_wconf 89' lang='lat'>.</span> <span class='ocrx_word' id='word_1_714' title='bbox 1836 320 2081 363; x_wconf 78' lang='lat' dir='ltr'>Quaerendiau-</span> 
     </span>
     <span class='ocr_line' id='line_1_86' title="bbox 1081 362 2080 410; baseline -0.006 -9"><span class='ocrx_word' id='word_1_715' title='bbox 1081 378 1147 401; x_wconf 91' lang='lat' dir='ltr'>tem</span> <span class='ocrx_word' id='word_1_716' title='bbox 1169 367 1257 401; x_wconf 84' lang='lat' dir='ltr'>causa</span> <span class='ocrx_word' id='word_1_717' title='bbox 1279 376 1365 406; x_wconf 84' lang='lat' dir='ltr'>erat,</span> <span class='ocrx_word' id='word_1_718' title='bbox 1389 367 1478 410; x_wconf 90' lang='lat' dir='ltr'>quod</span> <span class='ocrx_word' id='word_1_719' title='bbox 1503 367 1535 398; x_wconf 89' lang='lat' dir='ltr'>in</span> <span class='ocrx_word' id='word_1_720' title='bbox 1561 376 1661 408; x_wconf 88' lang='lat' dir='ltr'>nuper</span> <span class='ocrx_word' id='word_1_721' title='bbox 1685 364 1819 398; x_wconf 67' lang='lat' dir='ltr'>dislecfto</span> <span class='ocrx_word' id='word_1_722' title='bbox 1843 362 1967 397; x_wconf 85' lang='lat' dir='ltr'>infante</span> <span class='ocrx_word' id='word_1_723' title='bbox 1982 372 2080 409; x_wconf 72' lang='lat' dir='ltr'>neque</span> 
     </span>
    </p>

    <p class='ocr_par' dir='ltr' id='par_1_11' title="bbox 1079 408 2081 453">
     <span class='ocr_line' id='line_1_87' title="bbox 1079 408 2081 453; baseline -0.005 -10"><span class='ocrx_word' id='word_1_724' title='bbox 1079 411 1145 453; x_wconf 84' lang='lat' dir='ltr'>ipse</span> <span class='ocrx_word' id='word_1_725' title='bbox 1166 434 1174 449; x_wconf 89' lang='lat'>,</span> <span class='ocrx_word' id='word_1_726' title='bbox 1208 422 1263 443; x_wconf 89' lang='lat' dir='ltr'>nec</span> <span class='ocrx_word' id='word_1_727' title='bbox 1288 410 1351 443; x_wconf 85' lang='lat' dir='ltr'>Vir</span> <span class='ocrx_word' id='word_1_728' title='bbox 1372 432 1381 447; x_wconf 87' lang='lat'>‚</span> <span class='ocrx_word' id='word_1_729' title='bbox 1415 411 1489 443; x_wconf 83' lang='lat' dir='ltr'>alias</span> <span class='ocrx_word' id='word_1_730' title='bbox 1513 422 1528 442; x_wconf 92' lang='lat' dir='ltr'>a</span> <span class='ocrx_word' id='word_1_731' title='bbox 1554 421 1602 441; x_wconf 89' lang='lat' dir='ltr'>me</span> <span class='ocrx_word' id='word_1_732' title='bbox 1628 409 1798 448; x_wconf 87' lang='lat' dir='ltr'>laudatus,</span> <span class='ocrx_word' id='word_1_733' title='bbox 1821 409 1875 449; x_wconf 88' lang='lat' dir='ltr'>qui</span> <span class='ocrx_word' id='word_1_734' title='bbox 1899 417 1976 439; x_wconf 91' lang='lat' dir='ltr'>tunc</span> <span class='ocrx_word' id='word_1_735' title='bbox 2003 408 2081 439; x_wconf 79' lang='lat' dir='ltr'>Ari-</span> 
     </span>
    </p>

    <p class='ocr_par' dir='ltr' id='par_1_12' title="bbox 1080 450 2083 496">
     <span class='ocr_line' id='line_1_88' title="bbox 1080 450 2083 496; baseline -0.006 -8"><span class='ocrx_word' id='word_1_736' title='bbox 1080 457 1161 489; x_wconf 89' lang='lat' dir='ltr'>mini</span> <span class='ocrx_word' id='word_1_737' title='bbox 1184 454 1341 496; x_wconf 82' lang='lat' dir='ltr'>degebat,</span> <span class='ocrx_word' id='word_1_738' title='bbox 1366 456 1480 487; x_wconf 64' lang='lat' dir='ltr'>Romae</span> <span class='ocrx_word' id='word_1_739' title='bbox 1505 452 1610 496; x_wconf 83' lang='lat' dir='ltr'>pos&#39;rea</span> <span class='ocrx_word' id='word_1_740' title='bbox 1629 451 1877 485; x_wconf 87' lang='lat' dir='ltr'>Pontificiorum</span> <span class='ocrx_word' id='word_1_741' title='bbox 1891 450 2083 483; x_wconf 70' lang='lat' dir='ltr'>Archiam-0-</span> 
     </span>
    </p>

    <p class='ocr_par' dir='ltr' id='par_1_13' title="bbox 1080 494 2080 538">
     <span class='ocr_line' id='line_1_89' title="bbox 1080 494 2080 538; baseline -0.006 -7"><span class='ocrx_word' id='word_1_742' title='bbox 1080 510 1150 532; x_wconf 92' lang='lat' dir='ltr'>rum</span> <span class='ocrx_word' id='word_1_743' title='bbox 1174 499 1292 531; x_wconf 81' lang='lat' dir='ltr'>Comes</span> <span class='ocrx_word' id='word_1_744' title='bbox 1315 495 1379 530; x_wconf 88' lang='lat' dir='ltr'>fuit</span> <span class='ocrx_word' id='word_1_745' title='bbox 1403 520 1411 534; x_wconf 96' lang='lat'>‚</span> <span class='ocrx_word' id='word_1_746' title='bbox 1440 497 1603 530; x_wconf 82' lang='lat' dir='ltr'>Antonius</span> <span class='ocrx_word' id='word_1_747' title='bbox 1628 497 1803 538; x_wconf 82' lang='lat' dir='ltr'>Leprottus</span> <span class='ocrx_word' id='word_1_748' title='bbox 1826 505 1894 527; x_wconf 85' lang='lat' dir='ltr'>eam</span> <span class='ocrx_word' id='word_1_749' title='bbox 1919 494 2080 525; x_wconf 82' lang='lat' dir='ltr'>valvulam</span> 
     </span>
    </p>

    <p class='ocr_par' dir='ltr' id='par_1_14' title="bbox 1080 535 2081 585">
     <span class='ocr_line' id='line_1_90' title="bbox 1080 535 2081 585; baseline -0.007 -10"><span class='ocrx_word' id='word_1_750' title='bbox 1080 540 1319 583; x_wconf 68' lang='lat' dir='ltr'>diligentissime</span> <span class='ocrx_word' id='word_1_751' title='bbox 1338 564 1349 580; x_wconf 85' lang='lat'>,</span> <span class='ocrx_word' id='word_1_752' title='bbox 1382 539 1431 573; x_wconf 90' lang='lat' dir='ltr'>sed</span> <span class='ocrx_word' id='word_1_753' title='bbox 1456 539 1570 573; x_wconf 88' lang='lat' dir='ltr'>frustra</span> <span class='ocrx_word' id='word_1_754' title='bbox 1591 563 1600 579; x_wconf 89' lang='lat'>‚</span> <span class='ocrx_word' id='word_1_755' title='bbox 1634 537 1844 582; x_wconf 82' lang='lat' dir='ltr'>quaesiverant</span> <span class='ocrx_word' id='word_1_756' title='bbox 1866 562 1873 568; x_wconf 96' lang='lat'>.</span> <span class='ocrx_word' id='word_1_757' title='bbox 1910 535 2081 585; x_wconf 70' lang='lat' dir='ltr'>Universae</span> 
     </span>
    </p>

    <p class='ocr_par' dir='ltr' id='par_1_15' title="bbox 1081 582 2081 624">
     <span class='ocr_line' id='line_1_91' title="bbox 1081 582 2081 624; baseline -0.008 -6"><span class='ocrx_word' id='word_1_758' title='bbox 1081 595 1187 619; x_wconf 87' lang='lat' dir='ltr'>autem</span> <span class='ocrx_word' id='word_1_759' title='bbox 1213 584 1301 617; x_wconf 82' lang='lat' dir='ltr'>illius</span> <span class='ocrx_word' id='word_1_760' title='bbox 1325 583 1598 622; x_wconf 81' lang='lat' dir='ltr'>Observationis‚</span> <span class='ocrx_word' id='word_1_761' title='bbox 1623 591 1780 624; x_wconf 89' lang='lat' dir='ltr'>quantum</span> <span class='ocrx_word' id='word_1_762' title='bbox 1804 591 1842 613; x_wconf 85' lang='lat' dir='ltr'>ex</span> <span class='ocrx_word' id='word_1_763' title='bbox 1864 582 1902 613; x_wconf 87' lang='lat' dir='ltr'>iis</span> <span class='ocrx_word' id='word_1_764' title='bbox 1928 602 1935 615; x_wconf 85' lang='lat'>‚</span> <span class='ocrx_word' id='word_1_765' title='bbox 1972 589 2081 618; x_wconf 67' lang='lat' dir='ltr'>prom-</span> 
     </span>
    </p>

    <p class='ocr_par' dir='ltr' id='par_1_16' title="bbox 1082 623 2082 671">
     <span class='ocr_line' id='line_1_92' title="bbox 1082 623 2082 671; baseline -0.007 -10"><span class='ocrx_word' id='word_1_766' title='bbox 1082 628 1203 671; x_wconf 86' lang='lat' dir='ltr'>misque</span> <span class='ocrx_word' id='word_1_767' title='bbox 1227 627 1337 660; x_wconf 85' lang='lat' dir='ltr'>Planci</span> <span class='ocrx_word' id='word_1_768' title='bbox 1360 628 1477 659; x_wconf 89' lang='lat' dir='ltr'>litteris</span> <span class='ocrx_word' id='word_1_769' title='bbox 1500 626 1618 668; x_wconf 78' lang='lat' dir='ltr'>collegi</span> <span class='ocrx_word' id='word_1_770' title='bbox 1642 648 1652 664; x_wconf 92' lang='lat'>‚</span> <span class='ocrx_word' id='word_1_771' title='bbox 1675 626 1797 658; x_wconf 85' lang='lat' dir='ltr'>summa</span> <span class='ocrx_word' id='word_1_772' title='bbox 1821 623 1919 667; x_wconf 87' lang='lat' dir='ltr'>digna</span> <span class='ocrx_word' id='word_1_773' title='bbox 1946 623 1988 654; x_wconf 81' lang='lat' dir='ltr'>est</span> <span class='ocrx_word' id='word_1_774' title='bbox 2011 633 2082 664; x_wconf 79' lang='lat' dir='ltr'>quae</span> 
     </span>
    </p>

    <p class='ocr_par' dir='ltr' id='par_1_17' title="bbox 1081 669 2042 714">
     <span class='ocr_line' id='line_1_93' title="bbox 1081 669 2042 714; baseline -0.007 -9"><span class='ocrx_word' id='word_1_775' title='bbox 1081 673 1134 706; x_wconf 83' lang='lat' dir='ltr'>hic</span> <span class='ocrx_word' id='word_1_776' title='bbox 1157 671 1222 704; x_wconf 87' lang='lat' dir='ltr'>tibi</span> <span class='ocrx_word' id='word_1_777' title='bbox 1248 683 1264 703; x_wconf 83' lang='lat' dir='ltr'>a</span> <span class='ocrx_word' id='word_1_778' title='bbox 1289 682 1337 704; x_wconf 92' lang='lat' dir='ltr'>me</span> <span class='ocrx_word' id='word_1_779' title='bbox 1361 669 1594 711; x_wconf 86' lang='lat' dir='ltr'>perscribatur.</span> <span class='ocrx_word' id='word_1_780' title='bbox 2037 709 2042 714; x_wconf 90' lang='lat'>.</span> 
     </span>
    </p>

    <p class='ocr_par' dir='ltr' id='par_1_18' title="bbox 1079 709 2093 1233">
     <span class='ocr_line' id='line_1_94' title="bbox 1123 709 2082 751; baseline -0.007 -5"><span class='ocrx_word' id='word_1_781' title='bbox 1123 718 1176 748; x_wconf 74' lang='lat'>62.</span> <span class='ocrx_word' id='word_1_782' title='bbox 1203 713 1473 747; x_wconf 71' lang='lat' dir='ltr'><strong>INFANTEM</strong></span> <span class='ocrx_word' id='word_1_783' title='bbox 1496 712 1562 746; x_wconf 83' lang='lat' dir='ltr'>dies</span> <span class='ocrx_word' id='word_1_784' title='bbox 1585 720 1695 745; x_wconf 84' lang='lat' dir='ltr'>natum</span> <span class='ocrx_word' id='word_1_785' title='bbox 1721 709 1804 745; x_wconf 89' lang='lat' dir='ltr'>haud</span> <span class='ocrx_word' id='word_1_786' title='bbox 1829 711 1964 751; x_wconf 81' lang='lat' dir='ltr'>amplius</span> <span class='ocrx_word' id='word_1_787' title='bbox 1987 719 2082 749; x_wconf 81' lang='lat' dir='ltr'>quin-</span> 
     </span>
     <span class='ocr_line' id='line_1_95' title="bbox 1081 753 2082 799; baseline -0.01 -7"><span class='ocrx_word' id='word_1_788' title='bbox 1081 758 1187 792; x_wconf 86' lang='lat' dir='ltr'>decim</span> <span class='ocrx_word' id='word_1_789' title='bbox 1213 768 1297 790; x_wconf 82' lang='lat' dir='ltr'>mnrs</span> <span class='ocrx_word' id='word_1_790' title='bbox 1321 756 1511 793; x_wconf 54' lang='lat' dir='ltr'>sustuleram</span> <span class='ocrx_word' id='word_1_791' title='bbox 1536 753 1588 788; x_wconf 86' lang='lat' dir='ltr'>sed</span> <span class='ocrx_word' id='word_1_792' title='bbox 1612 767 1679 796; x_wconf 87' lang='lat' dir='ltr'>quo</span> <span class='ocrx_word' id='word_1_793' title='bbox 1706 755 1810 788; x_wconf 87' lang='lat' dir='ltr'>morbi</span> <span class='ocrx_word' id='word_1_794' title='bbox 1835 764 1949 796; x_wconf 84' lang='lat' dir='ltr'>genere</span> <span class='ocrx_word' id='word_1_795' title='bbox 1973 776 1981 790; x_wconf 90' lang='lat'>,</span> <span class='ocrx_word' id='word_1_796' title='bbox 2016 762 2082 799; x_wconf 75' lang='lat' dir='ltr'>non</span> 
     </span>
     <span class='ocr_line' id='line_1_96' title="bbox 1081 798 2088 842; baseline -0.011 -6"><span class='ocrx_word' id='word_1_797' title='bbox 1081 801 1266 836; x_wconf 79' lang='lat' dir='ltr'>constabat.</span> <span class='ocrx_word' id='word_1_798' title='bbox 1397 799 1667 833; x_wconf 79' lang='lat' dir='ltr'>CADAVERE</span> <span class='ocrx_word' id='word_1_799' title='bbox 1701 798 1892 838; x_wconf 89' lang='lat' dir='ltr'>perlustrato</span> <span class='ocrx_word' id='word_1_800' title='bbox 1912 819 1921 834; x_wconf 89' lang='lat'>,</span> <span class='ocrx_word' id='word_1_801' title='bbox 1960 803 2088 842; x_wconf 70' lang='lat' dir='ltr'>ventri-</span> 
     </span>
     <span class='ocr_line' id='line_1_97' title="bbox 1081 839 2086 887; baseline -0.009 -8"><span class='ocrx_word' id='word_1_802' title='bbox 1081 847 1170 880; x_wconf 84' lang='lat' dir='ltr'>culus</span> <span class='ocrx_word' id='word_1_803' title='bbox 1195 846 1280 877; x_wconf 87' lang='lat' dir='ltr'>bono</span> <span class='ocrx_word' id='word_1_804' title='bbox 1304 844 1384 876; x_wconf 67' lang='lat' dir='ltr'>laete</span> <span class='ocrx_word' id='word_1_805' title='bbox 1411 842 1566 880; x_wconf 83' lang='lat' dir='ltr'>refertus,</span> <span class='ocrx_word' id='word_1_806' title='bbox 1590 841 1720 884; x_wconf 88' lang='lat' dir='ltr'>ipseque</span> <span class='ocrx_word' id='word_1_807' title='bbox 1744 863 1753 878; x_wconf 90' lang='lat'><em>‚</em></span> <span class='ocrx_word' id='word_1_808' title='bbox 1777 844 1808 873; x_wconf 58' lang='grc' dir='ltr'>δέ</span> <span class='ocrx_word' id='word_1_809' title='bbox 1834 839 1950 872; x_wconf 85' lang='lat' dir='ltr'>viscera</span> <span class='ocrx_word' id='word_1_810' title='bbox 1975 847 2086 887; x_wconf 75' lang='lat' dir='ltr'>omnia</span> 
     </span>
     <span class='ocr_line' id='line_1_98' title="bbox 1082 880 2084 929; baseline -0.009 -8"><span class='ocrx_word' id='word_1_811' title='bbox 1082 889 1250 928; x_wconf 60' lang='lat' dir='ltr'>conspeffia</span> <span class='ocrx_word' id='word_1_812' title='bbox 1274 887 1345 920; x_wconf 88' lang='lat' dir='ltr'>sunt</span> <span class='ocrx_word' id='word_1_813' title='bbox 1371 886 1462 924; x_wconf 79' lang='lat' dir='ltr'>sana,</span> <span class='ocrx_word' id='word_1_814' title='bbox 1487 886 1544 918; x_wconf 82' lang='lat' dir='ltr'>nisi</span> <span class='ocrx_word' id='word_1_815' title='bbox 1570 885 1657 927; x_wconf 89' lang='lat' dir='ltr'>quod</span> <span class='ocrx_word' id='word_1_816' title='bbox 1680 896 1761 924; x_wconf 87' lang='lat' dir='ltr'>cor,</span> <span class='ocrx_word' id='word_1_817' title='bbox 1785 887 1814 915; x_wconf 63' lang='grc' dir='ltr'>δέ</span> <span class='ocrx_word' id='word_1_818' title='bbox 1837 895 1907 926; x_wconf 83' lang='lat' dir='ltr'>quae</span> <span class='ocrx_word' id='word_1_819' title='bbox 1933 884 2018 915; x_wconf 84' lang='lat' dir='ltr'>circa</span> <span class='ocrx_word' id='word_1_820' title='bbox 2044 880 2084 929; x_wconf 82' lang='lat' dir='ltr'>il-</span> 
     </span>
     <span class='ocr_line' id='line_1_99' title="bbox 1086 923 2087 974; baseline -0.017 -9"><span class='ocrx_word' id='word_1_821' title='bbox 1086 931 1140 965; x_wconf 89' lang='lat' dir='ltr'>lud</span> <span class='ocrx_word' id='word_1_822' title='bbox 1165 930 1258 968; x_wconf 82' lang='lat' dir='ltr'>sunt,</span> <span class='ocrx_word' id='word_1_823' title='bbox 1283 931 1353 962; x_wconf 83' lang='lat' dir='ltr'>vasa</span> <span class='ocrx_word' id='word_1_824' title='bbox 1380 939 1469 962; x_wconf 82' lang='lat' dir='ltr'>erant</span> <span class='ocrx_word' id='word_1_825' title='bbox 1497 929 1646 970; x_wconf 80' lang='lat' dir='ltr'>sanguine</span> <span class='ocrx_word' id='word_1_826' title='bbox 1670 931 1789 963; x_wconf 83' lang='lat' dir='ltr'>mirum</span> <span class='ocrx_word' id='word_1_827' title='bbox 1814 929 1847 960; x_wconf 87' lang='lat' dir='ltr'>in</span> <span class='ocrx_word' id='word_1_828' title='bbox 1874 924 2008 974; x_wconf 81' lang='lat' dir='ltr'>modum</span> <span class='ocrx_word' id='word_1_829' title='bbox 2033 923 2087 955; x_wconf 66' lang='lat' dir='ltr'>dl-</span> 
     </span>
     <span class='ocr_line' id='line_1_100' title="bbox 1080 973 2089 1015; baseline -0.01 -7"><span class='ocrx_word' id='word_1_830' title='bbox 1080 976 1182 1009; x_wconf 86' lang='lat' dir='ltr'>stenta</span> <span class='ocrx_word' id='word_1_831' title='bbox 1207 999 1215 1005; x_wconf 88' lang='lat'>.</span> <span class='ocrx_word' id='word_1_832' title='bbox 1250 974 1412 1007; x_wconf 84' lang='lat' dir='ltr'>Vasorum</span> <span class='ocrx_word' id='word_1_833' title='bbox 1439 973 1696 1007; x_wconf 84' lang='lat' dir='ltr'>Umbilicalium</span> <span class='ocrx_word' id='word_1_834' title='bbox 1719 982 1790 1015; x_wconf 78' lang='lat' dir='ltr'>quae</span> <span class='ocrx_word' id='word_1_835' title='bbox 1823 979 1927 1013; x_wconf 88' lang='lat' dir='ltr'>partes</span> <span class='ocrx_word' id='word_1_836' title='bbox 1951 980 1983 1000; x_wconf 84' lang='lat' dir='ltr'>in</span> <span class='ocrx_word' id='word_1_837' title='bbox 2009 977 2089 999; x_wconf 89' lang='lat' dir='ltr'>ven-</span> 
     </span>
     <span class='ocr_line' id='line_1_101' title="bbox 1079 1010 2088 1060; baseline -0.011 -8"><span class='ocrx_word' id='word_1_838' title='bbox 1079 1029 1126 1052; x_wconf 82' lang='lat' dir='ltr'>tre</span> <span class='ocrx_word' id='word_1_839' title='bbox 1163 1019 1231 1051; x_wconf 89' lang='lat' dir='ltr'>sunt</span> <span class='ocrx_word' id='word_1_840' title='bbox 1275 1020 1306 1049; x_wconf 70' lang='grc' dir='ltr'>δε</span> <span class='ocrx_word' id='word_1_841' title='bbox 1348 1016 1499 1050; x_wconf 79' lang='lat' dir='ltr'>Tubulus</span> <span class='ocrx_word' id='word_1_842' title='bbox 1534 1016 1721 1050; x_wconf 83' lang='lat' dir='ltr'>Arteriosus</span> <span class='ocrx_word' id='word_1_843' title='bbox 1760 1015 1947 1055; x_wconf 80' lang='lat' dir='ltr'>patebant3</span> <span class='ocrx_word' id='word_1_844' title='bbox 1984 1010 2088 1060; x_wconf 77' lang='lat' dir='ltr'>Ovale</span> 
     </span>
     <span class='ocr_line' id='line_1_102' title="bbox 1081 1058 2089 1099; baseline -0.01 -4"><span class='ocrx_word' id='word_1_845' title='bbox 1081 1072 1186 1095; x_wconf 88' lang='lat' dir='ltr'>autem</span> <span class='ocrx_word' id='word_1_846' title='bbox 1210 1062 1368 1094; x_wconf 87' lang='lat' dir='ltr'>Foramen</span> <span class='ocrx_word' id='word_1_847' title='bbox 1402 1070 1467 1092; x_wconf 88' lang='lat' dir='ltr'>non</span> <span class='ocrx_word' id='word_1_848' title='bbox 1503 1058 1635 1099; x_wconf 68' lang='lat' dir='ltr'>patebat</span> <span class='ocrx_word' id='word_1_849' title='bbox 1667 1060 1770 1092; x_wconf 81' lang='lat' dir='ltr'>solum</span> <span class='ocrx_word' id='word_1_850' title='bbox 1799 1080 1808 1095; x_wconf 94' lang='lat'>,</span> <span class='ocrx_word' id='word_1_851' title='bbox 1846 1066 1957 1089; x_wconf 81' lang='lat' dir='ltr'>verum</span> <span class='ocrx_word' id='word_1_852' title='bbox 1990 1064 2089 1087; x_wconf 85' lang='lat' dir='ltr'>etiam</span> 
     </span>
     <span class='ocr_line' id='line_1_103' title="bbox 1081 1100 2093 1144; baseline -0.01 -6"><span class='ocrx_word' id='word_1_853' title='bbox 1081 1107 1134 1138; x_wconf 86' lang='lat' dir='ltr'>sua</span> <span class='ocrx_word' id='word_1_854' title='bbox 1159 1104 1285 1137; x_wconf 86' lang='lat' dir='ltr'>valvula</span> <span class='ocrx_word' id='word_1_855' title='bbox 1311 1102 1436 1144; x_wconf 81' lang='lat' dir='ltr'>prorsus</span> <span class='ocrx_word' id='word_1_856' title='bbox 1469 1103 1596 1134; x_wconf 83' lang='lat' dir='ltr'>carebat</span> <span class='ocrx_word' id='word_1_857' title='bbox 1622 1127 1630 1139; x_wconf 87' lang='lat'><strong><em>‚</em></strong></span> <span class='ocrx_word' id='word_1_858' title='bbox 1668 1112 1703 1134; x_wconf 91' lang='lat' dir='ltr'>ut</span> <span class='ocrx_word' id='word_1_859' title='bbox 1729 1100 1823 1142; x_wconf 84' lang='lat' dir='ltr'>hujus</span> <span class='ocrx_word' id='word_1_860' title='bbox 1850 1125 1858 1139; x_wconf 96' lang='lat'>,</span> <span class='ocrx_word' id='word_1_861' title='bbox 1889 1105 2093 1142; x_wconf 83' lang='lat' dir='ltr'>quantacun-</span> 
     </span>
     <span class='ocr_line' id='line_1_104' title="bbox 1081 1141 2091 1191; baseline -0.009 -12"><span class='ocrx_word' id='word_1_862' title='bbox 1081 1161 1165 1191; x_wconf 85' lang='lat' dir='ltr'>que,</span> <span class='ocrx_word' id='word_1_863' title='bbox 1189 1156 1222 1180; x_wconf 90' lang='lat' dir='ltr'>ut</span> <span class='ocrx_word' id='word_1_864' title='bbox 1247 1146 1389 1179; x_wconf 77' lang='lat' dir='ltr'>diximus</span> <span class='ocrx_word' id='word_1_865' title='bbox 1411 1146 1584 1187; x_wconf 79' lang='lat' dir='ltr'>diligentia</span> <span class='ocrx_word' id='word_1_866' title='bbox 1607 1156 1763 1188; x_wconf 74' lang='lat' dir='ltr'>quaeretes</span> <span class='ocrx_word' id='word_1_867' title='bbox 1785 1166 1793 1179; x_wconf 84' lang='lat'><em>‚</em></span> <span class='ocrx_word' id='word_1_868' title='bbox 1836 1155 1892 1176; x_wconf 84' lang='lat' dir='ltr'>nec</span> <span class='ocrx_word' id='word_1_869' title='bbox 1916 1141 2010 1180; x_wconf 84' lang='lat' dir='ltr'>vola,</span> <span class='ocrx_word' id='word_1_870' title='bbox 2034 1150 2091 1171; x_wconf 85' lang='lat' dir='ltr'>nec</span> 
     </span>
     <span class='ocr_line' id='line_1_105' title="bbox 1082 1192 1479 1233; baseline -0.01 -8"><span class='ocrx_word' id='word_1_871' title='bbox 1082 1192 1251 1233; x_wconf 75' lang='lat' dir='ltr'>vestigium</span> <span class='ocrx_word' id='word_1_872' title='bbox 1276 1199 1479 1223; x_wconf 80' lang='lat' dir='ltr'>occurreret.</span> 
     </span>
    </p>

    <p class='ocr_par' dir='ltr' id='par_1_19' title="bbox 1074 1225 2106 1707">
     <span class='ocr_line' id='line_1_106' title="bbox 1124 1225 2094 1278; baseline -0.009 -12"><span class='ocrx_word' id='word_1_873' title='bbox 1124 1239 1177 1277; x_wconf 82' lang='lat'>63.</span> <span class='ocrx_word' id='word_1_874' title='bbox 1203 1233 1304 1270; x_wconf 86' lang='lat' dir='ltr'>Quod</span> <span class='ocrx_word' id='word_1_875' title='bbox 1327 1242 1540 1278; x_wconf 46' lang='lat' dir='ltr'>cum-praeter</span> <span class='ocrx_word' id='word_1_876' title='bbox 1565 1242 1713 1265; x_wconf 85' lang='lat' dir='ltr'>naturam</span> <span class='ocrx_word' id='word_1_877' title='bbox 1738 1232 1875 1265; x_wconf 87' lang='lat' dir='ltr'>omnino</span> <span class='ocrx_word' id='word_1_878' title='bbox 1889 1229 1948 1262; x_wconf 84' lang='lat' dir='ltr'>esse</span> <span class='ocrx_word' id='word_1_879' title='bbox 1967 1252 1974 1266; x_wconf 95' lang='lat'><em>‚</em></span> <span class='ocrx_word' id='word_1_880' title='bbox 2001 1225 2094 1258; x_wconf 85' lang='lat' dir='ltr'>Plan-</span> 
     </span>
     <span class='ocr_line' id='line_1_107' title="bbox 1074 1275 2091 1319; baseline -0.011 -6"><span class='ocrx_word' id='word_1_881' title='bbox 1074 1291 1113 1313; x_wconf 92' lang='lat' dir='ltr'>co</span> <span class='ocrx_word' id='word_1_882' title='bbox 1140 1276 1377 1319; x_wconf 57' lang='lat' dir='ltr'>rescripsissem</span> <span class='ocrx_word' id='word_1_883' title='bbox 1402 1276 1541 1310; x_wconf 66' lang='lat' dir='ltr'>iacilein</span> <span class='ocrx_word' id='word_1_884' title='bbox 1566 1288 1636 1309; x_wconf 82' lang='lat' dir='ltr'>eam</span> <span class='ocrx_word' id='word_1_885' title='bbox 1651 1277 1739 1310; x_wconf 84' lang='lat' dir='ltr'>venit</span> <span class='ocrx_word' id='word_1_886' title='bbox 1764 1275 2001 1317; x_wconf 69' lang='lat' dir='ltr'>cogitationem</span> <span class='ocrx_word' id='word_1_887' title='bbox 2018 1280 2091 1311; x_wconf 83' lang='lat' dir='ltr'>quae</span> 
     </span>
     <span class='ocr_line' id='line_1_108' title="bbox 1075 1311 2094 1364; baseline -0.007 -10"><span class='ocrx_word' id='word_1_888' title='bbox 1075 1322 1170 1364; x_wconf 90' lang='lat' dir='ltr'>paulo</span> <span class='ocrx_word' id='word_1_889' title='bbox 1192 1330 1264 1354; x_wconf 88' lang='lat' dir='ltr'>ante</span> <span class='ocrx_word' id='word_1_890' title='bbox 1287 1320 1373 1353; x_wconf 71' lang='lat' dir='ltr'>dieta</span> <span class='ocrx_word' id='word_1_891' title='bbox 1399 1318 1465 1352; x_wconf 72' lang='lat' dir='ltr'>est.</span> <span class='ocrx_word' id='word_1_892' title='bbox 1491 1320 1533 1352; x_wconf 85' lang='lat' dir='ltr'>Et</span> <span class='ocrx_word' id='word_1_893' title='bbox 1560 1319 1630 1353; x_wconf 82' lang='lat' dir='ltr'>sane</span> <span class='ocrx_word' id='word_1_894' title='bbox 1654 1319 1812 1361; x_wconf 82' lang='lat' dir='ltr'>intelligis</span> <span class='ocrx_word' id='word_1_895' title='bbox 1837 1342 1845 1356; x_wconf 89' lang='lat'>,</span> <span class='ocrx_word' id='word_1_896' title='bbox 1878 1317 1934 1349; x_wconf 88' lang='lat' dir='ltr'>ubi</span> <span class='ocrx_word' id='word_1_897' title='bbox 1963 1311 2094 1354; x_wconf 77' lang='lat' dir='ltr'>prorsus</span> 
     </span>
     <span class='ocr_line' id='line_1_109' title="bbox 1076 1358 2101 1406; baseline -0.013 -7"><span class='ocrx_word' id='word_1_898' title='bbox 1076 1366 1153 1399; x_wconf 78' lang='lat' dir='ltr'>desit</span> <span class='ocrx_word' id='word_1_899' title='bbox 1177 1365 1209 1397; x_wconf 85' lang='lat' dir='ltr'>id</span> <span class='ocrx_word' id='word_1_900' title='bbox 1234 1364 1323 1406; x_wconf 87' lang='lat' dir='ltr'>quod</span> <span class='ocrx_word' id='word_1_901' title='bbox 1347 1363 1475 1405; x_wconf 79' lang='lat' dir='ltr'>sanguis</span> <span class='ocrx_word' id='word_1_902' title='bbox 1499 1375 1515 1395; x_wconf 88' lang='lat' dir='ltr'>a</span> <span class='ocrx_word' id='word_1_903' title='bbox 1541 1363 1673 1396; x_wconf 82' lang='lat' dir='ltr'>sinistris</span> <span class='ocrx_word' id='word_1_904' title='bbox 1698 1371 1812 1404; x_wconf 79' lang='lat' dir='ltr'>urgeat</span> <span class='ocrx_word' id='word_1_905' title='bbox 1838 1372 1846 1393; x_wconf 90' lang='lat'>:</span> <span class='ocrx_word' id='word_1_906' title='bbox 1884 1364 1912 1391; x_wconf 66' lang='grc' dir='ltr'>ὰ</span> <span class='ocrx_word' id='word_1_907' title='bbox 1936 1358 1974 1392; x_wconf 81' lang='lat' dir='ltr'>ad</span> <span class='ocrx_word' id='word_1_908' title='bbox 1999 1358 2101 1389; x_wconf 84' lang='lat' dir='ltr'>Fora-</span> 
     </span>
     <span class='ocr_line' id='line_1_110' title="bbox 1076 1402 2099 1449; baseline -0.009 -7"><span class='ocrx_word' id='word_1_909' title='bbox 1076 1421 1147 1442; x_wconf 88' lang='lat' dir='ltr'>men</span> <span class='ocrx_word' id='word_1_910' title='bbox 1174 1408 1279 1440; x_wconf 82' lang='lat' dir='ltr'>Ovale</span> <span class='ocrx_word' id='word_1_911' title='bbox 1305 1409 1407 1448; x_wconf 79' lang='lat' dir='ltr'>magis</span> <span class='ocrx_word' id='word_1_912' title='bbox 1432 1405 1619 1449; x_wconf 78' lang='lat' dir='ltr'>magisque.</span> <span class='ocrx_word' id='word_1_913' title='bbox 1644 1405 1665 1439; x_wconf 75' lang='lat' dir='ltr'>si</span> <span class='ocrx_word' id='word_1_914' title='bbox 1691 1418 1754 1439; x_wconf 83' lang='lat' dir='ltr'>non</span> <span class='ocrx_word' id='word_1_915' title='bbox 1781 1402 1993 1438; x_wconf 84' lang='lat' dir='ltr'>claudendum</span> <span class='ocrx_word' id='word_1_916' title='bbox 2016 1424 2025 1439; x_wconf 86' lang='lat'>‚</span> <span class='ocrx_word' id='word_1_917' title='bbox 2067 1408 2099 1432; x_wconf 84' lang='lat' dir='ltr'>at</span> 
     </span>
     <span class='ocr_line' id='line_1_111' title="bbox 1078 1448 2098 1493; baseline -0.01 -8"><span class='ocrx_word' id='word_1_918' title='bbox 1078 1453 1185 1485; x_wconf 78' lang='lat' dir='ltr'>saltem</span> <span class='ocrx_word' id='word_1_919' title='bbox 1209 1463 1247 1483; x_wconf 76' lang='lat' dir='ltr'>ex</span> <span class='ocrx_word' id='word_1_920' title='bbox 1273 1459 1361 1492; x_wconf 85' lang='lat' dir='ltr'>parte</span> <span class='ocrx_word' id='word_1_921' title='bbox 1387 1450 1493 1492; x_wconf 82' lang='lat' dir='ltr'>aliqua</span> <span class='ocrx_word' id='word_1_922' title='bbox 1518 1449 1730 1491; x_wconf 88' lang='lat' dir='ltr'>operiendum</span> <span class='ocrx_word' id='word_1_923' title='bbox 1754 1448 1904 1489; x_wconf 82' lang='lat' dir='ltr'>impellat</span> <span class='ocrx_word' id='word_1_924' title='bbox 1924 1471 1932 1486; x_wconf 90' lang='lat'>,</span> <span class='ocrx_word' id='word_1_925' title='bbox 1967 1452 2098 1493; x_wconf 75' lang='lat' dir='ltr'>pertur-</span> 
     </span>
     <span class='ocr_line' id='line_1_112' title="bbox 1078 1492 2103 1535; baseline -0.011 -7"><span class='ocrx_word' id='word_1_926' title='bbox 1078 1497 1190 1529; x_wconf 72' lang='lat' dir='ltr'>batum</span> <span class='ocrx_word' id='word_1_927' title='bbox 1218 1496 1257 1526; x_wconf 89' lang='lat' dir='ltr'>iri</span> <span class='ocrx_word' id='word_1_928' title='bbox 1283 1496 1315 1526; x_wconf 89' lang='lat' dir='ltr'>in</span> <span class='ocrx_word' id='word_1_929' title='bbox 1340 1505 1464 1535; x_wconf 77' lang='lat' dir='ltr'>organo</span> <span class='ocrx_word' id='word_1_930' title='bbox 1490 1495 1654 1533; x_wconf 73' lang='lat' dir='ltr'>praecipuo</span> <span class='ocrx_word' id='word_1_931' title='bbox 1692 1502 1816 1526; x_wconf 86' lang='lat' dir='ltr'>certum</span> <span class='ocrx_word' id='word_1_932' title='bbox 1841 1492 1937 1523; x_wconf 84' lang='lat' dir='ltr'>illum</span> <span class='ocrx_word' id='word_1_933' title='bbox 1963 1497 2022 1529; x_wconf 82' lang='lat' dir='ltr'>qm</span> <span class='ocrx_word' id='word_1_934' title='bbox 2048 1497 2103 1518; x_wconf 90' lang='lat' dir='ltr'>re-</span> 
     </span>
     <span class='ocr_line' id='line_1_113' title="bbox 1080 1536 2102 1581; baseline -0.008 -11"><span class='ocrx_word' id='word_1_935' title='bbox 1080 1541 1223 1581; x_wconf 80' lang='lat' dir='ltr'>quiritur</span> <span class='ocrx_word' id='word_1_936' title='bbox 1248 1539 1280 1569; x_wconf 84' lang='lat' dir='ltr'>in</span> <span class='ocrx_word' id='word_1_937' title='bbox 1308 1536 1560 1577; x_wconf 71' lang='lat' dir='ltr'>respirantibus,</span> <span class='ocrx_word' id='word_1_938' title='bbox 1585 1537 1750 1577; x_wconf 84' lang='lat' dir='ltr'>sanguinis</span> <span class='ocrx_word' id='word_1_939' title='bbox 1768 1544 1920 1569; x_wconf 87' lang='lat' dir='ltr'>motum:</span> <span class='ocrx_word' id='word_1_940' title='bbox 1945 1542 2016 1573; x_wconf 80' lang='lat' dir='ltr'>quae</span> <span class='ocrx_word' id='word_1_941' title='bbox 2030 1540 2102 1572; x_wconf 87' lang='lat' dir='ltr'>per-</span> 
     </span>
     <span class='ocr_line' id='line_1_114' title="bbox 1082 1573 2102 1621; baseline -0.007 -6"><span class='ocrx_word' id='word_1_942' title='bbox 1082 1583 1229 1615; x_wconf 81' lang='lat' dir='ltr'>turbatio</span> <span class='ocrx_word' id='word_1_943' title='bbox 1253 1580 1309 1614; x_wconf 77' lang='lat' dir='ltr'>nisi</span> <span class='ocrx_word' id='word_1_944' title='bbox 1334 1581 1549 1614; x_wconf 80' lang='lat' dir='ltr'>imminuatur</span> <span class='ocrx_word' id='word_1_945' title='bbox 1567 1605 1576 1619; x_wconf 84' lang='lat'><strong>‚</strong></span> <span class='ocrx_word' id='word_1_946' title='bbox 1603 1578 1655 1613; x_wconf 86' lang='lat' dir='ltr'>sed</span> <span class='ocrx_word' id='word_1_947' title='bbox 1678 1578 1777 1621; x_wconf 88' lang='lat' dir='ltr'>usque</span> <span class='ocrx_word' id='word_1_948' title='bbox 1802 1582 1833 1611; x_wconf 84' lang='lat'>&amp;</span> <span class='ocrx_word' id='word_1_949' title='bbox 1868 1576 1966 1618; x_wconf 88' lang='lat' dir='ltr'>usque</span> <span class='ocrx_word' id='word_1_950' title='bbox 1991 1573 2102 1621; x_wconf 65' lang='lat' dir='ltr'>eadem</span> 
     </span>
     <span class='ocr_line' id='line_1_115' title="bbox 1082 1617 2106 1668; baseline -0.01 -10"><span class='ocrx_word' id='word_1_951' title='bbox 1082 1625 1218 1668; x_wconf 75' lang='lat' dir='ltr'>perstet3</span> <span class='ocrx_word' id='word_1_952' title='bbox 1245 1634 1351 1657; x_wconf 80' lang='lat' dir='ltr'>motus</span> <span class='ocrx_word' id='word_1_953' title='bbox 1375 1623 1507 1657; x_wconf 88' lang='lat' dir='ltr'>demum</span> <span class='ocrx_word' id='word_1_954' title='bbox 1534 1621 1665 1661; x_wconf 77' lang='lat' dir='ltr'>cordis,</span> <span class='ocrx_word' id='word_1_955' title='bbox 1692 1625 1723 1655; x_wconf 72' lang='grc' dir='ltr'>δε</span> <span class='ocrx_word' id='word_1_956' title='bbox 1758 1622 1920 1663; x_wconf 77' lang='lat' dir='ltr'>sanguinis</span> <span class='ocrx_word' id='word_1_957' title='bbox 1946 1617 2106 1650; x_wconf 81' lang='lat' dir='ltr'>sufflami-</span> 
     </span>
     <span class='ocr_line' id='line_1_116' title="bbox 1083 1666 1433 1707; baseline -0.011 -4"><span class='ocrx_word' id='word_1_958' title='bbox 1083 1679 1198 1707; x_wconf 86' lang='lat' dir='ltr'>netur,</span> <span class='ocrx_word' id='word_1_959' title='bbox 1223 1666 1342 1702; x_wconf 87' lang='lat' dir='ltr'>necesse</span> <span class='ocrx_word' id='word_1_960' title='bbox 1367 1667 1407 1700; x_wconf 80' lang='lat' dir='ltr'>est</span> <span class='ocrx_word' id='word_1_961' title='bbox 1426 1692 1433 1700; x_wconf 90' lang='lat'><strong>.</strong></span> 
     </span>
    </p>

    <p class='ocr_par' dir='ltr' id='par_1_20' title="bbox 1074 1706 2105 3615">
     <span class='ocr_line' id='line_1_117' title="bbox 1125 1706 2103 1755; baseline -0.006 -11"><span class='ocrx_word' id='word_1_962' title='bbox 1125 1716 1177 1755; x_wconf 61' lang='lat'>64.</span> <span class='ocrx_word' id='word_1_963' title='bbox 1204 1712 1327 1751; x_wconf 78' lang='lat' dir='ltr'>Vides,</span> <span class='ocrx_word' id='word_1_964' title='bbox 1354 1720 1390 1743; x_wconf 87' lang='lat' dir='ltr'>ut</span> <span class='ocrx_word' id='word_1_965' title='bbox 1417 1709 1604 1752; x_wconf 63' lang='lat' dir='ltr'>amplissima</span> <span class='ocrx_word' id='word_1_966' title='bbox 1621 1733 1630 1748; x_wconf 89' lang='lat'>‚</span> <span class='ocrx_word' id='word_1_967' title='bbox 1656 1709 1831 1753; x_wconf 85' lang='lat' dir='ltr'>eademque</span> <span class='ocrx_word' id='word_1_968' title='bbox 1866 1706 2103 1750; x_wconf 64' lang='lat' dir='ltr'>propemodum</span> 
     </span>
     <span class='ocr_line' id='line_1_118' title="bbox 1081 1751 2103 1795; baseline -0.007 -7"><span class='ocrx_word' id='word_1_969' title='bbox 1081 1757 1244 1789; x_wconf 83' lang='lat' dir='ltr'>intentata</span> <span class='ocrx_word' id='word_1_970' title='bbox 1270 1765 1376 1795; x_wconf 83' lang='lat' dir='ltr'>pateat</span> <span class='ocrx_word' id='word_1_971' title='bbox 1401 1756 1451 1786; x_wconf 87' lang='lat' dir='ltr'>via</span> <span class='ocrx_word' id='word_1_972' title='bbox 1487 1754 1522 1786; x_wconf 84' lang='lat' dir='ltr'>ad</span> <span class='ocrx_word' id='word_1_973' title='bbox 1557 1765 1666 1786; x_wconf 88' lang='lat' dir='ltr'>recens</span> <span class='ocrx_word' id='word_1_974' title='bbox 1704 1764 1857 1787; x_wconf 81' lang='lat' dir='ltr'>natorum</span> <span class='ocrx_word' id='word_1_975' title='bbox 1897 1751 2027 1783; x_wconf 81' lang='lat' dir='ltr'>morbos</span> <span class='ocrx_word' id='word_1_976' title='bbox 2054 1759 2103 1782; x_wconf 86' lang='lat' dir='ltr'>at-</span> 
     </span>
     <span class='ocr_line' id='line_1_119' title="bbox 1081 1792 2104 1842; baseline -0.006 -11"><span class='ocrx_word' id='word_1_977' title='bbox 1081 1808 1167 1832; x_wconf 76' lang='lat' dir='ltr'>tenta</span> <span class='ocrx_word' id='word_1_978' title='bbox 1183 1825 1190 1836; x_wconf 89' lang='lat'>,</span> <span class='ocrx_word' id='word_1_979' title='bbox 1213 1800 1290 1832; x_wconf 82' lang='lat' dir='ltr'>dum</span> <span class='ocrx_word' id='word_1_980' title='bbox 1316 1800 1431 1830; x_wconf 88' lang='lat' dir='ltr'>vivunt</span> <span class='ocrx_word' id='word_1_981' title='bbox 1455 1797 1705 1836; x_wconf 85' lang='lat' dir='ltr'>observatione,</span> <span class='ocrx_word' id='word_1_982' title='bbox 1731 1806 1881 1842; x_wconf 64' lang='lat' dir='ltr'>accurata</span> <span class='ocrx_word' id='word_1_983' title='bbox 1903 1803 2009 1827; x_wconf 85' lang='lat' dir='ltr'>autem</span> <span class='ocrx_word' id='word_1_984' title='bbox 2035 1792 2104 1835; x_wconf 83' lang='lat' dir='ltr'>post</span> 
     </span>
     <span class='ocr_line' id='line_1_120' title="bbox 1082 1839 2103 1882; baseline -0.004 -7"><span class='ocrx_word' id='word_1_985' title='bbox 1082 1853 1220 1875; x_wconf 85' lang='lat' dir='ltr'>mortem</span> <span class='ocrx_word' id='word_1_986' title='bbox 1255 1840 1445 1875; x_wconf 53' lang='lat' dir='ltr'>dissertione</span> <span class='ocrx_word' id='word_1_987' title='bbox 1490 1841 1749 1882; x_wconf 78' lang='lat' dir='ltr'>pervestigandos</span> <span class='ocrx_word' id='word_1_988' title='bbox 1778 1867 1787 1881; x_wconf 89' lang='lat'>‚</span> <span class='ocrx_word' id='word_1_989' title='bbox 1820 1839 1882 1872; x_wconf 86' lang='lat' dir='ltr'>nisi</span> <span class='ocrx_word' id='word_1_990' title='bbox 1930 1846 2103 1879; x_wconf 83' lang='lat' dir='ltr'>parentum</span> 
     </span>
     <span class='ocr_line' id='line_1_121' title="bbox 1081 1881 2103 1928; baseline -0.004 -11"><span class='ocrx_word' id='word_1_991' title='bbox 1081 1887 1190 1928; x_wconf 86' lang='lat' dir='ltr'>inepta</span> <span class='ocrx_word' id='word_1_992' title='bbox 1215 1886 1353 1919; x_wconf 73' lang='lat' dir='ltr'>charitas</span> <span class='ocrx_word' id='word_1_993' title='bbox 1376 1883 1515 1917; x_wconf 84' lang='lat' dir='ltr'>obstaret</span> <span class='ocrx_word' id='word_1_994' title='bbox 1542 1909 1548 1915; x_wconf 96' lang='lat'>.</span> <span class='ocrx_word' id='word_1_995' title='bbox 1585 1885 1656 1925; x_wconf 80' lang='lat' dir='ltr'>Qi</span> <span class='ocrx_word' id='word_1_996' title='bbox 1683 1895 1788 1917; x_wconf 83' lang='lat' dir='ltr'>tamen</span> <span class='ocrx_word' id='word_1_997' title='bbox 1828 1881 2003 1923; x_wconf 78' lang='lat' dir='ltr'>aliquando</span> <span class='ocrx_word' id='word_1_998' title='bbox 2027 1893 2103 1914; x_wconf 80' lang='lat' dir='ltr'>cum</span> 
     </span>
     <span class='ocr_line' id='line_1_122' title="bbox 1080 1925 2103 1969; baseline -0.005 -8"><span class='ocrx_word' id='word_1_999' title='bbox 1080 1928 1220 1962; x_wconf 85' lang='lat' dir='ltr'>infantes</span> <span class='ocrx_word' id='word_1_1000' title='bbox 1245 1928 1316 1962; x_wconf 87' lang='lat' dir='ltr'>suos</span> <span class='ocrx_word' id='word_1_1001' title='bbox 1353 1928 1454 1960; x_wconf 86' lang='lat' dir='ltr'>alium</span> <span class='ocrx_word' id='word_1_1002' title='bbox 1488 1927 1558 1969; x_wconf 86' lang='lat' dir='ltr'>post</span> <span class='ocrx_word' id='word_1_1003' title='bbox 1594 1928 1694 1961; x_wconf 86' lang='lat' dir='ltr'>alium</span> <span class='ocrx_word' id='word_1_1004' title='bbox 1730 1928 1769 1961; x_wconf 87' lang='lat' dir='ltr'>ad</span> <span class='ocrx_word' id='word_1_1005' title='bbox 1801 1926 1939 1960; x_wconf 86' lang='lat' dir='ltr'>eundem</span> <span class='ocrx_word' id='word_1_1006' title='bbox 1967 1925 2103 1957; x_wconf 85' lang='lat' dir='ltr'>modum</span> 
     </span>
     <span class='ocr_line' id='line_1_123' title="bbox 1080 1969 2104 2011; baseline -0.003 -6"><span class='ocrx_word' id='word_1_1007' title='bbox 1080 1973 1235 2005; x_wconf 79' lang='lat' dir='ltr'>amittunt</span> <span class='ocrx_word' id='word_1_1008' title='bbox 1262 1998 1270 2011; x_wconf 82' lang='lat'><em>‚</em></span> <span class='ocrx_word' id='word_1_1009' title='bbox 1305 1980 1376 2004; x_wconf 88' lang='lat' dir='ltr'>turn</span> <span class='ocrx_word' id='word_1_1010' title='bbox 1408 1970 1549 2011; x_wconf 85' lang='lat' dir='ltr'>denique</span> <span class='ocrx_word' id='word_1_1011' title='bbox 1576 1995 1588 2011; x_wconf 94' lang='lat'>,</span> <span class='ocrx_word' id='word_1_1012' title='bbox 1624 1971 1645 2004; x_wconf 83' lang='lat' dir='ltr'>si</span> <span class='ocrx_word' id='word_1_1013' title='bbox 1682 1971 1767 2005; x_wconf 86' lang='lat' dir='ltr'>forte</span> <span class='ocrx_word' id='word_1_1014' title='bbox 1815 1969 1994 2003; x_wconf 87' lang='lat' dir='ltr'>nascituros</span> <span class='ocrx_word' id='word_1_1015' title='bbox 2043 1969 2104 2002; x_wconf 88' lang='lat' dir='ltr'>ser-</span> 
     </span>
     <span class='ocr_line' id='line_1_124' title="bbox 1082 2012 2103 2054; baseline -0.001 -7"><span class='ocrx_word' id='word_1_1016' title='bbox 1082 2027 1154 2049; x_wconf 84' lang='lat' dir='ltr'>vare</span> <span class='ocrx_word' id='word_1_1017' title='bbox 1179 2016 1292 2049; x_wconf 60' lang='lat' dir='ltr'>possint</span> <span class='ocrx_word' id='word_1_1018' title='bbox 1318 2040 1326 2052; x_wconf 92' lang='lat'><em>‚</em></span> <span class='ocrx_word' id='word_1_1019' title='bbox 1360 2014 1392 2046; x_wconf 91' lang='lat' dir='ltr'>id</span> <span class='ocrx_word' id='word_1_1020' title='bbox 1420 2014 1559 2048; x_wconf 81' lang='lat' dir='ltr'>Medicis</span> <span class='ocrx_word' id='word_1_1021' title='bbox 1596 2015 1684 2048; x_wconf 78' lang='lat' dir='ltr'>ultro</span> <span class='ocrx_word' id='word_1_1022' title='bbox 1723 2014 1864 2049; x_wconf 83' lang='lat' dir='ltr'>offerunt</span> <span class='ocrx_word' id='word_1_1023' title='bbox 1901 2013 1989 2054; x_wconf 86' lang='lat' dir='ltr'>quod</span> <span class='ocrx_word' id='word_1_1024' title='bbox 2027 2012 2103 2046; x_wconf 81' lang='lat' dir='ltr'>alias</span> 
     </span>
     <span class='ocr_line' id='line_1_125' title="bbox 1084 2057 2105 2101; baseline -0.002 -10"><span class='ocrx_word' id='word_1_1025' title='bbox 1084 2058 1268 2101; x_wconf 80' lang='lat' dir='ltr'>negassent.</span> <span class='ocrx_word' id='word_1_1026' title='bbox 1296 2059 1422 2090; x_wconf 86' lang='lat' dir='ltr'>Verum</span> <span class='ocrx_word' id='word_1_1027' title='bbox 1448 2057 1530 2091; x_wconf 80' lang='lat' dir='ltr'>haud</span> <span class='ocrx_word' id='word_1_1028' title='bbox 1559 2070 1632 2090; x_wconf 84' lang='lat' dir='ltr'>raro</span> <span class='ocrx_word' id='word_1_1029' title='bbox 1657 2058 1807 2092; x_wconf 88' lang='lat' dir='ltr'>incidunt</span> <span class='ocrx_word' id='word_1_1030' title='bbox 1836 2059 1870 2089; x_wconf 90' lang='lat' dir='ltr'>in</span> <span class='ocrx_word' id='word_1_1031' title='bbox 1898 2058 1960 2089; x_wconf 72' lang='lat' dir='ltr'>Rei</span> <span class='ocrx_word' id='word_1_1032' title='bbox 1978 2057 2105 2090; x_wconf 86' lang='lat' dir='ltr'>Anato-</span> 
     </span>
     <span class='ocr_line' id='line_1_126' title="bbox 1084 2101 2103 2144; baseline -0.003 -9"><span class='ocrx_word' id='word_1_1033' title='bbox 1084 2106 1174 2135; x_wconf 57' lang='lat' dir='ltr'>mics:</span> <span class='ocrx_word' id='word_1_1034' title='bbox 1199 2113 1254 2135; x_wconf 87' lang='lat' dir='ltr'>aut</span> <span class='ocrx_word' id='word_1_1035' title='bbox 1279 2103 1394 2138; x_wconf 81' lang='lat' dir='ltr'>rudes,</span> <span class='ocrx_word' id='word_1_1036' title='bbox 1421 2110 1478 2134; x_wconf 88' lang='lat' dir='ltr'>aut</span> <span class='ocrx_word' id='word_1_1037' title='bbox 1503 2111 1766 2144; x_wconf 80' lang='lat' dir='ltr'>contemptores,</span> <span class='ocrx_word' id='word_1_1038' title='bbox 1791 2112 1929 2144; x_wconf 82' lang='lat' dir='ltr'>quorum</span> <span class='ocrx_word' id='word_1_1039' title='bbox 1946 2111 2006 2142; x_wconf 88' lang='lat' dir='ltr'>ego</span> <span class='ocrx_word' id='word_1_1040' title='bbox 2023 2101 2103 2133; x_wconf 90' lang='lat' dir='ltr'>olim</span> 
     </span>
     <span class='ocr_line' id='line_1_127' title="bbox 1081 2144 2101 2188; baseline 0 -11"><span class='ocrx_word' id='word_1_1041' title='bbox 1081 2155 1243 2188; x_wconf 78' lang='lat' dir='ltr'>utrunque</span> <span class='ocrx_word' id='word_1_1042' title='bbox 1267 2157 1366 2187; x_wconf 81' lang='lat' dir='ltr'>genus</span> <span class='ocrx_word' id='word_1_1043' title='bbox 1390 2146 1422 2176; x_wconf 87' lang='lat' dir='ltr'>in</span> <span class='ocrx_word' id='word_1_1044' title='bbox 1451 2156 1516 2177; x_wconf 84' lang='lat' dir='ltr'>uno</span> <span class='ocrx_word' id='word_1_1045' title='bbox 1541 2144 1720 2188; x_wconf 84' lang='lat' dir='ltr'>eodemque</span> <span class='ocrx_word' id='word_1_1046' title='bbox 1746 2145 1820 2179; x_wconf 87' lang='lat' dir='ltr'>casu</span> <span class='ocrx_word' id='word_1_1047' title='bbox 1834 2144 2002 2186; x_wconf 84' lang='lat' dir='ltr'>perspexi.</span> <span class='ocrx_word' id='word_1_1048' title='bbox 2030 2145 2101 2182; x_wconf 85' lang='lat' dir='ltr'>Qui</span> 
     </span>
     <span class='ocr_line' id='line_1_128' title="bbox 1080 2187 2102 2231; baseline -0.001 -10"><span class='ocrx_word' id='word_1_1049' title='bbox 1080 2199 1188 2221; x_wconf 82' lang='lat' dir='ltr'>recens</span> <span class='ocrx_word' id='word_1_1050' title='bbox 1213 2197 1303 2221; x_wconf 82' lang='lat' dir='ltr'>natos</span> <span class='ocrx_word' id='word_1_1051' title='bbox 1328 2187 1496 2221; x_wconf 86' lang='lat' dir='ltr'>secuerunt</span> <span class='ocrx_word' id='word_1_1052' title='bbox 1522 2212 1534 2228; x_wconf 90' lang='lat'>,</span> <span class='ocrx_word' id='word_1_1053' title='bbox 1568 2189 1601 2221; x_wconf 85' lang='lat' dir='ltr'>id</span> <span class='ocrx_word' id='word_1_1054' title='bbox 1636 2190 1725 2231; x_wconf 88' lang='lat' dir='ltr'>quod</span> <span class='ocrx_word' id='word_1_1055' title='bbox 1750 2191 1782 2222; x_wconf 89' lang='lat' dir='ltr'>in</span> <span class='ocrx_word' id='word_1_1056' title='bbox 1808 2187 1857 2222; x_wconf 88' lang='lat' dir='ltr'>his</span> <span class='ocrx_word' id='word_1_1057' title='bbox 1892 2191 2031 2220; x_wconf 84' lang='lat' dir='ltr'>maxime</span> <span class='ocrx_word' id='word_1_1058' title='bbox 2056 2189 2102 2220; x_wconf 89' lang='lat' dir='ltr'>se-</span> 
     </span>
     <span class='ocr_line' id='line_1_129' title="bbox 1079 2231 2101 2274; baseline 0.001 -10"><span class='ocrx_word' id='word_1_1059' title='bbox 1079 2232 1222 2265; x_wconf 86' lang='lat' dir='ltr'>cundum</span> <span class='ocrx_word' id='word_1_1060' title='bbox 1246 2240 1393 2264; x_wconf 78' lang='lat' dir='ltr'>naturam</span> <span class='ocrx_word' id='word_1_1061' title='bbox 1418 2231 1461 2264; x_wconf 80' lang='lat' dir='ltr'>est</span> <span class='ocrx_word' id='word_1_1062' title='bbox 1477 2254 1485 2266; x_wconf 84' lang='lat'>‚</span> <span class='ocrx_word' id='word_1_1063' title='bbox 1511 2243 1570 2273; x_wconf 92' lang='lat' dir='ltr'>pro</span> <span class='ocrx_word' id='word_1_1064' title='bbox 1595 2231 1719 2266; x_wconf 85' lang='lat' dir='ltr'>funesto</span> <span class='ocrx_word' id='word_1_1065' title='bbox 1743 2233 1886 2274; x_wconf 86' lang='lat' dir='ltr'>ipsorum</span> <span class='ocrx_word' id='word_1_1066' title='bbox 1911 2232 2029 2265; x_wconf 77' lang='lat' dir='ltr'>morbo</span> <span class='ocrx_word' id='word_1_1067' title='bbox 2053 2243 2101 2265; x_wconf 87' lang='lat' dir='ltr'>re-</span> 
     </span>
     <span class='ocr_line' id='line_1_130' title="bbox 1080 2273 2101 2313; baseline 0 -5"><span class='ocrx_word' id='word_1_1068' title='bbox 1080 2273 1225 2309; x_wconf 81' lang='lat' dir='ltr'>ferebant</span> <span class='ocrx_word' id='word_1_1069' title='bbox 1249 2298 1260 2313; x_wconf 85' lang='lat'>,</span> <span class='ocrx_word' id='word_1_1070' title='bbox 1294 2276 1406 2307; x_wconf 78' lang='lat' dir='ltr'>cranio</span> <span class='ocrx_word' id='word_1_1071' title='bbox 1431 2276 1550 2308; x_wconf 57' lang='lat' dir='ltr'>affinius</span> <span class='ocrx_word' id='word_1_1072' title='bbox 1575 2274 1792 2309; x_wconf 80' lang='lat' dir='ltr'>adhaerentem</span> <span class='ocrx_word' id='word_1_1073' title='bbox 1819 2277 1944 2309; x_wconf 81' lang='lat' dir='ltr'>Duram</span> <span class='ocrx_word' id='word_1_1074' title='bbox 1972 2278 2101 2308; x_wconf 88' lang='lat' dir='ltr'>menin-</span> 
     </span>
     <span class='ocr_line' id='line_1_131' title="bbox 1080 2317 2099 2362; baseline 0 -10"><span class='ocrx_word' id='word_1_1075' title='bbox 1080 2330 1170 2360; x_wconf 78' lang='lat' dir='ltr'>gem.</span> <span class='ocrx_word' id='word_1_1076' title='bbox 1198 2319 1268 2361; x_wconf 76' lang='lat' dir='ltr'>Qui</span> <span class='ocrx_word' id='word_1_1077' title='bbox 1295 2318 1547 2351; x_wconf 78' lang='lat' dir='ltr'>consulebantur</span> <span class='ocrx_word' id='word_1_1078' title='bbox 1568 2341 1578 2356; x_wconf 91' lang='lat'>‚</span> <span class='ocrx_word' id='word_1_1079' title='bbox 1610 2329 1812 2362; x_wconf 85' lang='lat' dir='ltr'>quantopere</span> <span class='ocrx_word' id='word_1_1080' title='bbox 1836 2317 2099 2360; x_wconf 78' lang='lat' dir='ltr'>contempsissent</span> 
     </span>
     <span class='ocr_line' id='line_1_132' title="bbox 1080 2361 2098 2404; baseline 0.002 -10"><span class='ocrx_word' id='word_1_1081' title='bbox 1080 2365 1261 2395; x_wconf 84' lang='lat' dir='ltr'>Anatotnen</span> <span class='ocrx_word' id='word_1_1082' title='bbox 1280 2386 1289 2401; x_wconf 91' lang='lat'>‚</span> <span class='ocrx_word' id='word_1_1083' title='bbox 1312 2370 1391 2394; x_wconf 80' lang='lat' dir='ltr'>tunc</span> <span class='ocrx_word' id='word_1_1084' title='bbox 1415 2361 1490 2393; x_wconf 72' lang='lat' dir='ltr'>satis</span> <span class='ocrx_word' id='word_1_1085' title='bbox 1514 2361 1753 2401; x_wconf 77' lang='lat' dir='ltr'>ostendebant,</span> <span class='ocrx_word' id='word_1_1086' title='bbox 1788 2375 1863 2396; x_wconf 89' lang='lat' dir='ltr'>cum</span> <span class='ocrx_word' id='word_1_1087' title='bbox 1896 2362 1958 2395; x_wconf 82' lang='lat' dir='ltr'>hoc</span> <span class='ocrx_word' id='word_1_1088' title='bbox 1991 2361 2098 2404; x_wconf 86' lang='lat' dir='ltr'>ipsum</span> 
     </span>
     <span class='ocr_line' id='line_1_133' title="bbox 1081 2405 2102 2448; baseline 0.001 -10"><span class='ocrx_word' id='word_1_1089' title='bbox 1081 2408 1286 2447; x_wconf 74' lang='lat' dir='ltr'>acciperent,</span> <span class='ocrx_word' id='word_1_1090' title='bbox 1311 2405 1487 2443; x_wconf 65' lang='lat' dir='ltr'>probarent</span> <span class='ocrx_word' id='word_1_1091' title='bbox 1504 2427 1512 2442; x_wconf 88' lang='lat'><em>‚</em></span> <span class='ocrx_word' id='word_1_1092' title='bbox 1540 2408 1569 2437; x_wconf 51' lang='grc' dir='ltr'><em>ἃ</em></span> <span class='ocrx_word' id='word_1_1093' title='bbox 1592 2415 1750 2448; x_wconf 85' lang='lat' dir='ltr'>tanquam</span> <span class='ocrx_word' id='word_1_1094' title='bbox 1776 2406 2022 2439; x_wconf 82' lang='lat' dir='ltr'>fundamentum</span> <span class='ocrx_word' id='word_1_1095' title='bbox 2041 2419 2102 2439; x_wconf 84' lang='lat' dir='ltr'>eo-</span> 
     </span>
     <span class='ocr_line' id='line_1_134' title="bbox 1079 2449 2097 2491; baseline 0 -9"><span class='ocrx_word' id='word_1_1096' title='bbox 1079 2459 1152 2482; x_wconf 83' lang='lat' dir='ltr'>rum</span> <span class='ocrx_word' id='word_1_1097' title='bbox 1176 2459 1332 2490; x_wconf 85' lang='lat' dir='ltr'>ponerent</span> <span class='ocrx_word' id='word_1_1098' title='bbox 1357 2460 1427 2490; x_wconf 69' lang='lat' dir='ltr'>quae</span> <span class='ocrx_word' id='word_1_1099' title='bbox 1454 2458 1542 2480; x_wconf 78' lang='lat' dir='ltr'>erant</span> <span class='ocrx_word' id='word_1_1100' title='bbox 1558 2449 1758 2490; x_wconf 88' lang='lat' dir='ltr'>responsuri.</span> <span class='ocrx_word' id='word_1_1101' title='bbox 1786 2450 1884 2491; x_wconf 82' lang='lat' dir='ltr'>Qod</span> <span class='ocrx_word' id='word_1_1102' title='bbox 1910 2450 1930 2482; x_wconf 82' lang='lat' dir='ltr'>fi</span> <span class='ocrx_word' id='word_1_1103' title='bbox 1958 2449 2097 2491; x_wconf 83' lang='lat' dir='ltr'>diligens</span> 
     </span>
     <span class='ocr_line' id='line_1_135' title="bbox 1079 2491 2099 2533; baseline 0.003 -10"><span class='ocrx_word' id='word_1_1104' title='bbox 1079 2492 1254 2525; x_wconf 88' lang='lat' dir='ltr'>Anatomes</span> <span class='ocrx_word' id='word_1_1105' title='bbox 1282 2491 1422 2524; x_wconf 81' lang='lat' dir='ltr'>studium</span> <span class='ocrx_word' id='word_1_1106' title='bbox 1446 2493 1567 2524; x_wconf 71' lang='lat' dir='ltr'>nullam</span> <span class='ocrx_word' id='word_1_1107' title='bbox 1594 2503 1706 2533; x_wconf 71' lang='lat' dir='ltr'>praeter</span> <span class='ocrx_word' id='word_1_1108' title='bbox 1742 2492 1822 2526; x_wconf 78' lang='lat' dir='ltr'>lianc</span> <span class='ocrx_word' id='word_1_1109' title='bbox 1855 2491 1980 2526; x_wconf 82' lang='lat' dir='ltr'>afferret</span> <span class='ocrx_word' id='word_1_1110' title='bbox 2005 2494 2099 2527; x_wconf 82' lang='lat' dir='ltr'>utili-</span> 
     </span>
     <span class='ocr_line' id='line_1_136' title="bbox 1079 2536 2094 2576; baseline -0.001 -8"><span class='ocrx_word' id='word_1_1111' title='bbox 1079 2538 1180 2568; x_wconf 81' lang='lat' dir='ltr'>tatem</span> <span class='ocrx_word' id='word_1_1112' title='bbox 1211 2557 1219 2571; x_wconf 93' lang='lat'>,</span> <span class='ocrx_word' id='word_1_1113' title='bbox 1253 2544 1287 2567; x_wconf 89' lang='lat' dir='ltr'>ut</span> <span class='ocrx_word' id='word_1_1114' title='bbox 1313 2547 1352 2567; x_wconf 85' lang='lat' dir='ltr'>ex</span> <span class='ocrx_word' id='word_1_1115' title='bbox 1386 2545 1561 2576; x_wconf 86' lang='lat' dir='ltr'>corporum</span> <span class='ocrx_word' id='word_1_1116' title='bbox 1587 2536 1759 2569; x_wconf 87' lang='lat' dir='ltr'>secundum</span> <span class='ocrx_word' id='word_1_1117' title='bbox 1797 2542 1945 2570; x_wconf 72' lang='lat' dir='ltr'>naturam</span> <span class='ocrx_word' id='word_1_1118' title='bbox 1971 2537 1999 2569; x_wconf 91' lang='lat' dir='ltr'>se</span> <span class='ocrx_word' id='word_1_1119' title='bbox 2035 2537 2094 2570; x_wconf 72' lang='lat' dir='ltr'>ha-</span> 
     </span>
     <span class='ocr_line' id='line_1_137' title="bbox 1080 2579 2095 2622; baseline 0.004 -12"><span class='ocrx_word' id='word_1_1120' title='bbox 1080 2579 1229 2612; x_wconf 87' lang='lat' dir='ltr'>bentium</span> <span class='ocrx_word' id='word_1_1121' title='bbox 1253 2579 1408 2611; x_wconf 84' lang='lat' dir='ltr'>interiore</span> <span class='ocrx_word' id='word_1_1122' title='bbox 1432 2580 1687 2616; x_wconf 85' lang='lat' dir='ltr'>constitutione,</span> <span class='ocrx_word' id='word_1_1123' title='bbox 1711 2592 1781 2622; x_wconf 81' lang='lat' dir='ltr'>quae</span> <span class='ocrx_word' id='word_1_1124' title='bbox 1807 2590 1922 2621; x_wconf 72' lang='lat' dir='ltr'>praeter</span> <span class='ocrx_word' id='word_1_1125' title='bbox 1949 2592 2095 2614; x_wconf 79' lang='lat' dir='ltr'>naturam</span> 
     </span>
     <span class='ocr_line' id='line_1_138' title="bbox 1080 2621 2094 2665; baseline 0.003 -11"><span class='ocrx_word' id='word_1_1126' title='bbox 1080 2622 1141 2654; x_wconf 83' lang='lat' dir='ltr'>sint</span> <span class='ocrx_word' id='word_1_1127' title='bbox 1165 2644 1173 2658; x_wconf 92' lang='lat'><em>‚</em></span> <span class='ocrx_word' id='word_1_1128' title='bbox 1208 2631 1262 2654; x_wconf 83' lang='lat' dir='ltr'>aut</span> <span class='ocrx_word' id='word_1_1129' title='bbox 1288 2634 1353 2655; x_wconf 86' lang='lat' dir='ltr'>non</span> <span class='ocrx_word' id='word_1_1130' title='bbox 1390 2621 1450 2654; x_wconf 85' lang='lat' dir='ltr'>sint</span> <span class='ocrx_word' id='word_1_1131' title='bbox 1475 2624 1507 2654; x_wconf 86' lang='lat' dir='ltr'>in</span> <span class='ocrx_word' id='word_1_1132' title='bbox 1535 2624 1756 2665; x_wconf 82' lang='lat' dir='ltr'>perquirendis</span> <span class='ocrx_word' id='word_1_1133' title='bbox 1784 2624 1971 2657; x_wconf 79' lang='lat' dir='ltr'>morborum</span> <span class='ocrx_word' id='word_1_1134' title='bbox 1997 2625 2094 2658; x_wconf 78' lang='lat' dir='ltr'>causis</span> 
     </span>
     <span class='ocr_line' id='line_1_139' title="bbox 1080 2665 2096 2706; baseline 0.003 -9"><span class='ocrx_word' id='word_1_1135' title='bbox 1080 2665 1336 2704; x_wconf 80' lang='lat' dir='ltr'>addisceremus,·</span> <span class='ocrx_word' id='word_1_1136' title='bbox 1357 2666 1464 2706; x_wconf 82' lang='lat' dir='ltr'>magni</span> <span class='ocrx_word' id='word_1_1137' title='bbox 1491 2676 1577 2699; x_wconf 82' lang='lat' dir='ltr'>cette</span> <span class='ocrx_word' id='word_1_1138' title='bbox 1601 2665 1789 2700; x_wconf 83' lang='lat' dir='ltr'>faciendum</span> <span class='ocrx_word' id='word_1_1139' title='bbox 1814 2667 1912 2705; x_wconf 73' lang='lat' dir='ltr'>esset,-</span> <span class='ocrx_word' id='word_1_1140' title='bbox 1937 2680 2001 2700; x_wconf 88' lang='lat' dir='ltr'>non</span> <span class='ocrx_word' id='word_1_1141' title='bbox 2018 2679 2096 2700; x_wconf 87' lang='lat' dir='ltr'>con—</span> 
     </span>
     <span class='ocr_line' id='line_1_140' title="bbox 1078 2708 2094 2752; baseline 0.003 -12"><span class='ocrx_word' id='word_1_1142' title='bbox 1078 2710 1287 2742; x_wconf 83' lang='lat' dir='ltr'>temnendum</span> <span class='ocrx_word' id='word_1_1143' title='bbox 1310 2734 1316 2740; x_wconf 88' lang='lat'>.</span> <span class='ocrx_word' id='word_1_1144' title='bbox 1353 2708 1533 2742; x_wconf 85' lang='lat' dir='ltr'>Peculiaria</span> <span class='ocrx_word' id='word_1_1145' title='bbox 1557 2718 1662 2743; x_wconf 84' lang='lat' dir='ltr'>autem</span> <span class='ocrx_word' id='word_1_1146' title='bbox 1700 2711 1790 2752; x_wconf 86' lang='lat' dir='ltr'>plura</span> <span class='ocrx_word' id='word_1_1147' title='bbox 1816 2720 1932 2752; x_wconf 75' lang='lat' dir='ltr'>praeter</span> <span class='ocrx_word' id='word_1_1148' title='bbox 1966 2724 1996 2744; x_wconf 72' lang='lat' dir='ltr'>ea</span> <span class='ocrx_word' id='word_1_1149' title='bbox 2023 2722 2094 2752; x_wconf 75' lang='lat' dir='ltr'>quae</span> 
     </span>
     <span class='ocr_line' id='line_1_141' title="bbox 1079 2751 2091 2794; baseline 0.003 -11"><span class='ocrx_word' id='word_1_1150' title='bbox 1079 2751 1169 2794; x_wconf 59' lang='lat' dir='ltr'>supra</span> <span class='ocrx_word' id='word_1_1151' title='bbox 1205 2754 1453 2786; x_wconf 80' lang='lat' dir='ltr'>memoravimus</span> <span class='ocrx_word' id='word_1_1152' title='bbox 1475 2776 1487 2791; x_wconf 88' lang='lat'>,</span> <span class='ocrx_word' id='word_1_1153' title='bbox 1522 2753 1640 2786; x_wconf 75' lang='lat' dir='ltr'>habent</span> <span class='ocrx_word' id='word_1_1154' title='bbox 1674 2755 1867 2786; x_wconf 85' lang='lat' dir='ltr'>tenellorum</span> <span class='ocrx_word' id='word_1_1155' title='bbox 1913 2755 2091 2787; x_wconf 73' lang='lat' dir='ltr'>ins-antium</span> 
     </span>
     <span class='ocr_line' id='line_1_142' title="bbox 1077 2796 2091 2838; baseline 0.002 -10"><span class='ocrx_word' id='word_1_1156' title='bbox 1077 2807 1213 2838; x_wconf 88' lang='lat' dir='ltr'>corpora</span> <span class='ocrx_word' id='word_1_1157' title='bbox 1239 2818 1247 2833; x_wconf 92' lang='lat'>,</span> <span class='ocrx_word' id='word_1_1158' title='bbox 1274 2806 1309 2829; x_wconf 93' lang='lat' dir='ltr'>ut</span> <span class='ocrx_word' id='word_1_1159' title='bbox 1335 2797 1366 2826; x_wconf 90' lang='lat' dir='ltr'>in</span> <span class='ocrx_word' id='word_1_1160' title='bbox 1392 2796 1507 2829; x_wconf 84' lang='lat' dir='ltr'>horum</span> <span class='ocrx_word' id='word_1_1161' title='bbox 1532 2808 1663 2838; x_wconf 86' lang='lat' dir='ltr'>quoque</span> <span class='ocrx_word' id='word_1_1162' title='bbox 1686 2796 1872 2830; x_wconf 62' lang='lat' dir='ltr'>dissectione</span> <span class='ocrx_word' id='word_1_1163' title='bbox 1896 2797 1956 2830; x_wconf 84' lang='lat' dir='ltr'>esse</span> <span class='ocrx_word' id='word_1_1164' title='bbox 1978 2798 2091 2830; x_wconf 73' lang='lat' dir='ltr'>debeat</span> 
     </span>
     <span class='ocr_line' id='line_1_143' title="bbox 1076 2839 2091 2882; baseline 0.002 -10"><span class='ocrx_word' id='word_1_1165' title='bbox 1076 2841 1268 2873; x_wconf 86' lang='lat' dir='ltr'>exercitatus</span> <span class='ocrx_word' id='word_1_1166' title='bbox 1300 2841 1355 2880; x_wconf 88' lang='lat' dir='ltr'>qui</span> <span class='ocrx_word' id='word_1_1167' title='bbox 1382 2839 1516 2871; x_wconf 77' lang='lat' dir='ltr'>latentes</span> <span class='ocrx_word' id='word_1_1168' title='bbox 1552 2840 1628 2871; x_wconf 85' lang='lat' dir='ltr'>velit</span> <span class='ocrx_word' id='word_1_1169' title='bbox 1655 2851 1765 2872; x_wconf 82' lang='lat' dir='ltr'>eorum</span> <span class='ocrx_word' id='word_1_1170' title='bbox 1791 2841 1920 2872; x_wconf 86' lang='lat' dir='ltr'>morbos</span> <span class='ocrx_word' id='word_1_1171' title='bbox 1944 2842 2091 2882; x_wconf 85' lang='lat' dir='ltr'>inquire-</span> 
     </span>
     <span class='ocr_line' id='line_1_144' title="bbox 1076 2883 2090 2926; baseline 0.004 -13"><span class='ocrx_word' id='word_1_1172' title='bbox 1076 2893 1132 2921; x_wconf 86' lang='lat' dir='ltr'>re,</span> <span class='ocrx_word' id='word_1_1173' title='bbox 1156 2886 1185 2915; x_wconf 83' lang='lat'>&amp;</span> <span class='ocrx_word' id='word_1_1174' title='bbox 1210 2896 1244 2916; x_wconf 79' lang='lat' dir='ltr'>ea</span> <span class='ocrx_word' id='word_1_1175' title='bbox 1267 2893 1337 2925; x_wconf 82' lang='lat' dir='ltr'>quae</span> <span class='ocrx_word' id='word_1_1176' title='bbox 1364 2883 1509 2915; x_wconf 86' lang='lat' dir='ltr'>morbida</span> <span class='ocrx_word' id='word_1_1177' title='bbox 1546 2894 1651 2915; x_wconf 81' lang='lat' dir='ltr'>revera</span> <span class='ocrx_word' id='word_1_1178' title='bbox 1678 2883 1748 2915; x_wconf 87' lang='lat' dir='ltr'>sunt</span> <span class='ocrx_word' id='word_1_1179' title='bbox 1773 2905 1781 2919; x_wconf 88' lang='lat'>‚</span> <span class='ocrx_word' id='word_1_1180' title='bbox 1818 2895 1891 2916; x_wconf 81' lang='lat' dir='ltr'>cum</span> <span class='ocrx_word' id='word_1_1181' title='bbox 1916 2885 1954 2916; x_wconf 88' lang='lat' dir='ltr'>iis</span> <span class='ocrx_word' id='word_1_1182' title='bbox 1991 2884 2090 2926; x_wconf 73' lang='lat' dir='ltr'>signis</span> 
     </span>
     <span class='ocr_line' id='line_1_145' title="bbox 1077 2925 2088 2968; baseline 0.004 -10"><span class='ocrx_word' id='word_1_1183' title='bbox 1077 2925 1224 2960; x_wconf 88' lang='lat' dir='ltr'>conferre</span> <span class='ocrx_word' id='word_1_1184' title='bbox 1249 2937 1319 2968; x_wconf 84' lang='lat' dir='ltr'>quae</span> <span class='ocrx_word' id='word_1_1185' title='bbox 1344 2926 1377 2956; x_wconf 86' lang='lat' dir='ltr'>in</span> <span class='ocrx_word' id='word_1_1186' title='bbox 1404 2926 1591 2959; x_wconf 82' lang='lat' dir='ltr'>viventibus</span> <span class='ocrx_word' id='word_1_1187' title='bbox 1616 2926 1901 2964; x_wconf 80' lang='lat' dir='ltr'>animadverterit,</span> <span class='ocrx_word' id='word_1_1188' title='bbox 1928 2926 2088 2962; x_wconf 80' lang='lat' dir='ltr'>&amp;deinde</span> 
     </span>
     <span class='ocr_line' id='line_1_146' title="bbox 1077 2970 2089 3011; baseline 0.005 -11"><span class='ocrx_word' id='word_1_1189' title='bbox 1077 2981 1135 3011; x_wconf 88' lang='lat' dir='ltr'>pro</span> <span class='ocrx_word' id='word_1_1190' title='bbox 1172 2979 1384 3010; x_wconf 83' lang='lat' dir='ltr'>utrorumque</span> <span class='ocrx_word' id='word_1_1191' title='bbox 1408 2978 1519 3002; x_wconf 84' lang='lat' dir='ltr'>natura</span> <span class='ocrx_word' id='word_1_1192' title='bbox 1541 2991 1550 3006; x_wconf 91' lang='lat'>,</span> <span class='ocrx_word' id='word_1_1193' title='bbox 1584 2972 1613 3001; x_wconf 84' lang='lat'>&amp;</span> <span class='ocrx_word' id='word_1_1194' title='bbox 1638 2970 1737 3011; x_wconf 71' lang='lat' dir='ltr'>gradu</span> <span class='ocrx_word' id='word_1_1195' title='bbox 1758 2992 1769 3009; x_wconf 82' lang='lat'>,</span> <span class='ocrx_word' id='word_1_1196' title='bbox 1805 2970 1824 3002; x_wconf 78' lang='lat' dir='ltr'>si</span> <span class='ocrx_word' id='word_1_1197' title='bbox 1852 2983 1914 3003; x_wconf 85' lang='lat' dir='ltr'>non</span> <span class='ocrx_word' id='word_1_1198' title='bbox 1942 2974 2089 3005; x_wconf 72' lang='lat' dir='ltr'>curatio-</span> 
     </span>
     <span class='ocr_line' id='line_1_147' title="bbox 1076 3012 2087 3055; baseline 0.003 -10"><span class='ocrx_word' id='word_1_1199' title='bbox 1076 3024 1169 3052; x_wconf 89' lang='lat' dir='ltr'>nem,</span> <span class='ocrx_word' id='word_1_1200' title='bbox 1194 3023 1223 3046; x_wconf 78' lang='lat' dir='ltr'>at</span> <span class='ocrx_word' id='word_1_1201' title='bbox 1249 3013 1389 3044; x_wconf 79' lang='lat' dir='ltr'>levamen</span> <span class='ocrx_word' id='word_1_1202' title='bbox 1415 3034 1423 3048; x_wconf 91' lang='lat'>‚</span> <span class='ocrx_word' id='word_1_1203' title='bbox 1457 3014 1487 3043; x_wconf 60' lang='grc' dir='ltr'>δέ</span> <span class='ocrx_word' id='word_1_1204' title='bbox 1511 3012 1531 3045; x_wconf 84' lang='lat' dir='ltr'>si</span> <span class='ocrx_word' id='word_1_1205' title='bbox 1556 3024 1594 3044; x_wconf 88' lang='lat' dir='ltr'>ne</span> <span class='ocrx_word' id='word_1_1206' title='bbox 1619 3012 1678 3046; x_wconf 90' lang='lat' dir='ltr'>hoc</span> <span class='ocrx_word' id='word_1_1207' title='bbox 1703 3014 1834 3055; x_wconf 87' lang='lat' dir='ltr'>quidem</span> <span class='ocrx_word' id='word_1_1208' title='bbox 1863 3016 1955 3046; x_wconf 85' lang='lat' dir='ltr'>liceat</span> <span class='ocrx_word' id='word_1_1209' title='bbox 1981 3039 1993 3054; x_wconf 82' lang='lat'>,</span> <span class='ocrx_word' id='word_1_1210' title='bbox 2029 3016 2087 3048; x_wconf 87' lang='lat' dir='ltr'>sal-</span> 
     </span>
     <span class='ocr_line' id='line_1_148' title="bbox 1077 3054 2083 3100; baseline 0.003 -11"><span class='ocrx_word' id='word_1_1211' title='bbox 1077 3066 1140 3089; x_wconf 91' lang='lat' dir='ltr'>tem</span> <span class='ocrx_word' id='word_1_1212' title='bbox 1167 3055 1406 3098; x_wconf 66' lang='lat' dir='ltr'>praedifflonem</span> <span class='ocrx_word' id='word_1_1213' title='bbox 1432 3054 1546 3088; x_wconf 77' lang='lat' dir='ltr'>afferre</span> <span class='ocrx_word' id='word_1_1214' title='bbox 1568 3078 1576 3092; x_wconf 91' lang='lat'>,</span> <span class='ocrx_word' id='word_1_1215' title='bbox 1602 3056 1745 3098; x_wconf 80' lang='lat' dir='ltr'>hancque</span> <span class='ocrx_word' id='word_1_1216' title='bbox 1770 3068 1801 3089; x_wconf 87' lang='lat' dir='ltr'>ea</span> <span class='ocrx_word' id='word_1_1217' title='bbox 1827 3059 1951 3090; x_wconf 87' lang='lat' dir='ltr'>ratione</span> <span class='ocrx_word' id='word_1_1218' title='bbox 1985 3071 2083 3100; x_wconf 80' lang='lat' dir='ltr'>quam</span> 
     </span>
     <span class='ocr_line' id='line_1_149' title="bbox 1079 3098 2084 3144; baseline 0.008 -17"><span class='ocrx_word' id='word_1_1219' title='bbox 1079 3102 1241 3133; x_wconf 69' lang='lat' dir='ltr'>Anatome</span> <span class='ocrx_word' id='word_1_1220' title='bbox 1265 3098 1397 3133; x_wconf 78' lang='lat' dir='ltr'>doceat,</span> <span class='ocrx_word' id='word_1_1221' title='bbox 1423 3098 1615 3138; x_wconf 68' lang='lat' dir='ltr'>explicando</span> <span class='ocrx_word' id='word_1_1222' title='bbox 1639 3101 1867 3141; x_wconf 74' lang='lat' dir='ltr'>comprobare.</span> <span class='ocrx_word' id='word_1_1223' title='bbox 1893 3102 1944 3133; x_wconf 85' lang='lat' dir='ltr'>Sic</span> <span class='ocrx_word' id='word_1_1224' title='bbox 1980 3105 2084 3144; x_wconf 79' lang='lat' dir='ltr'>expli-</span> 
     </span>
     <span class='ocr_line' id='line_1_150' title="bbox 1078 3142 2084 3185; baseline 0.003 -10"><span class='ocrx_word' id='word_1_1225' title='bbox 1078 3153 1157 3176; x_wconf 79' lang='lat' dir='ltr'>catae</span> <span class='ocrx_word' id='word_1_1226' title='bbox 1183 3142 1426 3184; x_wconf 47' lang='lat' dir='ltr'>praedii-sionim</span> <span class='ocrx_word' id='word_1_1227' title='bbox 1452 3153 1489 3173; x_wconf 75' lang='lat' dir='ltr'>ne</span> <span class='ocrx_word' id='word_1_1228' title='bbox 1515 3155 1529 3174; x_wconf 78' lang='lat' dir='ltr'>a</span> <span class='ocrx_word' id='word_1_1229' title='bbox 1553 3146 1684 3179; x_wconf 77' lang='lat' dir='ltr'>eramo,</span> <span class='ocrx_word' id='word_1_1230' title='bbox 1707 3143 1794 3185; x_wconf 82' lang='lat' dir='ltr'>quod</span> <span class='ocrx_word' id='word_1_1231' title='bbox 1810 3146 2060 3179; x_wconf 80' lang='lat' dir='ltr'>memoravimus</span> <span class='ocrx_word' id='word_1_1232' title='bbox 2076 3169 2084 3183; x_wconf 93' lang='lat'>,</span> 
     </span>
     <span class='ocr_line' id='line_1_151' title="bbox 1078 3185 2081 3229; baseline 0.002 -11"><span class='ocrx_word' id='word_1_1233' title='bbox 1078 3188 1175 3228; x_wconf 74' lang='lat' dir='ltr'>longe</span> <span class='ocrx_word' id='word_1_1234' title='bbox 1199 3187 1344 3218; x_wconf 79' lang='lat' dir='ltr'>abeamus</span> <span class='ocrx_word' id='word_1_1235' title='bbox 1368 3197 1377 3222; x_wconf 76' lang='lat'>5</span> <span class='ocrx_word' id='word_1_1236' title='bbox 1413 3185 1594 3226; x_wconf 78' lang='lat' dir='ltr'>exemplum</span> <span class='ocrx_word' id='word_1_1237' title='bbox 1618 3189 1650 3218; x_wconf 82' lang='lat' dir='ltr'>in</span> <span class='ocrx_word' id='word_1_1238' title='bbox 1686 3186 1769 3219; x_wconf 58' lang='lat' dir='ltr'>haud„</span> <span class='ocrx_word' id='word_1_1239' title='bbox 1796 3189 1910 3228; x_wconf 69' lang='lat' dir='ltr'>ignoto</span> <span class='ocrx_word' id='word_1_1240' title='bbox 1936 3188 2081 3229; x_wconf 79' lang='lat' dir='ltr'>alioquin</span> 
     </span>
     <span class='ocr_line' id='line_1_152' title="bbox 1079 3228 2083 3271; baseline 0.002 -9"><span class='ocrx_word' id='word_1_1241' title='bbox 1079 3229 1202 3263; x_wconf 79' lang='lat' dir='ltr'>funesto</span> <span class='ocrx_word' id='word_1_1242' title='bbox 1236 3229 1322 3270; x_wconf 75' lang='lat' dir='ltr'>sign-s)</span> <span class='ocrx_word' id='word_1_1243' title='bbox 1355 3228 1397 3259; x_wconf 78' lang='lat' dir='ltr'>est</span> <span class='ocrx_word' id='word_1_1244' title='bbox 1431 3228 1515 3269; x_wconf 84' lang='lat' dir='ltr'>apud</span> <span class='ocrx_word' id='word_1_1245' title='bbox 1551 3228 1742 3269; x_wconf 81' lang='lat' dir='ltr'>Wepferum</span> <span class='ocrx_word' id='word_1_1246' title='bbox 1779 3233 1833 3271; x_wconf 60' lang='lat'>(12</span> <span class='ocrx_word' id='word_1_1247' title='bbox 1855 3233 1868 3268; x_wconf 90' lang='lat'><em>)</em></span> <span class='ocrx_word' id='word_1_1248' title='bbox 1891 3255 1898 3262; x_wconf 89' lang='lat'><strong>.</strong></span> <span class='ocrx_word' id='word_1_1249' title='bbox 1944 3231 2083 3264; x_wconf 79' lang='lat' dir='ltr'>Instante</span> 
     </span>
     <span class='ocr_line' id='line_1_153' title="bbox 1075 3272 2082 3309; baseline 0.001 -3"><span class='ocrx_word' id='word_1_1250' title='bbox 1075 3275 1161 3306; x_wconf 85' lang='lat' dir='ltr'>enim</span> <span class='ocrx_word' id='word_1_1251' title='bbox 1187 3272 1361 3306; x_wconf 57' lang='lat' dir='ltr'>infantium</span> <span class='ocrx_word' id='word_1_1252' title='bbox 1379 3280 1503 3309; x_wconf 86' lang='lat' dir='ltr'>morte,</span> <span class='ocrx_word' id='word_1_1253' title='bbox 1529 3283 1593 3305; x_wconf 86' lang='lat' dir='ltr'>non</span> <span class='ocrx_word' id='word_1_1254' title='bbox 1606 3273 1706 3306; x_wconf 91' lang='lat' dir='ltr'>solum</span> <span class='ocrx_word' id='word_1_1255' title='bbox 1719 3274 1801 3305; x_wconf 85' lang='lat' dir='ltr'>circa</span> <span class='ocrx_word' id='word_1_1256' title='bbox 1827 3272 1950 3306; x_wconf 85' lang='lat' dir='ltr'>suturas</span> <span class='ocrx_word' id='word_1_1257' title='bbox 1966 3275 2082 3307; x_wconf 81' lang='lat' dir='ltr'>Lamb-</span> 
     </span>
     <span class='ocr_line' id='line_1_154' title="bbox 1076 3315 2082 3358; baseline 0.002 -9"><span class='ocrx_word' id='word_1_1258' title='bbox 1076 3316 1204 3354; x_wconf 83' lang='lat' dir='ltr'>doidem</span> <span class='ocrx_word' id='word_1_1259' title='bbox 1230 3338 1238 3351; x_wconf 95' lang='lat'>‚</span> <span class='ocrx_word' id='word_1_1260' title='bbox 1272 3318 1300 3347; x_wconf 82' lang='lat'>&amp;</span> <span class='ocrx_word' id='word_1_1261' title='bbox 1327 3315 1516 3355; x_wconf 67' lang='lat' dir='ltr'>Sagittalem</span> <span class='ocrx_word' id='word_1_1262' title='bbox 1540 3316 1726 3349; x_wconf 74' lang='lat' dir='ltr'>manifestos</span> <span class='ocrx_word' id='word_1_1263' title='bbox 1751 3316 1992 3358; x_wconf 69' lang='lat' dir='ltr'>profundosque</span> <span class='ocrx_word' id='word_1_1264' title='bbox 2020 3318 2082 3351; x_wconf 88' lang='lat' dir='ltr'>sul-</span> 
     </span>
     <span class='ocr_line' id='line_1_155' title="bbox 1074 3359 2082 3403; baseline 0.001 -10"><span class='ocrx_word' id='word_1_1265' title='bbox 1074 3372 1129 3393; x_wconf 90' lang='lat' dir='ltr'>cos</span> <span class='ocrx_word' id='word_1_1266' title='bbox 1155 3385 1163 3398; x_wconf 93' lang='lat'>,</span> <span class='ocrx_word' id='word_1_1267' title='bbox 1198 3359 1244 3392; x_wconf 85' lang='lat' dir='ltr'>sed</span> <span class='ocrx_word' id='word_1_1268' title='bbox 1268 3361 1297 3389; x_wconf 60' lang='grc' dir='ltr'><strong>ἆ</strong></span> <span class='ocrx_word' id='word_1_1269' title='bbox 1323 3369 1421 3399; x_wconf 74' lang='lat' dir='ltr'>prope</span> <span class='ocrx_word' id='word_1_1270' title='bbox 1447 3360 1633 3391; x_wconf 78' lang='lat' dir='ltr'>Coronariae</span> <span class='ocrx_word' id='word_1_1271' title='bbox 1658 3383 1670 3399; x_wconf 89' lang='lat'>,</span> <span class='ocrx_word' id='word_1_1272' title='bbox 1705 3363 1734 3391; x_wconf 73' lang='lat'>3&lt;</span> <span class='ocrx_word' id='word_1_1273' title='bbox 1759 3361 1922 3401; x_wconf 73' lang='lat' dir='ltr'>Sagittalis</span> <span class='ocrx_word' id='word_1_1274' title='bbox 1946 3361 2082 3403; x_wconf 77' lang='lat' dir='ltr'>conjun-</span> 
     </span>
     <span class='ocr_line' id='line_1_156' title="bbox 1075 3400 2082 3444; baseline 0.002 -9"><span class='ocrx_word' id='word_1_1275' title='bbox 1075 3405 1216 3436; x_wconf 63' lang='lat' dir='ltr'>{tionem</span> <span class='ocrx_word' id='word_1_1276' title='bbox 1233 3401 1394 3434; x_wconf 77' lang='lat' dir='ltr'>soveolarn</span> <span class='ocrx_word' id='word_1_1277' title='bbox 1420 3400 1631 3435; x_wconf 80' lang='lat' dir='ltr'>subsidentem</span> <span class='ocrx_word' id='word_1_1278' title='bbox 1644 3402 1880 3444; x_wconf 85' lang='lat' dir='ltr'>conspicimus.</span> <span class='ocrx_word' id='word_1_1279' title='bbox 1907 3403 2082 3444; x_wconf 72' lang='lat' dir='ltr'>Qidita?</span> 
     </span>
     <span class='ocr_line' id='line_1_157' title="bbox 1078 3444 2080 3489; baseline 0.001 -10"><span class='ocrx_word' id='word_1_1280' title='bbox 1078 3448 1254 3479; x_wconf 80' lang='lat' dir='ltr'>Cerebrum</span> <span class='ocrx_word' id='word_1_1281' title='bbox 1287 3445 1372 3475; x_wconf 86' lang='lat' dir='ltr'>enim</span> <span class='ocrx_word' id='word_1_1282' title='bbox 1405 3453 1480 3477; x_wconf 89' lang='lat' dir='ltr'>tunc</span> <span class='ocrx_word' id='word_1_1283' title='bbox 1513 3448 1545 3477; x_wconf 90' lang='lat' dir='ltr'>in</span> <span class='ocrx_word' id='word_1_1284' title='bbox 1575 3444 1601 3478; x_wconf 88' lang='lat' dir='ltr'>se</span> <span class='ocrx_word' id='word_1_1285' title='bbox 1623 3446 1827 3484; x_wconf 84' lang='lat' dir='ltr'>collabitur,</span> <span class='ocrx_word' id='word_1_1286' title='bbox 1860 3445 2080 3489; x_wconf 81' lang='lat' dir='ltr'>subsidensque</span> 
     </span>
     <span class='ocr_line' id='line_1_158' title="bbox 1080 3487 2081 3532; baseline 0.003 -12"><span class='ocrx_word' id='word_1_1287' title='bbox 1080 3491 1133 3532; x_wconf 80' lang='lat' dir='ltr'>per</span> <span class='ocrx_word' id='word_1_1288' title='bbox 1165 3488 1282 3521; x_wconf 82' lang='lat' dir='ltr'>Crassae</span> <span class='ocrx_word' id='word_1_1289' title='bbox 1318 3487 1476 3528; x_wconf 75' lang='lat' dir='ltr'>meningis</span> <span class='ocrx_word' id='word_1_1290' title='bbox 1511 3500 1608 3522; x_wconf 80' lang='lat' dir='ltr'>nexus</span> <span class='ocrx_word' id='word_1_1291' title='bbox 1644 3489 1821 3522; x_wconf 87' lang='lat' dir='ltr'>introrsum</span> <span class='ocrx_word' id='word_1_1292' title='bbox 1857 3488 1959 3522; x_wconf 88' lang='lat' dir='ltr'>trahit</span> <span class='ocrx_word' id='word_1_1293' title='bbox 1982 3490 2081 3531; x_wconf 82' lang='lat' dir='ltr'>quid-</span> 
     </span>
     <span class='ocr_line' id='line_1_159' title="bbox 1080 3531 2081 3574; baseline 0.001 -9"><span class='ocrx_word' id='word_1_1294' title='bbox 1080 3532 1159 3574; x_wconf 86' lang='lat' dir='ltr'>quid</span> <span class='ocrx_word' id='word_1_1295' title='bbox 1199 3531 1300 3565; x_wconf 84' lang='lat' dir='ltr'>adhuc</span> <span class='ocrx_word' id='word_1_1296' title='bbox 1339 3531 1577 3566; x_wconf 81' lang='lat' dir='ltr'>membraneum</span> <span class='ocrx_word' id='word_1_1297' title='bbox 1613 3532 1706 3565; x_wconf 82' lang='lat' dir='ltr'>restat</span> <span class='ocrx_word' id='word_1_1298' title='bbox 1743 3536 1776 3565; x_wconf 93' lang='lat' dir='ltr'>in</span> <span class='ocrx_word' id='word_1_1299' title='bbox 1813 3532 1996 3566; x_wconf 82' lang='lat' dir='ltr'>suturarum</span> <span class='ocrx_word' id='word_1_1300' title='bbox 2030 3535 2081 3566; x_wconf 89' lang='lat' dir='ltr'>in-</span> 
     </span>
     <span class='ocr_line' id='line_1_160' title="bbox 1081 3573 2034 3615; baseline 0.002 -7"><span class='ocrx_word' id='word_1_1301' title='bbox 1081 3576 1227 3609; x_wconf 78' lang='lat' dir='ltr'>terstitiis</span> <span class='ocrx_word' id='word_1_1302' title='bbox 1251 3597 1259 3611; x_wconf 86' lang='lat'>‚</span> <span class='ocrx_word' id='word_1_1303' title='bbox 1293 3576 1401 3615; x_wconf 87' lang='lat' dir='ltr'>itaque</span> <span class='ocrx_word' id='word_1_1304' title='bbox 1433 3573 1533 3608; x_wconf 85' lang='lat' dir='ltr'>sulcos</span> <span class='ocrx_word' id='word_1_1305' title='bbox 1570 3575 1674 3613; x_wconf 87' lang='lat' dir='ltr'>illos,</span> <span class='ocrx_word' id='word_1_1306' title='bbox 1712 3578 1743 3608; x_wconf 67' lang='grc' dir='ltr'>δε</span> <span class='ocrx_word' id='word_1_1307' title='bbox 1779 3574 1908 3608; x_wconf 82' lang='lat' dir='ltr'>foveam</span> <span class='ocrx_word' id='word_1_1308' title='bbox 1933 3575 2034 3610; x_wconf 85' lang='lat' dir='ltr'>facit.</span> 
     </span>
    </p>
   </div>
   <div class='ocr_carea' id='block_1_10' title="bbox 1592 3619 2037 3663">
    <p class='ocr_par' dir='ltr' id='par_1_21' title="bbox 1592 3619 2037 3663">
     <span class='ocr_line' id='line_1_161' title="bbox 1592 3619 2037 3663; baseline -0.004 -13"><span class='ocrx_word' id='word_1_1309' title='bbox 1592 3620 1606 3650; x_wconf 91' lang='lat' dir='ltr'>I</span> <span class='ocrx_word' id='word_1_1310' title='bbox 1634 3619 1644 3649; x_wconf 93' lang='lat' dir='ltr'>i</span> <span class='ocrx_word' id='word_1_1311' title='bbox 1904 3620 1956 3660; x_wconf 83' lang='lat'>65.</span> <span class='ocrx_word' id='word_1_1312' title='bbox 1976 3620 2037 3663; x_wconf 73' lang='lat' dir='ltr'>Ju-</span> 
     </span>
    </p>
   </div>
   <div class='ocr_carea' id='block_1_11' title="bbox 882 3797 1397 3828">
    <p class='ocr_par' dir='ltr' id='par_1_22' title="bbox 882 3797 1397 3828">
     <span class='ocr_line' id='line_1_162' title="bbox 882 3797 1397 3828; baseline 0.01 -7"><span class='ocrx_word' id='word_1_1313' title='bbox 882 3799 895 3827; x_wconf 86' lang='lat'>(</span> <span class='ocrx_word' id='word_1_1314' title='bbox 911 3805 927 3828; x_wconf 85' lang='lat' dir='ltr'>g</span> <span class='ocrx_word' id='word_1_1315' title='bbox 944 3798 957 3826; x_wconf 85' lang='grc'>)</span> <span class='ocrx_word' id='word_1_1316' title='bbox 974 3800 1079 3824; x_wconf 63' lang='lat' dir='ltr'>exercit.</span> <span class='ocrx_word' id='word_1_1317' title='bbox 1097 3801 1126 3824; x_wconf 86' lang='lat' dir='ltr'>de</span> <span class='ocrx_word' id='word_1_1318' title='bbox 1144 3803 1192 3824; x_wconf 81' lang='lat' dir='ltr'>loc.</span> <span class='ocrx_word' id='word_1_1319' title='bbox 1209 3800 1247 3824; x_wconf 77' lang='lat' dir='ltr'>aff.</span> <span class='ocrx_word' id='word_1_1320' title='bbox 1266 3800 1291 3824; x_wconf 91' lang='lat' dir='ltr'>in</span> <span class='ocrx_word' id='word_1_1321' title='bbox 1310 3797 1397 3826; x_wconf 66' lang='grc' dir='ltr'><strong>ΑΡΟΡῘι</strong></span> 
     </span>
    </p>
   </div>
  </div>
 </body>
</html>
