2498 4075
171 218 323 283 Epist.
358 214 520 270 Anat.
554 214 767 268 Medica.
791 215 924 268 XX.
946 215 1064 268 Art.
1081 230 1162 280 47.
1182 213 1262 273 48.
1288 227 1365 277 49.
1394 232 1469 275 50·
1495 225 1567 272 5¹·
1587 228 1660 273 52.
1683 214 1736 264 est
1761 228 1829 279 53.

39 308 112 338 tur,
135 308 171 330 ac
194 297 298 337 solet,
322 308 463 339 pungens
485 304 578 335 erat3
602 296 676 329 satis
699 294 765 338 ejus
787 294 875 328 causa
899 306 963 328 non
986 296 1039 328 in-

40 341 222 383 telligitur,
246 340 303 374 nisi
327 340 480 383 conjicias
502 339 648 374 omissam
672 337 756 371 forte
779 351 794 371 a
818 339 967 371 Valsalva
987 340 1038 372 in-

40 384 199 419 flammati
224 385 384 424 pulmonis
408 384 445 417 ad
470 384 536 417 haec
559 384 629 416 loca
641 379 871 415 adhaesionem:
895 393 957 424 qua
978 393 1037 424 po-

39 428 118 468 fita,
143 427 271 461 facilius
295 437 442 469 appareat
464 452 473 467 ‚
505 424 671 470 quomodo
695 426 727 457 in
751 425 928 459 exseffione
960 424 1035 458 ster-

40 473 96 511 ni,
117 482 190 505 cum
213 469 355 504 thoracis
379 479 487 504 neutra
512 481 602 503 cavea
625 468 690 502 sero
712 468 786 502 esset
809 469 900 510 plena
919 492 932 509 ‚
962 480 1038 510 pro-

38 515 107 548 dire
129 514 211 547 illud
234 525 392 555 paucum,
415 513 601 555 fuscumque
626 511 727 545 serum
762 513 903 554 potuerit
926 523 942 544 e
964 510 1039 544 fini-

38 558 98 593 stra
121 557 250 599 quidem
273 557 416 591 thoracis
440 566 525 599 parte
547 579 558 594 ,
591 555 712 589 scilicet
734 555 775 588 ob
798 555 964 588 laceratam
988 555 1038 588 su-

37 599 200 648 perficiem
223 601 334 634 annexi
355 623 367 640 ,
399 602 431 633 &
456 599 584 640 putrida
602 623 614 639 ,
647 597 808 640 serosaque
829 598 968 631 colluvie
990 610 1038 630 re..

38 644 212 680 dundantis
237 644 398 679 pulmonis
420 668 427 675 .
461 641 519 675 Sed
544 642 611 675 haec
635 652 673 675 ex
695 642 880 683 conjec‘tura
910 640 1037 674 dumta-

38 697 112 724 xat.
137 687 358 723 Quodficum
382 685 436 719 ista
451 686 713 727 peripneumonia
732 683 937 727 conjunctam
950 685 1038 727 pleu-

39 745 81 767 rae
105 732 393 765 inflammationem
419 729 614 770 legeremu53
638 729 782 770 pleraque
800 728 978 769 intelligere
990 727 1037 761 fa-

38 777 133 810 cilius
158 775 287 811 liceret,
310 785 380 814 quae
404 772 474 805 sane
499 773 532 804 in
544 772 724 814 pleuriticis
749 770 938 814 quibusdam
959 783 1036 804 con-

38 821 194 863 tingunt,
218 820 250 851 δε
273 829 288 850 a
311 816 419 849 Caeliu
440 827 566 858 quoque
589 815 768 849 Aureliano
790 813 857 854 (b)
880 813 1037 847 adnotan-

38 874 112 904 tur,
134 872 170 895 ut
194 860 287 893 dolor
310 859 346 891 ad
369 859 494 901 petitus,
518 866 611 902 atque
633 859 726 891 ilium
746 879 755 896 ,
788 860 821 890 δε
838 857 962 900 jacendi
984 869 1037 892 ne-

36 915 135 950 gata,
159 912 251 946 atque
274 903 436 945 displicens
459 902 557 935 omnis
576 901 706 945 pofitio.

80 961 134 992 47.
154 946 361 991 JUVENIS
384 956 541 978 annorum
573 947 704 978 circiter
727 944 845 983 viginti
879 943 930 977 sex
955 955 1037 986 pun·

38 1002 130 1036 gente
153 991 332 1033 corripitur
363 987 475 1020 dolote
508 989 542 1021 in
577 987 705 1022 dextera
738 987 880 1021 thoracis
915 996 1001 1028 parte
1024 1011 1038 1027 ‚

37 1048 111 1071 curn
134 1033 241 1071 febre,
264 1036 296 1066 &
320 1031 410 1066 tuffi.
438 1034 551 1067 Parum
574 1031 701 1074 exspuit
722 1056 730 1063 .
768 1031 867 1063 Circa
889 1031 1037 1063 oetavum

37 1080 124 1113 diem
149 1076 270 1111 accedit
294 1076 443 1109 delirium
460 1101 467 1110 .
492 1077 591 1109 ῃοᾶυ
603 1074 797 1118 praesertim.
822 1073 930 1108 Dolor
950 1073 1039 1112 abit3

37 1122 89 1157 sed
113 1121 331 1163 respirationis
356 1118 527 1153 difficultas
550 1119 668 1160 semper
691 1119 818 1161 gravior
841 1116 899 1150 fit.
924 1117 1040 1151 Facilis

37 1166 81 1199 est
103 1163 269 1200 decubitus
292 1165 326 1196 in
349 1162 540 1197 utrumlibet
564 1162 647 1195 latus
670 1187 676 1193 .
714 1161 777 1195 Die
799 1160 930 1194 tandem
952 1159 1039 1194 deci-

35 1220 92 1243 mo
114 1208 207 1243 obit.
344 1206 605 1239 PULMONES
630 1204 724 1238 ambo
749 1203 955 1238 induruerant
985 1213 1039 1237 to-

35 1254 65 1286 ti
90 1264 98 1285 :
131 1251 228 1286 ambo
250 1249 380 1284 dorsum
412 1250 515 1283 versus
540 1249 577 1282 ad
602 1250 745 1292 pleuram
766 1257 853 1280 erant
878 1248 1001 1290 alligati
1027 1260 1038 1287 3

35 1294 156 1329 sinister
179 1294 277 1328 etiam
301 1305 316 1327 a
341 1293 458 1326 latete.
486 1295 641 1326 Praeterea
664 1303 738 1325 cum
762 1290 932 1325 substantia
956 1303 1042 1333 qute-

35 1339 109 1373 dam
134 1339 226 1377 alba,
251 1335 336 1382 quasi
360 1336 599 1370 membranacea
621 1360 632 1375 ,
656 1334 805 1369 universae
830 1335 943 1377 pleurae
961 1357 973 1374 ‚
1008 1338 1041 1367 &

33 1382 244 1425 pulmonibus
267 1380 419 1423 imposita
443 1379 537 1417 esset,
561 1377 647 1423 quasi
672 1378 848 1412 reticulatis
868 1377 963 1411 instat
986 1389 1042 1411 cu-

34 1425 161 1469 jusdam
182 1425 332 1468 corporis
348 1424 437 1459 laxi,
461 1427 494 1456 &
520 1423 648 1461 mollis;
673 1420 818 1465 perhanc
843 1429 949 1455 tamen
962 1432 1042 1454 non-

34 1470 133 1504 nullis
157 1470 190 1502 in
215 1469 296 1502 locis
319 1468 424 1510 pleura
439 1490 452 1506 ,
471 1470 503 1500 δε
526 1467 693 1509 pulmones
716 1467 799 1498 inter
823 1463 851 1497 se
874 1473 963 1498 erant
989 1463 1043 1496 fir-

34 1514 133 1547 miter
156 1513 330 1555 colligata.
356 1513 393 1544 In
417 1520 553 1553 utroque
577 1509 719 1544 thoracis
741 1519 843 1547 cavo,
867 1507 917 1541 sed
941 1509 1041 1549 magis

33 1558 70 1590 in
94 1556 252 1596 dextero·‘³
274 1555 395 1588 multus
418 1563 483 1586 erat
497 1553 615 1586 humor
637 1553 746 1586 colore
761 1551 874 1584 similis
899 1551 1043 1584 serivac-

33 1600 99 1634 cini
115 1613 125 1633 .·
148 1601 205 1643 qui
231 1597 378 1637 tametfi,
401 1596 553 1640 sepofitus
577 1596 698 1630 nullam
720 1618 729 1632 ,
754 1604 790 1628 ut
815 1594 891 1627 alias
914 1605 1045 1637 quoque

34 1642 286 1678 animadversum
311 1641 438 1680 fuerat,
461 1639 692 1682 separationem
717 1637 877 1677 ostendit3
903 1638 971 1679 igni
995 1647 1045 1670 ta-

31 1698 104 1721 men
126 1685 317 1729 impositus,
340 1684 501 1726 sanguinei
522 1682 618 1715 instar
630 1681 687 1715 seri
699 1682 880 1715 concrevit.
905 1682 1045 1715 Pericat-

32 1731 126 1765 dium
149 1730 215 1764 sero
238 1727 409 1769 turgebat.
433 1726 669 1761 Concretiones
693 1723 881 1767 polyposae‚
905 1726 939 1757 in
961 1723 1043 1758 dex-

32 1784 107 1808 tero
129 1772 237 1808 cordis
259 1770 441 1804 ventriculo
464 1781 567 1812 major
582 1794 594 1809 ‚
618 1770 651 1802 in
676 1768 800 1802 sinistro
823 1770 948 1801 minor.

78 1817 131 1861 48.
155 1818 243 1849 Cum
281 1814 462 1857 inspfflcum
498 1825 562 1846 non
593 1812 695 1848 suerit
726 1811 926 1850 cerebrum3
962 1810 1039 1844 scire

32 1860 120 1896 haud
144 1860 220 1893 licet
245 1882 258 1899 ‚
292 1869 329 1890 an
352 1858 400 1890 ibi
431 1868 560 1900 quoque
582 1855 753 1891 secundum
789 1866 823 1888 ea
847 1867 918 1898 quae
944 1857 1040 1897 paulo

33 1904 178 1946 superius
202 1903 253 1945 (c
276 1904 289 1941 )
313 1901 401 1935 dieta
419 1900 522 1941 sunt,
546 1899 671 1943 aliquid
694 1898 793 1934 fuerit
819 1899 1042 1937 inflammato-

32 1949 97 1986 rii,
122 1949 174 1982 cui
197 1945 349 1981 delirium
374 1942 600 1987 imputandum
626 1968 633 1975 .
668 1944 758 1977 Huic
782 1952 888 1978 autem
913 1945 1041 1985 imputo

32 1989 121 2034 quod
143 1989 209 2023 fine
230 1990 354 2022 ratione
379 1987 472 2021 dolor
499 1988 615 2021 abierit
637 2010 649 2027 ‚
684 1999 782 2031 eoque
807 1987 913 2021 facilis
951 1987 1045 2022 decu-

30 2035 119 2068 bitus
143 2033 247 2067 faetus
271 2031 369 2067 fuerit
393 2033 427 2065 in
449 2042 560 2066 utrum
575 2032 685 2065 liberet
699 2031 802 2066 latus.
831 2032 920 2066 Nam
932 2031 1045 2075 quibus

33 2076 127 2119 causa
152 2076 287 2113 doloris,
312 2086 406 2118 neque
422 2075 531 2119 sensus
555 2076 622 2118 ejus
647 2075 707 2116 est,
729 2076 779 2109 his
802 2083 937 2110 mentem
961 2073 1045 2109 labo-

33 2132 126 2161 rure,
150 2120 220 2163 post
243 2121 483 2162 Hippocratem
505 2123 519 2158 (
542 2120 562 2152 d
583 2123 597 2159 )
622 2144 631 2158 ,
664 2128 700 2153 ut
725 2119 806 2153 nosti
833 2141 841 2156 ‚
875 2119 1045 2152 admonuit

32 2163 147 2198 Celsus
169 2166 183 2203 (
206 2175 220 2197 e
241 2167 256 2203 )
275 2189 281 2195 .
418 2163 485 2197 Sed.
501 2173 644 2205 pungens
677 2162 773 2196 dolor
794 2173 852 2195 cur
875 2163 909 2194 in
933 2162 1044 2195 dextra

32 2207 137 2242 fuerat
161 2205 303 2241 thoracis
327 2217 438 2249 parte,
461 2218 535 2240 cum
560 2205 674 2248 pulmo
697 2204 829 2247 quidem
845 2230 853 2246 ,
878 2215 943 2237 non
967 2204 1045 2238 dex-

33 2261 104 2289 ter,
129 2249 180 2284 sed
204 2249 346 2289 sinister,
370 2250 407 2283 ad
433 2250 575 2292 pleuram
598 2246 670 2281 esset
695 2260 710 2280 a
733 2248 832 2280 latere
857 2247 1005 2290 alligatus
1030 2247 1044 2281 ?

32 2295 152 2337 Neque
177 2294 262 2326 enim
283 2292 432 2335 alligatio
454 2293 492 2325 ad
515 2290 644 2325 dorsum
668 2289 836 2333 spen-anda
860 2291 903 2325 est
926 2315 938 2331 ‚
968 2292 1045 2334 quia

35 2349 92 2371 nec
115 2337 160 2369 ibi
185 2335 279 2369 dolor
299 2359 308 2374 ‚
342 2339 374 2369 δε
400 2336 550 2378 alligatio
586 2334 732 2376 pulmoni
758 2334 802 2367 ibi
829 2344 894 2366 erat
917 2337 1045 2376 utrique

34 2380 238 2414 communis.
263 2380 315 2412 An
338 2380 439 2422 igitur
461 2390 531 2421 quae
557 2378 757 2419 alligationes
778 2377 834 2411 sub
856 2378 950 2410 molli
964 2377 1045 2418 illa,

35 2423 75 2458 de
98 2423 192 2465 cujus
216 2424 370 2465 origine,
395 2426 426 2456 δε
449 2430 561 2454 natura
588 2421 662 2453 satis
676 2431 765 2453 antea
788 2418 872 2463 (f)
895 2420 1045 2461 dictum,

33 2466 122 2510 quasi
147 2466 325 2500 membrana
349 2464 486 2507 quadam
510 2464 675 2503 latebant,
697 2475 802 2506 eaeque
828 2463 901 2497 satis
923 2463 1045 2505 firmae,

34 2510 90 2545 hic
114 2511 214 2553 magis
239 2521 253 2542 a
278 2510 369 2543 nobis
393 2506 594 2540 attendendae
620 2506 716 2540 sunt?
741 2509 864 2540 Verum
888 2507 937 2541 hae
962 2519 1044 2540 non-

33 2555 132 2588 nullis
154 2555 187 2586 in
208 2554 310 2591 locis,
335 2561 429 2594 atque
453 2560 489 2585 ut
511 2550 638 2584 videtur
660 2574 672 2591 ‚
705 2551 876 2594 utrobique
899 2550 1044 2584 indican-

35 2608 107 2632 tur.
136 2597 273 2637 Reliqua
298 2597 400 2637 igitur
422 2593 606 2637 conjeftum
622 2593 688 2632 est,
712 2595 846 2637 majores
871 2595 964 2634 illas,
988 2593 1041 2628 fir-

35 2643 152 2680 naiores
172 2664 184 2681 ,
217 2643 247 2672 &
273 2640 390 2672 delirio
422 2641 547 2681 priores
571 2636 661 2672 fuisse
691 2649 761 2680 quae
785 2639 819 2671 in
852 2650 930 2671 cavo
955 2647 1041 2670 erant

35 2685 192 2763 dfixtero,
217 2685 250 2716 in
272 2695 338 2726 quo
362 2683 459 2715 etiam
483 2682 556 2725 plus
590 2680 677 2716 effusi
702 2681 850 2716 humoris
873 2683 1041 2716 inventurn

36 2741 51 2762 e
90 2751 97 2760 .

81 2784 138 2813 49.
157 2772 349 2805 MULIER
374 2778 555 2804 annosnata
579 2769 617 2804 ad
630 2770 813 2812 sexaginta,
838 2770 951 2804 habitu
971 2782 1043 2813 gra-

38 2816 120 2853 cili,
145 2818 177 2848 &
200 2824 452 2857 temperamento
478 2813 648 2855 sanguineo
671 2836 678 2850 ,
717 2812 804 2846 febre
828 2813 1043 2855 prehenditur

37 2857 241 2897 vehementi,
265 2858 340 2891 sicca
363 2857 455 2898 mffi,
479 2860 509 2890 δε
534 2867 693 2899 pungente
717 2855 830 2889 sinistri
856 2858 963 2891 lateris
985 2857 1044 2891 do-

37 2903 104 2935 lore
128 2902 168 2934 sic
194 2911 321 2940 tamen,
344 2910 378 2934 ut
403 2901 423 2933 si
448 2903 481 2933 in
506 2899 569 2934 hoc
590 2901 709 2940 cubet,
736 2911 799 2933 non
823 2902 962 2935 multum
985 2901 1044 2935 do-

38 2946 120 2978 leat.
145 2946 175 2978 A
202 2946 361 2988 sanguinis
384 2945 523 2977 miffione
547 2943 629 2977 adeo
650 2944 832 2978 remittitur
855 2945 951 2977 dolor
973 2969 983 2985 ‚
1006 2953 1043 2977 ut

38 2988 103 3032 jam
127 2987 219 3031 pollit
243 2990 276 3021 in
300 2999 521 3031 quamcunque
546 2997 669 3030 partem
694 2986 878 3021 decumbere
901 3012 909 3019 .
935 2988 1045 3021 Febris

39 3033 231 3071 dumtaxat,
257 3035 286 3065 ὃ(
312 3030 379 3064 fitis
403 3041 536 3074 urgent.
563 3030 673 3065 Craffa
698 3031 871 3073 aliquando
893 3031 1042 3074 exspuit.

40 3077 185 3110 Gravior
207 3075 243 3109 fit
270 3075 436 3115 respiratio
455 3101 461 3108 .
487 3073 636 3108 Tandem
646 3075 698 3108 die
722 3075 849 3109 decimo
864 3077 964 3108 tertio
974 3087 1045 3108 mo-

40 3121 144 3153 ritur.
280 3119 448 3151 PULMO
470 3116 589 3152 sinister
611 3120 748 3152 omnino
770 3118 890 3152 solutus
915 3130 930 3151 a
955 3120 1046 3160 pleu-

40 3174 100 3202 ra5
121 3174 192 3206 quae
216 3162 342 3204 prorsus
366 3161 461 3194 illaesa
473 3170 560 3201 erat3
585 3162 788 3203 subalbidus,
812 3164 913 3205 nigris
933 3161 1047 3196 distin-

41 3208 112 3240 &us
136 3207 263 3249 punffis
278 3230 290 3245 ,
310 3216 403 3238 carne
426 3204 536 3239 durior
555 3229 567 3245 ‚
601 3206 754 3239 nonnulla
780 3206 917 3239 ostendit
942 3207 1048 3239 tuber-

42 3250 136 3290 cula,
161 3249 241 3282 sanie
266 3249 416 3282 scatentia
439 3273 448 3282 .
472 3248 587 3282 Pulmo
610 3248 726 3283 sinister
759 3250 835 3292 (sic
856 3254 871 3290 )
904 3249 1046 3292 superius

41 3292 171 3336 quidem
195 3294 309 3336 pleurae
334 3304 387 3335 pet
412 3291 440 3325 se
464 3291 640 3325 adhaerebat
651 3305 664 3331 3.
685 3292 840 3336 sedlonge
863 3294 969 3327 minus
980 3301 1048 3327 erat

46 3338 180 3370 vitiatus
195 3361 204 3376 ‚
227 3338 346 3380 quippe
370 3336 471 3377 nigris
493 3336 721 3370 tantummodo
744 3337 927 3379 conspersus
941 3348 1048 3371 macu-

43 3380 105 3420 lis,
128 3385 160 3414 &
182 3379 331 3423 jugulum
359 3378 465 3412 versus
477 3377 610 3418 durior,
633 3390 763 3421 parvum
786 3380 958 3414 abscessum
970 3392 1047 3414 con-

43 3424 184 3457 tinebat.
211 3426 249 3457 In
276 3422 455 3466 pericardio
479 3420 537 3454 seri
559 3423 674 3456 uncia.
702 3426 738 3457 In
763 3424 871 3458 cordis
884 3425 1044 3457 venti-im<

44 3467 77 3500 lo
88 3467 217 3501 dextero
234 3466 387 3510 polyposa
410 3466 571 3501 concretio
585 3476 697 3508 magna
712 3494 719 3503 ,
744 3467 857 3511 majori
883 3477 987 3500 tamen
1000 3468 1046 3502 sui

43 3511 486 3553 parteauriculamimplens,
512 3509 647 3552 indeque
658 3510 686 3543 se
711 3513 744 3544 in
755 3511 825 3545 vasa
849 3511 1048 3555 producens.

45 3556 85 3587 In
107 3553 231 3588 finistro
255 3555 437 3588 ventriculo
460 3562 525 3586 erat
550 3553 669 3591 altera;
693 3554 745 3588 secl
771 3557 899 3589 minor.

128 3600 294 3642 Morgagnz'
306 3600 341 3633 de
354 3599 420 3632 Sed.
437 3598 478 3631 &
489 3596 575 3639 Caus-
587 3597 689 3632 Morb.
704 3599 802 3632 Tom.
817 3601 844 3633 I.

1931 228 2023 262 201

1133 306 1182 337 50.
1209 294 1276 327 Hic
1297 303 1371 325 vero
1394 305 1455 336 qua
1478 291 1661 334 conjectura
1684 300 1810 325 utemur
1831 292 1844 325 ?
1870 295 1916 327 Ea
1940 292 2092 324 videlicet

1089 350 1184 380 quam
1210 335 1408 374 manifestus,
1437 336 1486 369 sed
1511 335 1602 368 facile
1624 334 1851 369 condonandus
1874 359 1882 374 ‚
1907 335 2063 369 Valsalvae
2086 355 2095 369 ‚

1088 383 1135 414 vel
1161 382 1271 424 potius
1302 379 1367 422 ejus
1391 381 1502 412 calami
1535 389 1620 410 error
1645 377 1824 420 suppeditat
1853 404 1859 410 .
1899 381 1985 412 Cum
2007 379 2093 410 enim

1089 425 1227 466 fingulos
1253 424 1416 466 pulmones
1440 422 1638 461 describens,
1663 422 1811 454 neutrubi
1832 423 1994 456 dexterum
2010 444 2019 458 ‚
2043 418 2094 452 sed

1088 469 1260 511 utrobique
1283 464 1439 499 sinistrum
1463 467 1628 502 nominet5
1654 465 1787 498 liberum
1813 465 1904 499 nobis
1927 466 1968 498 est
1992 462 2093 505 suspi-

1088 513 1170 549 cari,
1194 522 1289 553 quem
1314 510 1420 549 primo
1458 510 1530 541 loco
1553 506 1714 549 descripsit
1733 530 1747 547 ,
1779 506 1870 541 fuisse
1894 508 2057 542 dexterum
2082 518 2092 543 3

1089 567 1183 598 quern
1207 552 1363 589 secundo,
1387 551 1477 586 fuisse
1500 551 1676 584 sinistrum.
1702 553 1751 584 Ita
1774 562 1821 584 res
1844 551 1937 585 facilc
1951 551 2095 593 explica—

1088 600 1196 631 bitur.
1221 598 1384 630 Hastenus
1409 594 1689 637 perconjeeturam
1712 594 1833 627 causam
1853 594 2003 628 deducere
2026 604 2098 626 coa-

1089 643 1134 675 eu
1158 641 1262 674 sumus
1296 640 1466 683 pungentis
1489 638 1610 671 doloris
1644 649 1659 670 a
1693 638 1808 682 pleuroe
1833 662 1846 679 ,
1878 641 1908 671 ἃ·
1935 637 2097 680 pulmonis

1087 685 1306 717 connexione.
1440 680 1500 715 Sed
1520 680 1662 715 historiae
1685 681 1831 724 quaedam
1842 680 1913 714 sunt
1930 704 1937 718 ,
1964 682 1996 712 in
2021 679 2097 722 qui-

1090 729 1146 762 bus
1170 736 1284 770 praeter
1306 738 1375 760 eam
1398 725 1653 763 connexionem,
1676 726 1771 757 etiam
1796 723 2016 757 inflammatio
2039 722 2099 755 ali-

1088 784 1151 815 qua
1175 771 1291 812 pleutae
1315 770 1404 810 fuit,
1428 779 1568 812 pungens
1590 779 1665 800 veto
1687 768 1779 801 dolor
1804 780 1867 801 non
1891 768 1976 805 fuit,
2000 776 2097 809 quem

1087 824 1191 847 tamen
1215 815 1316 856 plures
1340 814 1379 847 ab
1401 811 1495 855 hujus
1518 811 1709 844 membranae
1732 810 1990 844 inflammatione
2010 821 2098 850 repe-

1088 858 1219 891 tebant.
1247 860 1297 891 De
1320 869 1360 890 eo
1383 867 1494 898 genere
1518 865 1630 897 praeter
1654 855 1746 887 aliam
1769 881 1776 893 ,
1814 866 1911 897 quam
1934 854 2013 887 alibi
2035 856 2098 895 (g)

1089 900 1275 944 proferam,
1298 899 1347 933 hae
1372 899 1440 933 duae
1465 898 1536 932 sunt
1560 911 1628 941 quae
1653 897 1843 940 sequuntur.

1134 955 1182 985 51.
1204 943 1411 988 JUVENIS
1437 954 1533 975 annos
1559 942 1627 983 plus
1651 943 1767 983 viginti
1783 952 1874 976 natus
1894 967 1902 980 ,
1924 942 1980 984 qui
2003 939 2101 973 chro-

1089 989 1157 1021 nica
1189 996 1281 1020 antea
1313 986 1399 1019 febre
1433 986 1628 1018 laboraverat
1651 1008 1661 1022 ,
1696 995 1786 1018 acuta
1819 987 1994 1026 corripitur
2025 994 2100 1017 cum

1091 1031 1201 1064 dolote
1226 1030 1360 1072 peetoris
1375 1051 1383 1066 ‚
1407 1028 1601 1062 difficultate
1624 1028 1826 1070 respirandi,
1852 1029 1942 1066 ruffi,
1966 1031 1999 1061 ἃ
2023 1038 2102 1069 pau-

1090 1086 1135 1107 cae
1159 1074 1303 1106 materia:
1336 1072 1542 1114 exspuitione
1563 1095 1574 1112 ,
1607 1073 1780 1113 sanguineo
1811 1073 1921 1105 colore
1956 1071 2065 1104 tinffle
2089 1093 2098 1099 -

1091 1119 1161 1151 Hic
1186 1118 1297 1160 primis
1322 1116 1407 1148 acuti
1444 1115 1551 1148 morbi
1574 1114 1685 1148 diebus
1720 1115 1909 1158 plerumque
1927 1139 1939 1155 ‚
1972 1113 2099 1147 ultimis

1092 1161 1204 1195 affiduev
1231 1162 1266 1193 in
1298 1157 1457 1193 sinistrum
1500 1156 1621 1199 jacebat
1654 1158 1736 1190 latus
1764 1183 1770 1189 .
1808 1160 1905 1192 Circa
1939 1157 2101 1190 decimum

1092 1204 1215 1239 sextum
1251 1203 1294 1237 est
1322 1212 1487 1235 mortuus.
1623 1201 1677 1234 ΙΝ
1703 1201 1909 1235 VENTRE
1933 1201 2017 1242 splen
2043 1201 2104 1232 tri-

1093 1249 1150 1292 plo
1172 1246 1292 1290 major.
1426 1244 1588 1278 Thoracis
1613 1242 1966 1279 univer-sumsinistrum
1989 1255 2104 1276 cavum

1093 1292 1168 1326 suus
1188 1291 1302 1333 pulmo
1325 1289 1459 1323 omnino
1483 1289 1622 1331 replebat
1648 1300 1658 1326 3
1696 1286 1773 1319 adeo
1797 1288 1851 1321 hic
1875 1289 2071 1321 intumuerat
2098 1286 2104 1319 !

1092 1335 1188 1369 dutus
1211 1343 1326 1374 totu5‚
1350 1337 1382 1367 δε
1406 1330 1629 1365 inflammatus
1654 1354 1666 1377 ἶ
1688 1331 1805 1371 pleurae
1829 1341 1937 1365 autem
1961 1330 2103 1374 undique

1094 1389 1254 1412 annexus?
1278 1389 1348 1420 quse
1372 1377 1434 1409 levi
1457 1375 1624 1409 dumtaxat
1650 1372 1762 1408 suffusa
1788 1376 1900 1408 rubore
1925 1398 1934 1414 ,
1972 1374 2105 1408 inflam-

1095 1423 1253 1455 mationis.
1274 1420 1537 1454 inchoamentum
1561 1417 1731 1452 exhibebat
1756 1443 1763 1451 .
1799 1420 2018 1453 Peticardium
2042 1418 2105 1452 hu-

1094 1477 1182 1498 more
1203 1487 1212 1502 ,
1238 1464 1306 1498 sero
1329 1464 1466 1497 vaccino
1489 1463 1587 1496 simili
1608 1486 1619 1502 ,
1653 1472 1718 1494 non
1743 1462 1935 1504 opplebatur
1970 1462 2069 1495 modo
2092 1472 2107 1500 3

1096 1509 1145 1543 sed
1169 1508 1257 1541 valde
1281 1508 1379 1540 etiam
1402 1506 1638 1539 distendebatur
1659 1528 1671 1545 ,
1704 1503 1832 1547 ejusque
1856 1505 2002 1539 humoris
2026 1515 2107 1538 non-

1096 1552 1183 1585 nulla
1206 1559 1426 1586 concrementa
1450 1561 1504 1592 per
1527 1548 1635 1583 cordis
1658 1548 1776 1581 faciem
1799 1548 2037 1582 sternebantur.
2065 1550 2109 1580 In>

1096 1594 1194 1637 hujus
1224 1594 1356 1637 lingulis
1388 1594 1576 1626 ventriculis
1611 1591 1739 1633 fingulae
1772 1592 1897 1625 inerant
1939 1590 2107 1635 polyposae.

1097 1639 1322 1672 concretiones
1342 1638 1463 1679 exiguae
1487 1660 1499 1677 ,
1523 1639 1554 1668 &
1579 1633 1725 1668 flaccidae
1745 1646 1759 1674 ;
1792 1636 1887 1677 paulo
1909 1644 2016 1669 tamen
2039 1646 2110 1668 ma-

1101 1683 1153 1726 jor
1175 1694 1246 1724 quae
1271 1682 1304 1714 in
1328 1681 1459 1714 dextero
1481 1693 1491 1712 .·
1524 1677 1722 1721 majoresque
1747 1678 1786 1712 ab
1809 1678 1945 1722 fingulis
1965 1681 1998 1712 in
2023 1679 2110 1713 auri-

1098 1727 1209 1767 culas,
1232 1728 1263 1758 ὅε
1290 1735 1384 1758 venas
1407 1722 1588 1757 ferebantur
1612 1721 1868 1766 produetiones,
1890 1723 2036 1767 quamin
2059 1734 2108 1756 ar·-

1095 1780 1208 1803 terias.

1139 1824 1189 1856 52.
1215 1815 1266 1846 En
1289 1812 1353 1857 jam
1378 1813 1513 1847 tertium
1535 1814 1567 1846 in
1593 1809 1651 1845 hac
1675 1823 1737 1846 una
1760 1810 1910 1856 Epistola
1931 1817 1945 1853 ζ
1968 1812 1987 1846 h
2010 1816 2022 1853 >
2046 1813 2107 1856 qui

1095 1857 1163 1899 post
1187 1857 1374 1891 diuturnam
1400 1857 1521 1890 febrem
1546 1857 1664 1889 lienem
1687 1856 1804 1890 habuit
1828 1858 1993 1899 ingentem
2016 1883 2022 1889 .
2060 1859 2107 1889 A-

1094 1903 1156 1935 lios
1180 1911 1288 1935 autem
1312 1901 1393 1934 alibi
1419 1913 1546 1944 quoque
1570 1903 1583 1939 (
1606 1901 1618 1932 i
1640 1899 1868 1945 >adjiciemus
1890 1927 1896 1934 .
1932 1902 1983 1934 Sic
2006 1901 2110 1934 etiam.

1095 1947 1188 1978 lienis
1214 1944 1390 1978 infarctum
1410 1942 1476 1986 post
1500 1953 1620 1976 omnem
1635 1941 1760 1986 febrem
1777 1944 1971 1983 chronicam,
1994 1946 2111 1987 praei-0

1093 1999 1155 2032 pue
1179 1997 1364 2031 quartanam
1381 2012 1391 2027 ‚
1414 1988 1445 2020 in
1469 1986 1633 2029 Hungaria
1656 1988 1824 2026 constanter
1847 1987 2005 2030 observari
2027 2011 2035 2025 ,
2062 1990 2109 2022 lea

1097 2044 1151 2075 ges
1175 2031 1260 2075 apud
1283 2032 1336 2064 Cl.
1365 2032 1560 2064 Kramerum
1582 2033 1596 2068 (
1618 2030 1637 2071 l<
1658 2033 1693 2069 >3
1718 2042 1786 2064 non-
1807 2032 1909 2075 modo
1932 2033 1965 2066 in
1977 2031 2111 2066 cadave..

1098 2077 1186 2110 ribus
1209 2074 1412 2119 quorundam
1425 2097 1438 2114 ,
1454 2071 1602 2121 febribus
1626 2075 1918 2109 intermittentibus>
1946 2074 2110 2118 defuneto*

1099 2132 1168 2153 rum
1184 2117 1357 2162 scirrhosos
1382 2117 1478 2150 lienes-
1503 2116 1738 2164 animadversos
1760 2114 1886 2153 videbi's
1916 2132 1932 2153 a
1957 2121 2010 2153 Cli
2036 2121 2110 2154 Ho-

1097 2174 1176 2206 yero
1198 2165 1211 2202 (
1233 2162 1244 2195 l
1268 2166 1282 2202 )
1302 2188 1310 2195 .
1347 2163 1447 2196 Porto
1470 2161 1528 2205 qui
1551 2159 1708 2205 ejusmodi
1733 2162 1826 2196 lienis
1850 2163 1973 2197 morbis
1998 2173 2109 2197 tenen-

1099 2217 1152 2240 tur
1167 2231 1176 2244 ‚
1199 2214 1322 2248 quanto
1345 2204 1473 2240 facilius
1497 2209 1529 2239 in
1555 2207 1852 2249 peripneumoniam
1874 2207 2043 2245 incidant,
2068 2208 2111 2241 ab»

1098 2248 1295 2284 Doetiffimo
1327 2251 1479 2283 Fantonor
1499 2250 1565 2292 (m
1588 2253 1601 2289 )
1626 2250 1807 2286 indicatum
1832 2250 1875 2286 est
1897 2276 1904 2282 -
1945 2251 2045 2291 Quod
2070 2261 2107 2285 ut

1096 2292 1264 2328 Rhedario
1286 2293 1338 2326 illi
1363 2299 1374 2334 (
1396 2293 1477 2336 n),
1502 2297 1532 2326 δέ
1556 2294 1687 2327 Clerico
1709 2298 1724 2335 (
1745 2308 1761 2328 o
1784 2300 1819 2337 )‚
1845 2298 1890 2329 ita
1903 2295 1981 2330 huic
2005 2296 2107 2329 etiam

1097 2337 1217 2370 accidit
1236 2338 1376 2382 Juveni.
1510 2339 1551 2370 In
1574 2336 1638 2371 hoc
1660 2339 1795 2381 quidem
1820 2339 2017 2375 inflammati
2034 2340 2107 2383 pul-

1097 2382 1204 2414 monis
1227 2382 1464 2414 connexionem
1487 2392 1562 2414 cum
1588 2381 1697 2423 pleura
1711 2382 1801 2417 fuisse
1815 2409 1822 2423 ‚
1848 2384 1955 2422 vides,
1981 2387 2012 2418 ὃς
2026 2396 2110 2427 praa-2

1097 2433 1180 2457 terea
1206 2425 1419 2458 membranam
1444 2425 1522 2458 hanc
1548 2450 1556 2464 ‚
1589 2422 1848 2461 inflammatione
1873 2427 1961 2462 haud·
1981 2428 2108 2471 prorsus

1095 2477 1277 2506 carentem3
1301 2468 1446 2500 dolorem
1470 2477 1576 2501 tamen
1600 2470 1656 2510 qui
1682 2480 1835 2510 pungeret
1858 2494 1865 2507 ,
1890 2481 2107 2506 memoratum,

1097 2523 1161 2543 non
1186 2511 1292 2543 vides.
1319 2511 1417 2551 Qod
1443 2511 1465 2543 si
1490 2511 1606 2554 pleurae
1632 2507 1958 2557 inflammationem,
1983 2517 2105 2559 quippe

1096 2554 1151 2588 hic
1175 2553 1358 2587 leviffimam
1379 2578 1391 2594 ,
1414 2554 1498 2587 forte
1520 2557 1703 2589 contemnis
1728 2569 1738 2595 3
1777 2568 1809 2591 at
1834 2560 1997 2601 pulmonis
2030 2553 2108 2594 cum

1096 2610 1129 2630 ea
1151 2599 1385 2631 connexionem
1419 2599 1515 2640 longe
1539 2599 1760 2640 ampliffimam
1800 2604 1943 2637 attendes
1969 2629 1976 2636 .
2012 2604 2107 2641 Quid

1095 2654 1172 2683 ergo
1194 2642 1236 2675 est
1258 2639 1271 2672 ?
1307 2643 1417 2675 Tanta
1442 2642 1499 2674 illa
1522 2643 1658 2684 ejusdem
1683 2645 1845 2686 pulmonis
1880 2648 2071 2691 magnitudo
2093 2671 2108 2688 2,

1094 2685 1184 2719 suum
1208 2695 1382 2719 utvcavum
1405 2685 1532 2733 prorsus
1543 2687 1709 2729 oppleret,
1735 2700 1809 2723 cum
1834 2690 1955 2725 duritie
1978 2703 2104 2735 quoque

1095 2728 1271 2770 superficiei
1296 2732 1309 2767 (
1329 2740 1353 2771 p
1377 2733 1390 2769 )
1413 2730 1608 2773 conjun&a‚
1632 2730 1761 2765 fortasse
1776 2734 1958 2775 efficiebat,
1983 2743 2019 2768 ut
2033 2737 2106 2778 pul-

1095 2774 1200 2822 monis
1226 2772 1497 2822 neque-pondus,
1521 2775 1640 2817 quippe
1665 2775 1807 2819 undique
1832 2777 1977 2818 suffulti,
2003 2789 2104 2822 neque

1096 2815 1247 2849 distentio
1271 2816 1310 2848 ab
1333 2815 1490 2858 inspirato
1513 2829 1602 2857 aere,
1625 2820 1744 2862 quippe
1757 2832 1819 2853 non
1843 2821 1973 2855 cedente
1998 2821 2106 2865 super-

1096 2859 1201 2909 ficio,
1237 2857 1346 2892 afferre
1372 2860 1547 2893 molestiam
1571 2861 1672 2902 posset
1698 2888 1706 2902 ‚
1738 2874 1838 2906 eoque
1863 2867 1969 2900 minus
1990 2889 2002 2905 ,
2037 2878 2105 2908 quo

1095 2915 1198 2946 magis
1222 2906 1254 2936 ὃς
1279 2903 1469 2945 magnitudo
1487 2926 1499 2943 ,
1529 2907 1562 2937 δε
1584 2905 1719 2938 durities
1744 2909 1966 2949 progrediente
1990 2910 2104 2942 morbo

1098 2948 1311 2988 augebantur.
1336 2949 1447 2993 ltaque
1472 2948 1583 2987 primis
1608 2948 1718 2983 diebus
1743 2946 1952 2996 plerumque,
1976 2953 2106 2987 ultimis

1099 2990 1211 3024 afficiue
1234 3002 1315 3032 aeger
1342 2991 1374 3022 in
1399 2990 1547 3024 affeetum
1572 2991 1708 3026 cubabat
1731 2994 1837 3029 latus.

1145 3045 1194 3077 53.
1223 3034 1447 3083 FAMULUS
1472 3035 1603 3076 Equitis
1626 3036 1790 3079 cujusdam
1805 3063 1815 3078 ,
1840 3051 1938 3074 annos
1961 3049 2052 3075 natus
2068 3040 2106 3075 ad

1096 3080 1331 3126 quinquaemta
1353 3088 1493 3121 qumque
1511 3101 1523 3117 ,
1555 3078 1591 3111 de
1614 3079 1726 3114 dolore
1759 3085 1903 3125 queritur
1926 3087 1959 3117 in
1996 3086 2106 3119 medio

1097 3121 1265 3155 thoracis.-
1290 3131 1323 3152 in
1348 3120 1475 3152 dorsum
1498 3122 1612 3155 cubare
1623 3123 1789 3159 dumtaxat
1815 3127 1943 3170 potest,
1967 3131 1999 3161 8(
2025 3140 2105 3162 non-

1099 3164 1182 3198 nihil
1207 3165 1242 3197 in
1265 3164 1347 3197 latus
1371 3163 1528 3198 sinistrum
1552 3192 1558 3199 .
1585 3168 1700 3202 Eretfta
1724 3172 1845 3202 cervice
1869 3171 1987 3211 spirare
2009 3174 2105 3211 cogi-

1099 3218 1154 3242 tur
1179 3233 1186 3242 ,
1222 3209 1284 3241 Die
1309 3206 1395 3240 sexto
1419 3208 1551 3241 interit.
1687 3215 1857 3247 PULMO
1881 3214 1999 3248 finistffl·
2028 3212 2102 3249 dm·-

1101 3252 1171 3286 sum
1194 3251 1298 3284 versus
1309 3274 1324 3302 ³.
1344 3259 1455 3291 totus,
1479 3253 1679 3299 multumque
1701 3257 1887 3290 induruerat
1910 3280 1922 3296 2
1956 3259 1988 3289 86
2013 3259 2104 3300 pleu-

1103 3307 1166 3346 rae,
1188 3307 1259 3338 quae
1284 3295 1481 3345 ahquantum
1505 3298 1662 3338 rubebat,
1686 3299 1866 3334 adhaerebat
1890 3299 1992 3333 valide
2015 3324 2023 3338 ,
2056 3314 2105 3336 et-

1102 3350 1168 3372 iam
1200 3350 1261 3381 qua
1287 3337 1353 3371 haec
1383 3338 1592 3383 diaphragma
1616 3343 1772 3376 convestit
1797 3367 1804 3374 .
1844 3343 1958 3377 Pulmo
1992 3344 2104 3379 dexter

1101 3381 1193 3429 sanus
1217 3391 1304 3421 etat;
1326 3393 1509 3431 quanquam
1543 3387 1576 3418 in
1600 3398 1638 3418 eo
1673 3385 1813 3420 thoracis
1835 3399 1914 3424 cavo
1939 3389 2106 3430 paululum

1101 3425 1373 3477 *serolae'materiae
1397 3427 1711 3475 animadvertebatur
1734 3426 1853 3466 fimilis'
1870 3432 1943 3472 puri
1968 3455 1975 3462 .
2009 3433 2106 3474 Aqua

1099 3480 1133 3503 in
1158 3469 1342 3515 pericardio
1361 3469 1488 3504 turbida
1511 3492 1518 3503 .
1557 3474 1595 3506 In
1618 3472 1726 3506 cordis
1760 3474 1942 3508 ventriculo
1972 3474 2110 3511 dextero

1101 3524 1176 3547 cum
1199 3513 1354 3562 polypos-a
1377 3517 1582 3549 concretione
1608 3516 1731 3559 sanguis
1756 3519 1867 3551 eratin
1891 3529 2021 3560 grumos
2031 3530 2108 3554 coa-

1099 3557 1190 3591 Stus:
1218 3559 1275 3600 qui
1300 3556 1377 3590 ahbi
1402 3557 1541 3602 aliquem
1564 3559 1704 3594 fluorem
1725 3560 1885 3595 servabat.
2063 3562 2066 3565 ’

1623 3605 1654 3636 C
1677 3615 1694 3637 c
1925 3617 1976 3650 54.
2001 3608 2067 3640 Hi-

193 3741 212 3764 Φ

216 3745 263 3765 cut.
280 3738 342 3765 Paff.
359 3738 376 3762 1.
392 3745 414 3761 2.
432 3746 455 3763 e.
472 3746 508 3767 14.

213 3771 285 3799 Epist.
303 3778 341 3798 45.
359 3776 382 3792 n.
402 3772 439 3794 16.

196 3801 250 3825 Vid.
270 3803 408 3826 commerc.
427 3799 514 3824 Litter.
532 3802 559 3822 A.
580 3800 646 3829 1738.
664 3798 743 3824 Hebd.
765 3807 799 3829 ις.
818 3808 840 3824 n.
860 3808 883 3823 2.

190 3831 204 3860 (
220 3840 235 3857 ο
247 3832 262 3860 )
279 3840 302 3857 n.
317 3830 383 3861 supra
398 3831 471 3855 indic?
486 3840 511 3856 2.
529 3832 551 3855 δι
567 3839 605 3861 30.
667 3830 683 3859 ζ
696 3836 714 3860 Ρ
734 3832 741 3863 l
758 3831 814 3857 Vid.
829 3830 896 3861 supra
908 3848 917 3860 ,
934 3840 956 3856 n.
975 3834 1013 3862 39.

568 3737 737 3767 (c)n.44.
798 3738 1078 3769 (d)s.2.Aph.6.

102 3737 120 3827 ξς
502 3766 512 3796 (
530 3769 544 3792 h
560 3767 574 3797 )
607 3768 661 3792 Vid.
683 3767 750 3796 supra
762 3785 770 3799 ‚
786 3777 812 3794 n.
829 3776 852 3792 2.
870 3771 894 3794 &
914 3778 950 3798 30-

105 3831 114 3859 (

1141 3741 1155 3768 (
1171 3749 1183 3765 ε
1197 3744 1207 3767 )
1223 3743 1259 3765 De
1276 3739 1368 3764 Medic.
1386 3739 1401 3762 1.
1418 3746 1439 3762 2.
1456 3747 1476 3764 c.
1493 3750 1515 3770 7.
1578 3741 1592 3769 ζ
1604 3740 1646 3771 f')
1662 3749 1687 3766 n.
1710 3749 1750 3771 37.

1015 3771 1022 3798 (
1041 3772 1050 3793 i
1069 3771 1077 3798 )
1093 3771 1167 3798 Epist.
1195 3778 1231 3800 3¹·
1250 3778 1277 3796 n:
1296 3779 1317 3795 2.
1338 3771 1359 3794 δε
1378 3769 1451 3798 Epist.
1469 3776 1505 3801 36.
1526 3779 1549 3794 n.
1570 3778 1606 3800 ¹7·
1626 3775 1662 3797 18.

946 3803 959 3831 ς
975 3802 985 3824 ι
1003 3801 1011 3831 )
1027 3802 1080 3826 aet.

1100 3803 1133 3825 N.
1152 3804 1180 3827 c.
1197 3805 1270 3828 Tom.
1290 3811 1309 3832 5.
1326 3801 1384 3826 ΟΜ.
1401 3803 1440 3826 68.
1502 3805 1517 3833 ζ
1533 3811 1556 3826 m
1573 3803 1581 3834 )
1598 3803 1678 3828 schol.
1692 3803 1720 3827 ad
1739 3803 1820 3829 Patris
1833 3804 2052 3832 0bs.Anat.Mei.
2069 3814 2108 3835 271.
