2498 4075
359 223 509 252 venerat,
530 213 562 245 &
586 217 697 245 venter
719 210 833 245 deinde
857 210 913 245 suo
936 219 1081 254 tempore
1105 237 1115 251 ‚
1146 225 1358 257 mammaeque

358 260 581 292 intumuerant
597 277 611 295 ,
642 257 672 287 &
695 265 768 288 cum
800 257 888 288 bono
912 254 1006 288 faciei
1043 256 1151 289 colore
1176 256 1250 291 satis
1272 258 1357 291 bona

357 300 509 335 valetudo
533 299 654 332 fuerat.
679 297 751 330 Nec
774 308 880 332 tamen
904 298 932 331 se
952 299 1119 340 gravidam
1142 299 1201 333 esse
1224 301 1358 344 putabat

359 353 527 388 propterea
550 340 639 382 quod
665 341 754 380 plura
778 342 907 374 deerant
930 351 1118 375 caeterarum
1140 342 1358 385 gestationum

357 389 479 420 indicia
497 409 506 424 ,
533 393 645 417 tantus
669 385 702 415 in
726 385 839 426 primis
863 386 982 418 ventris
1006 394 1116 418 tumor
1133 410 1141 422 ,
1163 398 1302 429 quantus
1327 401 1360 421 a-

356 432 415 464 lias
437 429 576 465 solebat,
600 429 631 459 δι
654 427 787 460 infantis
812 437 918 460 motus
940 449 948 463 ‚
984 431 1041 468 qui
1067 429 1143 462 alias
1167 432 1327 464 maximus
1351 454 1360 469 ‚

357 477 388 507 &
411 472 566 507 assiduus,
593 480 678 503 nunc
703 481 810 503 autem
834 471 939 503 nullus
955 497 962 504 .
987 472 1063 504 Huc
1087 472 1169 506 illud
1194 474 1359 508 accesserat

357 517 482 550 ultimis
506 512 662 547 mensibus
678 538 686 551 ‚
710 523 746 547 ut
769 515 802 545 in
823 513 1033 556 hypogastrio
1057 523 1167 548 tumor
1188 516 1305 558 durus,
1328 522 1359 551 &

354 559 637 600 circumscriptus,
663 557 812 599 oblongae
836 557 933 590 instar
957 557 1098 591 distentae
1124 558 1229 593 vesicae
1250 585 1258 599 ,
1292 561 1358 602 ple-

356 614 493 645 rumque
516 602 732 643 perciperetur
749 626 757 640 ,
780 603 838 642 qui
862 611 936 633 mox
960 610 1088 643 repente
1111 602 1293 637 evanescere
1308 607 1359 636 vi-

353 648 488 681 debatur
511 669 519 679 .
552 647 638 677 Cum
663 644 730 676 haec
754 645 797 676 ita
822 642 917 676 essent
941 668 950 682 ,
985 655 1121 688 cumque
1144 645 1259 679 ultima
1286 660 1358 681 ante

355 697 573 734 praenotatum
604 687 692 720 diem
716 687 917 721 hebdomada
950 688 1081 721 insolita
1115 690 1359 733 urinae‘saepius

355 733 523 767 reddendae
552 730 731 770 neceffitas,
755 733 785 763 δέ
810 730 914 763 sensus
940 730 1088 771 ponderis
1112 735 1267 766 naturalia
1293 746 1359 767 ver-

354 777 404 810 sus
428 774 614 809 acceffissent
632 797 642 813 ,
665 785 741 806 mox
763 784 867 806 aurem
894 784 1040 807 mammae
1052 775 1162 808 triduo
1187 787 1259 810 ante
1282 789 1362 810 non-

353 820 437 854 nihil
461 816 691 852 detumuissent
719 841 727 855 ,
759 820 789 849 &
812 816 913 858 pridie
935 817 1072 860 denique
1104 817 1184 852 fusci
1209 820 1361 860 craffique

354 864 524 901 humoris,
547 859 733 894 subcruenti
759 869 866 892 autem
891 862 1056 893 matutino
1078 862 1275 903 insequentis
1297 864 1361 898 diei

353 917 500 949 tempore
526 915 692 946 perpaucae
725 912 828 945 guttae
853 915 869 936 e
895 904 1096 938 naturalibus
1127 905 1328 941 defluxissent
1353 922 1362 946 3

350 951 477 984 obortis
501 961 516 981 a
544 947 681 990 prandio
703 948 952 990 parturientium
977 947 1166 987 doloribus,
1191 949 1363 992 perfacile,

348 998 378 1027 &
413 993 499 1026 nulla
524 989 694 1033 adjuvante
731 989 904 1023 obstetrice
930 992 1093 1033 integram
1127 991 1230 1027 adhuc
1265 1006 1363 1028 mem-

348 1038 483 1071 branam
517 1036 683 1072 amnion·‚
718 1045 789 1067 nam
812 1033 950 1067 chorion
986 1034 1107 1069 sursum
1131 1045 1198 1069 erat
1234 1039 1364 1071 revolu-

348 1091 420 1115 tum
444 1096 453 1118 ς
488 1090 562 1113 cum
586 1089 707 1112 annexa
733 1078 878 1120 placenta
901 1076 1003 1111 edidit
1030 1104 1037 1112 .
1072 1081 1153 1115 Quae
1177 1081 1284 1123 longis
1308 1082 1361 1114 sar-

347 1127 420 1167 pius
445 1133 553 1167 partus
577 1122 775 1162 doloribus,
799 1124 827 1154 δε
852 1120 1001 1161 difficili,
1026 1123 1179 1166 tardaque
1205 1126 1360 1165 placentae

343 1168 505 1210 ejessione
540 1165 720 1200 constituri
747 1165 824 1198 alias
856 1164 1068 1198 consuevisset
1094 1189 1105 1205 ,
1139 1177 1254 1199 novam
1280 1169 1360 1201 hanc

344 1222 472 1245 tantam
497 1209 691 1244 facilitatem
717 1220 756 1241 eo
781 1209 884 1249 magis
909 1208 1108 1245 mirabatur,
1132 1210 1219 1249 quod
1244 1215 1358 1245 cum&

345 1255 579 1288 menstruorum
599 1277 607 1289 ‚
632 1255 662 1284 &
688 1261 797 1292 partus
822 1261 969 1293 tempore
993 1252 1171 1293 plurimum
1195 1252 1358 1288 effundere

341 1295 528 1341 sanguinem
557 1295 649 1328 solita
674 1294 747 1327 esset
763 1318 771 1332 ‚
796 1306 880 1327 nunc
905 1305 1045 1335 paucus,
1070 1304 1106 1328 ut
1131 1298 1291 1338 proximis
1302 1310 1359 1340 pa-

343 1344 447 1382 riter,
471 1341 492 1374 si
517 1350 616 1374 unum
642 1339 801 1379 excipias,
825 1337 937 1371 diebus
960 1339 1063 1371 exiret
1091 1362 1099 1370 .
1125 1342 1238 1381 Atque
1261 1353 1297 1376 ut
1321 1343 1359 1375 de

342 1397 444 1420 matre
468 1395 553 1418 nunc
576 1383 687 1416 omnia
712 1380 877 1415 absolvam
908 1394 918 1418 ·‚
955 1381 1092 1415 surrexit
1117 1383 1153 1416 ad
1179 1384 1273 1418 solita
1298 1387 1358 1419 do-

343 1430 472 1464 mestica
500 1428 610 1461 munia
626 1449 634 1465 ‚
661 1437 725 1458 non
751 1425 940 1467 trigesimo,
965 1435 1000 1458 ut
1025 1426 1095 1466 post
1119 1426 1200 1460 alios
1224 1437 1356 1470 partus,

341 1474 394 1507 sed
417 1474 519 1506 tertio
537 1494 546 1510 ‚
567 1482 604 1503 an
630 1478 748 1512 quarto
774 1468 841 1511 post
865 1468 916 1501 die
942 1493 950 1508 ,
982 1470 1011 1500 ἅ*
1038 1479 1116 1501 mox
1138 1472 1236 1504 etiam
1259 1472 1359 1505 domo

341 1516 458 1560 egressa
483 1516 526 1549 est
554 1540 561 1551 .
597 1524 699 1556 neque
724 1524 757 1546 ea
783 1523 830 1545 res
854 1522 920 1544 non
946 1512 1085 1545 robustae
1109 1513 1257 1557 alioquin
1284 1526 1358 1548 mu-

341 1561 412 1594 lieri
438 1571 529 1594 noxae
555 1557 642 1597 fuit,·
665 1559 734 1589 imo
760 1577 768 1591 ‚
799 1555 821 1589 si
845 1566 988 1596 unquam
1013 1555 1090 1588 alias
1106 1581 1115 1596 ,
1140 1558 1219 1591 bene
1244 1558 1273 1591 se
1297 1559 1354 1592 ha-

338 1604 410 1638 buit
435 1627 447 1644 ,
482 1600 654 1645 posteaque
688 1598 793 1633 rursus
833 1608 963 1632 uterum
997 1598 1121 1640 geffir,
1152 1603 1181 1635 δι
1206 1602 1314 1635 vivam
1341 1625 1350 1639 ‚

337 1648 533 1690 egregieque
576 1642 818 1677 conformatam
851 1642 976 1684 prolem
1021 1641 1122 1676 edidit
1147 1670 1155 1678 .
1288 1645 1349 1679 Sed

337 1701 451 1725 contra
477 1699 513 1724 ut
536 1688 690 1722 deformis
715 1686 788 1718 esset
814 1697 910 1726 quam
936 1696 1012 1718 tunc
1037 1684 1172 1725 ejecerat
1200 1710 1208 1725 ‚
1231 1687 1350 1722 scriba-

335 1746 425 1769 mus.
563 1729 739 1768 Secunde,
761 1738 920 1771 quantum
943 1728 1090 1770 judicare
1102 1731 1216 1770 potui,
1243 1732 1283 1764 ab
1297 1744 1350 1764 na-

337 1788 418 1812 turae
443 1788 553 1811 norma
578 1786 641 1807 non
666 1772 911 1814 discrepabant,
937 1771 994 1804 nifi
1017 1772 1105 1814 quod
1131 1773 1275 1815 placenta
1290 1787 1349 1817 pro

334 1835 372 1856 eo
397 1820 483 1865 quod
518 1819 599 1853 mihi
624 1816 824 1859 defignatum
848 1813 913 1848 fuit
939 1838 950 1855 ,
973 1816 1094 1858 integri
1120 1819 1219 1849 amnii
1256 1819 1348 1851 volu-

333 1866 440 1902 mine,
465 1864 634 1907 aliquanto
659 1862 766 1893 minor
792 1857 920 1892 visaest
941 1872 950 1895 3
986 1859 1144 1891 diametro
1169 1862 1256 1893 enim
1280 1872 1347 1895 erat

333 1907 590 1943 transversorum
615 1905 796 1946 digitorum
821 1902 920 1935 trium
943 1913 1016 1936 curn
1040 1903 1181 1936 dimidio
1204 1928 1211 1935 .
1247 1906 1284 1936 In
1309 1915 1343 1936 :1-

334 1955 425 1986 mnio
448 1962 523 1985 cum
549 1948 688 1983 subflava
708 1971 716 1986 ,
739 1950 770 1980 δι
793 1945 925 1979 turbida
948 1956 1052 1987 aqua,
1078 1957 1135 1979 nec
1160 1956 1265 1980 tamen
1281 1947 1341 1980 soe-

332 1997 420 2034 tida‚
447 2005 592 2028 mortuus
616 1991 722 2024 infans
747 2001 810 2022 non
835 1990 941 2022 minus
965 1990 1080 2030 longus
1104 1987 1185 2023 mihi
1210 1991 1340 2033 quidem

332 2041 376 2074 est
402 2039 588 2082 visusquam
613 2035 672 2068 esse
697 2043 732 2068 ut
748 2034 926 2079 plurimum
950 2031 1052 2065 solent
1065 2035 1120 2074 qui
1144 2035 1228 2067 int-er
1241 2035 1338 2076 quin-

329 2085 439 2121 ἃυιῃ,
464 2086 495 2115 &
521 2081 644 2115 sextum
669 2077 808 2111 mensem
831 2078 1007 2118 ejiciuntur
1030 2099 1040 2108 .
1076 2077 1184 2110 Facies
1207 2080 1234 2110 ei
1260 2089 1340 2119 prze-

330 2128 425 2168 longa
451 2149 462 2166 ,
492 2126 525 2158 in
551 2136 613 2167 qua
637 2120 788 2155 carnosus
811 2145 819 2160 ,
845 2129 880 2154 ut
904 2120 1075 2153 videbatur
1091 2142 1100 2157 ‚
1124 2120 1277 2162 globulus
1301 2132 1340 2153 ex

329 2166 405 2205 irnae
429 2171 545 2203 frontis
570 2168 679 2200 medio
704 2164 927 2206 prominebat.
953 2163 1021 2196 Sub
1043 2173 1081 2195 eo
1103 2164 1191 2197 oculi
1212 2188 1221 2204 ,
1254 2166 1340 2197 inter

330 2214 359 2248 se
384 2214 633 2256 contingentem
657 2208 763 2242 nullus
786 2209 872 2241 enim
895 2216 963 2239 erat
988 2204 1077 2239 nasus
1099 2217 1111 2245 ,·
1134 2217 1200 2240 non
1226 2207 1338 2249 palpe—

330 2259 395 2292 bris
411 2281 418 2294 ‚
443 2258 492 2291 sed
517 2256 695 2297 pellucente
719 2251 925 2290 membrana,
949 2262 1003 2292 per
1028 2261 1127 2291 quam
1150 2250 1338 2292 transpicie-

330 2303 469 2341 bantur,
493 2299 628 2333 obdueti
653 2323 660 2331 .
692 2297 741 2328 Os
764 2295 820 2329 suo
844 2295 939 2331 loco,
964 2293 1051 2335 quod
1075 2293 1168 2327 hians
1191 2294 1339 2327 denticu-

328 2347 377 2379 los
403 2344 556 2378 lncisores
580 2339 765 2374 ostendebat
786 2365 792 2372 .
819 2339 978 2380 Apertum
1003 2345 1069 2369 erat
1093 2338 1126 2369 in
1152 2337 1260 2370 medio
1285 2337 1339 2370 ab·

328 2390 469 2428 domen,
493 2399 532 2421 ex
554 2396 656 2427 eoque
678 2383 828 2416 intestina
850 2379 966 2415 effusa.
993 2383 1120 2420 Aperta
1143 2392 1273 2423 quoque
1300 2380 1339 2413 ad

332 2434 462 2467 lumbos
485 2430 671 2464 communia
695 2427 840 2466 corporis
865 2433 1071 2465 tegumenta,
1096 2422 1147 2455 sed
1173 2423 1265 2456 hiatu
1291 2425 1338 2457 ul-

332 2486 379 2509 tra
406 2476 459 2509 illa
484 2485 548 2507 non
571 2471 802 2505 descendente.
830 2471 928 2500 Attus
954 2468 1050 2499 etiam
1075 2477 1185 2499 omnes
1211 2465 1337 2508 peffime

329 2521 514 2554 habebant.
541 2515 726 2557 superiores
749 2511 906 2554 quidemn
921 2511 1033 2543 cubito
1045 2508 1213 2547 deorsum3
1238 2521 1335 2551 quam

327 2563 510 2597 brevissima
535 2562 621 2593 enim
647 2566 735 2590 erant
761 2555 892 2588 brachia
912 2576 923 2592 ,
959 2557 989 2586 ὃς
1024 2561 1196 2590 contorta,
1222 2552 1335 2594 hisque

327 2618 439 2641 manus
463 2607 581 2648 pariter
604 2610 763 2635 contortae
787 2598 1005 2631 addebantur.
1032 2595 1207 2628 Inferiores
1231 2606 1337 2630 autern

326 2653 359 2684 in
383 2651 535 2683 distortos
558 2644 742 2679 desinebant
766 2641 880 2683 pedes5
904 2651 976 2673 crus
1000 2650 1097 2685 vero*
1113 2638 1271 2672 sinistrum
1296 2641 1334 2673 ab

326 2695 410 2728 arfie
434 2692 590 2726 advoluto
614 2685 794 2721 umbilicali
828 2684 976 2717 funiculo
1001 2691 1054 2715 aut
1079 2683 1217 2716 fraistum
1242 2693 1329 2723 erat,

326 2746 382 2772 aut
409 2737 507 2773 magis
530 2744 627 2777 quam
651 2739 789 2769 caetera,
813 2728 1004 2761 distortum.
1033 2768 1039 2772 .

372 2791 422 2824 54.
446 2778 540 2822 Qid
565 2776 578 2810 ?
612 2774 633 2807 fi
659 2782 760 2806 mater
794 2770 962 2805 horribilis
986 2767 1167 2818 cujusdam.
1184 2767 1332 2811 supplicii

325 2824 502 2866 spectaculo
525 2817 721 2854 interfuisset
747 2841 754 2854 ,
779 2825 832 2848 aut
856 2813 1026 2858 quidpiam
1050 2813 1112 2844 tale
1136 2813 1258 2857 ριᾶυῐῃ
1285 2816 1332 2845 vi-

328 2867 419 2901 diffit
446 2893 454 2905 ,
491 2860 544 2900 aut
572 2862 683 2897 saltem
713 2887 720 2899 ‚
745 2870 780 2893 ut
805 2870 838 2891 ea
864 2857 902 2891 de
925 2869 987 2899 qua
1012 2856 1106 2898 paulo
1129 2856 1222 2897 supra
1246 2857 1297 2902 (y
1319 2860 1332 2896 )

326 2912 450 2946 djflum
476 2909 517 2942 est
538 2931 548 2947 ,
583 2904 785 2941 somniasset.
810 2902 872 2935 Illa
896 2912 972 2934 vero
998 2900 1026 2932 se
1049 2898 1226 2941 quidquam
1252 2900 1333 2941 ejus-

325 2953 414 2989 modi
440 2949 589 2994 aspexisse
604 2971 612 2985 ,
635 2958 689 2981 aut
715 2946 930 2987 vigilantem,
952 2944 1213 2976 dormientemve
1240 2944 1333 2984 cogi-

325 2996 400 3031 tasse
423 2995 615 3038 pernegabat
642 3015 650 3029 ,
678 3000 730 3023 aut
756 2992 821 3021 vim
847 2986 1034 3032 ullambsive
1058 2984 1204 3018 cadendo
1227 3007 1236 3022 ‚
1269 2987 1331 3019 sive

324 3037 594 3080 constringendo,
616 3030 920 3077 comprimendove‚
947 3030 996 3063 seu
1011 3029 1150 3070 denique
1162 3029 1332 3062 vehemen-

324 3087 388 3119 tius
413 3079 653 3117 concutiendo3
678 3089 751 3109 nam
776 3074 869 3117 hujus
886 3085 1016 3116 quoque
1039 3072 1137 3106 causae
1161 3074 1193 3105 in
1206 3073 1330 3106 violen-

324 3128 439 3161 tiffima
462 3122 647 3160 convulfiva
672 3120 741 3154 tuffi
755 3119 935 3160 exemplum
961 3120 1028 3160 (z)
1054 3116 1233 3154 habemus3
1258 3127 1330 3158 gra-

323 3171 403 3205 vido
427 3171 531 3203 ventri
555 3165 694 3199 attulisse
719 3175 725 3195 ;
762 3163 820 3196 hoc
846 3171 973 3194 tantum
995 3184 1007 3200 ,
1031 3159 1059 3192 se
1082 3168 1151 3192 tota
1174 3170 1206 3192 ea
1229 3158 1330 3202 gesta-

322 3218 412 3248 tione
445 3224 532 3255 aegro
557 3210 703 3251 tristique
739 3208 846 3239 animo
867 3203 958 3238 fuisse
978 3226 1004 3249 ,η
1022 3201 1216 3242 fatebatur;
1248 3213 1284 3237 ut
1308 3203 1330 3236 si

324 3257 513 3295 gestationes
536 3253 652 3287 horum
679 3259 820 3292 quatuor
845 3246 1095 3280 monstrosorum
1110 3245 1251 3279 foetuum
1266 3270 1275 3284 ‚
1298 3249 1330 3279 &

323 3295 551 3333 soroliviensis
585 3307 716 3337 quoque
740 3293 829 3326 illius
864 3295 877 3332 (
900 3303 918 3337 ci
944 3293 953 3326 )
976 3317 982 3328 ,
1022 3293 1104 3322 inter
1128 3289 1158 3322 se
1180 3288 1327 3322 confera-

324 3355 414 3381 mus,
440 3351 557 3375 mirum
584 3341 625 3373 sit
649 3361 658 3376 ‚
694 3337 756 3379 ejus
780 3347 876 3378 quem
903 3333 1040 3367 secundo
1065 3333 1139 3365 loco
1162 3335 1175 3371 (
1197 3332 1249 3374 b)
1272 3333 1328 3366 de-

981 132 1141 186 Liber
1174 134 1281 187 111.
1315 136 1399 188 De
1436 136 1644 188 Morbis
1683 137 1894 190 Ventris

1409 215 1611 256 scripsimus,
1635 215 1762 251 felicem
1777 215 1854 249 adeo
1877 214 2086 257 gestationem
2097 213 2206 249 fuisse.
2338 218 2411 250 Cae-

1409 268 1514 292 terum
1547 270 1617 300 quae
1641 257 1740 291 modo
1773 260 1858 300 quasi
1884 258 2030 291 adversus
2052 261 2133 291 vires
2157 267 2306 291 maternae
2330 261 2410 293 ima-

1411 303 1587 345 ginationis
1608 301 1775 339 dicebam,
1800 301 1841 335 sic
1865 302 2001 343 accipias
2026 303 2120 334 velim
2137 323 2145 338 ‚
2183 311 2218 334 ut
2242 301 2265 334 fi
2288 302 2328 335 ab
2352 303 2412 337 ho—

1411 347 1496 380 mine
1519 344 1578 377 fint
1613 346 1663 377 cui
1688 346 1821 377 minime
1854 346 1976 388 placeat
2000 344 2160 386 quidquid
2185 343 2352 379 monstrosi
2377 347 2411 378 in

1412 390 1501 432 prole
1522 398 1695 427 occurrat,
1718 389 1877 421 continuo
1899 401 1914 421 a
1940 388 2139 421 viribusillis
2161 397 2320 428 repetere.
2345 391 2410 422 Ex-

1411 442 1481 466 tant
1504 433 1590 464 enim
1615 432 1720 473 plures
1744 432 1899 464 vitiorum
1924 430 2105 472 ejusmodi,
2128 433 2158 462 &
2182 430 2250 472 ejus
2261 433 2410 464 nomina-

1410 478 1471 509 tim
1494 475 1533 508 de
1555 487 1623 517 quo
1647 475 1834 515 loquimur,
1858 476 2115 507 enumerationes
2128 484 2191 507 non
2217 475 2315 506 modo
2328 475 2411 517 apud

1409 518 1695 552 Consarcinatores
1715 540 1726 555 ,
1748 528 1860 550 verum
1886 519 1984 550 etiam
2009 517 2093 559 apud
2118 517 2256 551 Illustres
2278 518 2376 550 Viros
2399 542 2411 558 ‚

1408 563 1465 603 qui
1489 565 1674 601 exemplum
1697 560 1828 594 illorum
1854 562 2009 594 vitiorum
2031 583 2042 598 ,
2067 569 2119 594 aut
2142 559 2211 601 ejus
2233 562 2356 602 generis
2381 573 2413 594 a-

1411 605 1523 648 liquod
1556 606 1595 638 ab
1620 605 1647 637 se
1670 626 1683 643 ,
1717 611 1771 635 aut
1806 604 1845 636 ab
1877 605 1946 637 aliis
1977 604 2082 636 visum
2116 605 2215 644 primi
2246 602 2412 637 ediderunt

1411 649 1463 691 (c
1487 652 1496 688 )
1524 674 1532 682 .
1558 650 1614 682 Tu
1637 658 1713 680 vero
1734 647 1756 679 si
1781 647 1947 689 plerosque
1971 659 2081 680 eorum
2106 645 2254 689 inspicias
2277 659 2317 680 ex
2337 649 2412 688 qui-

1412 694 1470 725 bus
1500 692 1644 732 exempla
1670 688 1894 732 producuntur
1920 713 1928 727 ‚
1963 690 2085 724 videbis
2111 715 2133 729 ,ν
2151 702 2247 733 quam
2280 690 2372 724 facile
2397 704 2413 724 a

1411 738 1648 778 praegnantium
1681 735 1913 775 imaginatione
1944 734 2000 766 illa
2024 743 2208 776 repetantur
2233 759 2241 773 ,
2274 737 2306 767 &
2335 743 2413 768 tunc

1415 780 1511 812 etiam
1549 791 1622 812 cum
1646 791 1662 811 a
1687 777 1843 810 violentia
1876 781 2026 819 quapiam
2050 786 2179 811 externa
2201 777 2416 814 deducisatis

1416 822 1560 862 possent,
1585 832 1688 863 partes
1711 821 1771 853 suae
1795 821 2021 861 imaginationi
2047 833 2176 863 quoque
2201 821 2392 861 assignentur
2407 845 2414 853 .

1414 865 1500 907 Quae
1525 864 1651 898 tametsi
1677 864 1810 905 probare
1835 874 1898 896 non
1923 863 2073 906 possum3
2096 865 2139 896 est
2164 873 2268 897 tamen
2283 865 2415 898 viciffim

1415 910 1470 941 ubi
1493 908 1605 942 durius
1629 909 1710 941 mihi
1736 907 1883 940 videatur
1908 918 1922 938 a
1945 909 2109 941 communi
2134 906 2192 940 ista
2205 909 2342 941 Summis
2367 919 2415 941 et-

1415 953 1481 985 iarn
1504 954 1599 985 Viris
1622 951 1778 984 sententia
1803 950 1930 991 prorsus
1954 950 2132 983 discedere.
2158 950 2241 986 Quae
2255 951 2414 985 Boerhaa·

1416 997 1486 1029 vius
1512 996 1566 1039 (d
1587 998 1624 1035 ),
1647 1007 1717 1037 quae
1741 994 1929 1027 Swietenius
1954 994 2035 1036 (e)
2057 1016 2066 1030 ‚
2099 1006 2171 1038 quae
2195 994 2249 1027 alii
2272 1006 2381 1037 graves
2406 1019 2416 1034 ,

1414 1039 1623 1081 speetataeque
1657 1038 1731 1071 fidei
1757 1037 1915 1071 Aufflores
1951 1036 1990 1069 ab
2012 1037 2043 1070 se
2081 1038 2248 1077 conspelzta
2280 1038 2319 1071 de
2351 1038 2414 1071 hoc

1414 1093 1526 1124 genere
1549 1080 1664 1117 fuisse,
1687 1080 1778 1123 ajunt
1801 1104 1809 1118 ‚
1848 1091 1942 1113 nemo
1967 1091 2024 1120 pro
2048 1081 2131 1114 veris
2155 1091 2218 1112 non
2246 1083 2382 1123 accipiet
2406 1106 2414 1113 .

1413 1126 1544 1168 Singula
1569 1125 1607 1158 ab
1631 1127 1763 1158 interno
1787 1125 1868 1156 vitio
1893 1123 2005 1165 aliquo
2019 1123 2104 1166 posse
2129 1124 2203 1156 alias
2216 1124 2285 1157 fieri
2309 1124 2416 1167 siquis

1410 1168 1584 1202 contendat
1606 1180 1619 1208 ;
1642 1180 1704 1201 non
1730 1168 1938 1211 pertinaciter
1961 1167 2083 1208 negabo
2107 1192 2114 1200 .
2147 1167 2206 1200 Sed
2230 1168 2416 1201 tunc-indi-

1411 1212 1485 1245 dem
1509 1211 1591 1245 fae'ta
1616 1212 1673 1245 esse
1695 1234 1704 1250 ‚
1738 1222 1804 1244 non
1827 1221 1943 1253 potero
1967 1208 2061 1244 facile
2084 1207 2178 1244 fateri
2204 1234 2210 1240 .
2236 1211 2357 1245 Incidit
2379 1213 2414 1244 in

1411 1255 1473 1289 nasi
1521 1256 1691 1296 globulum
1735 1254 1929 1298 praegnantis
1973 1253 2117 1287 foeminae
2161 1255 2242 1287 mori
2286 1255 2379 1288 bacca
2404 1266 2415 1293 ς

1411 1302 1442 1332 δι
1465 1298 1571 1333 infans
1595 1300 1703 1341 prodit
1725 1321 1734 1335 ‚
1771 1300 1804 1331 in
1828 1296 1917 1339 cujus
1949 1297 2011 1329 nasi
2036 1296 2171 1340 globulo
2204 1300 2290 1331 mori
2313 1300 2415 1331 exstat

1410 1343 1524 1381 bacca,
1548 1342 1794 1385 magnitudine,
1816 1341 1945 1378 colore,
1971 1340 2178 1374 subrotundis
2203 1343 2325 1380 acinis,
2349 1341 2416 1374 sca-

1411 1387 1507 1420 britie
1522 1409 1530 1422 ‚
1556 1387 1761 1428 minimisque
1786 1386 1862 1427 pilis
1881 1381 2016 1427 perseffie
2040 1383 2193 1427 expreffa.
2220 1384 2259 1418 In
2282 1385 2414 1418 alterius

1411 1430 1552 1471 gravidae
1576 1432 1734 1463 cervicem
1758 1439 1796 1461 ex
1819 1428 1931 1461 arbore
1954 1427 2076 1459 decidit
2096 1437 2190 1461 eruca
2205 1450 2213 1465 ‚
2237 1439 2309 1470 quae
2332 1439 2415 1471 aegre

1411 1473 1484 1507 inde
1509 1476 1653 1507 amoveri
1677 1474 1806 1515 potuit3
1830 1473 1860 1505 Sc
1884 1470 1987 1512 puella
2011 1470 2152 1503 nascitur
2175 1472 2209 1503 in
2233 1470 2324 1512 cujus
2345 1483 2416 1505 cer-

1408 1518 1489 1550 vicis
1524 1527 1596 1551 cute
1621 1517 1789 1560 prominet
1824 1525 1926 1548 erucae
1950 1513 2070 1556 effigies
2094 1515 2192 1547 variis
2215 1514 2380 1548 coloribus
2403 1536 2415 1554 ,

1406 1561 1519 1594 creetis
1544 1561 1618 1604 pilis
1643 1584 1651 1597 ,
1687 1559 1786 1593 verbo
1806 1579 1815 1595 ‚
1849 1557 1890 1590 {ic
1913 1568 1994 1591 verae
2018 1569 2123 1591 erucae
2146 1557 2259 1591 similis
2279 1581 2291 1597 ‚
2315 1567 2351 1591 ut
2376 1569 2416 1592 ne

1403 1605 1654 1646 ovum-quidem
1680 1613 1736 1636 ovo
1753 1600 1892 1644 fimilius
1915 1599 1970 1646 effe
1987 1599 2096 1642 poffit.
2126 1601 2201 1634 Alia
2226 1600 2413 1635 mendicum

1403 1647 1498 1680 labiis
1521 1648 1678 1690 lepor-inis
1700 1645 1879 1679 deformem
1913 1646 2027 1684 aspicit
2053 1654 2117 1676 non
2154 1644 2219 1691 {ine
2241 1644 2376 1678 horrore
2402 1660 2411 1682 ς

1400 1692 1431 1722 &
1455 1690 1557 1724 silium
1583 1693 1672 1727 edit,
1695 1690 1778 1722 labia
1802 1687 1915 1722 fissuris
1937 1685 2114 1720 deformata
2130 1709 2139 1724 ,
2165 1689 2236 1720 visis
2263 1689 2295 1719 in
2322 1697 2413 1721 men-

1399 1734 1475 1767 dico
1511 1735 1606 1768 etiam
1630 1734 1668 1767 ad
1691 1730 1904 1773 dimensionem
1928 1730 2019 1771 nsque
2044 1729 2223 1775 fimillimis
2251 1740 2410 1773 gerentem

1399 1774 1507 1819 (f).
1533 1778 1640 1811 Audit
1653 1777 1714 1810 alia
1738 1779 1749 1814 (
1772 1786 1793 1818 g
1815 1777 1830 1814 )
1852 1774 1889 1806 de
1915 1773 2054 1816 puellula
2067 1784 2158 1814 cujus
2181 1773 2311 1806 dextera
2324 1786 2409 1816 prae-

1401 1830 1447 1854 ter
1474 1820 1625 1861 pollicem
1649 1820 1761 1862 digitis
1784 1817 1936 1851 omnibus
1959 1816 2112 1855 carebat,
2134 1827 2276 1858 quorum
2300 1818 2411 1852 locum

1400 1864 1553 1897 tenebant
1586 1875 1707 1905 ungues
1729 1887 1738 1902 ‚
1771 1861 1829 1904 ipfi
1853 1870 2038 1902 metacarpo
2073 1859 2229 1905 praejfixi3
2263 1859 2331 1906 haec
2355 1861 2410 1893 diu

1393 1906 1586 1949 multumque
1611 1903 1716 1941 secum
1741 1906 1888 1947 cogitat3
1911 1906 1941 1936 ἃ
1965 1903 2087 1943 foetum
2104 1903 2194 1944 eJicit
2219 1914 2309 1946 cnjus
2331 1903 2410 1938 dex-

1394 1960 1460 1983 tera
1486 1950 1522 1984 ad
1546 1951 1680 1985 eundem
1706 1948 1838 1981 modurn
1861 1947 1889 1980 se
1913 1946 2009 1980 habet
2033 1971 2040 1978 .
2077 1947 2150 1980 Nec
2175 1946 2229 1979 illa
2252 1951 2263 1986 (
2288 1946 2311 1979 la
2333 1951 2345 1986 )
2372 1946 2412 1981 fi-

1391 1993 1485 2026 lenda
1520 1996 1565 2027 est
1588 2005 1659 2036 quae
1694 1992 1836 2035 puellum
1860 1993 1982 2032 peperit
2017 1989 2079 2023 fine
2103 1990 2214 2023 cranio
2237 2012 2249 2030 ‚
2282 1990 2410 2031 cerebri

1390 2037 1500 2070 locum
1525 2037 1619 2071 rubra
1641 2035 1782 2078 quadam
1807 2033 1900 2066 massa
1926 2044 2126 2074 occupante,
2150 2045 2225 2066 cum
2255 2058 2264 2073 ,
2289 2034 2410 2076 postea-

1391 2091 1489 2121 quam
1524 2080 1620 2113 binos
1646 2080 1765 2112 liberos
1797 2088 1835 2110 ex
1860 2077 1952 2110 undis
1985 2076 2102 2118 quibus
2128 2075 2278 2110 submersi
2306 2079 2410 2111 inter-

1391 2122 1514 2164 jeram,
1538 2122 1602 2157 sine
1624 2123 1753 2159 cranio,
1778 2123 1809 2153 δι
1832 2121 1964 2153 cerebro
1989 2121 2148 2153 exrra&os
2169 2118 2284 2163 fuisse,
2309 2121 2412 2155 intel—

1391 2168 1537 2203 lexerat,
1557 2165 1625 2209 fixa
1649 2169 1692 2199 Θ
1710 2164 1867 2207 pertinaci
1890 2164 1946 2197 ista
1969 2164 2193 2206 imaginatione
2220 2186 2233 2204 ‚
2256 2164 2299 2196 Θ
2317 2175 2405 2206 prce-

1391 2211 1483 2243 teriti
1506 2210 1583 2243 malz·
1600 2217 1751 2252 perpetua
1775 2207 1984 2241 ruminatione
2008 2205 2036 2239 se
2060 2206 2402 2250 ipsam-cruciaverat:

1392 2264 1494 2296 neque
1519 2253 1574 2285 illa
1609 2255 1622 2290 (
1645 2253 1657 2285 i
1681 2255 1691 2291 )
1721 2262 1793 2294 quae
1815 2262 1890 2284 cum
1925 2250 2064 2292 puellam
2090 2252 2183 2284 enixa
2205 2249 2282 2283 esset
2299 2276 2308 2291 ,
2345 2251 2406 2294 hy-

1391 2295 1615 2330 drorachitide
1637 2297 1670 2327 in
1695 2294 1817 2328 lumbis
1840 2294 2007 2332 affeetam,
2031 2295 2193 2336 eademque
2210 2294 2276 2327 idea
2293 2293 2402 2337 saepis-

1387 2339 1461 2381 firne
1486 2341 1640 2381 repetita,
1662 2339 1704 2372 Θ·
1728 2336 1909 2379 resuscitata
1927 2337 2000 2379 ejus
2022 2338 2240 2380 imaginationi
2261 2339 2407 2372 continuo

1391 2381 1603 2425 obversaretur
1624 2393 1634 2419 ,·
1671 2383 1822 2423 proximo
1846 2390 1941 2422 partu
1974 2381 2107 2414 alteram
2132 2381 2271 2423 puellam
2295 2383 2328 2413 in
2353 2382 2406 2416 lu.

1390 2436 1460 2458 cem
1485 2425 1589 2458 edidit
1615 2423 1671 2457 illa
1695 2425 1797 2458 eadem
1817 2423 1944 2466 prorsus
1967 2422 2168 2466 deformitate
2181 2425 2282 2457 eodem
2305 2426 2336 2457 in
2361 2425 2409 2457 lo-

1388 2479 1440 2503 co,
1466 2478 1523 2508 quo
1534 2469 1653 2509 prior,
1676 2466 1880 2510 defiguratam
1909 2492 1917 2499 .
1955 2468 2106 2510 Denique
2130 2477 2139 2504 3
2175 2477 2210 2501 ut
2235 2467 2307 2500 aliis
2330 2479 2403 2510 quae

1389 2510 1525 2553 produci
1551 2510 1696 2553 possent,
1718 2513 1748 2543 &
1770 2521 1909 2552 quorum
1936 2511 2089 2544 nonnulla
2117 2510 2173 2552 ipsi
2197 2512 2253 2552 qui
2279 2511 2401 2552 spetia-

1389 2555 1513 2591 vimus,
1540 2554 1640 2594 probe
1664 2555 1834 2589 novimus,
1861 2553 2097 2594 praerermfflis,
2124 2553 2399 2588 Observatiouem

1390 2608 1603 2630 memoremus
1627 2597 1664 2630 ad
1688 2607 1751 2629 tres
1774 2607 1852 2638 quas
1878 2598 2048 2637 postremas
2063 2597 2127 2628 tibi
2151 2596 2400 2639 descripsimus,

1388 2653 1426 2673 ex
1460 2650 1549 2682 parte
1573 2641 1681 2683 aliqua
1716 2641 1909 2672 attinentem
1932 2649 1943 2677 3
1976 2640 2092 2673 mulier
2117 2643 2126 2678 (
2151 2638 2170 2679 l<
2191 2643 2204 2678 )
2227 2637 2292 2674 fuit
2326 2653 2399 2683 quae

1387 2683 1504 2717 foetum
1530 2685 1631 2717 edidit
1655 2683 1792 2725 pedibus
1812 2685 1842 2714 &
1867 2683 2016 2716 manibus
2040 2682 2162 2715 sursum
2185 2686 2363 2717 incurvatis
2386 2708 2399 2724 ‚

1386 2730 1417 2761 δέ
1440 2727 1529 2762 binis,
1561 2726 1735 2769 praesertim
1760 2726 1943 2759 tumoribus
1977 2725 2156 2758 deformem
2179 2750 2191 2767 ‚
2229 2728 2333 2760 altero
2359 2729 2398 2763 ad

1384 2782 1419 2803 os
1444 2772 1596 2809 Sacrum,
1621 2771 1723 2803 altero
1749 2769 1806 2803 sub
1830 2769 1988 2802 umbilico
2012 2794 2021 2809 ,
2046 2781 2107 2812 qua
2133 2781 2188 2812 per
2212 2771 2396 2805 abdominis

1384 2813 1695 2854 hiatumintestina‚
1718 2817 1748 2846 ὃ(
1763 2813 1821 2845 alia
1848 2811 1967 2845 viscera
1991 2812 2130 2854 egressa,
2157 2816 2396 2855 peritonaeum,

1384 2869 1450 2898 quo
1474 2869 1539 2890 uno
1561 2859 1831 2894 continebantur,
1857 2855 1948 2888 valde
1971 2856 2191 2903 extollebapt.
2216 2856 2395 2899 Cujusmo-

1383 2902 1416 2934 di
1440 2910 1567 2943 partum
1593 2913 1666 2934 curn
1692 2901 1864 2944 prudenter
1886 2897 2044 2931 obstetrix
2069 2911 2171 2943 neque
2194 2900 2357 2935 ostendere
2384 2926 2394 2940 2

1383 2956 1485 2986 neque
1508 2942 1687 2978 describere
1713 2955 1873 2986 puerperae
1898 2941 2045 2976 voluisset
2071 2956 2081 2981 3
2116 2943 2204 2977 ultro
2229 2944 2393 2980 describe-

1383 2989 1437 3020 bat
1461 2987 1529 3020 hec
1557 2988 1642 3029 ipsa,
1667 2998 1796 3020 narrans
1818 3011 1827 3025 ‚
1854 2985 1882 3018 se
1907 2985 2014 3019 medio
2037 2989 2220 3028 gestationis
2245 2998 2392 3029 ternpore

1382 3030 1543 3063 infantem
1568 3030 1734 3064 somniasse
1758 3032 1813 3071 qui
1837 3031 1869 3062 in
1905 3039 2050 3065 ventrem
2076 3031 2132 3063 sibi
2165 3031 2324 3064 violenter
2348 3035 2395 3065 ir-

1381 3084 1510 3111 rueret,
1534 3086 1669 3115 eunique
1695 3074 1825 3107 artubus
1849 3074 1897 3104 ita
1923 3075 2063 3106 incurvis
2083 3098 2092 3112 ‚
2119 3076 2148 3107 ἃ
2172 3074 2258 3107 binis
2282 3085 2408 3115 turno-y

1382 3118 1490 3155 ribus,
1516 3120 1696 3156 anteriore,
1722 3121 1750 3149 ἃ
1780 3116 1951 3158 posteriore
1977 3116 2017 3149 fic
2041 3116 2283 3155 deformatum,
2308 3131 2393 3161 quo-

1382 3160 1482 3194 modo
1505 3159 1610 3203 reapse
1635 3160 1811 3193 excluserat
1835 3173 1843 3191 :
1872 3161 1948 3193 adeo
1973 3160 2012 3193 ab
2036 3160 2094 3193 illo
2117 3159 2245 3193 somnio
2269 3173 2391 3204 perter-

1381 3207 1442 3236 rita
1457 3227 1465 3240 ,
1492 3204 1658 3247 postquam
1682 3203 1785 3237 fuerat
1809 3202 2032 3245 expergefaeta
2048 3229 2057 3244 ,
2081 3203 2205 3236 tristem
2230 3203 2388 3246 ejusmodi

1381 3249 1486 3280 ideam
1509 3249 1704 3280 retinuerat.
1836 3248 1891 3282 Tu
1916 3249 2038 3288 igitur,
2064 3248 2195 3289 inquis,
2225 3247 2244 3279 fi
2272 3259 2391 3282 mater-⁴

1380 3302 1426 3323 nae
1448 3291 1673 3333 imaginationi
1698 3289 1766 3322 haec
1791 3290 1925 3323 adscribi
1951 3288 2036 3331 posse
2060 3313 2069 3327 ‚
2103 3301 2166 3324 non
2192 3302 2306 3333 negas5
2332 3304 2383 3324 ra-

1379 3336 1502 3367 tionem
1525 3357 1537 3373 ,
1582 3334 1940 3376 moaumque‘ediffere
1975 3344 2040 3375 quo
2074 3333 2129 3367 illa
2161 3334 2282 3369 efficere
2317 3334 2382 3368 haec

2220 3389 2315 3420 queat
2330 3402 2338 3410 .

324 3466 2376 3485 Q

613 3545 626 3573 (
642 3552 659 3572 z
673 3543 687 3572 )
705 3544 843 3567 Commerc.
861 3540 945 3565 Litter.
964 3542 994 3563 A.
1014 3547 1081 3568 ¹735·
1099 3538 1176 3562 Hebd.
1196 3546 1217 3566 9.
1234 3546 1256 3562 n.
1275 3545 1298 3561 2.

405 3555 421 3575 5
484 3564 490 3569 .
510 3554 545 3576 5².

320 3609 440 3665 iacu;.se
460 3645 481 3665 q.
498 3637 527 3661 ad
545 3635 640 3660 Praelest
668 3634 751 3658 Boerh.
771 3633 793 3663 §.
809 3636 863 3661 694.
880 3631 902 3655 Bt
919 3631 1008 3659 Opusc.
1027 3632 1099 3654 Anat.
1117 3631 1159 3653 vt.
1179 3629 1192 3659 §

471 3615 484 3630 n

380 3670 393 3697 (
409 3668 423 3691 d
444 3645 567 3695 srraelee’t.
585 3666 613 3690 ad
633 3665 710 3689 instit.
729 3664 750 3694 §>
770 3667 824 3691 694.

382 3699 389 3727 (
405 3705 422 3727 g
437 3697 450 3724 3
468 3699 605 3720 Commerc.
625 3695 712 3719 Litter.
731 3698 759 3718 A.
780 3699 844 3726 ¹⁶3²·
862 3692 931 3715 Hebd
958 3699 996 3714 20.
1053 3721 1055 3724 Ι
1174 3720 1178 3723 .

379 3730 388 3759 (
405 3730 414 3751 ι’
430 3727 443 3755 )
460 3726 597 3751 salzmann.
614 3726 706 3750 Diss‘ett.
724 3725 753 3748 de
769 3723 877 3753 quibus-1.
897 3729 986 3746 tumor.
1006 3726 1080 3745 tunic.
1097 3728 1147 3745 exr.
1166 3722 1189 3750 9.
1207 3728 1230 3749 3.

381 3551 395 3608 ἑ
410 3547 450 3605 53
467 3554 522 3601 aid.
541 3576 612 3600 Sachs
629 3576 689 3608 Eplji.
707 3575 736 3597 Nv
757 3573 783 3595 C.
801 3574 857 3595 Dec.
880 3579 898 3594 x.
917 3574 936 3594 A
965 3577 986 3594 ι.
1005 3570 1086 3593 Schol.
1103 3569 1132 3593 ad
1149 3568 1209 3593 obs.
1230 3577 1277 3597 ¹35·
1297 3538 1432 3592 Schrgegk.)
1445 3539 1505 3593 geig-
1520 3539 1738 3597 &adiuragfigcegi
1751 3557 1813 3595 ⁰0bs.
1831 3578 1883 3604 232.-
1901 3573 1976 3596 Goth.
1994 3574 2051 3596 Ben.
2071 3573 2203 3607 Preussl-in
2220 3572 2330 3601 Append.
2347 3575 2377 3598 ad

379 3617 393 3632 n
435 3610 467 3630 Ce
488 3612 507 3631 t.
525 3616 548 3636 7.
567 3606 589 3629 ἃ
605 3607 626 3628 8Δ
647 3607 734 3628 Ritter.
753 3602 806 3626 Ast.
824 3603 856 3625 N.
875 3603 903 3625 C.
921 3603 995 3624 Tom.
1011 3603 1032 3624 8.
1050 3599 1108 3625 Obs.
1127 3601 1166 3623 88:
1182 3601 1298 3627 Stalpart.
1318 3601 1386 3622 Cenr.
1416 3608 1438 3622 2.
1457 3602 1480 3623 P.
1502 3608 1522 3624 1.
1543 3599 1623 3624 Schol.
1641 3603 1669 3624 ad
1688 3601 1745 3624 Obs.
1763 3606 1799 3629 35:
1817 3601 1922 3629 aliosque
1940 3610 1949 3631 ,·
1973 3602 2008 3625 sed
2025 3610 2073 3631 prae
2095 3611 2185 3628 caeteris
2215 3604 2296 3627 Hauer
2325 3612 2376 3628 nor.

887 3663 893 3689 (
912 3670 924 3685 e
940 3662 953 3689 )
971 3664 1107 3684 Comment.
1126 3661 1151 3683 in
1169 3659 1251 3684 Boerh.
1267 3660 1357 3685 Anhor.

1060 3693 1073 3718 (
1092 3692 1105 3713 h
1123 3695 1133 3716 )
1151 3690 1210 3718 Eph.
1230 3691 1261 3713 N·
1280 3691 1305 3713 C.
1326 3692 1382 3713 Dec.
1487 3714 1493 3719 ¹

1293 3722 1304 3748 ζ
1321 3719 1336 3743 k
1354 3721 1366 3749 )
1383 3721 1461 3745 Schol.
1480 3721 1507 3744 ad
1527 3721 1609 3745 Preuff
1631 3721 1684 3745 Obs
1706 3728 1744 3745 cit.

1821 3540 1989 3571 (b)n.5·o.

1197 3647 1200 3651 ,
1222 3634 1257 3653 16.
1273 3635 1316 3651 not
1345 3631 1394 3653 111.
1409 3630 1431 3653 8:
1447 3629 1508 3660 seqq.
1527 3631 1549 3653 δε
1565 3630 1653 3658 Opusc.
1673 3633 1715 3654 [Χ.
1734 3639 1786 3655 not.
1805 3639 1825 3654 2.
1844 3632 1865 3654 ὅ(
1884 3632 1945 3660 seqq.
1963 3633 1990 3656 ad
2010 3632 2030 3662 §v
2050 3642 2072 3662 3.

1377 3659 1399 3689 §v
1420 3668 1485 3690 ¹⁰75·
1503 3662 1533 3684 ad
1550 3668 1569 3683 2.
1635 3660 1697 3688 ·)‘)
1719 3662 1771 3685 Vid.
1791 3662 1843 3687 Ae}-
1865 3664 1896 3685 Ν.
1914 3664 1940 3686 C.
1957 3665 2032 3687 Tom.
2049 3668 2073 3687 6.
2093 3663 2150 3688 ΟΜ,
2171 3672 2207 3687 10·

1401 3699 1421 3720 3.
1440 3694 1467 3714 Α.
1486 3698 1505 3714 o.
1525 3691 1546 3713 ἃ
1565 3699 1600 3714 10.
1617 3691 1671 3714 Obs
1696 3696 1747 3715 106.
