2498 4075
352 227 456 261 ‘videri
485 225 638 260 continere
673 224 839 258 materiam
859 222 918 256 alii
938 222 1123 264 pinguedini
1139 224 1251 264 potius
1267 223 1359 266 fimi-

352 270 438 310 lem,
461 281 552 312 quam
570 268 669 310 sevo.
693 267 779 309 Quae
803 265 1034 299 animadverfio
1081 266 1228 305 praeclare
1251 268 1357 300 osten·

350 313 425 350 dit,
449 312 613 353 majores,
640 308 696 342 etsi
722 313 754 342 in
778 309 964 343 tumoribus
988 319 1051 340 non
1076 306 1184 342 sevum
1230 311 1354 342 inveni-

350 367 447 396 rent,
472 356 520 389 sed
544 353 795 395 pinguedinem,
819 364 883 386 non
908 361 1075 394 propterea
1099 362 1221 386 novum
1252 363 1362 386 turno-

353 409 426 432 rtim
447 409 548 441 genus
573 396 835 429 constituendum
858 393 1047 431 credidisse,
1073 405 1108 428 ut
1140 395 1247 429 nostra
1293 408 1359 430 me.

351 444 456 476 moria
481 441 619 473 Littrius
641 437 751 480 (f),
775 440 832 481 qui
855 436 1063 479 separandum
1078 450 1113 484 ,a
1138 437 1322 472 steatomate
1348 464 1358 480 ,

350 488 382 519 ἃ
407 487 528 527 lipoma
553 481 777 524 appellandum
801 480 881 518 esse,
905 479 1030 514 censuit
1055 480 1212 521 ejusmodi
1249 492 1358 515 tumo-

350 539 441 565 rem,
465 527 591 568 qualem
616 525 680 565 ipse
704 524 742 557 ad
765 526 828 557 viri
854 523 1015 566 scapulam
1040 523 1123 556 vidit
1146 525 1238 558 molli
1285 527 1356 567 pin.

352 571 514 613 guedine,
536 580 600 601 non
626 567 723 606 sevo,
747 568 894 608 plenum.
931 566 992 600 Sed
1038 567 1224 612 Ruyschius
1270 574 1323 611 (g
1345 573 1355 608 )

347 624 422 647 cum
446 613 657 654 exstirpatum
681 611 915 653 ejusdemmodi
962 620 1123 643 tumorem
1171 611 1280 653 paucis
1303 613 1357 645 de..

347 657 500 690 scriberet
524 656 654 698 postea,
677 665 794 688 vocare
818 657 969 689 steatoma
992 655 1154 694 perrexit.
1288 656 1356 688 Pal-

347 700 443 734 finius
467 709 576 733 autem
603 703 613 737 (
636 697 656 730 h
677 702 692 737 )
715 698 795 731 duos
820 707 964 731 tumores
988 707 1167 730 memorans
1212 696 1355 740 ejusdem

345 745 498 785 generis,
521 744 577 784 qui
601 740 639 773 ad
663 742 799 775 immane
822 743 947 784 pondus
971 740 1004 772 in
1029 739 1124 773 dorso
1146 752 1353 775 excreverant

347 786 558 820 foeminarum
604 784 739 818 duarum
765 806 775 821 ‚
820 795 938 818 neutro
982 784 1088 818 utitur
1112 785 1294 822 vocabulo,
1322 789 1353 817 δε

348 831 438 872 quod
463 830 513 861 illi
538 839 648 861 omnes
671 838 752 870 quos
776 828 1040 866 nominavimus,
1062 827 1119 859 alii
1144 827 1261 862 diserte
1272 829 1359 862 fece-

348 882 446 909 runt,
471 872 526 905 alii
551 870 593 903 sic
606 880 641 902 ut
665 870 775 903 saltem
798 872 882 904 reete
907 869 1064 913 perpensis
1086 872 1251 913 omnibus,
1273 872 1360 906 idem

345 916 504 957 conjicere
529 913 697 956 possimus,
727 925 764 946 an
789 915 944 956 peculiari
969 913 1048 955 cysti
1071 912 1107 946 hi
1140 926 1270 958 quoque
1302 928 1354 949 ea-

345 971 418 993 rum
442 958 651 992 foeminarum
676 966 817 991 tumores
855 957 1210 1000 comprehenderentur
1232 981 1245 999 ,
1289 960 1354 1007 ipse

344 1003 486 1036 indicare
512 1002 752 1043 praetermittit:
883 1002 956 1036 Nec
980 1012 1055 1035 vero
1079 1001 1154 1040 ille,
1178 1013 1236 1036 nec
1260 1013 1356 1037 caete-

344 1047 371 1079 ri
419 1045 492 1079 satis
515 1053 623 1086 aperte
648 1043 850 1086 significant,
875 1056 948 1087 quae
970 1044 1133 1090 pinguedo
1163 1047 1196 1078 in
1229 1047 1269 1079 iis
1305 1056 1354 1079 tu-

343 1090 491 1122 moribus
515 1097 640 1129 reperta
664 1087 708 1120 est
725 1110 734 1124 ,
759 1099 795 1120 an
822 1100 855 1121 ea
880 1086 954 1121 esset
979 1088 1103 1121 cellulis
1127 1089 1356 1130 comprehensa

341 1132 518 1174 plurimis,
543 1141 578 1164 ut
602 1133 635 1163 in
661 1132 844 1164 membrana
867 1132 1037 1172 Adiposa,
1062 1142 1099 1163 an
1116 1156 1123 1169 ,
1148 1132 1354 1166 nullisinter-

339 1175 435 1219 jectis
459 1175 715 1212 membranulis,
741 1184 850 1208 toturn
876 1175 957 1209 illud
980 1185 1098 1209 cavum
1122 1175 1294 1217 impleret·,
1320 1184 1355 1209 ut

339 1219 397 1260 qui
422 1219 556 1260 legunt,
581 1218 696 1260 possint
721 1217 895 1259 suspicari,
920 1217 1012 1251 fuisse
1023 1228 1115 1252 eam,
1142 1218 1163 1250 si
1177 1229 1242 1251 non
1254 1219 1353 1253 oleum

338 1260 541 1303 liquefafft'um
564 1262 653 1303 quali
680 1261 896 1294 Boerhaavius
922 1265 937 1301 (
960 1262 1008 1300 i)
1033 1261 1162 1303 plenum
1189 1272 1351 1294 tumorem

338 1305 498 1338 librarum
522 1305 625 1343 0610,
648 1316 664 1337 e
687 1303 785 1337 dorso
810 1304 910 1346 bajuli
934 1314 1120 1346 exemptum
1144 1326 1156 1343 ,
1202 1304 1232 1338 se
1277 1316 1350 1338 cum

337 1347 510 1389 Ruyschio
534 1347 666 1385 vidisse‚
691 1347 846 1388 testatur,
871 1357 903 1380 at
927 1347 1035 1381 saltem
1053 1347 1258 1389 substantiam
1281 1361 1351 1391 quae

341 1390 424 1424 nihil
446 1390 537 1434 efflet,
562 1390 618 1433 mfi
641 1390 766 1427 oleum,
790 1400 826 1425 ut
861 1391 957 1433 paulu
1004 1391 1146 1433 superius
1191 1391 1315 1425 dixerat
1338 1416 1348 1431 ,

336 1444 498 1468 tumorem
522 1435 660 1468 alterum
685 1445 886 1474 memorans,
911 1446 951 1468 an
974 1435 1130 1470 eundem,
1154 1437 1275 1478 quippe
1297 1445 1351 1469 to-

335 1477 438 1511 tidem
464 1479 644 1517 librarum,
667 1479 696 1510 δέ
721 1490 737 1511 a
761 1477 929 1520 Ruyschio
953 1478 1078 1511 visum.
1105 1478 1186 1511 Non
1210 1480 1343 1521 igitur,

335 1531 372 1555 ut
396 1521 495 1564 aliqui
519 1521 652 1555 fortasse
678 1520 822 1562 fuerint,
846 1531 973 1554 certum
997 1522 1065 1562 est,
1108 1533 1218 1556 omnes
1262 1535 1344 1565 quos

334 1566 478 1598 diximus
493 1589 502 1604 ,
527 1575 672 1598 tumores
695 1564 927 1600 excrescentias
950 1564 1041 1599 fuisse
1065 1565 1165 1607 ipsius
1187 1565 1343 1607 Adiposae

334 1609 556 1647 membranae,
581 1618 616 1641 ut
641 1608 733 1641 illum
755 1608 888 1650 quidem
911 1609 996 1641 circa
1022 1608 1183 1650 scapulam
1229 1609 1345 1643 mulie-

333 1653 378 1685 ris
401 1666 417 1685 a
443 1652 547 1685 Blafio
572 1656 581 1690 (
606 1651 623 1691 l<
644 1655 659 1691 >
682 1651 902 1692 descriptum,
927 1654 957 1684 δι
981 1651 1233 1693 Excrescentiam
1255 1654 1346 1685 Acti-

328 1695 435 1737 poscim
459 1696 501 1728 ab
524 1695 592 1737 ipso
617 1704 864 1736 nuncupatum:
891 1706 988 1736 quem
1035 1696 1121 1727 inter
1167 1695 1345 1738 superiores

332 1738 452 1778 omisi,
478 1750 541 1771 non
567 1739 655 1780 quod
678 1740 711 1771 in
737 1750 770 1771 ea
793 1737 952 1771 diffimili's
974 1737 1050 1771 esset
1069 1762 1077 1777 ‚
1105 1750 1202 1780 quam
1237 1742 1346 1772 conti-

331 1782 428 1815 nebat
446 1804 455 1819 ,
480 1780 673 1819 substantia,
697 1779 765 1815 haec
790 1782 876 1814 enim
910 1792 974 1813 non
1009 1780 1067 1814 nisi
1113 1783 1343 1823 pinguedinem

331 1825 488 1860 referebat
512 1823 711 1861 subflavam3
736 1823 786 1858 sed
809 1823 898 1866 quod
921 1824 1052 1861 eadem,
1077 1836 1141 1857 non
1154 1826 1286 1866 mollis,
1309 1835 1341 1858 at

332 1869 541 1911 cartilaginea
566 1866 808 1910 quodammodo
831 1867 905 1901 esset
929 1868 1048 1901 duritie
1075 1868 1208 1910 praedita
1234 1894 1241 1902 .
1266 1870 1339 1911 Ego

331 1924 411 1946 vero
433 1913 708 1946 Observationem
732 1912 814 1945 olim
840 1912 878 1945 ad
903 1911 1116 1945 Schr‘ockium
1144 1913 1213 1945 misi
1227 1911 1341 1954 adipo-

331 1955 353 1990 fi
380 1958 487 1998 magni
513 1956 651 1989 tumoris
667 1982 677 1996 ,
703 1958 760 1997 qui
789 1954 948 1996 scapulam
973 1954 1040 1997 ipse
1063 1966 1192 1998 quoque
1203 1967 1342 1998 occupa-

332 2001 409 2040 bat,
433 2003 463 2032 δι
488 1998 633 2033 foeminae
658 1999 812 2041 quidem,
838 2007 874 2031 ut
899 1998 1043 2040 plerique
1067 2010 1177 2032 eorum
1204 1999 1242 2032 de
1265 2001 1340 2041 qui-

331 2044 391 2077 bus
413 2042 595 2076 indicatum
620 2042 682 2076 est.
708 2043 803 2076 Illam
828 2043 852 2074 si
874 2041 1011 2084 legeri53
1036 2042 1242 2077 aSchrbckio
1254 2043 1340 2075 enim

331 2088 374 2121 est
398 2087 481 2120 edita
505 2090 515 2125 (
541 2085 587 2128 l)
602 2113 610 2127 ,
635 2098 736 2128 eoque
758 2085 812 2119 hic
836 2096 900 2117 non
923 2094 1110 2127 repetetur,·
1132 2089 1164 2119 &
1189 2097 1262 2119 cum
1289 2096 1340 2118 ea-

331 2131 403 2165 dem
427 2130 558 2163 alteram
581 2129 747 2171 junxeris,
771 2140 870 2172 quam
896 2129 1046 2169 protinus
1070 2128 1239 2172 subjiciam
1262 2141 1273 2167 ,·
1306 2130 1340 2161 in

331 2175 385 2209 illa
409 2176 493 2207 enim
518 2172 684 2211 indicavi,
707 2183 772 2205 non
798 2172 984 2214 perscripsi,
1008 2172 1087 2215 quid
1111 2184 1188 2207 meae
1220 2171 1340 2206 discre-

332 2228 408 2262 pent
434 2231 449 2250 a
474 2226 665 2251 caeterorum
689 2215 1005 2254 Observationibus‚
1029 2224 1124 2260 atque
1150 2217 1341 2254 sententiis,

331 2263 423 2297 facile
446 2261 632 2304 intelliges.

376 2317 425 2348 23.
452 2306 599 2342 VIRO,
625 2305 731 2342 nulla,
759 2316 857 2347 quam
880 2304 996 2342 sciret,
1021 2305 1140 2345 praevia
1164 2305 1280 2344 causa,
1303 2303 1336 2335 in

331 2349 557 2385 communibus
582 2349 711 2381 alterius
736 2351 816 2381 natis
839 2348 1072 2390 integumentis
1083 2349 1216 2390 exiguus
1240 2359 1336 2389 appa-

330 2395 397 2428 ruit
423 2404 549 2426 tumor.
576 2394 642 2430 Qi
667 2391 822 2431 paularim
847 2390 1014 2433 augescens
1030 2416 1038 2429 ,
1062 2392 1099 2425 ad
1123 2403 1188 2424 eam
1203 2393 1333 2424 demum

332 2437 590 2482 magnitudinem
605 2444 791 2477 pervenerat
810 2460 818 2473 ,
843 2443 878 2467 ut
890 2435 979 2475 pueri
994 2444 1111 2475 caput,
1134 2434 1191 2467 nisi
1207 2437 1334 2476 supera—

333 2492 402 2521 ret,
425 2490 457 2513 at
483 2490 565 2513 certe
585 2488 744 2521 aequaret,
768 2478 873 2511 Globi
897 2487 964 2510 erat
989 2476 1094 2510 forma
1120 2504 1129 2518 ,
1175 2479 1234 2519 qui
1280 2487 1335 2517 per

332 2527 459 2560 brevem
486 2523 726 2564 pedunculum,
750 2532 813 2553 non
846 2519 1027 2553 crassiorem
1058 2521 1190 2562 gemino
1226 2519 1334 2562 digito

333 2569 450 2614 pollice
473 2578 547 2600 cum
572 2575 642 2598 nate
666 2564 872 2604 commissus,
896 2564 1042 2596 deorsum
1057 2563 1212 2605 pendebat
1226 2589 1234 2596 .
1252 2563 1339 2596 Idem

332 2612 497 2651 utriusque
519 2610 611 2643 color
635 2609 692 2650 qui
716 2609 748 2638 in
774 2618 849 2641 cure
874 2608 1017 2649 reliqua.
1042 2607 1164 2644 Nulla,
1213 2606 1233 2639 si
1259 2618 1338 2639 con-

332 2656 502 2689 necteres,
527 2653 680 2690 durities,
704 2650 789 2684 nulla
815 2650 1005 2690 flustuatim
1041 2651 1127 2683 nulla
1160 2649 1301 2692 pulsatio
1325 2671 1335 2685 ‚

333 2700 437 2734 nullus
459 2697 553 2730 dolor
568 2721 575 2728 .
601 2694 659 2728 Sed
684 2694 782 2727 moles
805 2694 1012 2727 incommoda
1036 2693 1176 2731 sedenti,
1210 2692 1335 2735 pondus

334 2752 443 2777 autem
476 2744 489 2779 (
512 2738 634 2773 tametsi
660 2739 722 2771 lata
738 2762 747 2776 ‚
769 2747 906 2780 aptaque
930 2737 1048 2774 fascia,
1071 2738 1168 2770 etiam
1202 2748 1241 2769 ne
1283 2736 1334 2769 di-

332 2784 500 2821 strahendo
524 2793 634 2817 tumor
657 2780 865 2820 incresceret,
888 2791 924 2814 ut
949 2790 1073 2823 poterat
1095 2803 1106 2817 ,
1142 2779 1337 2813 sustentaba-

333 2840 385 2863 tur
406 2832 421 2871 )
447 2828 563 2863 stanti,
589 2825 832 2866 ambulantique
857 2825 1048 2862 molestum,
1073 2826 1104 2856 δε
1127 2822 1227 2856 febris
1248 2824 1338 2856 deni-

333 2885 394 2913 que
410 2893 418 2908 ‚
443 2883 475 2904 ac
500 2870 695 2904 vehementis
719 2869 835 2901 caloris
859 2867 982 2904 sensus,
1006 2879 1077 2909 quae
1102 2867 1167 2900 duo
1192 2867 1336 2909 aliquan-

333 2916 376 2950 do
399 2916 602 2956 longiorem,
626 2915 655 2945 δι
681 2912 927 2945 concitatiorem
952 2911 1207 2944 ambulationem
1232 2911 1342 2952 seque-

334 2961 472 2993 bantur,
498 2957 660 2990 hominem
685 2965 882 2997 coegerunt,
907 2964 943 2988 ut
980 2954 1167 2987 Valsalvam
1197 2953 1342 2987 consule-

333 3012 403 3037 ret.
430 3002 520 3037 Qui,
548 2999 597 3032 his
623 2999 802 3040 perpensis,
826 3010 899 3031 cum
925 3007 1085 3031 tumorem
1111 2998 1342 3039 amputandum

337 3045 417 3081 esse,
446 3055 509 3076 non
533 3043 718 3078 dubitaret,
745 3044 850 3081 paucis
875 3042 944 3082 post
968 3041 1081 3075 diebus
1101 3065 1110 3079 ,
1144 3052 1194 3074 me
1237 3042 1342 3082 inspe-

337 3091 465 3127 ctante,
491 3086 531 3120 fic
558 3097 623 3118 rem
648 3087 791 3126 peregit.
818 3084 989 3127 Postquam
1015 3085 1229 3126 pedunculum
1266 3095 1343 3126 pro-

341 3134 412 3175 pius
437 3132 575 3164 tumoris
599 3129 733 3171 globum
758 3129 877 3170 iniecto
902 3128 1032 3161 vinculo
1056 3129 1272 3165 constrinxit,
1308 3130 1339 3160 &

335 3188 373 3209 ne
397 3175 437 3207 sic
461 3174 592 3217 quidem
616 3172 706 3214 supra
732 3172 897 3204 vinculum
923 3171 1134 3213 pulsationem
1159 3171 1256 3204 ullam
1270 3183 1338 3213 per-

336 3220 439 3260 cepit,
465 3229 537 3258 quae
562 3215 799 3257 grandiusculae
827 3215 950 3247 arteriae
975 3216 1136 3249 indicium
1183 3213 1302 3248 faceret
1326 3239 1337 3255 ‚

338 3260 554 3294 transversum
580 3258 795 3300 pedunculum
820 3259 907 3298 supra
932 3259 1096 3291 vinculum
1120 3257 1341 3291 incidit.Ne-

337 3316 399 3346 que
425 3305 494 3346 plus
519 3302 680 3345 sanguinis
704 3301 848 3345 prodiit,
870 3311 967 3342 quam
980 3301 1189 3342 expeClmsseu
1213 3303 1340 3335 vixuna

342 3349 493 3380 arteriola
520 3349 548 3377 le
572 3345 778 3381 ostendente,
803 3355 901 3384 eaque
925 3345 1000 3377 exili
1036 3346 1113 3378 adeo
1135 3367 1145 3383 ,
1194 3356 1228 3378 ut
1275 3344 1341 3378 sola

339 3390 567 3432 compreffione
592 3390 630 3421 sit
654 3388 824 3426 cohibita,
849 3398 905 3420 nec
929 3387 993 3420 ulla
1015 3399 1093 3421 vena
1117 3389 1214 3430 paulo
1259 3388 1341 3421 cras-

340 3433 420 3467 siore
442 3442 558 3477 praeter
582 3443 698 3472 unam,
723 3443 794 3475 quae
818 3441 925 3465 tamen
974 3441 1039 3464 erat
1063 3432 1259 3470 mediocris,
1283 3442 1339 3474 per

400 3651 412 3674 (
458 3653 465 3680 )
482 3651 540 3675 Hist.
555 3651 583 3675 de
599 3650 696 3675 l'Acad.
714 3654 743 3675 R.
759 3651 799 3676 des
815 3653 853 3676 Sc.
870 3653 900 3675 A.
921 3657 989 3679 1709.
1006 3649 1064 3673 Obs.
1082 3652 1154 3674 Anht.
1174 3658 1193 3679 3.

399 3680 405 3705 (
452 3682 464 3709 )
480 3681 585 3705 Praeleft.
605 3681 633 3704 ad
652 3680 674 3710 §.
689 3682 733 3705 cit.
752 3681 818 3710 supra
833 3681 861 3705 ad
878 3690 901 3704 ri.
923 3688 957 3708 17.

402 3709 411 3735 s
430 3718 453 3733 m
472 3710 480 3739 )
497 3712 574 3744 Epist.
591 3719 629 3739 43.
648 3718 672 3734 ri.
691 3719 728 3736 ιο.
792 3715 832 3735 (n
849 3713 862 3740 )
878 3711 947 3740 Epist.
968 3717 1004 3738 19.
1023 3713 1101 3735 n418.

401 3741 415 3768 (
430 3748 445 3770 p
462 3741 474 3768 )
492 3742 550 3764 Hist.
565 3741 592 3765 de
612 3741 707 3766 i'Acad.
725 3745 755 3766 R.
771 3744 812 3767 des
830 3743 866 3766 Sc.
884 3745 911 3766 A.
931 3749 999 3770 ¹704-
1015 3739 1070 3763 Obs.
1090 3745 1163 3765 Anat.
1183 3747 1204 3764 ι.

1256 3650 1270 3677 (
1284 3658 1301 3679 g
1317 3648 1330 3676 )
1346 3648 1416 3678 Epist.
1435 3649 1464 3673 ad
1481 3649 1566 3673 Boeth-

1018 3682 1032 3708 (
1048 3679 1064 3703 k
1080 3681 1093 3709 )
1110 3683 1177 3704 Part.
1197 3686 1220 3703 ι.
1236 3679 1294 3712 ΟΜἶ
1314 3680 1383 3703 Med.
1400 3687 1445 3703 rar.
1461 3688 1483 3709 3.
1588 3709 1592 3712 -

1164 3711 1177 3739 (
1194 3718 1206 3732 a
1228 3710 1235 3739 )
1252 3709 1323 3737 Epist.
1341 3711 1379 3733 ⁶8.
1396 3718 1420 3733 n.
1438 3714 1460 3735 6,
1478 3709 1546 3735 Adde
1561 3715 1634 3733 etiarn
1651 3712 1754 3734 alterum
1771 3711 1829 3736 ibid.
1846 3720 1869 3736 n.
1887 3715 1910 3736 8.

1273 3743 1433 3770 (q)n.22.

659 143 815 198 Liber
832 143 925 197 IV.
944 143 1031 197 De
1048 143 1254 197 Morbis
1271 143 1595 211 Chirurgicis
1612 184 1626 205 ‚
1662 146 1715 196 δζ
1739 144 2127 198 universalibus

1410 225 1493 258 latus
1515 221 1690 264 pedunculi
1715 224 1771 256 sub
1795 234 1870 259 cute
1892 224 2096 259 scandentem
2111 251 2119 265 ‚
2152 222 2414 265 manifestamque

1393 267 1473 310 ⁴jam
1497 276 1570 299 ante
1593 266 1787 309 sefflionem.
1814 269 1943 303 Vulnus
1968 278 2074 301 autern
2090 293 2100 307 ‚
2123 267 2211 300 bono
2235 268 2334 300 etiam
2360 267 2420 300 ho-

1413 311 1512 344 minis
1535 308 1670 354 habitu,
1695 311 1727 353 δι
1752 320 1917 353 tempore,
1942 322 1997 344 ver
2020 313 2108 344 enim
2141 319 2207 343 erat
2255 312 2295 343 A.
2323 321 2416 352 1704.

1410 357 1531 388 Artem
1554 352 1803 394 adjuvantibus,
1827 356 1896 387 cito
1919 354 2123 397 persanatum
2136 354 2196 386 est.
2331 354 2419 386 TU-

1409 397 1525 431 MOR
1549 405 1606 435 ut,
1629 407 1679 427 me
1704 396 1923 438 inspeetante,
1948 410 1964 430 a
1989 396 2139 431 Valsalva
2162 395 2282 430 excisus
2293 395 2420 432 fuerat,

1409 439 1450 473 sic
1475 452 1492 472 a
1515 450 1588 478 me,
1611 439 1670 471 illo
1694 439 1894 480 inspecstante
1909 464 1917 476 ,
1942 439 2098 483 perseftus
2121 439 2163 473 est
2188 440 2300 473 eodem
2332 439 2384 472 die
2408 464 2420 472 .

1408 485 1446 516 In
1469 483 1539 525 ipso
1561 480 1731 515 excisionis
1753 483 1827 516 loco
1853 507 1863 522 ,
1893 484 2081 526 priusquam
2111 482 2262 517 dissecare
2293 484 2418 524 incipe.

1408 537 1498 561 rem,
1521 534 1682 568 quatuor,
1706 535 1759 558 aut
1784 528 1929 567 quinque
1952 527 2146 569 apparebant
2162 524 2417 559 intransversum

1409 570 1486 602 [εᾶί
1509 567 1596 610 quasi
1620 567 1764 609 cylindri
1785 570 1920 612 digituli
1966 569 2169 603 craffitudine
2194 569 2312 612 singuli
2335 591 2344 606 ‚
2379 578 2418 601 ex

1407 612 1525 655 quibus
1548 612 1711 644 constabat
1736 611 1956 652 pedunculus.
1984 614 2055 645 Hos
2086 614 2187 655 igitur
2224 612 2417 655 persequen-

1406 658 1470 692 do,
1495 654 1578 688 nihil
1601 654 1688 687 aliud
1711 654 1967 695 effetumorem,
1994 656 2082 693 vidi,
2107 668 2203 700 quam
2218 666 2328 690 eorum
2341 665 2417 697 pro-

1405 699 1593 732 dustionem
1609 722 1616 728 .
1641 697 1814 731 Craffiores
1838 699 1923 731 enim
1947 699 2045 736 faeti,
2071 700 2263 742 inaequales,
2287 697 2416 732 flexuo-

1406 743 1456 782 si,
1479 743 1512 773 in
1539 740 1707 783 pluresque
1730 740 1847 783 singuli
1871 742 1965 775 divisi
1991 742 2171 776 universam
2196 743 2284 776 illam
2296 741 2415 775 efficie-

1410 786 1488 819 bant
1513 785 1650 818 molem.
1676 784 1749 817 Nec
1773 785 1920 826 scalpello
1943 797 2024 828 opus
2048 796 2114 818 erat
2138 795 2174 819 ut
2196 786 2415 828 sejungerem5

1411 828 1526 869 digitis
1549 828 1684 867 melius,
1706 830 1737 860 &
1761 827 1908 865 facilius,
1932 830 2042 862 sensim
2066 829 2227 872 pergendo
2269 829 2415 872 sejunge-

1413 873 1550 906 bantur.
1577 871 1696 904 Eadem
1720 881 1826 904 autem
1849 874 1880 903 δι
1901 872 1935 904 in
1960 872 2139 914 pedunculo
2160 895 2169 910 ‚
2217 875 2247 905 &
2292 873 2413 913 ubique

1406 927 1518 950 eorum
1544 914 1720 952 stru5tura,
1744 917 1774 947 δε.
1798 925 1914 948 natura
1940 914 2026 952 fuit,
2049 917 2210 949 nimirum
2233 928 2302 958 quae
2327 916 2411 947 Adi-

1406 958 1488 1001 posae
1513 958 1703 991 membranae
1718 957 1793 1003 ἐή,
1817 968 1854 991 ut
1878 957 1962 991 nihil
1986 959 2025 991 ab
2037 958 2095 992 hac
2116 958 2326 1001 discreparet,
2349 957 2413 991 five

1406 1002 1600 1037 ambientes,
1624 1001 1870 1044 interJeStasque
1896 1003 2126 1035 membranulas
2141 1025 2150 1039 ,
2173 1002 2236 1034 sive
2260 1003 2412 1041 mollem,

1405 1046 1527 1087 digitos
1550 1053 1745 1087 ungentem,
1768 1047 1798 1077 δε
1821 1056 1860 1077 ex
1885 1045 1958 1078 albo
1982 1045 2020 1078 ad
2044 1045 2160 1079 flavum
2177 1045 2412 1083 inclinantem,

1407 1088 1511 1132 qualis
1535 1088 1567 1120 in
1591 1089 1781 1130 corporibus
1806 1088 1847 1121 est
1859 1087 2024 1121 sanissimis
2039 1111 2049 1126 ,
2072 1089 2301 1130 pinguedinem
2313 1099 2410 1130 quarn

1407 1132 1641 1168 continebant,
1669 1130 1841 1173 spec‘iares.
1870 1132 1955 1165 Vasa
1981 1131 2182 1174 sanguifera‚
2207 1131 2264 1164 nisi
2289 1132 2326 1164 ad
2362 1132 2412 1165 su-

1410 1186 1551 1217 premam
1576 1185 1723 1216 partem‚
1746 1186 1846 1217 eaque
1868 1176 1976 1209 tenuia
1991 1198 2003 1214 ,
2026 1175 2115 1217 quod
2139 1186 2178 1208 ex
2209 1175 2412 1208 animadver-

1411 1218 1449 1252 sis
1473 1221 1506 1251 in
1530 1219 1752 1260 amputatione
1775 1217 1923 1251 futurum
1948 1218 2165 1260 praesenseram
2190 1242 2199 1256 ,
2243 1219 2329 1251 nulla
2374 1220 2409 1251 in

1409 1262 1522 1295 oculos
1545 1264 1768 1294 incurrerunt.
1795 1263 1962 1295 Caeterum
1985 1271 2058 1295 cute
2091 1260 2256 1294 universus
2299 1271 2409 1296 tumor

1406 1305 1594 1347 cingebatur
1618 1304 1714 1346 paulo
1737 1304 1903 1345 craffiore,
1925 1313 1960 1338 ut
1984 1304 2132 1347 scalpello
2156 1305 2189 1337 in
2213 1303 2292 1338 duas
2314 1306 2410 1339 lami·-

1404 1359 1458 1382 nas
1479 1347 1621 1381 dividere
1646 1348 1779 1381 liceret.

1447 1403 1499 1434 24.
1524 1392 1676 1435 Praeclare
1699 1402 1737 1424 ex
1759 1389 1818 1424 hac
1842 1390 2077 1425 Observatione
2093 1414 2102 1429 ,
2127 1393 2158 1424 &
2183 1401 2220 1424 ex
2240 1403 2274 1425 ea
2309 1403 2409 1435 quam

1402 1436 1439 1469 ad
1465 1434 1676 1469 Sclir'ockium
1701 1432 1793 1473 misi,
1817 1446 1889 1468 cum
1915 1435 1972 1469 hac
1997 1436 2030 1468 in
2055 1447 2088 1468 re
2121 1446 2248 1477 quaque
2296 1437 2409 1477 praeci-

1401 1491 1463 1522 pua
1488 1480 1756 1517 convenientem,
1783 1486 1815 1511 te
1838 1478 2075 1521 perspeecurum
2099 1488 2164 1510 non
2188 1479 2331 1519 dubito,
2355 1489 2407 1513 tu..

1398 1534 1502 1556 mores
1524 1521 1591 1555 hosv
1606 1522 1707 1562 duos,
1732 1534 1747 1554 a
1772 1532 1822 1554 me
1846 1521 2015 1560 dissectos,
2040 1521 2121 1555 nihil
2147 1521 2205 1555 nisi
2218 1522 2407 1555 Excrescen-

1397 1568 1459 1600 tias
1481 1564 1576 1599 fuiffe
1600 1566 1694 1608 ipsius
1718 1576 1790 1607 quse
1814 1564 1871 1597 sub
1895 1574 1968 1598 cute
1992 1565 2063 1603 est,
2098 1566 2293 1599 membranae
2323 1566 2407 1600 Adi-

1398 1610 1502 1652 posae,
1527 1611 1647 1652 quippe
1672 1619 1735 1641 non
1760 1619 1800 1640 ex
1824 1609 2018 1651 pinguedine
2043 1610 2164 1650 magis,
2193 1608 2339 1642 minusve
2362 1609 2404 1641 li-

1397 1652 1515 1695 quida,
1540 1656 1571 1685 &
1597 1652 1747 1695 peculiari
1773 1649 1854 1693 cysti
1879 1652 2020 1694 undique
2057 1651 2285 1693 comprehensa
2307 1674 2316 1689 ,
2353 1652 2404 1686 sed

1397 1708 1435 1728 ex
1458 1697 1655 1738 pinguedine
1687 1693 1791 1727 factos
1822 1696 1945 1728 cellulis
1992 1693 2113 1728 inclusa
2158 1695 2370 1729 membraneis
2395 1723 2405 1737 ,

1397 1751 1460 1772 non
1485 1738 1592 1771 eadem
1618 1739 1719 1771 solum
1746 1737 1926 1777 struetura,
1949 1740 1978 1770 δι
2004 1748 2119 1771 natura
2142 1750 2204 1779 qua
2229 1740 2261 1771 in
2296 1738 2405 1772 Mem-

1396 1784 1495 1816 brana
1519 1782 1573 1814 illa
1597 1778 1842 1814 manifestissime
1867 1781 2030 1822 praeditis,
2054 1780 2104 1814 sed
2128 1781 2217 1823 quod
2241 1782 2404 1822 peduncu-

1393 1827 1416 1859 li
1442 1829 1472 1859 &
1497 1824 1600 1865 basis,
1623 1826 1664 1858 ab
1687 1823 1743 1856 illa
1768 1833 1964 1866 amputatae,
2002 1824 2174 1856 transversa
2218 1825 2404 1860 ostendebat

1392 1870 1515 1910 stelio,
1537 1880 1610 1903 curn
1634 1880 1667 1901 ea
1694 1867 1882 1901 Membrana
1905 1867 2136 1901 evidentissime
2170 1870 2368 1905 continuatis
2393 1895 2401 1902 .

1391 1914 1509 1954 Neque
1533 1914 1619 1945 enim
1641 1912 1779 1944 interior
1802 1911 1842 1944 de
1864 1910 1990 1943 duabus
2015 1911 2142 1944 laminis
2167 1913 2199 1943 in
2224 1922 2301 1952 quas
2333 1912 2402 1946 dixi

1390 1966 1497 1990 cutem
1519 1955 1625 1990 dividi
1651 1951 1813 1997 potuisse,
1838 1964 1897 1996 pro
1920 1955 2073 1996 peculiari
2095 1952 2177 1996 cysti
2212 1956 2403 1996 accipienda.

1392 2000 1460 2039 est,
1484 2011 1548 2033 non
1569 1998 1667 2032 modo
1691 1997 1767 2040 quia
1790 1998 1826 2029 in
1851 1997 1949 2030 altera
1974 1998 2030 2030 illa
2063 1998 2300 2031 Observatione
2334 2011 2401 2032 non

1391 2041 1534 2082 licuisse,
1559 2043 1592 2075 id
1617 2041 1704 2079 sci03
1727 2051 1839 2074 verum
1862 2041 1982 2077 etiam,
2007 2041 2103 2083 idque
2116 2043 2274 2085 praecipue
2291 2063 2298 2077 ‚
2324 2044 2400 2084 quia

1392 2088 1425 2119 in
1450 2086 1691 2119 Observatione
1716 2083 1870 2117 utralibet
1895 2082 1918 2116 fi
1942 2084 2038 2126 cystis
2061 2084 2167 2118 fuisset
2191 2096 2261 2126 quae
2289 2096 2401 2118 turno-

1392 2140 1461 2163 rem
1486 2128 1629 2171 undique
1653 2127 1945 2170 coniplecleretun
1970 2137 2057 2161 certe
2082 2128 2191 2171 portio
2215 2128 2269 2161 illa
2301 2130 2400 2170 cystis

1391 2184 1465 2215 quae
1489 2172 1671 2214 supremam
1694 2179 1820 2213 partem
1843 2170 2154 2213 comprehenderet,
2176 2173 2262 2205 intus
2286 2175 2320 2205 in
2342 2172 2396 2206 sua

1390 2216 1459 2249 sede
1483 2217 1593 2249 relicta
1618 2215 1710 2252 effer,
1736 2226 1810 2249 cum
1833 2212 1925 2249 simul
1950 2226 2024 2248 cum
2049 2225 2175 2249 tumore
2199 2216 2300 2249 excisa
2333 2227 2398 2249 non

1392 2259 1451 2294 sit.-
1477 2270 1542 2292 non
1567 2257 1657 2292 fuisse
1682 2267 1789 2291 autern
1812 2260 1900 2292 intus
1924 2258 2091 2296 relistam,
2117 2271 2159 2292 ex
2183 2271 2220 2292 eo
2244 2260 2398 2302 intelligi-

1389 2314 1443 2337 tur
1465 2301 1555 2345 quod
1578 2303 1692 2337 vulnus
1715 2305 1791 2344 aegri
1815 2300 1981 2345 utriusque
2005 2301 2099 2336 facile
2122 2301 2319 2345 persanatum
2331 2304 2400 2343 est,

1389 2350 1420 2380 &
1445 2345 1508 2379 fine
1531 2357 1591 2388 ope
1614 2356 1726 2379 eorum
1749 2357 1820 2388 quae
1844 2345 1987 2379 folliculi
2022 2346 2168 2380 reficiam
2211 2349 2399 2389 portionem

1391 2389 1573 2429 exedendo,
1599 2399 1652 2423 aut
1676 2388 1917 2430 putrefaciendo
1944 2390 2139 2428 absumunt,
2166 2402 2228 2432 qua
2254 2403 2317 2424 non
2343 2395 2399 2424 ab·

1390 2435 1539 2474 sumpta,
1561 2444 1617 2466 nec
1642 2431 1755 2465 vulnus
1779 2432 1816 2465 ad
1840 2431 1965 2466 firmam
1990 2435 2175 2466 cicatricem
2189 2434 2399 2476 perducitur,

1393 2480 1424 2510 &
1449 2488 1556 2509 tumor
1601 2475 1807 2518 postmodum
1831 2478 2028 2510 revertitur:
2067 2488 2209 2520 quorum
2246 2489 2397 2512 neutrum

1392 2520 1458 2553 istis
1481 2518 1618 2553 accidit.
1751 2520 1808 2553 Ad
1831 2521 1893 2554 hoc
1916 2521 2020 2563 ipsum
2046 2523 2183 2554 tumoris
2205 2532 2303 2562 genus
2327 2534 2398 2562 per-

1394 2562 1550 2603 tinuisse,
1574 2562 1789 2603 crediderim,
1810 2575 1905 2606 quem
1940 2575 1999 2606 pro
2044 2562 2396 2606 omphalo-epiplocele

1390 2606 1541 2640 habitum
1566 2619 1582 2639 a
1606 2607 1747 2641 Medicis
1787 2608 2037 2644 Praestantibus,
2063 2607 2140 2639 alias
2185 2608 2285 2649 (m)
2332 2610 2396 2642 tibi

1389 2651 1664 2689 commemoravi,
1687 2661 1760 2684 cum
1783 2652 1815 2682 in
1841 2660 1972 2683 mortuo
1995 2651 2081 2684 nulla
2108 2651 2154 2682 ibi
2179 2650 2311 2692 hernia,
2344 2653 2396 2686 sed

1389 2695 1607 2736 prominentia
1632 2702 1758 2727 tantum
1783 2692 1880 2727 fuerit
1906 2706 1920 2726 a
1946 2692 2148 2735 pinguedinis
2160 2699 2273 2735 copia,
2297 2707 2396 2736 quam

1389 2737 1509 2770 cellulae
1531 2735 1663 2779 quidem
1689 2735 1897 2771 continebant
1920 2736 2065 2779 subjeetae
2091 2738 2284 2770 membranae
2316 2740 2397 2773 Adi-

1390 2779 1499 2824 posae,
1522 2781 1608 2813 nulla
1633 2791 1738 2815 autem
1763 2782 1931 2823 peculiaris
1955 2781 2050 2822 cystis
2084 2781 2362 2822 complectebatur
2385 2811 2395 2818 .

1393 2823 1518 2861 Eodem
1541 2832 1648 2856 autem
1671 2824 1879 2866 pertinuisse,
1902 2834 1990 2858 certo
2014 2824 2077 2857 scio
2101 2847 2113 2863 ,
2158 2825 2278 2867 quippe
2320 2838 2396 2864 cum

1394 2868 1460 2908 ipse
1483 2866 1701 2906 diffecuerim,
1727 2871 1757 2901 δε
1784 2867 1863 2902 sicut
1886 2868 1938 2902 hic
1963 2870 2112 2910 requiro,
2134 2871 2179 2901 ita
2194 2868 2220 2901 se
2233 2869 2396 2909 habuisse,

1394 2909 1634 2952 perspexerim,
1657 2912 1791 2955 globum
1816 2912 1910 2946 illum
1937 2910 2016 2944 sanae
2052 2911 2255 2954 pinguedinis
2299 2928 2394 2954 quern

1393 2954 1451 2987 sub
1473 2953 1656 2988 abdominis
1680 2957 1799 2996 pariter
1822 2964 1916 2996 cute,
1939 2954 1991 2988 sed
2015 2955 2110 2997 paulo
2134 2956 2228 2989 altius
2252 2981 2260 2994 ‚
2295 2955 2395 2993 nimi-

1396 3008 1471 3030 rum
1495 2998 1533 3031 ad
1557 2997 1771 3033 Enfiformem
1797 3000 1925 3033 Vetulae
1948 2999 2174 3041 cartilaginem
2196 3025 2204 3038 ‚
2250 3000 2307 3036 alia
2331 3005 2394 3038 tibi

1394 3041 1476 3073 olim
1502 3041 1647 3083 Epistola
1670 3045 1684 3081 (
1706 3054 1725 3074 n
1751 3046 1759 3080 )
1783 3042 1948 3081 indicavi,
1971 3044 2113 3084 itemque
2136 3054 2214 3076 eum
2238 3057 2336 3087 quem
2360 3050 2395 3082 in

1393 3082 1514 3117 femore
1538 3085 1629 3117 Anus
1664 3087 1792 3119 alterius
1815 3098 1831 3119 a
1856 3098 1904 3119 me
1928 3086 2105 3128 diligenter
2137 3088 2362 3128 perlustratum
2385 3116 2394 3131 ‚

1391 3127 1467 3160 alias
1492 3132 1500 3166 (
1527 3139 1543 3160 ο
1566 3131 1577 3166 )
1615 3128 1810 3162 describam.
1836 3131 1963 3163 Horum
2009 3129 2143 3164 similem
2185 3130 2239 3166 de⁴
2266 3134 2395 3169 duobus

1389 3181 1470 3213 quos
1494 3171 1634 3204 Littrius
1657 3172 1848 3214 proposuit,
1872 3173 1963 3206 illum
1987 3173 2079 3206 fuiffe
2102 3184 2198 3216 quem
2224 3177 2289 3217 ipse
2311 3189 2395 3220 quo-

1392 3225 1461 3261 que
1485 3218 1518 3247 in
1542 3213 1712 3256 decrepitae
1737 3216 1883 3250 mulieris
1919 3218 2036 3251 femine
2059 3216 2270 3260 deprehendit
2306 3226 2360 3263 (p
2381 3226 2395 3263 )

1392 3257 1519 3291 facilius
1541 3258 1756 3299 crediderim,
1776 3271 1872 3301 quam
1898 3261 1991 3303 supra
2013 3261 2064 3303 (q
2088 3264 2100 3299 )
2123 3261 2161 3295 ad
2185 3264 2248 3296 viri
2282 3265 2394 3305 scapu-

1392 3301 1456 3333 lam
1480 3305 1793 3339 commemoratum',
1817 3313 1853 3336 ut
1876 3306 1909 3339 in
1933 3316 2001 3347 quo
2024 3313 2089 3337 non
2122 3305 2227 3339 solum
2272 3310 2393 3342 nullam

1392 3344 1581 3393 cellularum
1604 3347 1801 3379 mentionem
1824 3347 1961 3389 injecit,
1986 3346 2038 3380 sed
2071 3350 2100 3379 &
2130 3348 2242 3391 cystim
2277 3351 2392 3385 diserte

1393 3386 1500 3436 posuit
1523 3399 1586 3429 qua
1610 3388 1822 3430 cingebatur,
1847 3402 1921 3424 cum
1944 3393 1977 3424 in
2002 3391 2151 3424 muliebri
2176 3394 2235 3426 illo
2264 3394 2391 3427 cellulas

1390 3430 1542 3472 quidem,
1564 3432 1678 3474 cystim
1704 3443 1809 3467 autem
1833 3435 2020 3477 neutiquam
2045 3444 2222 3474 memoret,
2246 3438 2313 3471 imo
2335 3436 2391 3470 ubi

2311 3480 2349 3514 ad

1632 3650 1645 3678 ζ
1660 3650 1674 3672 h
1695 3656 1707 3677 )
1723 3652 1796 3673 Anat.
1814 3651 1845 3675 du
1862 3652 1937 3681 corps.
1954 3651 2022 3676 hum.
2039 3657 2072 3677 tr.
2089 3659 2110 3676 2.
2129 3652 2167 3677 ch.
2185 3660 2206 3676 2.

1545 3680 1553 3708 (
1572 3679 1581 3702 l
1600 3678 1608 3705 )
1625 3680 1683 3708 Eph.
1703 3683 1733 3703 N.
1753 3683 1779 3704 C.
1797 3682 1866 3705 Cent.
1886 3692 1907 3711 3.
1924 3682 1984 3706 obs.
1997 3689 2037 3712 17.
