2498 4075
489 242 639 307 Epist.
676 242 835 293 Anat.
871 240 1083 295 Medica
1120 237 1332 292 xxvi,
1370 239 1488 292 Art.v
1525 253 1602 302 ῃ.
1625 240 1679 291 ὃς
1701 252 1773 305 33,

114 317 211 351 terius
235 318 322 354 illius
345 321 464 353 arteriae
488 328 633 362 partem,
653 329 722 360 quae
746 316 915 359 Carotidi,
938 317 1108 351 &Subcla-

115 362 174 394 viae
198 360 336 396 dexteris
357 364 516 404 originem
543 362 678 404 praebet.
705 361 794 393 Hinc
817 363 926 394 oculos
938 360 973 393 ad
997 373 1051 394 cor
1065 372 1108 393 re-

115 403 274 444 ferentes,
297 408 329 439 δε
352 405 390 440 ad
412 414 519 440 caetera
531 416 601 448 quae
625 404 682 446 ipsi
707 414 823 437 annexa
835 404 926 440 sunt„
946 403 1038 444 vasa,
1060 406 1110 436 ni-

118 446 165 479 hil
191 447 320 489 usquam
348 449 569 487 conspeximus
592 448 666 480 vitii
687 470 700 487 ‚
723 447 779 479 nisi
804 448 889 489 quod
915 448 1111 480 Pulmonaris

116 500 201 523 venae
221 491 342 537 caudex
364 493 460 535 paulo
482 492 564 525 visus
587 490 629 524 est
651 502 744 533 aequo
766 491 866 534 major
880 517 888 524 .
912 492 949 523 In
971 489 1032 524 hoc
1046 514 1056 531 ‚
1077 492 1111 523 δέ

115 534 150 566 in
175 532 301 575 adjecto
323 535 499 569 ventriculo
521 534 646 576 sanguis
669 543 732 568 erat
756 545 871 575 paucus
893 557 905 573 ,
928 534 1013 576 isque
1037 557 1048 573 ,
1072 543 1109 566 ut

117 576 188 610 aliis
209 579 358 613 omnibus
382 579 415 611 in
428 577 508 610 locis
523 602 531 617 ‚
554 580 665 620 niger,
690 578 868 610 &omnino
891 576 1024 612 fluidus.
1050 576 1108 609 Sed

116 620 151 652 in
175 620 375 654 Pulmonaris
398 621 517 655 arteriae
540 630 653 654 trunco
676 631 739 653 non
763 632 902 662 paucus5
926 630 1108 662 quanquam

115 663 151 695 in
174 666 354 698 ventriculo
378 663 531 703 dextero,
553 663 680 706 ejusque
702 664 840 697 auricula
865 664 969 695 nullus
998 686 1005 699 ‚
1030 662 1109 695 faci-

114 706 143 738 le
164 708 240 750 quia
264 719 317 748 per
337 717 447 740 venam
469 709 610 744 Cavam,
636 708 731 747 paulo
755 716 825 741 ante
847 706 929 739 infra
954 705 1039 747 jecur
1060 708 1110 738 in-

111 749 231 791 cisam,
253 750 447 785 defluxerant
474 774 482 780 .
617 751 750 783 Ventris
784 759 888 783 autem
912 751 1028 782 viscera
1060 751 1112 781 in-

117 792 283 835 spicientes
307 817 319 834 ,
351 793 393 826 sic
415 792 648 826 observavimus
674 817 681 824 .
721 795 850 826 Tenuia
873 792 1020 825 intestina
1044 793 1110 834 ple-

115 847 210 880 raque
241 848 278 870 ex
308 835 470 871 sublivido
502 836 650 869 nonnihil
685 836 826 869 rubentia
852 861 858 867 .
901 836 1109 868 Ventriculus

117 880 203 922 quasi
227 879 345 921 duplex
367 879 411 912 ob
433 880 538 921 pylori
564 889 689 912 antrum
708 903 719 918 ,
742 878 959 921 quadantenus
982 890 998 912 a
1024 888 1110 919 parte

115 924 234 965 reliqua
259 933 312 963 per
342 923 601 956 constrictionem
632 921 790 965 quandam
815 921 950 956 divisum
976 933 986 959 3
1020 932 1111 954 caete·

116 977 149 998 ra
181 966 271 999 sanus
293 991 300 997 .
342 967 439 1010 Jecur
470 964 681 999 sinistrorsum
718 965 807 998 valde
850 965 1011 999 extensum
1035 988 1046 1004 ‚
1078 966 1113 996 in

115 1009 279 1052 crepidine
312 1019 418 1043 autem
449 1009 576 1042 dextera
600 1032 612 1049 ,
643 1011 675 1042 &
708 1007 784 1042 huic
821 1009 1013 1042 continuato
1036 1008 1112 1040 lobo

115 1053 153 1085 ad
188 1051 324 1095 spatium
349 1053 480 1096 aliquod
504 1054 589 1086 intus
611 1076 622 1091 ,
655 1061 805 1095 extraque
828 1076 840 1092 ,
872 1053 973 1094 magis
1004 1051 1113 1086 saturo

113 1096 224 1129 colore
247 1118 259 1135 ‚
291 1099 323 1128 &
346 1095 455 1130 durius
482 1121 488 1125 .
521 1097 644 1129 Durius
678 1106 803 1137 quoque
827 1106 970 1138 pancreas
994 1118 1004 1134 ,
1039 1098 1071 1128 &
1093 1106 1111 1126 a

112 1139 272 1172 restitante
304 1139 456 1182 sanguine
476 1151 515 1172 ex
547 1138 643 1173 rubro
664 1139 825 1180 nigricans
856 1150 917 1181 qua
952 1148 1039 1181 parte
1072 1140 1110 1170 ad

113 1184 229 1217 lienem
251 1182 414 1217 accedebat
440 1208 446 1214 .
481 1183 547 1215 Hic
572 1191 677 1215 autem
706 1183 794 1216 laxus
817 1205 830 1223 ,
860 1192 895 1217 ut
932 1182 1031 1224 posset
1064 1180 1113 1214 sa-

114 1226 176 1260 cile
199 1226 373 1268 disrumpi.
399 1224 530 1268 Strigosi
548 1224 647 1271 *testes
670 1250 677 1256 .
711 1226 810 1267 Uteri
834 1226 965 1259 oculum
997 1225 1111 1258 dilata-

114 1279 185 1304 tum
210 1293 223 1309 ‚
255 1272 288 1303 δε
314 1269 471 1303 subsidens
495 1281 503 1300 .·
539 1268 655 1303 sundus
679 1277 783 1302 autem
806 1268 968 1311 supremus
999 1268 1111 1301 eodem

115 1314 254 1346 exterius
277 1325 341 1355 quo
366 1314 493 1347 Tenuia
526 1312 673 1346 intestina
697 1312 838 1345 diximus
863 1336 872 1351 ,
895 1313 1003 1344 colore
1025 1312 1112 1346 inse-

114 1356 208 1395 ἃυες
231 1367 285 1388 nec
307 1355 369 1389 sine
392 1357 532 1398 quodam
555 1358 645 1397 gravi
669 1355 766 1389 odore
787 1380 794 1387 .
829 1357 911 1389 Erat
936 1364 1041 1389 autem
1075 1357 1109 1387 in

113 1400 234 1433 ventris
257 1400 339 1441 pel-vi
364 1399 519 1442 ejusmodi
544 1399 666 1438 serum,
688 1399 779 1441 quale
802 1399 836 1431 in
860 1399 994 1432 thorace
1018 1411 1028 1436 3
1060 1397 1111 1431 sed

113 1453 270 1485 paucum.
291 1444 419 1476 Caetera
442 1443 523 1476 nihil
548 1442 755 1475 adnotatione
786 1441 920 1483 dignum
944 1440 1078 1475 habuere
1102 1466 1109 1472 .

243 1487 351 1528 Caput
376 1498 441 1519 non
474 1488 670 1529 attigimi153
706 1484 767 1526 jam
789 1486 876 1518 enim
911 1485 1012 1519 multa
1046 1496 1115 1518 nox

113 1538 182 1563 erat
202 1531 278 1570 ³⁷&
301 1530 418 1564 mulier
448 1532 533 1563 inter
566 1527 764 1572 loquendum
780 1552 793 1570 ‚
826 1537 863 1563 ut
886 1527 1015 1562 diffisum
1036 1527 1077 1561 est
1100 1552 1113 1567 ‚

111 1582 259 1607 mortua.
637 1609 642 1614 ι

155 1627 208 1660 32.
232 1615 299 1648 Etsi
337 1617 371 1648 in
395 1616 540 1649 Seffione
572 1616 631 1650 hac
665 1613 861 1656 Sepulchreti
902 1613 1112 1648 Observatio-

111 1670 184 1693 nem
209 1660 320 1699 legeris
342 1659 478 1693 XXXV.
513 1659 564 1692 cui
589 1657 734 1700 praefixus
771 1657 826 1691 hic
850 1659 967 1693 titulus
988 1671 996 1691 :
1020 1660 1111 1691 Mors

106 1702 216 1745 subita
239 1703 271 1734 in
295 1702 427 1743 quodam
447 1727 455 1741 ‚
487 1702 538 1734 cni
560 1700 756 1735 ventriculus
787 1701 914 1735 vinculo
936 1700 1020 1744 quafi
1035 1701 1111 1740 firi-

112 1745 181 1778 c'ius
209 1743 374 1777 videbatur
397 1756 408 1782 5
445 1754 549 1778 tamen
572 1767 584 1784 ‚
617 1743 638 1776 fi
673 1755 719 1777 res
742 1767 755 1784 ,
788 1754 822 1777 ut
850 1754 930 1787 puto
953 1768 963 1785 9
995 1744 1111 1778 fimilis

110 1787 176 1831 ejus
209 1786 306 1821 fuerit
329 1798 399 1830 quae
432 1800 447 1820 a
472 1800 521 1821 me
554 1787 650 1829 paulo
674 1797 745 1820 ante
778 1787 941 1830 proposita
974 1788 1015 1821 est
1037 1813 1045 1827 ‚
1072 1788 1111 1819 ab

111 1831 185 1872 ipso
209 1841 285 1864 ortu
308 1831 419 1872 potius
440 1831 482 1864 est
504 1842 600 1873 quam
623 1830 662 1863 ab
685 1830 864 1864 adventitio
887 1831 1003 1865 morbo
1025 1854 1038 1870 ,
1062 1843 1112 1863 rt·-

111 1874 245 1918 petenda
268 1900 277 1914 ,
308 1881 408 1915 neque
432 1886 507 1908 cum
529 1875 624 1907 aretis
647 1873 713 1907 illis
736 1886 807 1916 quae
831 1875 866 1906 in
887 1874 1039 1907 Volvulo
1059 1876 1112 1906 ixi-

110 1917 237 1952 terdum
257 1927 465 1951 occurrerunt
487 1940 499 1957 ,
531 1917 655 1951 Tenuis
678 1917 820 1951 intestini
841 1917 1115 1952 coarflmtionibus

110 1961 207 1995 facile
229 1960 442 2002 comparanda
464 1984 477 2001 ,
508 1960 675 2003 multoque
699 1961 805 1994 minus
837 1960 925 2004 quasi
948 1959 1117 2002 improvisi

110 2005 220 2039 obitus
255 2003 345 2037 causa
381 2002 550 2037 accusanda
574 2028 581 2035 .
618 2005 678 2036 Illa
711 2003 780 2036 sane
814 2003 949 2037 foemini
983 2006 1016 2035 in
1047 2015 1112 2046 qua

110 2049 175 2082 tibi
201 2048 277 2081 alias
308 2045 362 2086 (b
384 2051 401 2087 )
427 2045 659 2089 ejusdemmodi
689 2047 905 2081 ventriculum
928 2046 1074 2088 descripsi
1101 2070 1112 2084 ‚

110 2092 267 2136 paulatim
287 2090 376 2123 lenio
400 2091 514 2123 morbo
535 2088 683 2124 confecta
707 2089 749 2124 est
773 2103 783 2124 :
816 2102 871 2124 nec
896 2100 1021 2133 repente
1057 2090 1113 2122 alii

109 2136 263 2169 obierunt
299 2134 334 2166 in
366 2134 483 2176 quibus
517 2133 582 2167 alio
615 2131 742 2166 fortasse
772 2133 846 2166 loco
878 2134 964 2176 (c)
996 2132 1115 2165 descri-

110 2178 185 2212 bam
210 2202 218 2208 .
253 2177 320 2211 Hic
356 2188 435 2210 vero
466 2175 541 2209 satis
564 2176 736 2214 causarum,
751 2177 784 2208 in
807 2179 920 2209 Aortce
945 2177 1036 2207 vitiis
1058 2174 1118 2207 ha-

111 2222 221 2256 bemus
246 2245 255 2252 .
288 2219 435 2253 Primum
459 2220 623 2262 inaequalis
656 2220 778 2251 interna
810 2219 906 2251 facies
938 2219 1043 2251 minus
1067 2215 1117 2250 fa-

112 2266 209 2298 cilem
227 2262 334 2297 reddit
357 2262 520 2305 sanguinis
542 2271 667 2295 motum
691 2286 699 2294 .
734 2261 859 2295 Deinde
892 2261 982 2295 osseae
1006 2262 1040 2294 in
1062 2268 1117 2294 tu-

113 2308 199 2341 nicis
230 2306 437 2349 squamulae',
469 2308 502 2338 &
541 2305 650 2338 crebra
689 2303 744 2337 hic
775 2304 843 2338 illic
876 2315 986 2338 earum
1018 2304 1116 2336 initia

114 2352 221 2384 minus
243 2358 349 2391 aptam
383 2349 532 2381 arteriam
565 2347 686 2380 faciunt
721 2354 757 2380 ut
798 2348 940 2390 sanguini
974 2346 1116 2389 impulso

113 2393 205 2428 cedat
237 2391 416 2426 extrorsum
441 2413 450 2428 ,
482 2401 617 2433 eumque
640 2391 791 2423 admittat
813 2415 825 2431 ‚
858 2394 890 2423 ὃς
916 2401 991 2423 mox
1026 2400 1062 2423 ut
1087 2390 1117 2422 se

115 2446 265 2479 prompte
289 2434 479 2469 restituendo
511 2432 794 2476 contrahet-idoque
817 2433 950 2467 eundern
984 2444 1118 2475 promo-

115 2489 204 2513 veat.
229 2480 377 2521 Denique
401 2477 451 2510 his
475 2477 582 2510 addita
604 2476 642 2510 ad
665 2485 866 2510 curvaturam
887 2476 1037 2509 dilatatio
1047 2486 1117 2509 tum

115 2521 307 2556 remorando
329 2521 511 2561 sanguinem
534 2543 542 2556 ,
571 2529 639 2553 tum
661 2523 766 2553 minus
791 2519 997 2563 propellendo
1018 2531 1121 2561 quana

114 2576 186 2600 tum
208 2573 343 2605 noceat,
361 2563 403 2597 est
427 2575 443 2596 a
466 2563 559 2597 nobis
581 2589 588 2600 ,
623 2572 658 2597 ut
682 2573 793 2596 caetera
816 2564 870 2596 illa
896 2586 905 2602 ‚
939 2574 1002 2596 non
1026 2562 1117 2596 semel

113 2608 314 2651 expositum,
336 2618 373 2641 ut
396 2618 459 2641 non
484 2607 521 2640 fit
546 2606 643 2641 fusius
666 2606 845 2641 itessandum
869 2631 875 2636 .
902 2607 967 2640 His
990 2608 1036 2639 ita
1060 2618 1118 2649 po-

113 2654 182 2688 fitis
205 2651 228 2685 si
252 2650 378 2685 accedat
401 2651 622 2691 concitatior,
645 2661 832 2693 quacunque
859 2649 896 2683 de
912 2649 999 2684 causa
1014 2673 1022 2687 ‚
1046 2661 1118 2681 cor-

114 2697 225 2739 poris,
250 2697 282 2727 &
304 2693 393 2737 quod
415 2693 619 2736 consequitur
637 2717 649 2735 ,
682 2692 846 2736 sanguinis
868 2704 976 2727 motus
994 2705 1006 2733 ;
1029 2692 1118 2726 vides

116 2748 200 2773 certe
215 2761 224 2776 ‚
248 2736 305 2771 esse
329 2739 482 2779 imparem
506 2739 647 2771 Aortarn
669 2738 699 2770 ei
717 2739 854 2779 operi&
875 2740 998 2780 magis,
1022 2738 1053 2768 δέ
1067 2748 1119 2769 ce-

116 2783 212 2817 lerius
235 2780 401 2815 efficiendo
415 2804 427 2821 ‚
449 2782 503 2814 cui
526 2791 615 2814 antea
636 2781 693 2814 vix
716 2791 772 2823 par
795 2790 880 2815 erat.
905 2781 1117 2814 Acervabitur

116 2827 218 2868 igitur
240 2825 371 2857 uberior
394 2826 511 2857 interea
534 2825 683 2857 convec'ta
697 2834 752 2866 per
774 2835 866 2858 venas
887 2822 1118 2867 copiasangui-

116 2871 167 2903 nis
181 2892 193 2908 ‚
215 2866 414 2910 restitansque
436 2868 470 2900 in
492 2869 592 2902 Aorta
615 2866 701 2910 ipsa,
724 2868 757 2899 in
769 2867 862 2901 corde
885 2868 1119 2908 &pulmonum

118 2910 219 2951 vasis,
240 2913 272 2944 &
294 2921 370 2943 vena
391 2912 502 2951 Cava,
526 2922 634 2944 norrea
657 2908 756 2943 modo
769 2923 840 2954 quae
863 2912 897 2943 in
920 2913 1046 2943 vivente
1059 2911 1119 2943 hac

118 2956 252 2990 muliere
274 2953 407 2991 fiebant,
429 2965 577 2997 angorem
591 2978 602 2993 ,
625 2952 765 2996 spirandi
788 2954 1009 2987 difficultatem
1024 2978 1034 2994 ,
1058 2954 1119 2987 stu-

120 3009 234 3043 porem
255 2996 380 3031 brachii
403 3020 416 3036 ‚
445 3007 499 3031 aut
521 3009 593 3041 quae
617 2999 650 3030 in
675 3006 802 3031 mortua
827 2997 898 3031 sunt
921 2997 1083 3030 observata
1106 3021 1118 3038 ,

118 3042 346 3076 dilatationem
370 3038 520 3074 videlicet
544 3041 683 3084 aliquam
706 3040 846 3075 caudicis
878 3052 964 3074 venae
989 3042 1121 3074 Pulmo-

119 3087 222 3125 naris,
247 3087 280 3117 &
303 3083 436 3116 nimiam
459 3084 517 3117 seri
539 3083 572 3117 in
594 3084 772 3121 bronchia,
796 3086 829 3117 &
851 3083 993 3118 thoracis
1014 3095 1120 3118 caveas

117 3128 325 3167 effusionem,
349 3137 410 3160 non
422 3127 539 3164 modo,
561 3128 710 3170 inquam,
733 3140 767 3161 ea
776 3126 878 3161 facere
902 3129 1024 3171 poterit
1038 3153 1046 3167 ‚
1070 3127 1120 3162 sed

120 3185 180 3216 pro
202 3173 344 3215 partium
368 3169 570 3212 dispositione
595 3172 684 3213 plura
708 3172 826 3208 etiarn,
851 3180 944 3214 atque
955 3173 1119 3213 graviora.

121 3218 289 3256 Qoniam
315 3221 419 3247 autem
442 3214 497 3246 illa
532 3216 640 3247 omnia
663 3217 776 3248 Aortae
799 3217 881 3247 vitia
915 3214 1024 3247 sensim
1047 3217 1121 3257 qui-

120 3260 213 3299 dem,
236 3258 288 3292 sed
311 3258 415 3299 magis
436 3279 448 3295 ,
478 3257 637 3300 magisque
659 3260 692 3291 in
714 3258 781 3291 dies
803 3258 1001 3301 augebantur
1022 3271 1033 3297 5
1058 3270 1121 3291 non

120 3301 301 3338 mirandum
325 3299 366 3335 est
388 3324 402 3342 ‚
432 3298 456 3333 st
478 3311 517 3333 eo
538 3299 666 3335 demum
689 3304 885 3344 pervenerint
917 3303 1008 3335 aneta
1030 3301 1122 3335 simul

120 3344 249 3381 fortasse
274 3354 327 3379 aut
350 3344 465 3387 copia,
491 3353 547 3377 aut
569 3346 750 3387 turgentia,
776 3355 829 3379 aut
852 3354 935 3378 certe
957 3345 1122 3378 obinsoli-

122 3401 195 3424 turn
218 3391 250 3422 in
273 3388 397 3422 Veneta
409 3387 544 3421 foemina
568 3385 670 3421 rhedae
687 3397 811 3422 motum
830 3412 841 3429 ,
865 3388 1025 3427 sanguinis
1046 3400 1124 3422 con-

124 3434 279 3467 citatione
295 3454 304 3469 ,
325 3440 361 3465 ut
373 3431 427 3465 hic
452 3430 595 3464 restitans
610 3454 621 3468 ,
644 3434 826 3473 promoveri
843 3433 977 3474 amplius
988 3443 1051 3464 non
1067 3444 1124 3474 po-

122 3478 223 3511 tuerit
246 3501 255 3509 .
288 3475 389 3514 Quod
411 3473 435 3507 fi
457 3473 525 3507 haec
547 3472 683 3507 teforte
704 3475 844 3508 universa
869 3486 932 3508 non
959 3486 1089 3508 movent
1113 3499 1125 3514 ‚

124 3530 261 3562 quorum
285 3530 373 3558 un0‚
395 3518 488 3552 osseis
506 3517 654 3551 videlicet
677 3519 823 3550 inAorta
849 3519 1038 3562 squammis,
1064 3520 1127 3552 Vir

126 3561 417 3606 Ingeniofiffimus,
441 3573 580 3605 quocum
606 3572 674 3593 eam
697 3562 860 3595 mulierem
885 3563 984 3599 secui,
1012 3563 1126 3595 Santo-

128 3608 216 3640 rinus
240 3605 507 3648 permovebatur,
531 3615 566 3639 ut
590 3605 623 3637 in
648 3615 786 3638 extrema
809 3605 868 3637 hac
892 3605 1037 3648 Epistola
1063 3606 1127 3649 (d)

212 3650 377 3691 Morgagm·
388 3650 422 3683 de
436 3649 503 3682 Sed.
518 3650 559 3682 (φ
573 3648 660 3690 Caus.
673 3646 776 3680 Morb.
795 3648 895 3682 Tom.
909 3651 935 3682 I.

1159 316 1343 353 ostendam3
1367 315 1417 350 sed
1440 317 1462 350 si
1487 324 1517 349 te
1539 315 1623 349 forte
1647 324 1710 345 non
1733 323 1861 347 movent
1885 320 1937 346 aut
1959 313 2031 355 quia
2044 311 2154 356 opple·
2184 327 2185 330 κ

1159 372 1225 395 tarn
1248 358 1404 393 restitante
1428 359 1577 402 sanguine
1600 357 1737 390 Aortarn
1757 380 1769 395 ,
1801 360 1830 389 8„-
1864 355 2018 389 sinistrum
2049 355 2155 387 cordis

1159 403 1374 436 ventriculum
1399 413 1461 435 non
1487 402 1688 438 invenimus,
1711 409 1764 432 aut
1788 401 1861 441 quia
1879 398 2034 439 stuporem
2060 397 2153 429 illum

1160 446 1282 480 brachii
1307 446 1418 478 melius
1441 457 1534 486 quam
1570 456 1621 486 per
1644 442 1880 476 distraetionem
1910 441 2050 474 distentae
2074 440 2155 472 Aor-

1163 500 1203 523 tae
1228 489 1265 523 ad
1299 489 1499 523 Subclaviam
1522 487 1673 520 sinistram
1697 512 1701 521 .
1736 484 1910 527 adsitosque
1935 484 2010 518 huic
2043 492 2153 516 nerins

1161 541 1391 576 propagatam,
1415 532 1547 570 melius,
1569 532 1724 573 inquam,
1749 528 2047 571 perconvulsionem
2058 536 2158 570 quan-

1160 576 1235 610 dam
1257 587 1317 617 qua
1342 576 1502 617 meninges
1523 575 1609 607 circa
1622 574 1763 615 origines
1786 581 1896 604 eorum
1909 571 2156 611 constringeren-

1160 629 1235 659 tur,
1260 619 1438 659 intelligere
1462 627 1492 650 te
1516 615 1620 659 posse,
1643 614 1744 649 credis
1765 628 1774 650 ;
1798 623 1923 647 tantum
1949 613 2029 647 abest
2051 624 2086 647 ut
2109 622 2158 657 re7

1161 673 1275 704 ponere
1297 662 1474 705 quidquam
1496 662 1593 692 velim
1618 672 1628 698 3
1662 658 1816 692 hortabor
1839 668 1870 689 te
1905 659 2010 697 fotius
2034 680 2044 695 ,
2079 664 2111 688 ut
2136 654 2158 685 {1

1162 704 1397 739 convulsionem
1412 704 1523 737 addere
1545 702 1607 736 huc
1619 703 1778 739 volueris3
1803 701 1836 732 in
1847 700 1941 733 corde
1966 698 2158 741 potissimum

1164 749 1330 790 agnoscas.
1356 749 1466 782 Fuerit
1480 746 1543 781 hoc
1567 746 1663 780 sanea
1688 755 1797 777 natura
1810 742 1966 777 robustius
1988 743 2160 788 cuonr7

1162 801 1193 824 ta
1216 800 1460 835 comparatum,
1481 801 1611 833 eamque
1634 797 1800 831 propterea
1833 786 2000 820 secundum
2024 784 2159 817 Lancisii

1162 840 1224 874 (e)
1246 835 1399 877 dogmata
1423 833 1682 872 labefafflverim
1706 843 1779 878 cur,
1806 830 1934 872 quaeso,
1959 828 2026 871 post
2048 836 2162 860 totco-

1163 889 1255 912 natus
1277 880 1311 911 in
1333 878 1389 912 diu
1413 877 1594 921 supplendis
1618 877 1658 909 iis
1682 876 1757 916 ips1s
1780 898 1789 913 ‚
1812 885 1889 916 quas
1912 872 2124 919 infirmaverat
2150 890 2161 904 ⁹

1165 923 1278 955 Aortae
1300 922 1420 955 viribus
1444 945 1455 961 ,
1486 932 1547 954 non
1572 919 1736 953 robustum
1760 917 1859 965 {nodo
1883 941 1891 954 ‚
1921 927 2031 949 verum
2065 924 2162 946 etiarn

1166 964 1342 1007 praedurum
1366 966 1545 997 invenimus
1566 962 1579 996 ?
1611 964 1728 1004 Relege
1751 962 1787 993 sis
1812 972 1882 1002 quae
1916 960 1953 993 de
1977 961 2060 991 Viro
2083 968 2165 999 quo-

1164 1008 1237 1041 dam
1261 1007 1437 1049 scripsimus
1460 1006 1604 1049 Epistola
1640 1006 1801 1048 superiore
1822 1001 1907 1045 (f)
1930 1027 1937 1034 .
1974 1002 2084 1047 Multo
2109 1011 2165 1033 au-

1164 1062 1229 1084 tem
1253 1051 1379 1084 facilius
1414 1052 1448 1083 in
1472 1050 1617 1083 foeminis
1640 1074 1652 1090 ,
1686 1048 1925 1080 valetudinariis
1957 1045 2130 1088 praelertim
2153 1066 2165 1081 ,

1164 1095 1319 1129 viscerum
1340 1092 1503 1127 convulsio
1525 1094 1629 1125 oritur
1652 1106 1661 1130 ;
1683 1100 1721 1126 ut
1745 1101 1813 1122 eam
1836 1090 1927 1122 liceat
1950 1089 2071 1135 caejteris
2095 1096 2165 1119 tum

1165 1138 1450 1182 paroxysmorum‚
1473 1146 1543 1169 tum
1557 1137 1667 1169 obitus
1690 1133 1789 1168 causis
1802 1133 1957 1165 accensere
1970 1132 2011 1164 sic
2034 1140 2163 1176 tamen,

1165 1191 1203 1217 ut
1226 1194 1324 1224 neque
1336 1181 1447 1214 harum
1469 1179 1694 1212 obliviscamur
1704 1178 1821 1221 quaein
1838 1174 2032 1213 visceribus,
2054 1176 2168 1220 V-ailive

1164 1227 1335 1267 praecipuis
1360 1221 1527 1257 manifesto
1538 1231 1733 1262 occurrant,
1757 1230 1858 1263 neque
1882 1219 1974 1251 illam
1991 1241 2001 1257 ‚
2025 1218 2080 1250 nih
2095 1226 2168 1249 cum

1165 1270 1232 1312 ejus
1255 1280 1381 1311 quoque
1405 1269 1438 1301 in
1462 1266 1642 1299 viventibus
1661 1290 1669 1304 ‚
1688 1274 1746 1307 aut
1769 1263 1907 1296 mortuis
1930 1260 2052 1294 indicia
2077 1259 2146 1292 sunt
2161 1283 2169 1294 ,

1160 1313 1201 1347 ad
1224 1321 1373 1352 caeteras,
1396 1313 1446 1345 uti
1471 1312 1573 1353 plures
1598 1307 1721 1342 faciunt
1743 1330 1753 1346 ,
1788 1305 1960 1352 addendam
1992 1313 2137 1352 putemus
2162 1325 2168 1331 ‚

1164 1356 1267 1398 Qod
1290 1366 1367 1389 num
1391 1354 1571 1388 faciendum
1594 1354 1627 1385 in
1651 1354 1728 1385 Sene
1751 1351 1852 1385 fuerit
1876 1372 1884 1388 ‚
1908 1359 1999 1390 cnjus
2023 1356 2173 1390 protinus

1166 1400 1335 1434 historiam
1360 1398 1521 1439 proferam
1535 1421 1545 1436 ,
1568 1396 1634 1438 ipse
1656 1395 1851 1429 existimabis
1865 1420 1872 1426 .

1211 1454 1263 1485 33,
1290 1441 1442 1475 SENEX
1464 1449 1529 1474 erat
1554 1451 1734 1480 annorum,
1756 1448 1792 1473 ut
1816 1437 2002 1475 videbatur,
2026 1434 2063 1469 ad
2088 1431 2174 1468 sexa:

1167 1487 1257 1529 ginta
1279 1510 1290 1526 ‚
1324 1486 1381 1528 qui
1403 1494 1474 1518 ante
1504 1494 1566 1517 tres
1591 1483 1709 1516 menses
1731 1484 1765 1515 in
1794 1481 1855 1515 hoc
1880 1478 1984 1513 suerat
2018 1479 2175 1512 Nosoco-

1169 1526 1237 1563 mio
1258 1555 1265 1568 ‚
1297 1539 1429 1571 querens
1452 1527 1491 1560 de
1525 1527 1665 1569 spirandi
1691 1525 1883 1558 difficultate
1906 1548 1916 1563 ‚
1952 1526 1984 1556 δε
2009 1523 2178 1568 materiam

1169 1574 1319 1614 exspuens
1342 1570 1561 1605 illaudabilem
1583 1595 1589 1602 .
1627 1572 1658 1603 Is
1682 1580 1755 1603 cum
1779 1570 1812 1601 in
1846 1578 1925 1610 agro
1948 1577 2045 1609 nuper
2069 1563 2178 1599 fuisset

1170 1619 1299 1650 circiter
1324 1615 1398 1648 Idus
1434 1615 1571 1648 Martias
1596 1614 1638 1645 A.
1668 1622 1759 1656 1742.
1785 1621 1979 1653 ventumque
2015 1607 2175 1652 frigidum

1171 1658 1337 1702 excepisset
1359 1682 1371 1698 ‚
1401 1658 1534 1691 domum
1559 1655 1694 1690 reversus
1718 1678 1729 1696 ,
1763 1656 1861 1688 noStu
1885 1655 1974 1697 gravi
2009 1661 2178 1693 correptus

1166 1704 1209 1736 est
1247 1702 1467 1744 respirationis
1500 1699 1719 1734 difficultate.
1757 1701 1870 1741 Itaque
1907 1708 1995 1730 mane
2031 1698 2065 1729 in
2089 1696 2175 1743 idem

1165 1745 1405 1781 Nosocomium
1429 1744 1585 1777 adduffitus
1610 1767 1617 1781 ,
1639 1743 1805 1785 postquam
1827 1741 1867 1775 ad
1889 1742 1997 1784 ignem
2022 1741 2179 1786 tantisper

1167 1786 1318 1823 assedisset
1346 1811 1356 1827 ‚
1387 1788 1464 1822 dum
1488 1787 1640 1820 leftulum
1673 1783 1880 1819 calefacerent
1902 1808 1912 1824 ‚
1946 1786 2001 1817 vix
2025 1785 2057 1817 in
2090 1795 2126 1816 eo
2153 1785 2179 1815 se

1167 1833 1383 1866 collocaverat
1409 1855 1419 1871 ,
1449 1843 1523 1864 cum
1559 1830 1603 1862 ibi
1642 1838 1768 1872 repente
1806 1838 1951 1862 mortuus
1984 1827 2026 1860 est
2053 1852 2059 1858 .
2106 1829 2181 1860 Stu-

1170 1875 1259 1909 diosa
1278 1876 1437 1920 Juventus
1462 1873 1614 1916 postridie
1639 1885 1653 1905 a
1679 1884 1727 1905 me
1752 1874 1848 1915 petiit
1865 1896 1877 1912 ,
1900 1880 1936 1904 ut
1959 1871 2073 1903 vellem
2097 1870 2181 1911 ejus-

1170 1918 1260 1953 dei
1284 1918 1393 1951 obitus
1417 1916 1540 1950 causam
1565 1918 1747 1959 inquirere.
1773 1918 1859 1950 Curn
1885 1914 2056 1948 annuissem
2081 1936 2088 1951 a
2113 1913 2181 1957 ju'si

1171 1964 1289 1995 interea
1312 1961 1389 1994 dum
1413 1962 1552 1993 venirem
1579 1985 1587 1997 ‚
1619 1961 1763 1993 cranium
1795 1958 2015 1993 circumsecari
2041 1984 2047 1991 .

1169 2005 1440 2039 CADAVERE
1465 2004 1609 2043 inspecto
1632 2028 1644 2044 ,
1674 2002 1765 2045 cujus
1787 2003 1890 2036 bonus
1921 2012 1986 2034 erat
2013 2003 2144 2036 habitus
2173 2025 2181 2038 ‚

1172 2049 1265 2081 nullo
1288 2047 1421 2090 usquam
1446 2046 1473 2079 se
1498 2046 1678 2080 ostendente
1702 2056 1859 2086 tumore,
1884 2044 1942 2078 nisi
1968 2046 2055 2089 quod
2082 2045 2179 2079 facies

1172 2092 1354 2125 subtumida
1377 2099 1445 2123 erat
1460 2115 1470 2130 ,
1494 2093 1526 2123 δε
1551 2090 1722 2124 subrubeus
1746 2116 1754 2129 2
1788 2089 1935 2132 sanguine
1961 2100 2068 2123 autem
2091 2089 2181 2122 simul

1172 2135 1316 2176 spec‘tato
1338 2135 1394 2177 qui
1422 2134 1460 2167 ad
1483 2144 1577 2167 unam
1612 2134 1846 2176 propemodum
1871 2133 1990 2169 libram
2026 2133 2182 2176 paulatim

1171 2177 1337 2219 prodierat
1373 2190 1388 2209 e
1419 2179 1529 2210 cranio
1560 2176 1770 2211 circumstet-to
1799 2202 1807 2215 ,
1850 2175 1905 2209 etsi
1938 2188 2003 2210 non
2038 2178 2147 2219 negavi
2174 2200 2184 2213 ‚

1171 2219 1257 2262 posse
1282 2218 1348 2252 fieri
1372 2244 1383 2259 ,
1417 2231 1453 2253 ut
1477 2222 1592 2253 mortis
1624 2218 1713 2253 causa
1738 2221 1820 2253 intra
1857 2222 2002 2255 cranium
2038 2220 2147 2253 lateret
2173 2233 2183 2256 ;

1172 2272 1279 2295 tamen
1304 2262 1426 2297 ostendi
1454 2289 1463 2304 ‚
1500 2262 1601 2295 videri
1633 2262 1714 2297 mihi
1749 2264 1781 2295 in
1816 2263 1947 2297 thorace
1981 2265 2090 2306 potius
2125 2262 2185 2296 esse

1171 2306 1379 2347 qim-endam
1405 2332 1414 2345 ,
1459 2318 1531 2340 cum
1568 2304 1652 2339 hunc
1685 2307 1795 2348 Senem
1831 2306 1971 2349 spirandi
2004 2307 2184 2341 difficulta.

1172 2358 1203 2380 te
1229 2349 1383 2382 laborasse
1408 2372 1416 2386 ‚
1450 2349 1606 2383 constaret
1627 2361 1639 2390 ,¹
1673 2349 1743 2383 ullo
1766 2359 1871 2383 autem
1897 2349 2009 2384 assec‘tu
2042 2352 2159 2393 capitis
2176 2379 2183 2391 ‚

1172 2403 1237 2424 non
1272 2392 1464 2426 constaret:
1499 2394 1532 2424 in
1564 2404 1630 2435 quo
1664 2393 1737 2425 licet
1771 2394 1910 2427 multum
1948 2394 2108 2433 sanguinis
2150 2397 2183 2429 in

1172 2437 1213 2468 iis
1246 2436 1368 2469 restitet
1402 2437 1457 2479 qui
1499 2435 1641 2468 thoracis
1673 2437 1759 2468 vitio
1790 2432 2020 2477 suffocantur}
2064 2448 2098 2471 ut
2134 2440 2182 2472 vel

1172 2490 1212 2511 ex
1243 2478 1330 2512 facie
1376 2478 1493 2512 horum
1526 2478 1623 2512 livida
1657 2504 1664 2517 ‚
1698 2482 1731 2524 ἐξ(
1764 2488 1908 2513 tumente
1951 2482 2182 2523 intelligitur;

1172 2533 1237 2554 non
1271 2531 1443 2564 propterea
1479 2523 1595 2555 mortis
1637 2525 1726 2555 causa
1759 2524 1904 2566 princeps
1941 2534 2030 2557 extra
2071 2525 2181 2559 thora-

1171 2576 1239 2598 cem
1266 2564 1368 2607 posita
1400 2565 1443 2598 est
1463 2590 1474 2609 ,·
1611 2564 1763 2599 Thorace
1788 2567 1890 2609 igitur
1920 2567 2026 2602 statim
2058 2570 2181 2609 inciso,

1170 2608 1340 2651 sternoque
1366 2608 1492 2641 sublato·
1513 2633 1526 2649 ‚
1561 2608 1728 2651 pulmones
1752 2621 1965 2653 apparuerunt
1998 2612 2075 2647 adeo
2111 2626 2182 2648 tur·

1169 2652 1239 2694 giesi
1264 2676 1276 2692 ‚
1309 2662 1345 2685 ut
1383 2655 1493 2686 omnia
1516 2653 1686 2694 implerent
1710 2677 1719 2693 ,
1758 2656 1869 2688 molles
1895 2665 2000 2691 tamen
2026 2681 2035 2696 ,
2071 2661 2103 2692 δε
2125 2672 2179 2692 cor-

1163 2697 1237 2729 ‘lore
1259 2708 1299 2728 ex
1323 2696 1400 2730 albo
1421 2698 1550 2729 cinereo
1571 2719 1583 2735 ,
1617 2700 1649 2729 δε
1676 2698 1755 2730 leves
1779 2720 1787 2735 ‚
1814 2698 1905 2733 sicuti
1929 2700 2002 2743 ipsis
2025 2713 2098 2735 cum
2121 2715 2181 2737 σεε,

1169 2740 1246 2772 teris
1279 2751 1349 2780 quae
1374 2742 1407 2773 in
1443 2739 1574 2773 thorace
1609 2739 1679 2773 sunt
1703 2764 1715 2780 ‚
1748 2746 1936 2785 exemptis,
1976 2744 2178 2785 postmodnm

1170 2786 1388 2825 percepimus.
1413 2784 1505 2817 Nam
1528 2783 1638 2815 dexter
1671 2782 1735 2816 fuit
1761 2795 1850 2818 antea
1875 2798 1890 2819 a
1918 2789 2023 2828 pleura
2059 2789 2179 2823 solven-

1170 2826 1228 2859 dus
1256 2850 1267 2866 ³
1298 2827 1338 2859 ad
1362 2838 1459 2869 quam
1484 2826 1595 2865 arbre,
1630 2826 1787 2867 superiore
1811 2829 1983 2872 praesertim
2009 2856 2016 2869 ‚
2052 2835 2084 2865 &
2120 2845 2179 2875 po-

1169 2869 1295 2902 steriore
1325 2872 1424 2904 etiam
1468 2869 1575 2908 fmie,
1609 2869 1786 2903 adhaerebat
1809 2898 1816 2906 ,
1867 2873 1945 2906 Erat
1979 2875 2012 2906 in
2044 2885 2179 2920 utroque

1171 2913 1313 2946 thoracis
1345 2925 1424 2946 cavo
1458 2924 1537 2954 aqua
1572 2923 1634 2944 non
1670 2923 1767 2954 pauca
1790 2938 1798 2951 ‚
1834 2927 1888 2948 nec
1930 2917 2057 2951 turbida
2082 2944 2092 2958 ,
2128 2921 2180 2954 sed

1171 2958 1272 2989 urinae
1295 2958 1403 2989 colore
1430 2981 1440 2997 ,
1480 2955 1581 2996 qualis
1605 2956 1693 2998 &in
1718 2959 1897 2997 pericardio
1930 2960 1994 2993 suit
2019 2963 2090 3003 plus
2116 2967 2176 2997 ast„

1170 3009 1291 3041 quanto
1321 3012 1415 3041 quam
1442 2999 1539 3033 soleat
1571 2999 1606 3030 in
1630 2999 1786 3043 plerisque
1810 3025 1821 3033 .
1855 3005 1893 3035 In
1917 3004 2024 3038 cordis
2058 3010 2179 3042 ventri..

1171 3044 1246 3076 culo
1268 3043 1399 3076 dextero
1422 3042 1636 3084 nigerrimum
1660 3068 1667 3082 ‚
1692 3046 1723 3076 &
1748 3043 1842 3078 ferme
1868 3046 2024 3088 fluidum,
2049 3059 2084 3082 ut
2109 3052 2178 3094 pas.

1172 3085 1230 3120 fim
1263 3087 1337 3118 alibi
1364 3111 1373 3124 ,
1410 3086 1595 3128 sanguinem
1628 3085 1826 3128 deprehendi
1854 3117 1863 3130 ,
1906 3092 1960 3123 vix
1995 3103 2029 3125 ut
2071 3097 2176 3128 grumi

1174 3131 1273 3173 aliqui
1298 3141 1362 3162 non
1392 3130 1469 3162 bene
1502 3131 1643 3161 concreti
1669 3152 1677 3167 ,
1712 3133 1744 3164 δε
1776 3134 1855 3168 levia
1878 3158 1891 3175 ‚
1930 3145 1963 3166 ac
1998 3123 2090 3177 parvi
2122 3150 2175 3180 ap·

1172 3183 1318 3216 parerent
1352 3172 1576 3216 polyposarum
1610 3176 1853 3209 concretionum
1895 3178 1988 3210 initia
2009 3203 2016 3209 .
2067 3181 2104 3212 In
2138 3193 2177 3213 eo

1171 3217 1371 3254 ventriculo,
1394 3215 1522 3259 ejusque
1545 3218 1687 3251 auricula
1720 3219 1804 3252 nihil
1837 3222 2082 3255 animadvertere
2116 3236 2176 3266 po-

1173 3262 1222 3294 tui
1256 3271 1367 3302 praeter
1402 3268 1548 3292 naturam
1574 3285 1583 3299 ,
1617 3259 1639 3293 si
1671 3262 1810 3296 valvulas
1843 3265 1981 3305 excipias
2008 3267 2176 3299 Pulmona-

1173 3305 1217 3337 ris
1240 3306 1363 3336 arteria:
1396 3302 1524 3337 orificio
1548 3302 1713 3345 praefeetas
1736 3329 1750 3345 ‚
1779 3318 1850 3348 qua:
1888 3308 1983 3348 paulo
2017 3309 2175 3344 craffiores

1173 3347 1242 3380 sunt
1266 3346 1337 3380 visae
1356 3370 1364 3384 ‚
1389 3358 1485 3390 quam
1508 3358 1636 3390 aequum
1647 3346 1721 3382 esset
1740 3372 1746 3378 .
1774 3349 1832 3382 Sed
1855 3361 1926 3383 cum
1950 3352 2086 3387 auricula
2103 3353 2176 3386 sini-

1177 3390 1254 3426 stra,
1279 3389 1458 3432 adfitusque
1484 3391 1685 3423 Pulmonaris
1710 3402 1794 3424 venae
1818 3393 1938 3427 caudex
1961 3396 2042 3429 reete
2068 3397 2095 3429 se
2122 3396 2177 3429 ha-

1178 3435 1285 3466 berent
1311 3446 1321 3471 5
1357 3435 1523 3472 proximus
1547 3433 1620 3474 ipsis
1645 3435 1839 3469 ventriculus
1861 3461 1873 3477 ,
1906 3440 2052 3480 quamvis
2076 3442 2178 3481 parie-

1178 3487 1246 3510 tum
1277 3476 1475 3510 crasiitudine
1511 3477 1605 3509 solita
1630 3500 1640 3516 ,
1672 3476 1770 3511 visuss
1791 3478 1832 3512 est
1865 3480 1962 3514 latior
1996 3504 2008 3521 ,
2041 3484 2072 3515 &
2106 3484 2176 3517 Mi-

1178 3520 1270 3554 trales
1295 3520 1427 3553 valvulae
1451 3519 1537 3553 durae
1562 3545 1570 3559 ‚
1604 3524 1636 3554 &
1658 3519 1763 3554 crassae
1787 3546 1800 3562 ,
1829 3524 2038 3558 Semilunares
2072 3536 2177 3560 autem

1178 3565 1304 3597 summo
1335 3574 1442 3596 omnes
1478 3564 1579 3596 limbo
1614 3573 1701 3597 erant
1737 3564 1819 3598 duro
1843 3588 1851 3603 ‚
1887 3567 1959 3601 albo
1982 3591 1992 3606 ,
2025 3572 2057 3602 ὃ(
2090 3572 2179 3613 quod

1179 3608 1377 3650 praecipuurn
1407 3606 1465 3641 rest
1489 3629 1497 3644 ‚
1540 3607 1678 3640 crassiore
1698 3607 1799 3683 §deo
1844 3608 1933 3644 fatto
1956 3634 1968 3651 ‚
2000 3621 2035 3645 ut
2071 3613 2180 3650 Bono-

1757 3664 1775 3684 n
1824 3664 1840 3684 2
2049 3666 2137 3688 nien-

569 3798 584 3827 (
599 3804 611 3821 c
626 3797 640 3826 )
658 3796 731 3827 Epist.
754 3804 792 3827 30.
817 3804 843 3824 n.
859 3799 883 3822 8.
906 3797 930 3822 ὃς
956 3798 1028 3827 Epist.
1055 3802 1094 3828 36.
1121 3805 1144 3822 n.
1169 3805 1191 3822 2.

1253 3803 1267 3831 (
1282 3802 1326 3830 d)
1348 3810 1370 3826 n.
1394 3804 1432 3830 36.
1457 3808 1493 3830 37.
1556 3804 1570 3832 ζ
1587 3811 1598 3826 a
1614 3803 1627 3830 )
1649 3805 1683 3827 De
1708 3804 1771 3827 Μῡῑ.
1795 3803 1871 3829 Cord.
1900 3806 1991 3834 Propos.
2019 3809 2054 3837 33.
