2498 4075
492 259 645 329 Epist.
684 258 842 313 Anat.
877 251 1090 313 Medica
1123 254 1414 311 XXXVII.-
1450 256 1571 310 Art.
1609 270 1689 325 33.·

67 346 169 374 matre
192 339 335 376 habitam
358 338 545 374 Professoris
568 338 798 378 Bononiensis,
821 338 916 372 facile
946 336 1069 381 intelli-

70 392 180 423 geres,
203 385 224 417 si
248 387 374 427 integra
398 381 613 427 proferretur.
640 383 697 415 Tu
720 392 797 415 vero
821 381 923 421 hanc,
959 390 995 414 ut
1026 380 1067 413 il-

67 426 134 458 lam·
158 427 279 463 Vesalii
301 438 397 471 quam
421 427 516 469 paulo
540 435 611 458 ante
643 425 865 460 iudicabamus
884 449 896 464 ,
939 424 988 458 bis
1031 425 1065 457 in

66 480 130 502 una
153 471 325 515 eademque
349 470 491 504 Sefflone
515 469 598 510 legas
620 478 775 510 oportet3
800 468 843 503 est
865 469 950 502 enim
972 469 1066 509 (quis

68 523 85 544 a
109 515 215 554 primo
238 512 405 549 crederet?
426 516 439 552 )
469 511 528 545 ist‘a
550 510 617 553 ipsa
642 523 713 554 quae
738 512 823 546 infra
845 515 859 550 (
881 523 899 553 q
920 515 934 550 )
967 513 1066 544 etiam

68 559 222 597 ponitur:
244 557 333 602 quod
354 556 446 591 facile
470 554 663 597 cognosces,
686 564 856 598 utramque
888 556 973 587 inter
1006 554 1035 587 se
1058 577 1069 593 ,

67 600 99 631 δέ
121 611 195 635 cum
217 614 251 636 ea
274 599 465 636 conferendo
489 609 559 640 quae
583 601 616 631 in
629 598 777 632 Sectione
800 598 861 632 alia
885 602 896 637 (
921 608 937 630 r
959 600 969 635 )
994 609 1070 640 pro-

70 642 173 682 posita
198 643 321 684 fuerat,
347 643 396 676 vel
420 642 530 684 potius
551 652 626 675 cum
649 641 707 674 illo
743 654 759 676 a
779 653 845 684 quo
867 640 979 677 habita
1003 639 1067 679 est,

68 686 206 722 Coitero
228 685 412 731 (s);‘etsi
436 686 521 718 enim
545 687 641 718 toties
663 686 798 727 repetita
822 685 866 718 est
889 686 922 717 in
958 684 1067 725 Sepul-

68 728 203 768 chretos
227 731 347 773 semper
369 738 476 762 tamen
499 729 647 770 neglecta
671 728 734 762 fuit
758 729 916 761 Austoris
937 727 1068 760 dubita-

69 774 142 810 tio,
169 775 302 807 minime
325 773 468 814 alioquin
505 770 780 815 praetermittenda
805 783 815 809 3
849 782 957 815 neque*
984 771 1069 804 enim

71 816 196 859 scripsit
218 818 299 860 regio
323 814 426 850 morbo
452 814 633 854 laboranti,-
658 815 706 849 sed
733 814 838 856 regio,
870 817 903 847 ni
930 813 1030 855 fallor
1053 835 1063 851 ,

67 859 170 894 morbo
194 859 367 893 laborarat.
393 858 495 892 Vides
528 859 630 900 igitur
648 880 660 897 ,
694 857 847 899 prodmsta
884 857 1064 891 testimonia

66 900 246 940 infirmari,
269 903 290 935 si
313 903 385 945 quis
408 902 490 935 reete
513 902 682 941 attendat,
704 900 877 944 eorumque
901 901 1064 934 simulnu-

68 956 191 980 merum
215 947 340 984 minui,
364 954 438 978 cum
460 956 531 986 quae
554 953 642 978 erant
677 942 799 986 singula
822 967 831 982 ‚
865 945 914 977 bis
938 966 948 983 ,
979 943 1066 985 quasi

67 990 195 1030 gemina
217 987 314 1023 essent
335 1013 343 1027 ‚
368 989 402 1020 in
427 989 567 1023 medium
591 988 685 1021 allata
718 988 778 1021 esse
798 1009 810 1026 ‚
856 986 1033 1021 ostenditur
1059 1012 1067 1020 .

69 1033 121 1065 Sic
143 1034 175 1064 ὃ(
197 1033 317 1066 Timaei
351 1033 502 1065 iteratam
535 1031 807 1066 Observationem
839 1034 850 1069 (
873 1034 922 1071 t)
955 1030 1067 1073 depre-

63 1072 207 1113 hende53
232 1085 295 1108 non
321 1074 408 1110 secus
432 1087 467 1108 ac
488 1075 688 1111 Guarinonii
719 1076 733 1113 (
755 1085 773 1107 u
795 1077 833 1115 ),
865 1077 896 1109 δι
929 1075 1067 1109 aliorum

68 1117 218 1152 fortasse.-
241 1128 352 1154 verum
375 1119 409 1151 in
432 1119 518 1152 nulla
541 1119 641 1159 magis
667 1119 816 1155 mireris,
842 1129 939 1160 quam
964 1119 996 1150 in
1031 1131 1065 1153 ea

67 1162 207 1194 Fontani
229 1165 243 1200 (
265 1173 287 1195 x
308 1166 341 1203 >‚
364 1172 436 1204 quae
459 1173 534 1195 cum
556 1160 655 1195 modo
678 1161 751 1194 esset
777 1161 901 1203 prolata
926 1161 985 1195 sub
1006 1173 1066 1196 nu-

69 1215 160 1238 mero
186 1206 297 1242 XXI-13
322 1205 482 1241 continuo
515 1216 577 1239 una
609 1204 783 1248 eademque
804 1229 813 1245 ‚
850 1209 906 1238 vix
938 1206 1065 1248 aliquot

69 1249 203 1282 mutatis
228 1249 354 1288 verbis,
377 1248 433 1281 sub
455 1247 585 1283 XXIII.
612 1249 828 1291 proponitur.
863 1247 923 1283 Sed
959 1259 1066 1284 tamen

69 1291 193 1326 ultimae
214 1292 284 1327 duae
308 1291 562 1327 Observationes
585 1293 649 1326 alio
664 1317 673 1331 ,
699 1302 763 1325 non
789 1290 827 1325 ad
851 1291 976 1335 lapillos
1009 1305 1068 1336 cy-

66 1333 179 1373 sticos,
205 1336 348 1379 spectant
370 1346 445 1369 curn
467 1335 569 1369 ietero
592 1335 749 1377 quidem,
772 1334 824 1369 sed
855 1347 928 1369 cum
974 1338 1067 1378 gravi

62 1377 161 1413 ‘fimul
185 1390 239 1414 aut
261 1379 374 1421 jecoris
398 1379 506 1417 vitio,
529 1387 584 1412 aut
616 1378 806 1413 bilariorum
837 1380 998 1413 canalium
1008 1381 1069 1413 ob-

70 1419 244 1458 structione
266 1422 479 1464 conjuneffis,
501 1433 567 1464 quo
590 1424 728 1456 attinent
753 1423 874 1464 priores
896 1423 961 1457 illae
975 1447 984 1462 ,
1019 1434 1069 1457 at-

68 1477 131 1507 que
155 1466 224 1500 aliae
248 1465 394 1509 quiedam
419 1467 523 1498 multo
548 1466 705 1499 recentius
728 1466 885 1508 vulgatae.
919 1467 1069 1503 Quarum

68 1510 176 1553 aliqua
199 1508 437 1552 siproferatur,
460 1508 554 1543 facile
574 1510 636 1541 alia
659 1509 756 1544 etiam
780 1511 904 1543 ratione
925 1508 1069 1543 infirma-

69 1553 99 1585 ri
123 1551 236 1595 poffir,
261 1563 297 1586 ut
321 1564 396 1586 cum
420 1553 560 1586 Vaterus
583 1555 635 1594 (y
655 1556 669 1593 >
703 1552 889 1586 Matronam
924 1553 1038 1587 scribit
1063 1579 1073 1595 ,

67 1594 157 1637 cujus
179 1598 213 1629 in
236 1596 317 1638 cysti
338 1596 477 1638 triginta
499 1595 638 1629 calculos
661 1596 785 1629 invenit
806 1618 820 1635 ,
850 1597 951 1630 ifiero
981 1598 1074 1630 labo-

67 1638 165 1672 rasse.
191 1639 265 1673 Hoc
290 1641 376 1673 enim
399 1638 557 1676 fatemur;
592 1637 642 1671 sed
676 1639 758 1672 illud
791 1640 880 1681 quod
916 1642 1074 1674 continuo

69 1681 222 1724 subjicit,
246 1681 340 1715 simul
366 1681 586 1718 attendimus,
611 1682 650 1715 ab
673 1682 774 1715 ietero
810 1682 982 1718 liberatam
1017 1696 1074 1717 an-

67 1736 127 1759 nos
149 1735 212 1760 tres
235 1726 361 1761 circiter
384 1728 416 1759 δε
438 1726 558 1767 viginti
580 1726 705 1769 integra
729 1725 819 1760 usam
853 1727 913 1761 effe
949 1729 1074 1761 valetu-

66 1768 164 1808 dine,
186 1771 217 1802 δε
241 1768 371 1804 tandem
393 1769 564 1813 apoplexia
588 1771 811 1804 interemtam.
836 1771 925 1804 Nam
949 1772 1027 1805 fiob
1042 1770 1076 1805 id

66 1822 195 1846 tantum
216 1813 305 1855 quod
327 1814 445 1847 calculi
467 1812 532 1855 jam
555 1822 626 1846 turn
649 1815 683 1845 in
708 1813 787 1856 cysti
811 1814 970 1855 laterent,
994 1816 1074 1849 icle-

68 1867 106 1890 ro
128 1856 187 1888 illo
210 1855 364 1899 prehensa
387 1856 484 1893 effet3
508 1864 577 1890 tam
599 1856 736 1899 longum
770 1858 875 1900 postea
909 1860 1009 1893 trium
1042 1862 1075 1893 δε

68 1899 191 1942 viginti
215 1910 373 1933 annorum
398 1899 558 1943 spatium,
582 1911 650 1943 quo
673 1911 738 1934 non
764 1902 861 1935 modo
882 1902 1071 1935 latebantil-

27 1949 38 1971 *x
69 1943 115 1981 li,
140 1953 253 1977 verum
276 1945 374 1977 etiam·
398 1943 619 1985 augebantur,
643 1944 708 1977 fine
730 1944 829 1977 ἰᾶσι-ο
853 1955 918 1979 non
953 1946 1075 1988 exegis-

70 1986 136 2020 set.
159 1985 367 2027 Ejuscemodi
391 1990 421 2020 &
447 1987 514 2019 illis
535 1985 836 2029 responsumdabis
859 1990 915 2032 qui
949 1989 1074 2031 objice-

69 2039 141 2064 rent
165 2029 386 2071 Waitbrechti
404 2033 420 2070 (
443 2041 467 2073 z
488 2033 525 2071 )‚
546 2032 578 2063 δι
599 2030 747 2064 Galeatii
783 2035 792 2070 (
817 2043 835 2065 a
856 2035 870 2072 )
905 2032 1074 2067 Observa-

71 2075 197 2107 tiones.
225 2074 376 2117 Uterque
397 2074 483 2107 enim
510 2073 580 2116 post
612 2076 742 2116 regium
775 2075 925 2109 morbum
951 2101 961 2117 ‚
992 2076 1074 2111 olim

70 2117 296 2159 praegressum,
320 2117 462 2152 calculos
484 2118 518 2150 in
541 2116 624 2159 cysti
647 2117 946 2160 deprehenderunt:
970 2131 1075 2162 quan-

69 2171 169 2203 quam
191 2161 273 2194 illud
296 2172 425 2203 quoque
449 2159 637 2202 respondere
662 2170 775 2202 potes,
800 2173 817 2194 a
841 2164 947 2203 primo
980 2162 1073 2197 simul

54 2204 158 2247 ‘jecur
181 2202 359 2238 subdurum
382 2202 440 2238 esse
463 2202 717 2246 deprehensum3
742 2204 782 2238 ab
804 2205 906 2239 altero
938 2205 1075 2247 durius,

73 2246 249 2289 multisque
273 2247 450 2281 tuberculis
474 2246 656 2286 refertum;
679 2256 715 2279 ut
739 2259 773 2280 ea
796 2247 902 2282 fileam
925 2260 995 2290 quae
1029 2248 1078 2283 su-

73 2303 130 2334 pra
155 2292 169 2330 (
191 2292 211 2324 h
235 2295 245 2329 )
270 2292 389 2333 attigi,
413 2290 495 2323 unde
518 2290 680 2332 intelligas
700 2315 710 2330 ,
744 2291 823 2325 alios
855 2292 983 2334 lapillos
1015 2293 1080 2326 alio

73 2336 153 2368 olim
177 2333 269 2379 fuisse
291 2335 365 2367 loco
379 2358 389 2375 ‚
411 2343 447 2367 ut
472 2334 570 2367 bilem
594 2342 670 2366 tunc
694 2333 798 2367 subire
820 2335 1006 2370 intestinum
1028 2336 1079 2370 fa-

73 2379 136 2412 cile
158 2378 386 2420 prohiberent.
521 2377 575 2409 Ad
598 2377 655 2418 illa
700 2387 807 2411 autem
852 2380 999 2420 exempla
1044 2382 1078 2413 in

74 2423 193 2466 quibus
216 2432 281 2455 non
305 2421 404 2454 modo
426 2418 630 2462 praegressus‚
653 2431 766 2454 verum
789 2421 960 2456 etiamtum
995 2435 1076 2465 prae-

70 2467 136 2500 sens
158 2465 277 2499 isterus
301 2476 376 2499 curn
398 2462 526 2505 cysticis
549 2463 681 2497 calculis
704 2472 772 2498 erat
795 2464 987 2507 conjunctus
1006 2488 1015 2502 ‚
1039 2477 1076 2500 ut

66 2509 215 2543 Lanzoni
236 2508 285 2550 (c
303 2508 320 2549 )
335 2530 348 2548 ,
372 2508 517 2549 Verneyi
542 2510 552 2546 (
577 2508 597 2540 d
617 2510 651 2546 )‚
675 2507 839 2543 Swietenii
862 2512 875 2548 (
897 2521 912 2543 e
935 2513 968 2549 )‚
992 2510 1075 2543 Hal-

66 2554 124 2587 leri
148 2548 209 2596 (f)
225 2574 233 2588 ‚
259 2552 464 2594 aliorumque
487 2550 559 2584 Cel.
584 2550 769 2589 Virorum,
794 2550 891 2595 siquis
916 2551 1000 2586 forte
1013 2565 1074 2595 op·-

65 2605 186 2640 ponat3
210 2594 285 2629 satis
309 2606 349 2628 ex
371 2595 413 2628 iis
435 2604 507 2638 quae
531 2593 629 2636 paulo
650 2602 726 2628 ante
748 2595 835 2629 dieta
857 2594 951 2634 sunt,
974 2596 1073 2631 habes

67 2639 157 2684 quod
181 2636 317 2674 referas.
344 2640 468 2671 Primus
493 2639 581 2672 enim
604 2636 698 2671 simul
721 2637 833 2672 multis
866 2638 1071 2681 hydatidibus

70 2682 202 2726 obsitum
222 2681 390 2726 conspexit
412 2679 523 2723 jecur3
547 2682 626 2714 alter
647 2682 784 2715 dimidia
808 2694 847 2716 ex
870 2693 960 2726 parte
995 2685 1073 2717 adeo

71 2727 291 2767 exsiccatum,
313 2734 351 2759 ut
374 2725 502 2768 pollicis
523 2723 760 2759 craffitudinem
790 2734 859 2759 ‘non
900 2735 1042 2768 aequaret
1065 2738 1076 2765 5

72 2771 190 2804 tertius
213 2769 372 2810 luridum,
394 2770 506 2802 durum
521 2792 533 2809 ,
553 2766 732 2808 exsuccum,
756 2792 766 2801 .
780 2792 789 2802 .
802 2794 831 2802 ..
849 2766 1016 2811 scirrhofis
1027 2778 1078 2806 tu,-

75 2813 210 2848 lyerculis
233 2812 399 2855 asperum5
423 2821 560 2855 quartus
582 2811 720 2855 denique
742 2823 817 2846 cum
842 2814 876 2845 in
900 2822 951 2846 tot
976 2813 1078 2846 histo-

76 2859 134 2892 riis
148 2855 233 2890 duas
255 2864 381 2889 tantum
405 2854 553 2889 exhibeat
577 2855 806 2895 ictericorum,
831 2854 1001 2890 secundam
1014 2880 1024 2897 ,
1045 2860 1079 2891 δε

75 2912 216 2940 nonam,
239 2898 274 2931 in
297 2898 352 2931 illa
374 2897 459 2932 idem
491 2897 594 2932 viscus
626 2900 785 2941 proponit
813 2899 985 2934 morbidum
1003 2921 1013 2937 ‚
1045 2902 1078 2933 δε

77 2943 269 2986 ulcerosum,
292 2943 326 2974 in
348 2941 406 2975 hac
429 2953 540 2984 magna
563 2953 603 2974 ex
623 2950 714 2983 parte
733 2943 899 2984 putridum
923 2954 996 2976 cum
1021 2954 1077 2977 ve-

69 2987 170 3033 sicula
185 2984 283 3029 fellea
307 2994 377 3018 tota
398 2984 596 3027 consumpta,
617 2994 653 3018 ut
686 2986 719 3018 in
752 2986 851 3019 media
884 2985 1077 3029 putrilagine

76 3030 215 3066 calculus
238 3036 376 3070 repertus
392 3026 456 3070 fit.
482 3028 633 3071 Suspicor
657 3038 785 3067 autem,
806 3028 841 3065 *si
872 3030 1076 3071 quorundam

77 3076 168 3116 aliae,
188 3084 260 3117 quae
285 3071 495 3113 proferuntur
513 3095 526 3111 ,
559 3071 814 3106 Observationes
858 3083 923 3105 non
969 3073 1077 3107 obiter

76 3118 225 3161 scriptae‚
251 3114 301 3148 sed
328 3115 394 3156 pari
417 3114 586 3157 diligentia
610 3118 640 3148 δε
663 3114 804 3156 habitae,
826 3118 856 3149 δε
879 3115 1007 3150 traditae
1030 3118 1076 3151 es-

78 3162 175 3203 sent,·
196 3159 344 3193 futurum
367 3156 479 3196 fuisse,
504 3167 541 3191 ut
564 3169 677 3201 praeter
699 3160 794 3202 cystis
815 3159 973 3200 calculos,
998 3160 1078 3203 s'aepe

77 3207 157 3241 alias
180 3202 273 3238 fimul
296 3203 329 3235 in
352 3202 496 3239 vicinia,
521 3204 552 3235 &
577 3201 754 3245 praesertim
778 3204 812 3236 in
836 3202 967 3245 hepate,
989 3205 1077 3237 intra

76 3249 167 3294 quod
181 3271 190 3288 ,
211 3245 270 3280 nisi
293 3245 482 3287 perquiras,
507 3245 603 3279 latere
626 3248 724 3279 etiam
746 3245 899 3289 possunt,
935 3246 1076 3280 laefiones

76 3300 257 3336 compertas
293 3289 466 3329 legeremus
487 3312 496 3321 .
628 3290 855 3325 Producuntur
885 3291 985 3323 etiam
1019 3291 1077 3323 ali-

77 3336 209 3382 quando
232 3332 489 3368 Observationes
512 3331 618 3366 minus
640 3344 781 3367 recentes
801 3356 810 3371 ‚
847 3333 899 3369 sed
932 3334 981 3367 vel
1016 3337 1080 3368 mi-

77 3392 157 3419 nus,
179 3387 216 3414 ut
241 3386 353 3411 verum
376 3374 496 3412 fatear,
520 3375 558 3409 ad
580 3386 646 3410 rem
670 3375 820 3411 facientes
834 3401 842 3416 ‚
864 3386 900 3411 ut
924 3387 1001 3420 puta
1013 3380 1082 3412 Do-

76 3417 194 3461 minici
217 3421 317 3456 nostri
341 3418 379 3452 de
402 3416 596 3453 Marchettis
627 3423 681 3462 (g
703 3425 737 3461 ),
770 3420 858 3464 quasi
889 3421 1028 3455 ieterum
1061 3434 1078 3455 a

75 3468 172 3506 cvstia
194 3464 326 3500 calculis
348 3461 460 3496 vidisse
484 3462 537 3502 se,
557 3463 696 3496 diceret.
725 3464 782 3497 llle
805 3476 880 3498 vero
901 3476 973 3498 cum
1010 3466 1074 3505 ait,

76 3503 225 3555 obstruc‘la
246 3505 380 3550 vesicula
404 3504 443 3539 ab
465 3504 570 3548 aliqua
592 3507 722 3541 maceria
755 3515 817 3541 aut
847 3508 952 3550 lapide
984 3508 1003 3551 (
1016 3508 1078 3542 ali-

1981 258 2042 316 85

1119 337 1237 379 quando
1258 335 1339 372 enim
1361 335 1470 378 invene}¹
1488 336 1521 370 in
1543 332 1611 376 ipsa
1633 334 1768 375 vesicula
1791 331 1878 371 tres}
1901 339 1958 367 aut
1980 343 2113 375 quatuor
2148 371 2149 374 Ἴ

1113 381 1235 422 ‘lapides
1257 379 1467 420 magnitudine
1489 378 1623 417 ciceris)
1647 377 1783 411 il't'eritia
1801 375 1888 419 flava
1921 377 2079 410 excitatur
2102 390 2115 417 ς

1116 422 1236 466 lapides
1259 421 1390 464 quidem
1415 422 1454 454 ab
1479 421 1507 456 se
1528 420 1575 453 ibi
1598 421 1746 454 inventos
1768 419 1869 458 dicit,
1895 419 1937 452 sic
1958 429 2116 453 autemut

1117 476 1194 501 tunc
1217 464 1388 499 vesiculam
1411 464 1636 502 obstruerent,
1660 466 1690 496 δε
1713 463 1852 497 itteram
1878 471 2045 507 propterea
2068 463 2118 497 sa-

1116 518 1246 548 cerent,
1268 506 1415 549 profeuo
1438 519 1501 540 non
1525 507 1629 542 dicit.

1160 564 1213 596 33.
1236 552 1364 584 Verum
1388 550 1529 593 sepositis
1551 551 1596 584 ob
1619 549 1903 584 animadversiones
1938 549 2007 582 illas
2040 559 2119 591 quas

1119 597 1270 632 haetenus
1306 593 1480 633 indicavi,
1513 593 1561 628 his
1595 593 1748 627 omnibus
1784 592 2082 627 Observationibus
2102 615 2117 632 ,

1117 639 1252 682 aliisque
1276 648 1383 670 earum
1406 636 1584 675 similibus,
1607 648 1682 669 cum
1714 635 1861 679 quaedam
1894 636 2011 669 restent
2032 659 2045 676 ,
2078 635 2119 669 ad

1118 693 1197 727 quas
1219 681 1303 716 nihil
1325 678 1455 714 fortasse
1479 679 1570 722 poffit
1595 680 1729 714 istorum
1753 679 1840 717 dici3
1863 690 1986 720 quaeres
2002 691 2123 718 exme,

1142 738 1181 760 ua
1204 727 1326 758 ratione
1350 723 1525 766 aliquando
1548 723 1663 756 calculi
1700 721 1806 756 vesicae
1838 720 1937 754 felleae
1971 731 2123 764 arquatos

1118 740 1221 805 {lacere
1244 767 1391 802 homines
1413 775 1531 809 queant
1547 788 1556 804 ‚
1581 769 1611 799 δι
1634 777 1711 799 num
1734 766 1789 798 illa
1812 776 1874 808 qua
1900 764 2124 812 Marchettus,

1122 814 1240 855 aliique
1264 812 1488 845 existimarunt
1505 834 1514 849 ,
1540 810 1562 842 si
1589 808 1744 848 vesicam,
1771 818 1826 842 aut
1850 809 1958 850 potius
1969 820 2035 850 ejus
2047 820 2124 851 pro-

1117 858 1245 900 prium,
1270 855 1301 887 id
1328 855 1370 888 est
1393 854 1564 896 Cysticurn
1586 853 1718 889 ἀιιὲὶιιῐη
1742 853 1931 886 obstruant.
1947 852 2035 887 Nam
2058 851 2122 885 sine

1117 901 1221 934 ierem
1253 898 1449 933 obstructam
1482 896 1582 939 ipsam
1617 896 1896 935 fuiffe‚-constat
1929 895 1976 927 vel
2012 907 2051 927 ex
2083 897 2125 930 iis

1119 941 1414 976 Observationibus
1437 952 1516 984 quas
1539 939 1632 983 supra
1657 944 1666 979 (
1692 939 1712 974 h
1735 944 1749 980 )
1772 939 2124 976 commemoravimus,

1120 998 1193 1020 cum
1217 986 1366 1018 videlicet
1391 985 1484 1026 plena
1508 993 1576 1018 erat
1601 984 1809 1025 lapillorum.
1835 983 2034 1026 Qanquam
2068 995 2125 1017 au-

1120 1041 1186 1064 tem
1207 1039 1282 1061 cum
1306 1029 1397 1070 plena
1421 1027 1469 1061 his
1493 1027 1555 1064 est,
1579 1026 1662 1060 nihil
1686 1027 1764 1059 bilis
1804 1027 1895 1069 poffit
1942 1027 2091 1063 emittere
2112 1049 2126 1066 ‚

1119 1077 1174 1113 &,
1196 1071 1285 1115 quod
1307 1070 1514 1112 consequitur
1531 1092 1541 1111 ,
1567 1081 1614 1103 res
1649 1070 1762 1104 eodem
1795 1069 1901 1102 redeat
1935 1081 1969 1102 ac
2001 1068 2023 1103 si
2058 1068 2127 1112 ejus

1118 1127 1241 1152 meatus
1265 1114 1343 1148 esset
1365 1112 1534 1153 occlusus,·
1556 1122 1664 1146 tamen
1688 1122 1724 1147 ut
1750 1112 1813 1154 tibi
1826 1110 2018 1145 satisfaciam
2036 1134 2046 1150 ‚
2071 1124 2128 1146 oc-

1116 1158 1193 1197 clusi
1214 1159 1302 1192 illius
1327 1167 1448 1191 meatus
1471 1155 1736 1193 Observationes
1781 1154 1845 1189 sme
1890 1156 1994 1188 ietero
2039 1156 2126 1189 infra

1118 1209 1131 1245 (
1154 1206 1166 1238 i
1188 1208 1201 1244 )
1225 1202 1409 1245 profer-arn,-
1433 1201 1485 1234 hic
1510 1209 1617 1233 autem
1640 1199 1722 1235 illud
1744 1198 1915 1234 dumtaxat
1951 1198 2041 1241 quod
2076 1200 2128 1233 su-

1119 1258 1177 1291 pra
1194 1251 1210 1286 ,(
1234 1246 1286 1289 k)
1309 1245 1489 1279 indicatum
1513 1243 1579 1284 est,
1600 1240 1639 1276 ad
1664 1242 2036 1279 memoriamrevocabo‚
2061 1253 2127 1276 non

1118 1291 1312 1333 cysticum,
1337 1287 1387 1322 sed
1411 1287 1610 1330 Hepat'icum
1625 1311 1634 1327 ,
1659 1288 1918 1321 &Communem
1931 1285 2064 1320 dutiurn
2086 1286 2130 1319 il-

1118 1335 1163 1368 las
1187 1334 1246 1367 effe
1270 1335 1337 1366 vias
1361 1343 1414 1374 per
1438 1342 1515 1373 quas
1538 1331 1615 1363 bilis
1638 1330 1677 1363 ab
1691 1329 1914 1373 ipsojecinore
1927 1330 1963 1363 ad
1976 1328 2129 1363 intestina

1120 1377 1329 1414 amandatur·,
1343 1385 1378 1410 ut
1394 1373 1452 1408 nisi
1466 1373 1515 1408 hae
1527 1374 1587 1407 viae
1598 1383 1654 1407 aut
1666 1372 1900 1414 excrescentia,
1923 1381 1978 1407 aut
1990 1374 2132 1407 constri-

1121 1423 1227 1456 &ione
1240 1422 1347 1463 aliqua
1358 1441 1367 1456 ,
1380 1428 1434 1453 aut
1446 1417 1566 1453 viscida
1580 1416 1743 1460 crassaque
1756 1418 1888 1452 materia
1903 1438 1911 1454 ‚
1925 1426 1978 1452 aut
1995 1418 2129 1451 calculis

1119 1465 1184 1499 sive
1196 1466 1229 1498 in
1240 1463 1313 1504 ipsis
1327 1464 1385 1497 viis
1397 1486 1409 1503 ,
1422 1461 1527 1495 sivein
1541 1460 1657 1502 hepate
1671 1485 1681 1501 ,
1705 1460 1767 1494 sive
1778 1462 1875 1496 etiam
1891 1461 1923 1493 in
1935 1460 2015 1502 cysti
2040 1463 2133 1503 geni.

1124 1510 1188 1546 tis,
1212 1507 1263 1542 sed
1288 1509 1321 1540 in
1346 1518 1396 1541 eas
1419 1507 1486 1538 vias
1509 1503 1664 1544 extrusis,
1687 1504 1907 1547 impediatur,
1939 1514 2003 1537 non
2038 1505 2133 1546 possit

1124 1553 1316 1587 bilariorum
1338 1549 1470 1594 quidem
1494 1557 1659 1581 meatuum
1684 1548 1774 1581 causa
1799 1547 1885 1580 bilis·
1906 1548 1939 1579 in
1985 1548 2098 1591 hepate
2120 1572 2135 1590 ,

1125 1596 1265 1639 ideoque
1288 1594 1354 1638 ejus
1378 1593 1510 1626 materia
1533 1592 1567 1624 in
1592 1590 1672 1624 vasis
1704 1590 1900 1633 sanguiferis
1934 1591 1973 1625 ad
2006 1594 2135 1635 regium

1125 1641 1278 1674 morbum
1303 1636 1506 1673 efficiendum
1529 1635 1681 1670 retineri.
1707 1634 1901 1669 Cavendum
1929 1644 2036 1669 autem
2060 1636 2105 1669 est
2125 1659 2136 1675 ‚

1125 1682 1298 1726 nequando
1321 1682 1354 1715 in
1379 1680 1524 1714 veterum
1558 1678 1817 1713 observatorum
1850 1679 1987 1712 vocibus
2019 1679 2139 1722 quibus

1128 1727 1166 1761 ad
1191 1727 1410 1768 Hepaticum‚
1446 1732 1501 1757 aut
1535 1723 1752 1756 Communem
1787 1722 1920 1756 du&um
1954 1722 2139 1765 significan-

1127 1771 1206 1804 dum
1229 1770 1428 1808 utebantur,
1451 1777 1614 1807 erremus,
1638 1765 1814 1802 non-hunc
1836 1789 1849 1806 ‚
1881 1765 1931 1800 sed
1965 1767 2136 1808 Cysticum

1127 1814 1365 1854 intelligentes.
1391 1810 1456 1854 Ipfi
1480 1811 1567 1844 enim
1591 1809 1785 1844 utrumlibet
1809 1809 1944 1845 illorum
1979 1810 2139 1846 ducffuum

1127 1869 1187 1899 pro
1209 1853 1307 1900 cvstis
1331 1866 1459 1893 meatu,
1482 1863 1519 1888 ut
1542 1863 1632 1888 antea
1653 1856 1669 1893 (
1690 1853 1702 1887 l
1723 1856 1737 1894 )
1760 1865 1890 1897 quoque
1904 1852 2138 1895 indicavimus,

1126 1901 1265 1936 Fernelii
1289 1901 1399 1934 locum
1423 1898 1619 1942 explicantes
1641 1921 1651 1938 ,
1684 1898 1973 1944 quemadmodum
1991 1897 2137 1936 ferebant
2160 1910 2164 1914 ·

1125 1944 1281 1987 dogmata
1303 1954 1417 1978 eorum
1440 1952 1626 1986 temporum
1646 1965 1659 1984 ‚
1692 1945 1898 1986 accipiebant
1923 1967 1932 1983 ‚
1964 1947 2136 1989 Cysticum

1126 1998 1236 2022 autem
1259 1988 1414 2028 ductum,
1440 1997 1597 2030 quantum
1622 1987 1705 2029 apud
1734 1989 1934 2024 Mundinum
1959 1994 1972 2030 (
1997 2003 2028 2026 m
2051 1997 2064 2034 )
2089 1995 2138 2027 vi-

1126 2032 1200 2065 dere
1222 2031 1288 2072 est,
1310 2030 1383 2064 colli
1404 2030 1571 2070 vesiculae,
1596 2041 1662 2063 non
1687 2033 1757 2074 pori
1778 2057 1787 2072 ,
1811 2043 1867 2067 aut
1896 2046 2018 2069 meatus
2042 2064 2052 2079 ‚
2084 2049 2138 2074 aut

1128 2074 1245 2108 ductus
1268 2074 1429 2108 vocabulo
1451 2073 1678 2116 designabant.
1705 2076 1821 2119 Itaque
1843 2089 1918 2112 cum
1933 2080 2028 2122 -apud
2064 2085 2137 2118 Do..

1129 2127 1242 2151 natum
1265 2122 1278 2157 (
1300 2129 1320 2151 n
1341 2120 1355 2156 )
1377 2118 1481 2159 leges,
1504 2118 1692 2152 Albucasim
1717 2119 1879 2161 docuisse,
1903 2126 1933 2156 δι
1948 2126 2140 2161 confirmas-

1131 2161 1162 2194 se
1199 2161 1357 2195 Nicolum
1369 2184 1379 2200 ‚
1405 2162 1437 2194 in
1461 2169 1565 2195 meatu
1587 2160 1689 2204 vesicae
1706 2160 1800 2205 fellis
1824 2166 1901 2199 oriri
1922 2179 2063 2204 carneam
2088 2182 2140 2206 ex.

1130 2203 1330 2246 crescentiam
1345 2228 1357 2245 ‚
1380 2215 1443 2246 quae
1467 2204 1555 2239 illam
1578 2204 1748 2239 obturando
1779 2207 1963 2249 insanabilis
1995 2213 2139 2250 ilieririae

1114 2247 1169 2290 vesl
1192 2248 1303 2291 causa,
1328 2247 1454 2282 tametsi
1479 2261 1494 2281 a
1518 2261 1568 2282 me
1589 2260 1719 2291 quoque
1742 2251 1823 2283 olim
1845 2249 1960 2291 fuisse,
1981 2254 2050 2289 dixi
2077 2259 2142 2300 (o)

1131 2293 1167 2325 in
1190 2291 1257 2333 ipsa
1283 2291 1419 2326 vesicula
1445 2290 1692 2334 deprehensum
1717 2294 1786 2325 noli
1811 2303 1919 2329 tamen
1941 2296 2036 2333 facile
2056 2313 2143 2335 -cre-

1132 2335 1229 2372 dere,
1253 2336 1288 2369 in
1313 2335 1393 2375 hac,
1418 2345 1472 2370 aut
1496 2337 1529 2369 in
1553 2336 1689 2378 Cystico
1723 2335 1832 2372 duuu.
1858 2335 1965 2375 ortar'n
1999 2344 2039 2377 ab
2075 2346 2140 2379 illis

1131 2390 1202 2412 eam
1226 2379 1367 2422 intelligi
1390 2379 1428 2413 de
1453 2391 1516 2422 qua
1540 2380 1742 2422 loquuntur,
1767 2383 1887 2426 quippe
1932 2397 2003 2428 quae
2049 2389 2139 2423 aliud

1129 2433 1228 2464 quam
1253 2421 1445 2463 vesiculam,
1470 2421 1491 2455 si
1516 2425 1620 2465 reapse
1643 2433 1711 2456 erat
1735 2426 1827 2458 ieteri
1852 2430 1965 2468 causa,
2000 2431 2138 2465 obtura-

1126 2465 1205 2499 bat.
1232 2466 1283 2498 Sic
1306 2478 1381 2499 cum
1403 2466 1572 2505 Gentilis‚
1601 2467 1875 2509 quemadmodum
1921 2472 2012 2515 supra
2048 2479 2101 2518 (p
2121 2481 2137 2517 )

1127 2509 1311 2542 indicatum
1333 2508 1394 2546 est,
1416 2508 1452 2542 *se
1475 2509 1635 2552 lapidem,
1660 2510 1809 2553 scripsit,
1841 2513 1873 2546 in
1914 2525 1991 2556 poro
2032 2519 2137 2561 vesicae

1118 2550 1236 2595 fellis,
1253 2551 1308 2594 seu
1329 2560 1436 2589 meatu
1459 2553 1665 2597 adinveniffe3
1687 2554 1767 2597 quid
1788 2557 1850 2590 hoc
1879 2562 2013 2594 nomine
2049 2565 2137 2597 acci-

1123 2597 1219 2637 pias,
1244 2596 1337 2629 vide.
1362 2598 1413 2630 Te
1435 2605 1568 2629 cautum
1594 2597 1701 2631 reddet
1726 2598 1929 2641 Sepulchreti
1956 2604 2053 2646 ipsius
2089 2607 2136 2640 le-

1123 2639 1213 2677 ἂὶο,
1235 2639 1292 2672 ubi
1315 2642 1329 2680 (
1351 2651 1370 2682 q
1393 2643 1404 2679 )
1427 2642 1661 2674 Camenicenus
1684 2640 1724 2674 fic
1747 2643 1785 2676 ad
1813 2644 2033 2682 Matthiolum
2056 2649 2136 2683 scri-

1126 2683 1203 2720 bit,
1227 2690 1348 2716 meatus
1374 2683 1427 2717 ille
1449 2683 1502 2726 qui
1525 2695 1563 2717 ex
1577 2681 1725 2726 folliculo
1742 2682 1834 2727 fellis
1868 2688 1900 2721 in
1935 2689 2031 2733 hepar
2062 2693 2101 2733 esi
2123 2717 2137 2734 ,

1134 2725 1312 2760 liberrimus
1358 2734 1426 2760 erar
1446 2748 1455 2764 ‚
1500 2727 1534 2761 id
1567 2727 1610 2761 esi:
1635 2728 1817 2771 Hepaticus
1839 2729 1969 2766 duetus.
1998 2736 2137 2770 Dixerat

1133 2779 1241 2803 autem
1290 2770 1363 2803 aulo
1387 2779 1484 2811 ante,
1507 2770 1561 2804 ille
1583 2779 1705 2804 meatus
1727 2772 1781 2812 qui
1803 2783 1840 2806 ex
1865 2772 2015 2817 folliculo
2041 2777 2136 2821 fellis

1133 2811 1166 2845 in
1188 2814 1251 2846 inre
1279 2815 1366 2846 inum
1389 2813 1563 2855 desinebat,
1586 2813 1688 2855 lapide
1711 2814 1880 2854 obstruc‘lus
1904 2828 1972 2852 erat
1994 2831 2002 2852 .-
2037 2834 2135 2865 quem

1129 2865 1195 2888 non
1221 2857 1392 2899 Cysticum
1417 2856 1508 2890 fuisse
1523 2881 1532 2897 ‚
1558 2855 1607 2890 sed
1620 2857 1840 2892 Communem
1855 2884 1863 2899 ,
1887 2872 2001 2902 praeter
2012 2877 2046 2897 ea
2065 2878 2137 2909 quae

1128 2899 1214 2933 dieta
1238 2901 1308 2934 lunt
1323 2925 1332 2940 ‚
1355 2900 1435 2932 illud
1459 2911 1589 2942 quoque
1613 2901 1675 2932 tibi
1698 2902 1877 2940 indicabit,
1900 2907 1989 2947 quod
2005 2905 2139 2949 follicu-

1128 2942 1179 2976 lus
1194 2940 1288 2986 fellis
1311 2944 1344 2975 in
1369 2943 1427 2975 illo
1451 2945 1585 2976 icterico
1606 2943 1795 2985 pleniffimus
1818 2955 1886 2979 erar
1908 2948 1989 2983 bile.
2015 2951 2133 2995 Neque

1129 2987 1224 3019 aliter
1248 2987 1386 3028 accipies
1409 2987 1443 3019 in
1475 2987 1604 3019 Coiteri
1634 2986 1884 3023 ‚Observatione
1918 2996 1932 3031 (
1954 3004 1968 3025 r
1991 2998 2005 3034 )
2038 2997 2135 3030 verba

1129 3029 1210 3070 illa,
1233 3029 1265 3062 in
1288 3037 1392 3062 meatu
1415 3040 1433 3062 a
1455 3029 1552 3072 vefica
1576 3028 1649 3063 bilis
1694 3030 1733 3063 ad
1777 3033 1946 3069 duodenum
1992 3038 2133 3075 i&ericae

1128 3083 1259 3115 magnus
1280 3072 1438 3110 calculus,
1463 3073 1517 3115 qui
1539 3083 1607 3106 eum
1631 3082 1773 3108 meatum
1797 3078 1994 3121 undequaque
2018 3082 2135 3122 obstru-

1127 3123 1236 3155 xerat,
1254 3117 1437 3158 -praesertim
1462 3126 1536 3149 cum
1559 3116 1599 3149 ab
1621 3115 1692 3159 ipso
1738 3118 1818 3161 (s)
1865 3120 2047 3158 folliculum
2072 3127 2134 3161 fel-

1128 3159 1213 3193 leum
1238 3160 1317 3193 alibi
1340 3160 1384 3192 ita
1410 3159 1608 3202 descriptum
1633 3162 1898 3197 animadverteris
1920 3189 1933 3204 ‚
1965 3177 2001 3200 ut
2045 3171 2133 3204 nulla

1128 3201 1257 3244 Cystici
1282 3203 1447 3236 mentione
1471 3202 1579 3243 faeta,
1602 3203 1675 3236 duos
1698 3204 1786 3239 dicat
1810 3205 1971 3252 obtinuisse
2000 3204 2095 3251 poros
2118 3237 2131 3254 ,

1129 3245 1263 3279 alterum
1282 3256 1339 3288 per
1360 3256 1448 3287 quem
1472 3256 1509 3279 ex
1531 3246 1640 3288 hepate
1663 3246 1756 3284 bilem
1780 3249 1882 3281 trahit
1902 3274 1913 3289 ‚
1961 3252 2097 3289 alterum
2119 3280 2131 3296 ,

1126 3298 1183 3331 per
1205 3300 1293 3331 quem
1316 3300 1353 3323 ex
1369 3289 1404 3330 se
1421 3288 1455 3331 se
1480 3288 1572 3323 bilem
1596 3291 1626 3323 in
1650 3291 1819 3325 duodenum
1841 3292 2017 3332 intestinum
2029 3301 2133 3342 trans-

1131 3332 1256 3366 mittit.
1281 3332 1411 3367 Scilicet
1435 3334 1642 3376 praeteptoris
1666 3334 1824 3376 Falloppii
1857 3336 1907 3377 (t
1931 3341 1940 3374 )
1975 3340 2131 3378 dogmata

1131 3377 1165 3407 in
1189 3388 1226 3409 eo
1249 3377 1380 3419 quidem
1404 3376 1527 3411 secutus
1542 3376 1611 3418 ,est‚
1635 3386 1670 3410 ut
1695 3377 1866 3418 Cysticum
1897 3376 2037 3417 ‹luftuni
2065 3397 2132 3420 non

1131 3417 1217 3452 secus
1240 3432 1275 3453 ac
1305 3421 1432 3453 Veteres
1458 3420 1526 3457 illi,
1552 3432 1610 3462 pro
1634 3418 1775 3454 vesiculae
1811 3425 1934 3457 cervice
1968 3424 2096 3462 haberet
2117 3442 2131 3471 ‚-

1129 3463 1238 3496 nonin
1263 3475 1300 3497 eo
1323 3472 1431 3497 tamen
1455 3473 1491 3497 ut
1515 3463 1553 3496 ab
1579 3464 1689 3505 hepate
1703 3463 1942 3501 adintestinnm
1966 3480 2052 3511 uno,
2076 3485 2131 3507 eo-

1127 3516 1189 3548 que
1200 3507 1309 3549 rectO,
1333 3517 1442 3542 meatu
1462 3505 1606 3548 deferri,
1628 3508 2022 3552 bilem‚agnosceret,cui
2048 3526 2133 3550 mea-

2033 3560 2084 3592 tui

82 3638 2126 3665 ψήφῳ-ἨΜ

197 3718 206 3747 )
223 3716 285 3751 Ibid.
302 3712 361 3739 Obs.
379 3721 416 3744 ας.
433 3715 457 3746 §.
474 3719 513 3751 q(
559 3715 599 3749 ‘st‘
615 3712 625 3744 )
639 3714 661 3738 S.
679 3714 702 3737 8.
721 3715 779 3740 obs.
797 3718 835 3746 36.
996 3749 999 3751 .

193 3749 207 3777 )
228 3747 290 3772 Ibid.
307 3745 366 3770 Obs.
384 3753 421 3775 33.
439 3747 462 3770 δι
478 3754 503 3771 in
520 3745 643 3770 Addnam.
659 3743 720 3779 Qbs.
738 3753 761 3776 ς.
821 3748 834 3777 (
850 3754 866 3770 x
879 3745 894 3774 )
910 3746 970 3771 Sest.
989 3747 1039 3770 ead.

194 3779 209 3808 )
227 3778 270 3802 cit.
287 3776 354 3805 supra
370 3778 399 3811 ad
416 3785 441 3801 n.
460 3784 499 3807 ²4.
560 3775 569 3805 (
586 3776 600 3800 b
619 3776 628 3806 )
646 3776 708 3802 lbrd.

189 3809 246 3867 2lad
265 3809 288 3839 §.
308 3815 358 3837 95⁰-
379 3813 419 3831 cit.
437 3808 502 3836 supra
518 3806 546 3831 ad
563 3814 586 3830 n.
605 3812 640 3862 ze.
653 3806 782 3866 Kyrgiffen

218 3846 242 3863 n.
260 3848 296 3866 27.
359 3839 373 3867 (
388 3847 412 3862 m
428 3839 442 3868 )
459 3842 533 3862 Anat.
551 3837 592 3862 ubi
771 3867 775 3871 ⁸

240 3887 245 3894 .
656 3870 666 3894 (
685 3876 697 3893 r
714 3869 723 3898 l
740 3868 802 3894 lbid.
820 3869 845 3894 S.
862 3869 887 3895 8.
903 3868 962 3894 ΟΜ.
978 3871 1016 3899 ³⁶·

230 3871 237 3894 l
263 3878 284 3900 3.
302 3870 325 3894 S.
343 3871 381 3894 ιδ.
398 3869 457 3895 obs.
475 3871 500 3895 8.
515 3869 542 3898 §.
561 3876 596 3894 ιε..

896 3713 959 3744 (sl
978 3715 1038 3740 Obs.
1055 3718 1129 3740 Anat.

1101 3746 1115 3775 (
1127 3750 1145 3776 y
1162 3744 1173 3775 )
1189 3746 1247 3771 thes.
1267 3754 1288 3775 9.
1305 3746 1346 3769 cit.
1364 3745 1429 3775 supra
1445 3746 1473 3770 ad
1490 3754 1505 3770 n
1533 3753 1570 3776 31.

770 3777 781 3801 (
797 3779 831 3805 c)
850 3777 912 3805 Eph.
931 3779 966 3800 N.
983 3779 1010 3801 C.
1030 3779 1089 3802 Dec.
1104 3784 1125 3806 3.
1142 3778 1172 3803 A.
1189 3785 1210 3806 3.
1227 3777 1285 3801 Obs.
1304 3781 1341 3807 36.

752 3806 767 3835 )
782 3807 870 3837 Opusc.
889 3807 982 3831 Pathol.
1001 3807 1058 3831 ΘΜ.
1076 3815 1112 3836 33.

852 3837 859 3867 (
882 3846 898 3861 n
914 3838 922 3866 )
939 3840 974 3862 De
992 3839 1061 3864 Med.
1078 3837 1139 3862 Hist.
1157 3838 1249 3862 Mirab.
1268 3840 1284 3862 l.
1303 3847 1324 3868 5.
1340 3845 1363 3862 c.
1383 3846 1404 3867 3.

1091 3869 1103 3895 <
1117 3867 1136 3898 I
1147 3868 1161 3897 )
1178 3869 1244 3896 Tab.
1260 3870 1352 3895 Intern.
1370 3868 1438 3895 hum.
1453 3875 1520 3899 corp.
1536 3870 1600 3895 Part.

1191 3716 1205 3745 (
1220 3722 1231 3739 t
1246 3716 1260 3744 )
1276 3717 1301 3740 S.
1320 3716 1358 3739 18.
1374 3715 1431 3739 Obs.
1449 3716 1472 3739 8.
1491 3716 1515 3746 §.
1533 3723 1572 3740 Π,
1587 3715 1609 3739 8:
1625 3715 1686 3740 Obs.
1704 3725 1742 3747 ²3·
1761 3717 1785 3747 §.
1802 3726 1826 3747 4.

1504 3777 1509 3782 ·
1646 3747 1660 3775 (
1676 3755 1693 3775 z
1708 3747 1722 3776 )
1738 3748 1780 3773 cit.
1798 3749 1865 3778 supra
1881 3751 1911 3775 ad
1926 3758 1951 3777 n.
1970 3759 2005 3782 ¹7·

1403 3778 1417 3805 (
1432 3776 1472 3806 d)
1489 3783 1530 3802 cit.
1549 3776 1615 3805 supra
1631 3779 1660 3801 ad
1677 3785 1700 3801 n.
1720 3785 1756 3807 ¹3·

1174 3808 1417 3838 (g)Anat.c.4.
1477 3808 1641 3837 (ΗΠ-31·
1704 3808 1865 3840 (ι’)η.39.
1926 3813 2097 3846 (k)n.10.

1464 3837 1708 3867 (o)supran.2o.
1770 3840 1941 3874 (p)n.‘5,

1665 3870 1680 3899 ί
1694 3876 1706 3896 t
1723 3870 1737 3900 )
1752 3872 1813 3897 Obs.
1828 3851 1911 3911 Anat-¹
