2498 4075
546 209 695 275 Epist.
729 210 889 264 Anat.
922 212 1133 266 Medica
1169 212 1309 266 LVI.
1331 215 1450 269 Art.
1471 233 1515 285 3.
1534 219 1647 272 &4-

99 283 225 333 Galeno
246 284 300 328 (b
325 288 335 325 )
358 288 562 323 conservatus
578 310 588 327 ,
610 289 666 328 qui
691 288 720 322 se
741 291 870 333 quoque
886 288 1020 333 femoris
1042 293 1091 327 lu-

98 334 255 362 xationem
277 327 325 362 bis
349 331 412 367 jam
434 332 482 365 ita
503 330 652 374 curaviffe
666 356 674 370 ,
699 341 734 365 ut
756 334 788 365 in
820 333 970 375 reliquum
1014 344 1090 370 tem-

92 377 154 418 pus
175 381 233 404 non
254 372 389 414 amplius
410 375 577 412 exciderit,
598 375 746 415 idemque
777 377 844 418 post
886 378 1089 412 Heraclidem

97 412 175 445 alios
197 414 313 449 multos
336 419 515 451 recentiores
540 417 716 459 praestitisse
731 441 740 456 ‚
763 419 993 454 confirmavit.
1030 423 1088 456 Sed

96 456 184 497 quod
210 458 397 492 Heraclides
412 483 421 497 ,
445 464 475 493 &
497 461 639 493 Galenus
663 461 915 503 adnotaverant,
948 465 982 499 id
1012 475 1089 498 tunc

95 498 259 534 succedere
282 514 355 536 curn
379 504 574 540 relaxatum,
599 514 661 537 non
695 517 767 538 cum
798 506 977 549 disruptum
1013 508 1057 541 est
1081 534 1090 548 ,

95 550 202 589 teres,
220 554 255 578 ut
279 556 415 585 vocant,
438 558 494 588 per
526 545 613 590 quod
658 547 761 582 femur
805 561 878 583 curn
922 552 1088 585 acetabulo

94 589 332 630 conjungitur,
356 590 542 628 vinculum,
568 600 736 632 propterea
759 595 834 634 quia
858 604 914 635 per
949 595 1088 628 medica-

93 640 202 664 menta
225 630 292 664 fieri
318 633 446 674 potest,
470 643 505 666 ut
529 633 700 675 absumpto
746 635 871 669 laxante
916 637 1051 671 humore
1075 663 1086 678 ‚

38 713 41 716 ⁴
93 673 234 708 laxatum
260 676 426 710 vinculum
451 676 553 710 rursus
578 678 815 718 contrahatur,
837 689 901 711 non
926 691 961 714 ut
984 680 1088 714 disru-

92 727 185 759 ptum
209 718 381 755 coalescat,
405 719 553 753 Medicos
576 728 612 752 ut
637 721 671 753 in
696 730 784 762 parte
808 734 915 756 verum
939 724 1052 759 docuit
1075 748 1085 763 ,

80 759 135 794 fic
158 761 191 793 in
216 771 303 804 parte
327 773 344 795 a
366 773 444 795 vero
469 762 658 805 assequendo
681 766 804 806 magis,
828 765 996 808 magisque
1030 768 1086 801 ab-

90 804 206 839 duxit.
234 806 357 838 Verum
380 808 467 839 enim
488 806 550 843 est,
574 805 685 839 laxato
710 809 840 841 vinculo
856 831 865 847 ‚
891 811 1016 851 prolabi
1051 823 1090 844 ex

92 849 149 882 suo
172 847 339 882 acetabulo
363 847 493 882 femoris
519 858 640 891 caput3
665 850 713 883 sed
739 862 802 883 non
835 864 923 894 aeque
956 854 997 887 est
1040 866 1089 887 ve.

89 903 185 930 rum,
209 892 293 924 idern
317 902 412 935 caput
438 893 515 934 saepe
538 893 663 934 prolabi
685 917 694 932 ‚
727 896 803 935 quia
837 896 1018 938 disruptum
1051 897 1090 930 fit

89 937 170 971 illud
196 935 379 969 vinculum.
405 935 518 977 Itaque
541 945 576 968 ut
600 936 724 969 luxatio
747 936 879 972 femoris
902 952 918 972 a
942 939 1091 972 causain-

89 984 179 1014 terna
202 990 263 1020 qua
289 978 441 1012 videlicet
463 980 587 1011 laxetur
611 980 799 1019 vinculum,
823 984 1006 1024 negarinon
1017 993 1091 1025 pot-

89 1024 157 1061 ests
182 1022 222 1055 fic
244 1021 387 1064 ejusdem
409 1022 535 1055 luxatio
571 1033 586 1053 a
610 1023 699 1055 causa
723 1032 872 1066 externa,
896 1037 911 1057 a
934 1027 1092 1059 violentia

88 1067 244 1100 nimirum
267 1077 338 1107 quae
363 1066 542 1106 disrumpat
566 1067 752 1103 vinculum,
776 1078 840 1100 non
865 1077 930 1101 erat
952 1078 1018 1101 tam
1042 1068 1090 1102 fa-

88 1111 149 1144 cile
171 1111 254 1142 inter
279 1107 545 1150 frequentissimas
568 1109 712 1150 ponenda
727 1134 734 1140 .
761 1111 832 1144 Nec
857 1111 957 1154 poflta
981 1111 1053 1145 esset
1077 1138 1087 1153 ,

86 1155 110 1188 si
135 1151 209 1187 hinc
233 1152 404 1185 difficultas
427 1153 460 1185 in
486 1153 665 1193 rumpendo
688 1153 823 1187 vinculo
859 1155 1051 1188 validiffimo
1073 1179 1085 1195 ,

85 1197 160 1231 inde
183 1207 260 1229 vero
282 1196 419 1229 facilitas
442 1196 475 1227 in
499 1196 604 1236 capite
628 1195 761 1229 femoris
784 1198 824 1230 ab
867 1196 918 1231 sua
963 1201 1086 1232 cervice

85 1238 277 1279 avellendo,
301 1238 363 1271 five
388 1241 421 1271 in
442 1238 501 1272 hac
536 1237 710 1281 frangenda
754 1238 882 1274 fuissent
925 1242 1012 1275 inter
1057 1241 1085 1275 se

83 1292 278 1324 comparatae
293 1305 300 1312 .
326 1281 532 1315 Intellefium
556 1284 642 1315 enim
666 1280 763 1321 esset,
786 1285 867 1317 vires
888 1296 958 1326 quae
970 1285 1087 1327 poffint

81 1327 165 1361 illud
178 1327 344 1360 vinculum
360 1325 555 1367 disrumpere
566 1348 577 1364 ,
600 1326 705 1359 multo
716 1327 811 1360 citius
824 1326 885 1360 hoc
894 1337 990 1369 caput
1002 1327 1086 1371 posse

82 1384 99 1405 a
113 1371 245 1408 jcervice
257 1369 393 1402 avellere
410 1394 420 1408 ,
444 1368 505 1403 five
518 1368 599 1402 hanc
614 1368 779 1411 frangere,
801 1369 993 1412 ficque‚nifi
1005 1373 1085 1414 quid

84 1413 172 1448 forte
197 1413 357 1456 peculiare
381 1411 436 1446 hic
459 1411 599 1446 habeant
623 1412 778 1446 nonnulla
801 1425 938 1455 corpora
962 1417 975 1453 (
997 1426 1013 1447 c
1036 1418 1049 1453 )
1073 1438 1087 1455 ‚

80 1458 185 1492 femur
208 1456 252 1490 ob
275 1457 390 1498 capitis
417 1454 611 1489 avulsionem
627 1478 639 1496 ,
664 1465 717 1489 aut
739 1458 783 1489 ob
805 1458 939 1490 cervicis
963 1456 1086 1491 fratftu-

79 1513 168 1540 ram,
193 1511 257 1533 non
281 1500 325 1533 ob
349 1500 569 1538 luxationem,
593 1500 721 1541 prolabi
737 1524 743 1531 .
762 1500 842 1533 Haec
854 1511 981 1538 autem,
1006 1502 1086 1533 alia·

83 1557 146 1588 que
169 1543 362 1584 ejuscemodi
388 1544 442 1575 vix
466 1541 595 1575 tandem
621 1543 834 1576 animadverti
867 1554 975 1584 coepta
1009 1544 1081 1577 sunt

77 1588 247 1632 postquam
270 1588 417 1620 instituta
439 1587 472 1618 in
496 1586 634 1619 mortuis
657 1586 801 1619 dissectio
834 1585 1080 1620 manifestissime

77 1631 237 1671 ostendit,
261 1641 331 1671 quae
356 1630 473 1670 capitis
496 1627 630 1662 femoris
654 1630 780 1663 laxatio
804 1630 844 1663 ab
867 1639 998 1662 externa
1009 1632 1080 1663 vio-

62 1675 177 1709 lentia
205 1674 413 1708 credebatur,
436 1683 504 1705 eam
529 1672 626 1705 ferme
661 1672 782 1715 semper
827 1671 919 1705 fuisse
964 1675 1078 1715 capitis

75 1717 297 1756 avulsionem,
321 1713 384 1748 five
406 1715 541 1748 cervicis
563 1714 757 1749 fracturam.
784 1715 901 1757 Neque
923 1718 1008 1749 enim
1038 1728 1080 1750 ex

73 1773 142 1804 quo
167 1762 282 1802 Pareus
305 1758 372 1802 (d)
395 1760 533 1800 ingenue
557 1756 650 1792 lassus
674 1759 736 1797 est,
760 1762 791 1792 δι
814 1760 916 1792 cautis
938 1760 1078 1792 Chirur-

72 1806 123 1845 gis
148 1802 340 1846 aliquando,
363 1804 394 1834 δι
418 1803 477 1835 sibi
500 1803 534 1838 in
559 1812 714 1835 matronae
737 1803 902 1835 curatione
913 1801 1081 1843 accidisse,

71 1842 111 1882 {rt
134 1847 183 1880 illi
208 1847 325 1889 capitis
349 1842 484 1877 femoris
511 1844 705 1878 avulsionem
723 1870 733 1884 ,
756 1843 822 1886 ipse
845 1847 981 1879 cervicis
1017 1844 1082 1879 fra-

73 1892 200 1925 &uram
225 1901 283 1931 pro
306 1888 473 1922 luxatione
497 1889 701 1930 acciperent,
726 1887 833 1921 statim
856 1887 894 1921 de
917 1890 963 1921 rei
987 1888 1083 1922 causis

73 1935 257 1977 cogitatum
280 1931 344 1965 est.
369 1932 531 1974 Deceptus
554 1940 662 1966 autem
686 1934 797 1964 Pareus
822 1930 923 1965 fuerat
948 1931 1082 1974 amajo-

73 1980 103 2012 ri
128 1976 258 2011 femoris
282 1972 488 2008 trochantere
511 1974 599 2017 quod
623 1974 716 2017 supra
750 1973 877 2008 ischion
913 1984 1044 2017 tangens
1069 1998 1079 2012 ‚

71 2020 207 2055 femoris
230 2028 327 2061 caput
351 2016 412 2051 effe
430 2041 443 2058 ,
465 2019 668 2056 crediderat,
692 2018 794 2050 donec
818 2017 968 2059 postridie
1001 2019 1080 2052 dum

70 2068 191 2100 iterum
214 2065 246 2096 in
271 2060 475 2095 acetabulum
497 2073 531 2094 os
555 2061 749 2104 compellere
762 2061 948 2099 nitebatur.
974 2073 990 2094 a
1005 2061 1080 2095 stre-

69 2111 146 2153 pitu
172 2105 344 2141 subaudito
366 2104 467 2138 collisi
490 2104 561 2145 offis
584 2105 621 2138 de
645 2104 782 2137 fractura
805 2105 988 2139 admonitus
1012 2106 1079 2143 est,

68 2151 259 2197 primusque
282 2148 453 2188 omnium,
475 2148 564 2190 quod
588 2148 723 2182 sciamus
742 2170 751 2184 ‚
788 2145 948 2182 fallaciam
993 2147 1076 2181 hanc

68 2205 196 2239 quanto
222 2193 427 2236 graviorem,
449 2201 542 2224 tanto
554 2191 599 2225 ob
611 2191 774 2232 fignorum
787 2193 1075 2231 communitatem,

70 2243 102 2274 &
126 2236 392 2275 similitudinem,
417 2234 599 2269 faciliorem
631 2237 665 2267 in
688 2232 809 2267 femore
831 2235 963 2278 quidem
986 2234 1075 2268 dete-

68 2284 141 2317 xit.
167 2282 255 2315 Nam
280 2279 477 2322 generatim,
504 2277 556 2312 sed
578 2280 612 2311 in
637 2278 743 2320 pueris
766 2278 956 2318 dumtaxat,
990 2279 1078 2311 indi-

70 2335 199 2361 caverat
224 2322 408 2357 Columbus
432 2321 536 2355 noster
559 2325 572 2361 (
595 2332 609 2355 e
632 2326 668 2361 ),
692 2332 767 2354 cum
790 2321 993 2364 posteaquam
1017 2322 1077 2355 do-

68 2379 178 2404 cuerat
192 2392 199 2405 ‚
216 2368 244 2410 fi
267 2366 368 2406 hoedi,
390 2373 445 2397 aut
467 2365 559 2408 agni,
582 2366 635 2398 vel
656 2364 790 2397 alterius
813 2365 962 2398 animalis
985 2375 1079 2406 nuper

67 2415 138 2447 nati
159 2410 280 2455 officula
303 2409 534 2446 decoxerimus,
557 2411 589 2444 in
612 2419 715 2442 eorum
739 2406 995 2441 extremitatibus
1002 2419 1076 2450 par-

66 2466 116 2491 res
140 2454 282 2499 quasdam
300 2475 308 2489 ‚
333 2452 365 2485 id
390 2452 432 2485 es't
455 2452 664 2494 appendices,
689 2450 751 2484 five
761 2451 929 2494 epiphyses
944 2474 951 2487 ‚
975 2451 1074 2484 divel-

67 2501 94 2534 li
115 2511 150 2533 ac
173 2498 347 2534 concidere,
373 2496 432 2529 effe
455 2494 686 2538 conspec‘iuros,
711 2505 804 2534 tum,
842 2495 989 2537 plurimis
1022 2496 1074 2531 in-

66 2543 208 2585 terjec‘tis
226 2567 234 2580 ‚
257 2539 449 2578 admonuit,
475 2537 497 2571 si
521 2538 633 2573 tenella
651 2548 818 2580 puerorum
841 2537 899 2581 offa
934 2537 1073 2570 validius

66 2586 208 2628 imperiti
230 2584 341 2617 medici
363 2593 457 2616 manu
470 2579 597 2626 fuerint
619 2583 809 2619 arrestata,
836 2580 1004 2622 ligamenta
1038 2591 1072 2614 eo

65 2630 159 2673 usque
187 2627 328 2665 extendi,
354 2633 390 2658 ut
406 2625 512 2667 secum
536 2636 596 2658 una
619 2626 797 2668 appendices
822 2623 1073 2658 divellant.Di-

67 2673 245 2706 vulsionem
270 2679 376 2702 autem
399 2690 408 2706 ‚
439 2672 469 2701 &
493 2669 691 2708 fracturam,
712 2678 872 2710 quantum
909 2667 945 2700 ad
982 2669 1073 2700 insti-

66 2724 178 2749 tutum
202 2713 379 2746 sermonem
404 2713 544 2752 attinet,
567 2712 678 2745 eodem
703 2713 827 2751 redire,
851 2714 882 2744 δε
905 2714 1073 2751 propterea

68 2771 84 2791 a
110 2770 160 2791 me
185 2756 365 2797 promiscue
390 2757 490 2797 accipi
513 2755 567 2788 hic
592 2755 696 2797 posse,
739 2755 833 2788 facil'e
878 2753 1038 2795 intelliges
1063 2775 1072 2790 ,

58 2802 123 2841 *ubi
150 2799 409 2833 animadverteris
425 2823 433 2837 ,
458 2798 520 2831 five
544 2809 640 2840 caput
664 2797 796 2832 femoris
820 2798 972 2831 acet-vice
986 2797 1071 2831 avel-

67 2847 153 2879 latur
171 2869 178 2882 ,
203 2842 263 2876 sive
286 2843 395 2874 cervix
419 2852 434 2872 a
459 2840 602 2879 femore,
627 2843 660 2874 in
684 2843 802 2875 adultis
845 2843 958 2884 titique
1005 2851 1068 2885 non

67 2886 154 2932 posse
178 2886 244 2919 haec
270 2884 332 2917 sine
356 2883 493 2918 frfflura
517 2885 721 2926 contingere,
749 2884 832 2919 haud
856 2884 942 2917 secus
978 2895 1011 2916 ac
1047 2882 1069 2915 si

66 2933 180 2965 cervix'
200 2928 264 2971 ipsa
290 2928 323 2959 in
346 2927 454 2960 medio
477 2926 664 2969 frangatur.
690 2927 747 2960 Sed
780 2940 882 2970 neque
912 2929 946 2959 in
993 2938 1069 2968 pue-

65 2978 131 3011 ris,
157 2973 179 3006 fi
206 2973 251 3005 rei
275 2968 446 3011 effeflum,
470 2973 501 3003 &
524 2970 610 3013 signa
634 2970 802 3011 attendas,
836 2972 944 3013 magni
992 2969 1069 3002 adeo

62 3018 201 3053 referre,
225 3015 377 3057 putabis,
400 3013 421 3046 fi
446 3013 664 3048 avulfionema
690 3015 828 3048 fractura
852 3027 916 3047 non
929 3013 1068 3054 separe55

64 3062 125 3096 nisi
152 3059 234 3093 forte
259 3058 381 3097 signum
403 3057 485 3091 illud
509 3058 598 3100 quod
623 3071 638 3092 a
662 3057 739 3091 sono
762 3060 891 3101 capitur
937 3056 1069 3089 colliso-

65 3117 140 3139 rum
163 3106 248 3135 inter
271 3101 298 3134 se
322 3099 454 3139 offium,
478 3102 511 3133 in
537 3101 595 3135 hac
619 3102 740 3143 magis,
764 3102 797 3133 in
820 3102 874 3134 illa
899 3102 1002 3133 minus
1015 3100 1070 3133 'na-

67 3152 141 3183 bere
165 3148 270 3179 locum
285 3167 298 3184 ,
320 3144 499 3176 existimes:
522 3156 707 3187 quanquam
731 3146 765 3177 in
790 3145 894 3185 pueris
907 3142 969 3176 fere
982 3144 1071 3176 avul-

64 3192 111 3226 fio
137 3190 276 3225 accidit,
301 3197 364 3220 non
389 3182 547 3226 fractura,
572 3189 731 3233 nequejn
755 3186 1068 3228 adultisipsisquan-

64 3245 138 3269 tum
163 3231 321 3266 momenti
345 3230 377 3262 in
404 3229 491 3270 figno
513 3232 571 3264 illo
596 3233 656 3270 est,
680 3243 753 3265 cum
778 3230 891 3270 adest,
939 3240 1066 3263 tantum

65 3289 196 3322 quoque
219 3275 282 3311 est,
305 3284 380 3306 cum
405 3272 510 3307 abest.
536 3276 651 3309 Pratitae
676 3276 760 3308 enim
783 3274 1065 3307 cervicisextrema

64 3323 168 3356 :carius
192 3317 382 3360 respondent
407 3317 491 3349 inter
515 3318 565 3358 se,
589 3330 646 3352 nec
671 3318 791 3360 semper
815 3318 948 3350 alterum
972 3315 1009 3349 ad
1022 3318 1067 3350 al-

64 3375 173 3398 terum
198 3374 213 3394 a
235 3361 403 3404 Chirurgo
427 3360 591 3395 admoveri
615 3363 710 3400 licet,
736 3372 770 3395 ut
796 3361 869 3394 satis
891 3360 1066 3395 collidiin-

67 3420 116 3444 ter
139 3407 166 3440 se
190 3403 325 3447 poffint:
351 3415 405 3437 nec
430 3402 551 3448 semper
574 3406 674 3447 potest
701 3406 813 3440 sonus,
836 3405 892 3446 qui
916 3405 994 3437 levis
1018 3404 1064 3436 fe-

62 3465 100 3490 st
115 3478 123 3493 ‚
144 3453 176 3484 &
197 3445 349 3482 obscurus
372 3449 434 3484 est,
459 3447 534 3494 satis
558 3448 683 3481 audiri:
708 3449 922 3491 quamobrem
945 3448 1063 3481 accidit

153 3490 358 3534 Morgagnide
372 3491 438 3525 Sed.
454 3493 495 3522 &⁰
506 3491 593 3532 Caus.
606 3491 708 3525 Morb.
723 3493 825 3525 Tom.
840 3491 887 3525 H.

1986 232 2076 282 345

1144 293 1315 335 aliquando
1337 318 1350 335 ,
1382 306 1417 330 ut
1448 307 1512 329 non
1545 295 1604 329 nisi
1629 293 1783 337 postridie
1806 315 1817 331 ‚
1852 291 1963 340 sicuti.
1980 295 2019 326 de
2044 296 2141 328 Pareo

1142 336 1281 370 diximus
1304 359 1313 374 ‚
1347 341 1415 372 imo
1439 349 1475 372 ut
1500 349 1564 371 non
1597 337 1654 371 nifi
1689 338 1833 381 pluribus
1865 336 2042 377 interjeffis
2073 338 2143 371 die-

1141 380 1198 413 bus
1220 402 1230 418 ,
1253 380 1448 424 discussaque
1471 382 1726 415 inflammatione
1749 403 1758 419 ‚
1783 379 1912 414 tandem
1938 379 2119 413 audiretur.

1181 434 1213 464 3.
1237 424 1287 457 Ex
1310 436 1375 467 quo
1400 427 1511 458 Parcus
1534 436 1600 458 rem
1623 424 1787 458 detexerat
1809 448 1819 463 ,
1854 433 1919 456 non
1953 424 2062 456 statim
2092 423 2137 455 rei

1140 464 1245 498 causas
1269 467 1327 500 esse
1349 467 1518 509 quaefitas,
1542 468 1591 502 sed
1625 466 1826 503 diffefiiones
1857 477 1929 507 quae
1961 477 2029 498 rern
2071 466 2141 498 evi-

1139 509 1265 543 dentius
1285 509 1510 548 ostenderent,
1532 512 1711 552 expediatas
1734 509 1792 544 esse
1813 532 1825 549 ,
1861 508 1952 556 supra
1977 508 2138 541 diximus.

1139 552 1251 585 Multo
1274 564 1377 586 autem
1399 552 1519 587 diutius
1543 555 1743 595 expe-{tatum
1765 551 1860 593 esset,
1884 552 1906 584 si
1933 553 2074 592 primum
2096 551 2137 583 il-

1139 596 1177 628 1ae
1202 607 1217 628 a
1242 597 1420 637 Verneyo,
1441 607 1476 630 ut
1501 598 1649 630 nonnulli
1688 595 1822 630 credunt
1843 617 1852 632 ,
1892 603 1947 627 aut
1970 594 2010 627 ab
2043 595 2140 635 Ruy-

1139 637 1227 671 schio
1244 664 1251 676 ,
1274 649 1309 672 ut
1332 640 1411 677 alii,
1435 649 1488 672 aut
1513 641 1610 672 etiam
1633 640 1674 673 ab
1696 638 1864 672 Rolfincio
1886 636 1980 671 essent
2011 638 2140 671 institu-

1138 691 1198 714 tae.
1223 682 1522 724 QinRolfincius
1545 683 1610 724 ipse
1634 679 1699 724 (f)
1722 681 1877 715 indicavit
1909 681 1966 721 qui
1999 681 2138 722 triginta

1136 734 1210 758 ante
1234 726 1262 758 se
1283 727 1372 759 annis
1394 726 1472 759 illud
1497 724 1637 764 fecisset,
1660 725 1834 766 Casparum
1859 723 2012 756 videlicet
2036 721 2136 756 Hoff-

1141 779 1329 807 mannurn,
1362 770 1419 809 qui
1443 768 1700 802 Commentariis
1726 770 1767 801 A,
1795 770 1886 807 1625.
1914 766 2008 799 editis
2031 767 2065 797 in
2100 766 2141 796 li-

1141 811 1215 844 bros
1225 811 1344 844 Galeni
1367 812 1404 845 de
1427 811 1495 845 Usu
1520 813 1662 846 Partium
1677 835 1685 850 ,
1699 821 1774 845 cum
1789 809 2033 850 monuisset(g)
2045 807 2140 850 ‚fieri

1142 854 1304 896 aliquando
1317 880 1326 893 ‚
1349 862 1384 886 ut
1393 854 1602 897 fraffurafit,
1626 861 1832 895 cumputetur
1847 852 1966 886 luxatio
1977 850 2031 894 effe
2045 874 2053 889 ‚
2068 860 2139 883 cum

1143 897 1289 930 widelicet
1304 896 1415 940 femur
1435 899 1486 931 vel
1507 900 1539 931 in
1556 898 1763 940 summitate,
1796 907 1854 938 qua
1885 895 2037 937 appendix
2069 893 2107 933 est
2128 915 2141 932 ‚

1137 938 1318 983 frangitur,
1343 940 1394 973 vel
1416 942 1448 974 in
1471 941 1535 984 ipsa
1558 942 1699 977 cervien
1723 939 1821 977 illud,
1845 939 1954 981 inquit
1976 963 1986 979 ,
2019 937 2053 970 de
2085 945 2142 978 ap-

1140 983 1321 1026 pendicibus
1343 983 1482 1016 omnibus
1505 992 1609 1017 monet
1630 982 1794 1017 columbus
1816 982 1838 1015 l.
1861 992 1887 1015 1.
1911 993 1936 1014 c.
1950 991 2000 1019 2.;
2024 979 2078 1012 hoc
2088 989 2141 1021 ego

1145 1026 1214 1059 vidi
1240 1028 1272 1058 in
1297 1025 1415 1059 femore
1447 1024 1547 1068 felis:
1575 1026 1776 1068 subjecitque
1801 1025 1886 1059 suam
1916 1023 1987 1057 felis
2020 1022 2142 1055 Obser-

1144 1070 1309 1102 vationern
1326 1095 1335 1110 ‚
1359 1082 1397 1102 ex
1420 1081 1486 1110 quo
1511 1069 1622 1111 junior
1646 1081 1661 1101 a
1686 1070 1719 1101 vi
1741 1077 1869 1102 externa
1903 1067 2023 1109 semper
2054 1065 2142 1099 clau-

1132 1113 1326 1150 dicaverat,
1351 1111 1480 1144 creditae
1504 1114 1703 1145 luxationem
1728 1111 1842 1152 pallae,
1866 1111 1898 1144 in
1932 1123 1997 1153 qua,
2033 1118 2140 1142 tamen

1139 1156 1264 1189 diffec‘ta
1282 1179 1295 1195 ,
1340 1166 1403 1187 uon
1428 1157 1573 1188 luxatum
1597 1154 1722 1191 femur,
1745 1153 1796 1187 sed
1821 1155 1951 1187 femoris
1982 1154 2141 1187 cervicem

1137 1199 1273 1233 fractam
1298 1199 1423 1231 invenit
1440 1221 1448 1235 ,
1471 1200 1605 1231 cervicis
1629 1200 1734 1240 capite
1747 1198 1779 1230 in
1793 1196 1848 1230 suo
1862 1197 2030 1232 acetabulo
2045 1196 2142 1228 etiarn

1138 1251 1209 1276 tum
1233 1241 1390 1274 haerente.
1417 1243 1460 1274 Et
1485 1243 1646 1275 continuo
1668 1240 1774 1274 causas
1799 1240 2016 1277 addidit,cur
2029 1239 2143 1271 hume-

1137 1295 1190 1319 rus
1213 1284 1307 1319 facile
1332 1286 1482 1323 laxetur,
1508 1284 1613 1318 femur
1635 1284 1811 1318 difficulter
1828 1306 1838 1320 ‚
1862 1295 1999 1326 quarum
2034 1283 2142 1323 prima

1138 1328 1202 1368 est,
1225 1329 1296 1370 quia
1320 1328 1373 1361 ille
1397 1328 1519 1369 quidem
1542 1335 1627 1361 caret
1648 1327 1703 1361 hoc
1727 1326 1892 1368 ligamento
1926 1333 2024 1360 terete
2048 1347 2056 1361 ‚
2089 1325 2144 1358 hoc

1137 1380 1241 1406 autem
1264 1370 1376 1404 habet:
1402 1371 1501 1404 altera
1525 1394 1535 1409 ‚
1568 1372 1644 1413 quia
1667 1370 1762 1412 hujus
1774 1370 1980 1404 acetabulum
2005 1368 2143 1402 strietius

1138 1417 1204 1454 est,
1225 1417 1257 1447 &
1281 1413 1494 1456 profundius,
1517 1416 1610 1448 tertia
1632 1416 1708 1457 quia
1732 1412 1872 1454 ejusdem
1907 1413 2055 1454 junftura
2087 1410 2144 1445 fir-

1138 1458 1298 1492 mioribus
1324 1458 1476 1492 musculis
1498 1459 1668 1500 cingitur,
1704 1465 1799 1499 atque
1832 1455 2024 1490 instruitur.
2060 1456 2145 1497 Qae

1138 1512 1247 1535 omnes
1271 1502 1370 1534 caul'ae
1395 1513 1477 1534 nunc
1504 1502 1606 1534 etiam
1630 1498 1766 1542 proferri
1790 1499 1892 1534 solent
1914 1514 1921 1531 :
1957 1508 2146 1542 quanquam

1137 1544 1322 1578 Rolfincius
1347 1543 1543 1577 Hoffmanni
1568 1543 1845 1578 Observationern
1869 1541 2058 1585 desenipfit5
2093 1552 2143 1574 eas

1133 1586 1264 1621 omifit:
1287 1586 1321 1620 id
1343 1587 1432 1629 quod
1455 1589 1553 1620 etiam
1578 1598 1616 1618 ex
1629 1585 1840 1628 Sepulchreto
1866 1586 1938 1628 (lay)
1961 1585 2144 1628 intelliges,

1133 1633 1242 1664 omnia
1265 1642 1335 1672 quae
1348 1631 1531 1664 Rolfincius
1550 1630 1607 1662 hac
1619 1628 1659 1663 de
1672 1641 1704 1662 re
1717 1628 1810 1662 habet
1827 1651 1839 1667 ‚
1862 1629 2033 1662 exhibente
2048 1652 2059 1668 ‚
2084 1628 2144 1661 nili

1133 1675 1221 1716 quod
1244 1672 1311 1706 haec
1337 1683 1443 1707 tamen
1466 1673 1564 1706 verba
1587 1672 1831 1717 ptaetermittit,
1856 1673 1939 1705 inter
1954 1673 2146 1717 Scholfflm,

1132 1721 1164 1750 δέ
1187 1717 1380 1750 Hoffmanni
1404 1716 1680 1750 Observationem
1704 1715 1946 1756 interjicienda:
1977 1715 2145 1749 Multoties

1134 1769 1272 1794 erratum
1295 1761 1400 1802 ingens
1422 1760 1472 1792 hic
1498 1759 1755 1801 observavimus,
1781 1759 1823 1791 ὠ
1839 1758 1942 1800 fimile
1958 1760 2143 1791 adnotatum

1134 1802 1172 1836 ab
1184 1800 1391 1846 Hoffmanno.
1417 1803 1510 1840 Num
1536 1811 1642 1836 autem
1659 1810 1804 1835 mortuos
1818 1801 1954 1836 secando
1968 1802 2142 1842 ,observa-

1136 1848 1219 1879 verit
1243 1868 1252 1883 ,
1290 1856 1328 1878 an
1352 1848 1444 1879 vivos
1469 1845 1656 1889 tangendo,
1681 1854 1716 1878 ut
1740 1846 1773 1877 in
1798 1844 1895 1878 altera
1923 1846 2045 1879 Scholii
2070 1856 2144 1888 par-

1135 1900 1167 1923 te
1190 1889 1520 1928 Diemerbroeckius,
1544 1888 1611 1931 ipse
1634 1887 1834 1922 existimabis
1849 1916 1856 1922 .
1883 1889 1984 1923 Certe
1998 1890 2087 1922 Parei
2110 1890 2144 1921 in

1136 1943 1283 1966 matrona
1307 1932 1361 1965 illa
1378 1932 1706 1969 animadversionem,
1731 1933 1762 1964 δε
1787 1933 1951 1966 monitum
1977 1943 2070 1966 nemo
2083 1931 2145 1966 ho·

1134 1988 1206 2010 rum
1231 1977 1447 2009 memoravit.
1474 1976 1574 2010 Aliud
1599 1977 1685 2009 enim
1709 1973 1753 2008 est
1780 1976 1868 2018 quod
1893 1975 2000 2010 nescio
2017 1988 2054 2009 ex
2077 1988 2144 2019 quo

1134 2021 1223 2053 Parei
1247 2019 1351 2062 capite
1376 2019 1529 2061 produxit
1551 2019 1738 2053 Rolfincius
1760 2041 1771 2056 ,
1806 2020 1862 2060 qui
1895 2019 1971 2053 dum
2006 2019 2144 2053 infanti-

1133 2065 1193 2097 bus
1218 2063 1299 2096 hanc
1324 2063 1503 2105 epiphysim
1529 2064 1692 2097 nutricum
1724 2062 1821 2104 culpa
1848 2086 1860 2103 ,
1894 2065 1925 2096 &
1958 2063 2142 2106 junioribus

1135 2108 1199 2144 levi
1221 2107 1259 2140 de
1281 2106 1389 2145 causa,
1413 2118 1449 2141 ut
1472 2118 1511 2139 ex
1536 2106 1647 2140 offium
1671 2105 1786 2148 probat
1811 2107 1982 2146 coctione,
2016 2106 2142 2149 disjunss

1133 2153 1188 2192 gi,
1212 2150 1377 2189 inculcat,
1404 2150 1433 2182 se
1459 2161 1513 2191 per
1547 2150 1751 2183 Columbum
1786 2150 1886 2192 magis
1908 2173 1917 2188 ,
1952 2162 2048 2193 quam
2085 2161 2141 2192 per

1128 2197 1284 2231 Pareum,
1308 2192 1496 2236 profecisse,
1521 2192 1678 2227 ostendit.
1705 2191 1763 2226 Sed
1776 2192 2038 2228 Hoffmannusin
2054 2192 2141 2227 Post-

1127 2238 1228 2272 humo
1251 2238 1358 2278 Opere
1382 2237 1429 2278 (i
1453 2241 1464 2276 )
1488 2237 1631 2271 universe
1655 2235 1857 2270 confirmavit
1882 2239 1972 2279 quod
1993 2239 2073 2272 olim
2098 2248 2138 2271 ex

1131 2282 1187 2314 illa
1211 2280 1348 2321 junioris
1372 2280 1441 2314 felis
1466 2280 1705 2314 Observatione
1729 2279 1903 2320 docuerat,
1927 2281 2101 2324 statuitque
2125 2305 2139 2322 ,

1130 2325 1266 2358 mraxime
1288 2334 1398 2357 verum
1422 2323 1476 2368 effe
1490 2346 1498 2361 ,
1517 2321 1698 2366 frae‘luram
1717 2323 1828 2365 potius
1853 2324 2014 2359 incervice
2029 2325 2137 2368 femo-

1130 2369 1176 2400 ris
1201 2367 1397 2409 contingere,
1421 2378 1513 2409 quam
1537 2367 1728 2401 luxationem
1753 2366 1871 2407 capitis
1895 2365 2030 2409 femoris
2054 2393 2063 2408 ‚
2098 2367 2136 2400 ob

1128 2410 1333 2453 ligamentum
1356 2410 1501 2452 inprimis
1524 2418 1627 2450 teres,
1651 2410 1731 2453 quod
1752 2409 1784 2442 in
1806 2408 1869 2451 ipso
1891 2411 2050 2445 acetabulo
2073 2411 2135 2451 est.-

1128 2465 1313 2495 quanquarn
1337 2454 1382 2486 A.
1411 2456 1504 2494 1641.
1530 2454 1568 2486 ad
1601 2453 1706 2496 ipsum
1741 2454 1914 2486 rescribens
1941 2456 2132 2498 Veslingius

1126 2497 1180 2540 (k
1201 2500 1215 2536 )
1238 2494 1387 2530 nonnihil
1412 2509 1477 2530 rem
1502 2498 1690 2531 contrahere
1714 2496 1906 2534 videbatur,
1931 2497 2068 2540 spefflms
2082 2501 2134 2533 vi«

1124 2541 1259 2577 delicet.
1283 2551 1356 2573 cum
1380 2540 1413 2574 id
1436 2541 1625 2582 contingit,
1650 2552 1714 2574 non
1739 2540 1837 2574 modo
1869 2541 2041 2583 ligamenti
2077 2554 2131 2576 ro-

1122 2585 1206 2624 bur,
1229 2582 1278 2616 sed
1303 2586 1334 2615 δε
1357 2582 1567 2626 fragilitatem
1591 2584 1703 2618 offium
1728 2582 1906 2625 quibusdam
1930 2587 2056 2619 naz-uris
2079 2587 2129 2619 in-

1117 2628 1235 2670 signem
1250 2652 1257 2659 .
1280 2627 1360 2661 Haec
1382 2629 1478 2669 paulo
1502 2626 1602 2661 fusius
1627 2627 1666 2662 ad
1689 2634 1729 2660 te·
1746 2627 1908 2661 scribenda
1943 2631 2055 2671 putavi
2087 2629 2127 2664 de

1124 2673 1164 2704 iis
1189 2671 1244 2714 qui
1269 2679 1340 2702 ante
1366 2674 1505 2705 nostram
1531 2680 1659 2705 aeratem
1681 2670 1720 2705 de
1743 2682 1774 2703 re
1799 2671 1960 2713 proposita
1984 2675 2126 2707 mentio-

1124 2726 1197 2747 nem
1221 2715 1419 2756 injecerunt,
1444 2725 1479 2748 ut
1503 2715 1582 2757 quid
1604 2716 1720 2757 cuique
1744 2714 1950 2749 tribuendum
1976 2716 2034 2755 fit,
2068 2729 2127 2759 aps

1124 2767 1268 2800 pareret.
1292 2758 1356 2791 five
1381 2760 1412 2790 in
1426 2758 1617 2797 praeeundo,
1644 2758 1751 2789 sivein
1765 2757 1987 2800 agnoscendo,
2012 2762 2120 2795 sivein

1122 2800 1389 2837 demonstrando,
1419 2802 1479 2834 sive
1503 2802 1536 2833 in
1558 2802 1605 2833 rei
1628 2799 1723 2842 ipsius
1755 2800 1853 2834 causis
1886 2803 2088 2845 inquirendis
2111 2830 2122 2839 ,

1121 2845 1153 2877 A
1177 2854 1316 2886 quorum
1341 2843 1632 2877 Observationibus
1655 2844 1821 2886 antiquior
1844 2845 1897 2876 illa
1913 2845 2041 2880 fortass'e
2055 2859 2120 2881 non

1122 2888 1279 2928 discrepat
1299 2886 1417 2928 Jacobi
1441 2888 1542 2930 Sylvii
1567 2886 1623 2929 (l)
1647 2888 1679 2919 in
1706 2887 1828 2919 latomo
1862 2888 1950 2930 lapso
1984 2901 2023 2923 ex
2055 2892 2120 2924 alto

1121 2932 1177 2973 qui
1202 2941 1273 2962 crus
1291 2928 1430 2971 fregerat
1452 2931 1490 2962 ad
1513 2937 1606 2972 caput
1629 2940 1729 2967 coxae3
1755 2931 1858 2964 cruris
1882 2941 1986 2966 autem
2012 2936 2125 2968 nomi:

1122 2986 1161 3007 ne
1175 2972 1564 3016 quidintelligeret,cum
1576 2972 1653 3014 saepe
1677 2973 1774 3012 alibi,
1797 2983 1865 3007 tum
1878 2975 1922 3008 ibi
1945 2976 2123 3018 praesertim

1122 3013 1325 3054 manifestum
1349 3017 1411 3053 est,
1434 3016 1489 3049 ubi
1512 3016 1806 3058 (m)ligaruentum
1826 3019 1907 3052 illud
1930 3028 2010 3054 teres
2033 3021 2123 3064 quod

1121 3062 1234 3103 saepius
1257 3061 1509 3095 memoravimus
1534 3060 1699 3101 supra‚ab
1711 3061 1982 3096 acetabulifundo
1993 3075 2116 3103 ortum,

1122 3104 1301 3139 describens
1314 3126 1326 3143 ‚
1340 3104 1371 3136 in
1385 3105 1518 3137 medinm
1528 3129 1536 3143 ,
1549 3104 1659 3144 inquit
1670 3127 1678 3140 ‚
1690 3105 1790 3137 cruris
1803 3113 1897 3145 caput
1908 3106 2053 3148 inseritur
2065 3134 2072 3139 .

1167 3161 1196 3188 4.
1221 3148 1344 3187 Eorum
1370 3158 1476 3180 autem
1501 3147 1556 3189 qui
1582 3146 1685 3179 nostra
1708 3146 1900 3189 scripserunt
1923 3158 2012 3182 aetate
2045 3152 2117 3185 Ob-

1122 3192 1333 3228 servationes,
1358 3201 1421 3222 non
1446 3201 1554 3222 omnes
1577 3199 1684 3223 tamen
1718 3191 1769 3224 hic
1805 3190 1935 3232 quidem
1959 3214 1972 3231 ,
2003 3193 2123 3237 easque

1120 3235 1256 3269 striffim
1280 3233 1494 3267 indicabimus
1517 3233 1687 3274 tum'quia
1721 3233 1862 3267 crebrius
1893 3233 1942 3267 hae
1976 3234 2046 3268 sunt
2078 3240 2116 3272 in

1118 3278 1264 3311 omnium
1293 3277 1459 3317 manibus,
1487 3287 1556 3309 turn
1580 3277 1655 3318 quia
1681 3278 1844 3317 praecipuae
1858 3279 2012 3311 extantin
2026 3281 2115 3315 Salz-

1120 3321 1227 3354 manni
1253 3320 1484 3360 Dissertatione
1505 3323 1519 3358 (
1542 3332 1560 3351 n
1583 3323 1593 3357 )
1618 3330 1700 3351 anno
1725 3319 1808 3352 edita
1836 3329 1927 3362 1723.
1972 3333 2034 3364 qua
2058 3336 2114 3362 ςρ,

1120 3364 1206 3407 piose
1223 3385 1231 3400 ‚
1258 3365 1287 3393 δέ
1309 3372 1452 3396 accurate
1467 3387 1475 3401 ‚
1496 3362 1592 3404 siquis
1615 3362 1714 3398 alius,
1747 3362 1854 3398 causas
1886 3365 2034 3404 exposuit
2068 3368 2114 3401 ob

1116 3419 1194 3448 quas
1216 3405 1377 3438 difficilius
1402 3406 1527 3438 luxatio
1549 3405 1678 3437 femoris
1704 3406 1742 3437 ab
1766 3404 1831 3445 ejus
1863 3406 1939 3438 colli
1972 3407 2112 3444 fractura

1116 3447 1351 3485 internoscatur
1364 3472 1373 3487 ‚
1396 3452 1426 3482 δε
1449 3447 1573 3482 facilius
1585 3458 1689 3523 tangcen
1702 3446 1789 3486 haec,
1802 3450 1833 3480 &
1845 3450 1931 3490 quod
1943 3450 2118 3495 consequi-³

1700 3499 1725 3525 a<
1993 3503 2065 3537 tur,

187 3704 196 3733 J
213 3703 237 3727 in
253 3701 370 3731 Hippon.
387 3702 416 3726 de
432 3699 506 3724 Artic.
523 3700 663 3724 Comment.
683 3700 700 3724 1.
717 3708 738 3728 4.
755 3708 781 3724 n.
797 3707 834 3728 4²·

187 3735 201 3763 )
217 3736 251 3758 De
271 3735 304 3756 Re
322 3736 394 3757 Anat.
412 3734 429 3756 l.
451 3739 469 3755 ι.
485 3738 506 3754 c.
522 3736 546 3753 2.
606 3729 674 3759 (f)
691 3730 783 3754 Differt.
802 3734 872 3754 Anat.
889 3731 908 3753 l.
926 3740 949 3756 2.
965 3739 985 3756 c·
1000 3738 1041 3758 49⁴

185 3764 319 3824 {Anolog⁴
337 3771 378 3792 pro
394 3762 486 3791 Caleno
502 3763 518 3785 1.
536 3768 560 3784 2.
577 3769 597 3786 c.
614 3762 651 3784 81.
715 3762 728 3790 ί
744 3761 761 3785 k
778 3761 787 3794 )
803 3761 875 3791 Epist.
893 3769 931 3791 ²5·

128 3702 138 3728 (
155 3702 170 3727 b

128 3734 142 3763 (
161 3743 172 3758 e

130 3764 143 3792 Κ
161 3765 171 3786 s·

130 3795 140 3823 ί
155 3802 172 3818 π
217 3796 254 3819 De
270 3796 356 3819 Laxat.
374 3793 413 3818 off.
431 3793 514 3817 femor.
531 3793 576 3817 διε.
593 3799 614 3816 c.
631 3800 652 3820 4·

894 3701 908 3728 (
923 3708 934 3723 c
950 3702 963 3729 )
981 3699 1035 3725 vid.
1054 3700 1130 3730 infra,
1146 3709 1170 3725 n.
1187 3708 1209 3730 ς.
1226 3701 1250 3725 in
1269 3700 1328 3724 fine.

996 3763 1005 3790 ς
1021 3762 1030 3783 ι
1048 3766 1055 3791 ,¹
1071 3762 1169 3791 observ.
1188 3762 1235 3792 post
1256 3762 1342 3791 lsagog.

1393 3700 1434 3729 (d
1450 3702 1460 3732 )
1476 3704 1550 3730 oper.
1568 3703 1584 3725 1<
1604 3708 1641 3728 14.
1660 3710 1679 3725 e.
1697 3708 1734 3724 ιγ.

1105 3733 1151 3762 (g
1171 3736 1180 3759 )
1197 3733 1250 3756 νὲά,
1269 3732 1286 3754 l.
1305 3742 1326 3757 ι.
1346 3734 1370 3757 in
1387 3733 1429 3758 fin.
1490 3738 1500 3758 c
1520 3733 1533 3755 b
1552 3732 1558 3760 )
1576 3733 1627 3755 Se&
1654 3733 1696 3755 hac
1711 3735 1733 3755 6.
1751 3730 1807 3757 Obs.
1826 3741 1846 3758 2.
1864 3738 1920 3756 cum
1938 3732 2035 3758 schol.⁴

1405 3764 1412 3793 (
1432 3771 1454 3787 m
1474 3763 1480 3791 )
1499 3761 1586 3791 isagog.
1606 3765 1622 3786 l.
1644 3769 1662 3787 ι.
1679 3770 1700 3787 c.
1719 3771 1739 3791 3·
