2498 4075
502 233 657 300 Epist.
698 234 856 287 Anat.
889 236 1101 292 Medica
1135 236 1272 290 ux,-
1306 237 1427 290 Art.
1461 252 1538 302 4¹·
1570 238 1625 291 δε
1659 251 1740 303 42·

148 318 186 343 ut
209 316 290 353 puto
305 333 315 349 ,
339 310 497 345 nonnulla
520 322 575 354 per
599 323 668 354 quae
692 313 833 347 rationes
854 312 940 347 secus
974 313 1105 348 censen-

148 356 231 387 tium
254 355 287 387 in
321 353 457 388 dubium
489 363 601 388 vocent
624 378 631 385 .
666 355 789 389 Verum
823 366 859 390 ut
891 356 958 390 haec
992 367 1107 401 praete-

144 407 267 434 ream3
301 409 366 432 non
402 398 482 431 illud
507 407 591 431 certe
624 408 826 433 moraturum
861 409 894 432 te
930 401 1074 434 arbitror
1098 421 1108 436 ,

144 440 232 485 quod
257 450 322 474 tam
346 441 515 483 perniciosi
541 441 662 474 morsus
694 446 768 476 tam*
792 444 860 476 leve
887 465 897 481 ,
933 454 1027 486 atque
1048 443 1109 477 ob-

113 496 124 508 0
144 486 271 518 scurum
285 509 294 524 ‚
317 485 410 526 quale
421 484 554 518 Veteres
575 484 777 525 docuerunt,
801 486 947 520 videatur
960 487 1019 521 esse
1043 497 1108 520 non

144 526 234 568 posse
257 527 449 569 vestigium;
473 527 523 561 sed
546 539 585 573 eo
607 528 819 563 addueturum
845 531 952 572 potius
976 555 985 570 ,
1018 529 1107 573 quod

141 571 262 604 AEliani
285 574 334 614 (r
357 576 367 610 )
400 581 542 613 tempore
566 582 632 612 jam
655 571 756 607 facere
779 574 889 606 conati
913 584 1003 606 erant
1029 599 1037 612 ,
1069 583 1105 607 ut

142 614 206 654 ipse
229 625 358 656 quoque
383 614 576 648 admirandae
600 614 695 655 hujus
720 618 764 649 rei
788 615 913 649 causam
938 618 1102 659 inquiras.

142 657 271 690 Scilicet
292 657 376 691 hanc
399 659 447 691 illi
470 657 530 691 esse
554 658 735 700 ponendam
758 661 792 693 in
823 658 964 693 mirabili
998 659 1105 695 celeri-

140 706 226 738 tate,
250 701 470 735 existimabant
494 712 554 743 qua
579 699 611 734 id
633 713 787 737 venenum
810 702 849 735 ad
870 702 981 736 intima
1005 703 1107 743 trans-

138 751 188 774 eat
208 767 221 783 ,
245 744 350 785 sicque
384 746 522 778 exterius
543 743 624 777 nihil
646 753 731 779 exter
752 755 843 787 atque
862 746 1015 780 emineat.-
1038 756 1110 789 qua-

138 795 170 817 re
193 785 232 820 ab
253 787 433 821 &flavianis
454 787 620 828 cleopatra
642 799 724 821 mors
746 799 806 822 non
821 786 920 829 facile
942 811 952 826 ,
975 790 1084 833 inquit
1099 813 1109 829 ,

138 829 236 863 oculis
259 830 469 873 comprehensa
490 831 552 869 est,
575 829 630 871 nzfi
653 833 777 865 tandem
794 831 863 873 sero
884 832 1048 866 admodum
1071 843 1109 866 ex

140 871 259 905 duobus
290 874 416 914 punfz‘c's
449 872 628 916 difficilibus
662 875 703 906 ad
726 875 891 908 videndum
912 900 920 907 .
954 876 1053 918 Qod
1081 877 1105 909 fi

138 915 201 947 tibi
223 925 320 950 vetus>
336 917 416 951 illud
441 919 624 962 cogitatum
648 919 768 951 recenti
793 917 1012 960 explicatione
1038 919 1106 961 pla-

140 967 212 990 ceat
246 960 435 1001 illustrare;
468 970 563 993 tanto
596 959 724 994 facilius
756 962 805 994 uti
828 972 861 994 ea
895 964 1017 1002 poteris
1039 974 1101 1004 qua

90 1024 92 1026 -
137 1001 250 1042 saepius
273 1002 365 1044 supra
389 1004 433 1037 uli
459 1004 562 1037 sumus
585 1025 595 1041 ,
623 1015 780 1037 venenum
805 1014 961 1046 ponentes
984 1016 1101 1039 nervos

128 1044 256 1078 adoriri
274 1071 283 1087 ‚
305 1056 430 1088 quanto
453 1047 514 1080 hoc
538 1047 578 1080 ab
600 1059 640 1080 eo
663 1058 786 1081 veneno
808 1046 880 1081 fieri
903 1047 1103 1082 manifestius

135 1086 178 1121 est
201 1091 290 1130 quod
314 1090 396 1133 aspis
422 1088 597 1124 mordendo
620 1092 794 1128 immittit,
811 1088 1040 1133 soporiferum,
1065 1101 1101 1125 ut

137 1140 213 1165 ante
234 1134 316 1175 (s)
342 1135 512 1167 retulimus
532 1156 541 1170 ,
577 1134 617 1167 ab
638 1135 764 1168 Ovidio
785 1134 910 1168 dietum
930 1157 939 1172 ‚
974 1144 1010 1168 ut
1033 1135 1100 1177 ipsa

135 1177 217 1217 aspis
240 1177 325 1211 dieta
350 1179 392 1211 est
408 1175 580 1220 somnifera
605 1189 620 1210 a
645 1178 778 1223 Lucano
799 1179 814 1217 <
835 1184 850 1209 t
871 1180 905 1216 ),
929 1178 1101 1220 eademque

133 1228 263 1260 mente,
287 1221 539 1254 dofflffimorum
564 1222 722 1254 Virorum
746 1220 892 1262 judicie,
914 1222 954 1254 ab
977 1222 1101 1256 Helvio

132 1263 241 1296 Cinna
276 1269 286 1304 (
312 1268 365 1302 u)
396 1263 600 1306 somniculosa
622 1290 630 1305 ‚
664 1264 778 1297 diserte
809 1273 914 1297 autem
949 1276 965 1297 a
988 1265 1101 1298 Solino

131 1308 144 1343 (
167 1315 189 1338 x
210 1309 220 1344 ,l
252 1305 384 1350 hypnale
404 1319 415 1345 3
447 1308 489 1340 sic
513 1309 600 1340 enim
623 1308 763 1350 explicat
783 1329 793 1346 ,
830 1306 962 1348 hypnale
987 1307 1099 1348 somno

132 1357 247 1390 necat,
271 1350 341 1389 reste
363 1351 459 1384 etiam
481 1349 661 1392 Cleopatra.
686 1352 775 1384 Nam
797 1361 860 1393 qua
883 1352 1029 1390 ratione,
1052 1352 1101 1384 ni-

130 1390 152 1423 si
178 1393 390 1427 tenuissimam
412 1394 498 1427 dicas
522 1396 637 1426 veneni
662 1396 729 1427 vim
754 1404 810 1436 per
834 1404 948 1427 nervos
969 1394 1099 1427 celerri-

131 1445 181 1468 me
204 1435 368 1470 transferri
395 1437 432 1470 ad
456 1437 625 1470 cerebrum
645 1461 655 1478 ,
684 1447 822 1478 exponas
846 1437 913 1470 haec
936 1449 1007 1480 quae
1031 1439 1099 1471 Lu-

129 1480 199 1511 cani
224 1484 243 1530 (ι
250 1491 275 1522 y
298 1484 311 1520 )
346 1480 450 1514 verbis
472 1478 634 1524 proferam
655 1503 669 1521 ‚
699 1482 802 1516 ictum
825 1480 865 1513 ab
890 1480 994 1523 aspide
1017 1480 1097 1515 allo-

129 1532 280 1564 quentis,

657 1567 802 1610 nulleque
824 1566 923 1601 dolore

214 1610 356 1649 Testatus
379 1611 495 1654 morsus
507 1635 518 1652 ‚
533 1610 794 1653 subita-caligine
817 1618 949 1644 mortem

213 1654 370 1695 Accipis,
397 1655 438 1687 θ
459 1656 587 1697 stygias
601 1654 708 1697 somno
717 1653 868 1695 descendis
890 1655 930 1686 ad
952 1652 1099 1690 umbras,

212 1697 292 1738 Non
316 1704 382 1730 tam
405 1696 506 1731 veloci
528 1704 726 1739 corrumpunt
743 1696 855 1739 pocula
878 1696 961 1730 letho
983 1697 1052 1731 &a

128 1782 215 1816 Usus
247 1793 353 1817 antem
389 1784 455 1817 sum
490 1795 554 1816 non
587 1785 680 1817 uuius
714 1785 818 1817 Poetae
857 1782 966 1816 verbis
987 1806 997 1821 ,
1030 1795 1095 1817 non

122 1828 209 1868 quod
233 1827 270 1859 de
296 1827 470 1860 somnifero
494 1827 609 1868 aspidis
635 1838 756 1860 veneno
778 1849 788 1865 ,
822 1828 853 1858 &
876 1825 915 1859 de
936 1826 1036 1860 veloci
1057 1839 1098 1861 ex

126 1881 166 1902 eo
185 1868 320 1911 caligine
345 1896 354 1910 ‚
389 1880 422 1903 ut
460 1870 669 1916 Dioscorides
693 1869 759 1911 ipse
795 1873 805 1908 (
830 1880 854 1911 z
876 1872 889 1908 )
912 1868 1061 1911 loquitur
1082 1893 1093 1908 ,

123 1913 220 1946 verba
245 1912 326 1945 mihi
350 1913 554 1947 Medicorum
587 1912 723 1947 deessent
745 1936 755 1951 ,
790 1911 843 1946 sed
876 1921 910 1945 ut
934 1913 1097 1954 intellige-

122 1967 169 1989 res
194 1979 206 1996 ‚
238 1958 305 1989 vim
330 1955 424 1998 hujus
458 1958 573 1990 veneni
606 1955 991 1998 maximehypnoticam
1025 1967 1091 1991 tarn

121 2009 262 2040 certam,
283 2002 315 2032 &
339 2000 503 2042 vulgatam
526 1998 585 2034 esse
603 2023 614 2040 ,
638 2011 673 2033 ut
699 1998 805 2042 passim
831 2010 896 2032 non
921 2001 953 2031 in
979 2000 1089 2034 Medi.

119 2054 233 2076 corum
269 2043 367 2076 modo
387 2066 397 2081 ‚
430 2043 481 2076 sed
504 2046 549 2079 δε,
568 2044 601 2075 in
628 2045 796 2075 Poetarum
832 2048 961 2084 quoque
996 2043 1087 2076 libris

118 2096 314 2120 memoretur
335 2108 343 2118 .
376 2087 521 2120 Cerebro
542 2088 646 2128 igitur
666 2087 810 2120 celeriter
846 2084 924 2118 adeo
943 2109 956 2126 ,
992 2087 1087 2121 vehe-

118 2139 304 2172 menterque
316 2140 494 2172 occupato,
519 2132 637 2162 mirum
651 2141 714 2162 non
728 2130 792 2166 est,
816 2129 838 2162 fi
850 2129 890 2161 ab
901 2141 939 2162 eo
950 2130 1089 2171 penden-

115 2184 162 2207 tes
186 2174 305 2216 reliqui
328 2175 474 2215 corporis
498 2174 579 2206 vires
604 2185 681 2206 mox
704 2174 749 2205 ita
772 2172 989 2206 collabascant
1004 2194 1016 2211 ‚
1050 2182 1087 2207 ut

117 2227 271 2258 tanquam
297 2215 432 2258 paralysi
458 2215 631 2250 universali
656 2215 784 2249 indueta
804 2238 816 2254 ,
851 2216 989 2259 ideoque
1013 2216 1086 2251 san-

115 2262 224 2303 guinis
250 2270 342 2294 motu
367 2271 422 2302 per
446 2270 555 2293 tenues
578 2259 756 2302 praesertim
791 2259 1001 2293 subcutaneos
1032 2272 1084 2295 ra-

111 2305 216 2337 mulos
240 2303 461 2337 sufflaminato
481 2327 493 2344 ‚
516 2304 549 2336 in
575 2304 773 2344 εοῐῃρυηᾶο
797 2303 869 2336 loco
892 2314 956 2336 non
980 2305 1083 2347 magis

113 2347 350 2389 propemodum
374 2349 474 2379 rubor
490 2373 497 2386 ‚
523 2347 629 2385 livor,
656 2355 764 2379 tumor
790 2346 817 2379 se
841 2346 955 2388 poffint
978 2348 1082 2382 osten-

110 2391 205 2431 dere,
231 2402 329 2433 quam
355 2390 377 2425 si
399 2390 534 2424 cadaver
559 2399 753 2432 pungeretur
774 2414 782 2421 .
817 2391 867 2425 Sic
892 2401 997 2425 autem
1024 2393 1079 2427 ubi

105 2433 221 2476 aspidis
255 2433 398 2468 morsum
437 2433 695 2476 praesentiffimus
719 2434 871 2467 interitus
903 2434 1045 2476 sequitur
1069 2461 1079 2476 ,

111 2489 157 2510 res
182 2476 307 2512 videtur
332 2477 418 2520 posse
441 2477 593 2520 explicari
619 2490 627 2509 ι
662 2479 692 2509 δι
716 2476 786 2510 sane
808 2488 905 2521 quam
929 2481 1011 2512 celer
1045 2481 1079 2512 in

105 2521 284 2563 Cleopatra
308 2518 427 2560 fuerit,
452 2533 491 2554 ex
514 2522 555 2555 iis
579 2532 649 2564 quae
662 2520 847 2555 Plutarchus
872 2522 1072 2564 (a)narrat‚

106 2563 313 2599 manifestum
339 2566 404 2599 est.

149 2619 201 2650 41.
229 2610 275 2642 At
301 2610 387 2643 enim
412 2609 525 2643 Aetius
549 2611 562 2648 (
584 2606 602 2640 b
618 2607 637 2650 )
653 2632 661 2645 ,
685 2608 793 2650 inquis
816 2631 825 2646 ‚
852 2609 893 2641 ab
916 2620 980 2642 uno
1003 2610 1076 2653 qui-

105 2651 176 2686 dem
202 2651 347 2694 aspidum
372 2664 484 2695 genere
516 2651 777 2694 praesentissimam
808 2650 868 2684 esse
901 2662 1040 2686 mortem
1064 2677 1076 2694 ,

106 2695 249 2739 scripsit,
273 2696 312 2729 ab
334 2696 399 2731 alio
420 2706 527 2729 autem
552 2696 584 2728 in
609 2696 710 2728 trihus
733 2694 772 2741 ad
787 2694 945 2736 summum
969 2694 1074 2730 horis:

105 2749 161 2772 nec
185 2739 299 2773 desunt
321 2742 378 2779 qui
402 2739 578 2772 tardiorem
612 2738 671 2772 effe
691 2763 699 2776 ‚
734 2747 820 2778 alant
842 2760 854 2776 ‚
888 2740 919 2770 &
953 2739 1075 2773 virente

104 2780 170 2824 jam
194 2793 330 2824 corpore
364 2793 398 2815 ac
422 2783 581 2817 discolore
601 2808 609 2816 .
646 2783 738 2819 Quin
773 2782 853 2815 libri
877 2782 1003 2815 Auetor
1036 2784 1074 2816 de

107 2826 269 2858 Theriaca
295 2824 332 2858 ad
357 2825 506 2858 Pisonem
530 2830 543 2864 (
566 2834 581 2858 t
601 2830 616 2865 )
636 2825 691 2858 etsi
717 2822 839 2858 fatetur
859 2850 867 2864 ‚
894 2835 1000 2858 revera
1026 2826 1074 2860 as-

105 2870 195 2910 pides
218 2867 367 2901 velociter
390 2868 561 2911 interficere
583 2891 596 2908 ,
622 2869 706 2911 ficut
722 2866 802 2911 saepe
825 2867 886 2911 ipse
909 2869 941 2900 in
962 2880 1073 2911 magna

100 2912 303 2946 Alexandria
319 2910 493 2953 [ρεὲἶανὶῑς
519 2923 622 2944 tamen
647 2922 710 2944 non
734 2912 893 2945 continuo
917 2911 989 2945 inde
1013 2914 1073 2946 ho-

104 2957 206 2988 mines
230 2953 359 2992 cadere,
384 2955 454 2988 satis
477 2955 638 2992 ostendit,
663 2953 730 2989 haec
753 2955 859 2988 statim
885 2954 1075 2996 subjiciens.-

102 3001 179 3032 Cum
201 2998 283 3031 enim
304 2997 439 3040 aliquem
461 2997 515 3031 hoc
531 2997 682 3041 supplicii
700 3008 808 3040 genere
840 2999 1072 3033 condemnatum

95 3042 160 3086 fine
181 3041 270 3083 longo
292 3042 431 3074 cruciatu
455 3041 661 3083 dilationeque
672 3051 778 3074 necare
802 3041 932 3081 nolunt,
954 3041 1072 3084 aspides

99 3085 226 3121 illorum
244 3084 362 3125 pellori
380 3084 544 3117 admovent
558 3107 567 3123 ,
591 3083 807 3126 ambulareque
826 3094 991 3126 parumper
1013 3083 1071 3127 fa-

103 3129 216 3164 ciunt.
241 3135 332 3169 atque
348 3126 395 3169 fic
417 3126 498 3169 ipsos
521 3127 609 3161 brevi
627 3127 788 3169 perimunt
810 3151 818 3160 .
853 3128 912 3161 Sed
936 3131 967 3160 &
993 3129 1069 3164 Plu-

100 3171 229 3205 tarchus
253 3174 262 3208 (
286 3170 305 3201 d
326 3174 339 3210 )
362 3171 496 3203 alteram
513 3182 529 3203 e
551 3171 731 3212 Cleopatrae
755 3170 878 3205 ancillis
900 3172 1067 3206 inventam

100 3215 198 3248 refert
221 3214 321 3253 capiti
345 3214 479 3254 Reginae
514 3213 659 3248 diadema
692 3223 859 3256 aptantem
882 3238 894 3255 ,
927 3226 983 3248 nec
1017 3216 1066 3249 lo—

99 3257 220 3300 quendi
244 3256 396 3289 facultate
420 3266 598 3290 carentem.
630 3258 753 3299 Utique
774 3271 783 3295 ·,
816 3257 868 3291 sed
893 3267 997 3292 tamen
1015 3258 1067 3300 Je-

95 3301 297 3339 mianimem,
321 3301 353 3331 δι
375 3311 447 3341 quae
471 3301 524 3333 vix
539 3303 699 3342 perpaucis
722 3301 816 3334 editis
837 3303 1068 3341 voculis,con-

98 3345 193 3377 tinuo
217 3342 356 3376 cecidit.
383 3343 455 3376 Nec
481 3345 537 3386 qui
560 3354 723 3386 parumper
747 3345 958 3379 ambulabant
984 3371 993 3385 ,
1016 3346 1067 3379 id-

96 3388 185 3421 circo
208 3398 271 3418 non
295 3385 403 3425 brevi,
426 3390 457 3420 &
478 3386 624 3419 velociter
647 3389 867 3423 moriebantur
881 3414 889 3422 .
915 3391 959 3423 Et
983 3389 1065 3434 siqui

184 3429 348 3471 Morgagnl
357 3429 393 3463 de
404 3430 471 3463 Sed.
486 3430 528 3462 Θ·
539 3432 560 3460 C
562 3428 629 3471 aus.
645 3430 746 3466 Morb.
759 3434 861 3467 Tom.
871 3433 919 3465 ΙΙ.

1970 256 2062 310 393

1154 313 1279 347 diutius
1302 314 1402 347 vitam
1427 312 1599 348 trahebant
1621 337 1635 354 ,
1670 326 1735 348 non
1760 314 1826 348 illis
1859 314 1990 350 demum
2015 318 2140 351 mirum

1156 357 1202 390 est
1225 355 1269 388 ob
1290 357 1324 391 id
1347 356 1450 399 ipsum
1470 358 1632 394 discolor,
1656 361 1686 392 &
1711 360 1817 392 virens
1840 370 1954 401 corpus
1979 360 2048 394 fieri
2073 372 2135 402 po-

1159 398 1273 433 tuisse:
1298 400 1385 443 quod
1411 400 1430 433 si
1454 400 1518 434 hoc
1541 412 1714 435 commune
1725 400 1834 436 fuisset
1856 403 2029 440 omnibus,
2048 402 2137 446 psyl-

1161 444 1185 476 li
1207 442 1390 486 Cleopatrae
1414 454 1477 477 non
1491 442 1587 477 essent
1603 445 1752 485 admoti;
1777 445 1850 479 satis
1862 447 1948 479 enim
1970 446 2037 487 ejus
2063 457 2136 480 cor-

1162 497 1241 529 pus,
1265 497 1300 520 ut
1331 487 1523 521 Plutarchus
1545 489 1603 530 (e)
1629 498 1762 528 narrat,
1786 499 1879 531 neque
1903 488 2136 533 deformatum,

1159 540 1214 562 nec
1237 529 1324 562 allud
1345 529 1467 570 ullum,
1489 540 1603 573 praeter
1627 533 1743 573 pun<9m
1769 533 1823 566 illa
1847 533 1913 566 duo
1937 558 1947 573 ,
1972 533 2137 567 ostendens

1159 572 1394 614 venenifignum
1408 595 1417 610 ,
1433 584 1498 607 non
1509 574 1547 607 ab
1564 574 1669 618 aspide
1682 576 1783 608 itStum
1799 574 2114 616 effe,demonstraffet
2128 601 2139 609 .

1158 617 1284 649 Verum
1299 616 1365 649 haec
1380 617 1696 660 icadisputavimus,
1719 618 1805 661 quafi
1833 620 1888 652 ubi
1901 621 1985 654 inter
1999 630 2137 653 venena-

1158 667 1231 692 tum
1244 659 1343 693 istum
1356 684 1365 699 ,
1387 662 1419 693 &
1430 670 1568 693 mortem
1582 661 1668 695 horae
1679 661 1808 703 aliquot
1819 663 2067 700 intercesserint,
2079 662 2138 697 fie-

1160 703 1189 735 ri
1201 713 1265 735 non
1278 702 1369 743 poffit
1382 725 1391 740 ,
1407 704 1492 745 quin,
1507 704 1598 737 locus
1611 726 1621 742 ,
1647 716 1702 746 per
1722 716 1819 748 quem
1842 706 2020 741 immissum
2040 717 2135 740 vene-

1161 757 1238 778 num
1262 745 1324 784 est,
1349 757 1510 781 tumorem
1532 748 1703 781 contrahat
1724 771 1735 786 ‚
1760 752 1791 781 δε.
1815 749 1950 783 livorem
1972 774 1981 783 .
2004 751 2137 784 Tamen

1160 797 1273 822 extant
1296 790 1464 823 certiffima
1488 791 1633 833 exempla
1656 803 1728 833 quae
1739 790 1909 826 ostendant
1927 818 1937 833 ,
1961 794 2010 825 vel
2035 793 2135 835 quin-

1160 844 1248 874 que,
1272 843 1326 866 aut
1351 833 1404 865 sex
1427 832 1516 867 horis
1539 833 1718 876 interjee‘tis
1739 858 1752 875 ,
1776 836 1954 878 quidquam
1978 836 2093 869 livoris
2123 860 2135 876 ,

1160 884 1215 909 aut
1239 877 1379 909 tumoris
1402 877 1436 909 in
1460 888 1499 910 eo
1522 877 1598 912 loco
1621 888 1685 911 non
1709 879 1887 921 apparuisse
1910 904 1923 920 ,
1958 888 1995 914 ut
2019 880 2052 912 in
2075 890 2136 913 co-

1154 919 1276 953 lumbis
1301 931 1380 961 quos
1404 918 1553 955 Africani
1578 920 1696 964 scorpii
1718 922 1837 957 iffibus
1859 923 1984 957 occidit
2007 922 2135 956 Redius

1155 961 1241 1004 (f)
1263 987 1271 996 .
1304 963 1362 996 Sed
1389 973 1490 1005 neque
1512 964 1547 997 in
1572 975 1648 998 cane
1673 976 1770 1008 quem
1795 964 2039 1009 Monspelienfis
2064 964 2139 1004 Γεω-Δ

1153 1007 1298 1039 ciaverat
1321 1005 1485 1048 scorpius,
1509 1008 1642 1049 eminetis
1665 1008 1780 1042 exinde
1794 1008 1873 1043 hora
1899 1020 2055 1049 mortuo,
2079 1019 2136 1042 tu-

1155 1050 1254 1082 moris
1277 1050 1455 1091 quidquam
1478 1051 1511 1083 in
1535 1051 1672 1085 sauciata
1697 1062 1784 1093 parte
1807 1053 1943 1088 offendit
1956 1053 2026 1087 Cel.
2039 1052 2136 1086 Mau-

1158 1092 1328 1134 pertuilius
1353 1093 1466 1135 (g),
1490 1105 1564 1127 cum
1590 1096 1734 1137 alioquin
1759 1106 1869 1130 tumor
1892 1097 1992 1131 soleat
2026 1096 2077 1142 vel
2100 1107 2135 1128 a-

1156 1137 1228 1177 pis,
1255 1145 1309 1169 aut
1333 1135 1433 1176 vespae
1457 1139 1646 1178 punsturam
1674 1137 1791 1180 sequi3
1829 1151 1941 1174 verum
1965 1141 1999 1173 in
2023 1138 2134 1181 cujus-

1156 1190 1221 1220 que
1244 1178 1324 1214 ierus
1346 1179 1420 1212 loco
1457 1191 1592 1221 parvum
1627 1183 1856 1216 tantummodo
1888 1184 2024 1217 rubrum
2048 1193 2135 1224 pun-

1153 1223 1243 1255 c'tum
1266 1233 1273 1254 :
1308 1232 1468 1264 negatque
1487 1247 1499 1263 ,
1533 1226 1565 1257 in
1592 1233 1643 1258 tot
1668 1226 1861 1260 animalibus
1884 1238 1956 1269 quae
1980 1226 2018 1260 ad
2041 1225 2130 1260 idern

1155 1265 1306 1299 adhibuit
1328 1268 1608 1308 experimentum,
1634 1280 1775 1310 unquam
1800 1272 1892 1302 aliter
1918 1270 1948 1303 se
1984 1268 2098 1304 vidisse
2121 1293 2134 1301 .

1154 1311 1267 1351 Atque
1291 1318 1326 1343 ut
1352 1310 1391 1343 ad
1416 1311 1534 1344 animal
1558 1310 1658 1354 aspidi
1683 1312 1839 1354 similius,
1864 1312 1897 1346 id
1921 1313 1964 1347 est
1987 1314 2134 1356 viperam

1153 1352 1334 1386 sermonem
1358 1364 1572 1393 convertam3
1596 1366 1635 1387 ex
1657 1356 1697 1388 iis
1720 1366 1805 1390 certe
1828 1367 1899 1400 quae
1924 1356 2017 1399 supra
2039 1359 2053 1396 (
2075 1355 2095 1389 h
2117 1359 2132 1395 )

1154 1394 1268 1438 scripsi
1288 1419 1301 1436 ‚
1334 1397 1367 1430 in
1393 1399 1556 1433 Francinii
1588 1399 1699 1432 catella
1732 1399 1817 1433 nosti
1854 1410 1978 1440 partem
2004 1401 2129 1433 nullam

1151 1440 1300 1481 corporis
1320 1440 1458 1475 lividam
1484 1468 1494 1483 ,
1528 1451 1583 1476 aut
1616 1442 1776 1476 tumidam
1814 1442 1912 1477 fuisse
1946 1444 1994 1477 vel
2019 1444 2128 1486 plures

1150 1484 1223 1525 post
1246 1482 1341 1517 horas
1366 1496 1404 1517 ex
1427 1497 1494 1528 quo
1517 1485 1649 1520 lethales
1675 1498 1690 1518 a
1715 1488 1825 1529 vipera
1850 1496 2015 1530 acceperat
2040 1498 2131 1521 mor-

1152 1525 1225 1567 sus,
1249 1527 1284 1559 in
1308 1526 1442 1561 Nobilis
1466 1538 1575 1563 autem
1594 1530 1731 1573 Juvenis
1751 1530 1810 1572 (i)
1833 1530 1941 1571 digito
1963 1543 2060 1574 quem
2083 1531 2132 1563 al-

1152 1579 1225 1604 tero
1246 1569 1416 1604 dumtaxat
1450 1572 1548 1606 dente
1583 1575 1694 1616 vipera
1718 1575 1763 1606 ita
1799 1574 2055 1614 vulneraverat,
2090 1575 2128 1607 ut

1152 1613 1336 1655 gravissima
1360 1613 1420 1648 sint
1443 1615 1614 1650 consecuta
1638 1617 1858 1660 symptomata
1884 1642 1892 1656 ‚
1924 1617 1994 1659 post
2032 1618 2126 1651 horas

1149 1658 1282 1690 demum
1306 1660 1432 1700 aliquot
1468 1668 1632 1693 tumorem
1658 1659 1836 1703 apparuisse
1860 1683 1868 1697 ,
1907 1671 1981 1694 cum
2018 1662 2056 1695 ad
2092 1660 2126 1694 id

1150 1700 1249 1743 usque
1274 1710 1398 1743 tempus
1421 1702 1467 1734 nil
1491 1702 1549 1736 nisi
1569 1703 1726 1744 punslura
1748 1704 1838 1738 cerni
1863 1703 1965 1745 posset
1988 1714 2045 1737 non
2061 1716 2128 1738 ma-

1147 1743 1198 1786 jor
1230 1754 1263 1777 ea
1295 1756 1387 1787 quam
1418 1743 1535 1788 infligit
1566 1747 1686 1784 acicula
1724 1770 1734 1785 ‚
1767 1746 1931 1791 foramine
1953 1748 1986 1780 in
2013 1748 2125 1790 super-

1144 1786 1218 1828 ficie
1240 1789 1370 1820 minemo
1413 1797 1581 1830 apparente
1608 1815 1616 1830 ‚
1652 1802 1721 1823 cum
1754 1790 1903 1833 lewffima
1948 1791 2094 1825 rubedine
2112 1815 2124 1830 ,

1149 1831 1224 1864 adeo
1255 1838 1292 1863 ut
1327 1829 1395 1873 solo
1427 1830 1525 1864 colore
1569 1833 1770 1875 innotesceret
1793 1860 1800 1867 .
1851 1835 1952 1876 Qod
1976 1834 1998 1868 fi
2023 1836 2128 1869 inter-

1147 1872 1225 1907 dum
1249 1885 1315 1907 non
1339 1875 1409 1917 plus
1442 1886 1459 1906 a
1484 1876 1593 1918 vipera
1618 1878 1691 1916 est;
1724 1886 1849 1920 quanto
1871 1879 1981 1913 minus
2004 1877 2061 1912 esse
2085 1880 2126 1913 ab

1149 1917 1256 1958 aspide
1280 1918 1334 1951 illa
1358 1918 1480 1961 poterit
1499 1941 1511 1957 ‚
1538 1919 1628 1961 cujus
1652 1923 1765 1958 veneni
1790 1924 1838 1955 vis
1883 1931 1920 1957 ut
1955 1922 2123 1956 celerrime

1145 1961 1182 1993 ad
1208 1962 1373 1995 cerebrum
1397 1964 1502 2005 repit,
1527 1962 1569 1997 fic
1594 1972 1720 2006 tempus
1746 1965 1892 2000 sauciato
1937 1966 2013 2000 loco
2058 1978 2124 2001 non

1143 2004 1318 2048 relinquit,
1340 2015 1377 2040 ut
1400 2007 1524 2046 liveat,
1548 2009 1579 2040 &
1603 2008 1637 2040 in
1661 2017 1826 2044 tumorem
1849 2010 1879 2044 se
1904 2011 2058 2044 attollat.

1182 2058 1237 2089 42.
1263 2049 1362 2082 Nunc
1381 2051 1466 2096 'quid
1491 2051 1705 2096 Plutarchus,
1731 2055 1761 2085 &
1786 2055 1881 2095 Dio,
1903 2053 1927 2088 fi
1951 2065 2025 2089 cum
2051 2055 2123 2089 aliis

1139 2100 1290 2134 praeterea
1312 2102 1553 2136 conjungantur
1575 2094 1777 2131 Auuoribus
1796 2120 1806 2137 ,
1840 2097 1935 2133 nobis
1970 2099 2125 2144 suppedi-

1139 2144 1233 2173 tent,
1256 2135 1431 2172 videndum
1454 2137 1521 2175 est,
1548 2138 1631 2173 unde
1657 2138 1785 2174 facilius
1809 2151 1955 2176 tueamur
1992 2143 2122 2182 senten-¹

1140 2180 1220 2212 tiam
1244 2182 1345 2222 magis
1370 2181 1537 2223 vulgatam
1559 2207 1566 2214 .
1605 2182 1714 2224 Igitur
1750 2197 1789 2217 ex
1813 2185 1988 2222 Plutarcho
2021 2192 2035 2228 (
2058 2191 2076 2232 4
2099 2197 2112 2231 )

1138 2220 1201 2255 hoc
1226 2223 1369 2265 primum
1393 2223 1548 2259 habemus
1568 2248 1578 2264 ‚
1602 2226 1819 2269 Cleopatram
1839 2255 1850 2270 ,
1881 2241 1985 2274 neque
2009 2233 2110 2277 stupi-

1134 2265 1178 2299 do
1197 2290 1208 2306 ,
1240 2277 1340 2308 neque
1374 2267 1493 2302 humili
1526 2271 1636 2303 animo
1669 2268 1841 2306 foeminam
1866 2296 1876 2312 ‚
1897 2285 1974 2309 cum
1999 2278 2109 2318 ptius-

1134 2320 1231 2350 quam
1255 2311 1287 2342 in
1312 2311 1451 2353 Augusti
1474 2313 1660 2354 potestatem
1685 2318 1830 2355 veniret,
1854 2319 1933 2360 quid
1958 2320 2019 2354 fibi
2043 2323 2110 2356 im—

1134 2354 1257 2386 minere
1284 2353 1410 2395 posset,
1435 2357 1652 2399 prospiceret,
1678 2362 1761 2392 mori
1789 2362 1921 2402 potius,
1945 2375 2043 2406 quam
2067 2379 2113 2403 ex,

1133 2398 1245 2438 regina
1270 2397 1389 2431 servam
1413 2397 1484 2432 fieri
1507 2424 1515 2439 ‚
1552 2404 1581 2434 δε
1617 2412 1690 2435 ante
1722 2405 1852 2438 victoris
1875 2417 2007 2441 currum
2046 2421 2109 2452 per

1132 2440 1338 2482 triumphum
1361 2440 1457 2482 duci,
1480 2442 1616 2479 statuisse
1636 2469 1643 2476 .
1669 2447 1742 2480 Hac
1766 2459 1871 2482 mente
1896 2451 1962 2485 vim
1988 2453 2110 2495 ingen—-

1129 2493 1196 2516 tem
1222 2495 1416 2518 venenorum
1442 2488 1560 2527 parasse
1580 2511 1589 2525 ,
1624 2491 1655 2521 &
1678 2489 1716 2523 de
1753 2490 1953 2532 singulorum
1978 2495 2106 2530 effeffih'·

1130 2527 1189 2577 bus
1212 2529 1244 2560 in
1269 2530 1372 2570 capite
1395 2529 1554 2567 damnatis
1579 2534 1755 2573 periculum
1778 2530 1905 2574 fecisse,
1929 2550 2044 2583 nempe
2067 2551 2108 2575 ut

1130 2569 1190 2603 fib1
1214 2571 1295 2605 illud
1320 2571 1489 2615 seligeret,
1515 2586 1570 2617 per
1593 2577 1682 2617 quod
1706 2588 1771 2611 non
1795 2581 1895 2614 modo
1918 2581 1982 2617 sine
2004 2583 2105 2618 dolo-

1130 2625 1182 2652 re,
1207 2613 1257 2649 sed
1281 2618 1311 2648 &
1335 2617 1498 2651 celerrime
1521 2619 1649 2658 obiret,
1672 2631 1711 2654 ne
1734 2620 1820 2656 forte
1844 2649 1854 2664 ‚
1878 2622 1901 2657 fi
1925 2637 2011 2660 mors
2035 2637 2102 2661 tar-

1126 2657 1216 2692 daret
1243 2683 1252 2699 ,
1288 2661 1391 2694 invita
1415 2662 1630 2696 remediorum
1662 2676 1723 2707 ope
1761 2668 1868 2701 vivere
1899 2680 2066 2712 cogeretur
2090 2696 2100 2709 .

1128 2701 1304 2744 Qodnam
1328 2704 1431 2746 igitur
1455 2716 1494 2737 ex
1528 2708 1681 2740 omnibus
1704 2709 1829 2751 elegisse
1852 2735 1861 2750 ,
1893 2714 2058 2747 credemus
2080 2714 2097 2748 ,ἒ

1127 2745 1303 2779 Mineralia
1325 2756 1413 2780 certe
1450 2747 1641 2788 repudiasset
1668 2776 1675 2788 ‚
1711 2755 1832 2795 quippe
1865 2756 1995 2798 utrique
2028 2769 2096 2798 ejus

1125 2797 1204 2821 voto
1227 2789 1428 2823 adversantia
1444 2814 1457 2830 ‚
1481 2790 1503 2824 fi
1527 2801 1605 2825 tunc
1629 2793 1694 2826 illis
1719 2796 1804 2828 inter
1828 2808 1947 2832 venena
1982 2799 2026 2833 ufi
2050 2801 2097 2835 es-

1126 2830 1216 2869 sent,
1240 2832 1329 2876 quod
1353 2834 1475 2867 fanum
1500 2845 1564 2868 non
1589 2838 1720 2869 memini
1747 2839 1852 2880 legisse
1875 2863 1886 2878 ‚
1918 2843 2093 2885 praesertim

1125 2885 1196 2908 cum
1219 2875 1355 2909 artificia
1379 2877 1433 2910 illa
1470 2876 1619 2919 chymica
1642 2880 1778 2915 necdum
1814 2881 1912 2917 essent
1936 2896 2013 2920 nota
2037 2899 2096 2931 per

1123 2929 1196 2960 qua:
1219 2919 1406 2962 perniciosae
1428 2932 1541 2954 eorum
1566 2924 1649 2956 vires
1672 2934 1852 2959 acuuntur.
1878 2929 1927 2961 Ex
1950 2929 2095 2972 Vegeta-

1125 2961 1244 2996 bilibus
1267 2985 1276 3000 ,
1311 2966 1341 2996 δε
1365 2974 1404 2996 ex
1429 2965 1635 2999 Animalibus
1658 2967 1690 2999 in
1718 2967 1775 3002 usu
1807 2981 1898 3005 erant
1919 2996 1928 3012 ,
1960 2984 2017 3007 nec
2039 2986 2091 3010 ars

1124 3008 1211 3039 varia
1233 3006 1359 3043 deerat,
1384 3017 1418 3055 ut
1444 3019 1540 3050 quam
1563 3009 1725 3044 celerrime
1751 3023 1897 3047 necarent
1916 3038 1927 3055 ‚
1950 3028 2091 3059 quarum

1124 3059 1185 3081 una
1209 3062 1246 3083 ex
1269 3051 1426 3083 Suetonio
1455 3053 1469 3089 (
1491 3051 1503 3084 l
1523 3055 1537 3091 )
1561 3053 1757 3096 intelligitur
1780 3080 1790 3096 ,
1823 3069 1897 3092 cum
1931 3070 2089 3096 venenum

1121 3092 1206 3126 intra
1229 3094 1372 3135 quinque
1395 3093 1489 3127 horas
1510 3095 1660 3130 occidens
1681 3119 1690 3133 ‚
1715 3109 1792 3132 mox
1815 3112 1831 3133 a
1858 3103 1992 3137 Locusta
2027 3106 2091 3138 ite-

1120 3145 1190 3168 rum
1213 3147 1248 3169 ac
1266 3135 1378 3178 saepius
1402 3137 1575 3176 recoHum3
1598 3141 1718 3181 credo,
1743 3152 1778 3175 ut
1803 3146 1910 3178 multo
1942 3148 2085 3182 maxima

1117 3188 1207 3218 parte
1229 3178 1373 3221 diffipata
1384 3191 1555 3229 aqueatum
1567 3184 1818 3225 particularum,
1842 3189 1990 3222 veneficae
2005 3202 2088 3225 con-

1115 3220 1261 3256 fertiores
1283 3221 1413 3260 forent;
1428 3222 1540 3262 statem
1561 3228 1776 3261 exanimavit.
1803 3230 1902 3266 Quod
1926 3242 2084 3270 venenum

1118 3264 1179 3298 sive
1192 3277 1229 3298 ex
1242 3265 1496 3307 vegetabilium,
1507 3267 1570 3301 five
1582 3280 1620 3303 ex
1632 3271 1836 3305 Animalium
1846 3295 1859 3312 ,
1873 3273 1936 3307 sive
1948 3286 1984 3308 ex
1995 3287 2082 3311 utro.

1115 3319 1251 3352 rumque
1264 3306 1364 3343 succis
1375 3308 1675 3348 constabat,tametfi
1686 3315 1868 3356 Cleopatrae
1881 3326 1995 3353 notum
2006 3320 2086 3356 fuis.

1117 3352 1162 3384 set
1175 3374 1183 3388 ,
1198 3363 1231 3385 ut
1241 3351 1335 3385 facile
1347 3361 1463 3386 notum
1474 3365 1540 3386 erat
1552 3357 1638 3396 quod
1655 3369 1694 3390 ex
1707 3359 1915 3394 Animalibus
1930 3364 2081 3400 eductum

1115 3395 1219 3429 efferae
1233 3396 1392 3430 Nationes
1404 3396 1652 3478 adhibebanltDapi
1663 3400 1830 3478 tciingendas
1842 3401 2081 3449 sagittas,quale

1952 3450 2037 3493 apud

491 3563 2084 3598 *ἪἭ

248 3681 254 3687 .
271 3665 310 3687 61.
328 3661 395 3693 supra
410 3662 440 3688 ad
457 3672 482 3688 n.
500 3665 537 3694 38.
556 3663 599 3690 cit.
650 3664 733 3700 ,(Ῐ)
752 3674 777 3692 n.
796 3673 832 3698 37.

234 3671 246 3688 C

235 3697 251 3718 P

149 3661 163 3690 t
179 3671 190 3687 v
205 3663 218 3691 )

149 3693 156 3719 ί
174 3702 189 3716 x
204 3694 217 3722 )
253 3692 351 3722 olyhist.
368 3702 388 3717 c.
405 3699 444 3723 29.
507 3696 521 3728 ζ
537 3702 555 3725 y
570 3695 587 3729 )-
599 3697 617 3721 1.
634 3701 677 3721 ert.
735 3698 749 3727 ζ
766 3705 783 3726 z
802 3701 813 3727 )
828 3706 851 3723 c.
869 3707 906 3729 54.
923 3705 968 3723 eit-

146 3723 210 3752 (c)
243 3732 254 3748 c
297 3726 318 3747 a.
381 3724 449 3753 (d)
482 3727 534 3759 vn.
567 3731 609 3750 elt-
673 3726 735 3756 (ι)
769 3729 831 3753 1bid.
895 3729 966 3760 (f)
997 3732 1031 3756 Ε(

148 3754 163 3781 (
176 3762 195 3784 g
210 3755 222 3783 )
239 3757 380 3778 Cofnment.
396 3755 463 3783 supra
479 3762 521 3780 ert.
538 3756 565 3779 ad
583 3764 608 3780 n.
626 3763 663 3785 κς.
725 3759 740 3787 ζ
756 3758 771 3782 h
787 3760 799 3788 )
814 3767 839 3786 n.
857 3768 897 3791 34.

148 3784 166 3814 ζ
182 3785 192 3809 ι
210 3790 219 3817 )
236 3787 272 3810 De
288 3784 389 3811 dundee.
404 3784 488 3811 Caesar.
505 3786 521 3813 l.
539 3791 565 3813 ⁶.
581 3794 604 3812 c.
620 3793 661 3817 33·

895 3666 960 3703 (ι.)
976 3669 994 3695 ι.
1013 3670 1072 3696 ibid.
1090 3672 1132 3697 en.
1151 3703 1157 3707 ¹
1211 3705 1214 3707 v

1033 3704 1046 3731 (
1064 3711 1079 3726 a
1095 3703 1116 3736 )¹
1129 3705 1179 3728 Vnt.
1194 3709 1239 3744 cit.¹
1350 3735 1355 3738 ·

958 3761 972 3791 c
987 3762 997 3786 ι·
1014 3735 1355 3792 filiali}‘ibrif'rnaffclsei‘f'
1374 3753 1382 3760 ⁹

1195 3672 1206 3704 (
1221 3682 1237 3697 a
1252 3673 1267 3703 )
1283 3674 1347 3703 apud
1364 3674 1428 3699 Gell.
1445 3676 1520 3701 Nost.
1538 3676 1614 3701 Attin.
1630 3676 1647 3700 1.
1665 3684 1687 3706 9.
1705 3685 1727 3703 e.
1745 3684 1783 3706 n.

1300 3706 1314 3733 (
1329 3704 1344 3728 b
1360 3703 1376 3735 )
1391 3707 1532 3732 Tetrabibl-
1549 3715 1572 3736 4·
1589 3709 1613 3731 S.
1630 3714 1652 3733 ι.
1668 3714 1688 3734 e.
1704 3715 1745 3736 ιο.

1405 3766 1421 3796 (
1435 3765 1453 3792 k
1470 3770 1481 3795 >
1497 3766 1555 3793 vita
1571 3766 1616 3793 eit.
