2498 4075
531 259 684 327 Epist.
719 260 884 314 Anat.
917 255 1136 313 Medica

115 343 250 380 concidit
264 364 273 381 ‚
299 341 384 380 sive,
405 349 444 378 ut
465 338 545 375 alibi
570 338 795 383 (p)loquitur
818 338 903 373 idem
925 340 980 387 qui
996 337 1086 387 .V¹d¹‘,
1110 362 1121 379 ,

114 385 315 422 Matthiolus
331 409 342 425 ,
363 386 521 426 derepente
545 383 578 418 in
601 390 718 417 terram
739 381 872 423 cecidit,
885 379 938 416 ubi
949 380 1036 416 illico
1047 392 1117 416 mu.

113 438 167 465 tus
183 428 294 473 fastus
317 429 469 471 deperiit.
495 426 574 460 Non
598 423 742 461 funestus
764 425 921 468 quidem,
947 424 998 460 sed
1024 424 1116 460 valde

113 476 249 510 noxius,
273 476 303 507 &
327 472 450 508 subitus
474 471 513 505 ab
536 468 644 504 eadem
667 468 758 504 causa
784 470 817 502 in
843 469 1010 503 Venatore
1022 480 1120 510 quem

114 518 299 552 Sommerus
322 518 387 559 (q)
410 524 532 550 curavit
548 536 557 551 ,
581 510 712 547 effeetus
734 511 821 546 fuit.
846 512 934 546 Cum
958 515 1007 548 eni

114 571 155 595 na
177 561 284 602 digito
309 573 324 593 a
348 564 456 600 vipera
480 557 610 591 inflicta
636 555 823 591 vulnuscula
860 554 919 590 fibi
955 557 1021 592 suxi
1051 565 1083 591 et
1105 570 1118 598 ς

114 605 257 639 actutum
280 602 433 638 intumuit
455 601 561 642 lingua
584 610 674 642 aeque
697 611 733 633 ac
749 598 777 641 fi
797 610 923 642 pomum
946 601 979 634 in
1002 611 1051 635 ore
1072 610 1118 635 te·

111 657 201 682 neret
225 658 300 680 cum
322 642 469 687 loquelae,
492 643 534 677 Θ
556 642 771 685 deglutitionis
792 644 1030 685 impedimento,
1066 644 1120 679 olid

111 689 307 724 >iubilatione
328 687 418 732 visus
431 710 440 725 ‚
464 686 580 728 capitis
604 694 745 725 tumore,
767 686 988 729 &gravedine
1003 711 1012 720 .
1047 687 1119 722 Nec

110 742 191 767 vero
213 735 289 775 quia
316 732 409 767 Redii
434 730 656 772 comesturam
680 729 876 771 protulimus
908 732 970 770 (r)
992 755 1000 771 ‚
1032 730 1115 773 ejus.

111 776 202 810 modi
227 785 401 811 eventuum
426 773 553 808 causam
576 773 610 805 in
633 772 812 817 quodpiam
836 772 1115 810 orisulcusculum

109 819 312 863 rejicientis5
334 821 493 853 continuo
517 815 645 856 credas,
670 826 828 854 venenum
850 816 975 851 hiantes
999 817 1032 850 in
1066 818 1117 852 ul-

109 863 244 898 cusculo
269 874 359 896 venas
383 859 533 897 subiisse3
556 861 589 893 in
607 857 671 893 hoc
681 861 767 893 enim
780 870 845 893 non
858 861 986 894 venulas
999 861 1116 902 solum,

111 905 163 940 sed
187 909 217 941 δι
242 905 392 940 nervulos
416 903 549 946 injuriis
574 903 686 937 veneni
711 912 842 945 patere,
865 904 1002 938 viciffim
1027 904 1117 939 dice-

109 962 144 983 re
166 947 290 991 possent
315 948 364 981 illi
387 950 444 991 qui
470 958 546 981 cum
569 945 703 980 Meadio
725 946 888 980 sentiunt.
915 948 957 981 Et
990 959 1028 981 ne
1068 947 1115 982 su—

108 993 249 1027 ffionem
273 995 393 1034 magis.
416 1002 513 1034 quarn
538 989 702 1027 morsum,
726 989 854 1033 culpes5
878 990 926 1024 vel
951 991 1034 1034 apud
1061 994 1117 1025 Pa-

108 1035 252 1069 risienses
276 1036 346 1078 lege
369 1035 447 1077 quid
474 1033 587 1075 Anglo
611 1033 659 1067 illi
687 1034 843 1067 acciderit
861 1035 918 1077 qui
943 1035 977 1068 in
991 1034 1020 1068 se
1032 1037 1116 1077 peri—

110 1081 221 1114 culum
245 1078 314 1113 fieri
342 1080 448 1112 voluit
474 1075 595 1111 morsus
622 1078 776 1119 viperini.
801 1076 931 1111 Scilicet
947 1092 962 1112 a
985 1079 1116 1112 demor-

110 1123 140 1157 sa
169 1134 263 1156 manu
287 1123 447 1156 violentus
469 1120 564 1154 dolor
588 1131 642 1162 pei·
666 1129 775 1155 totum
798 1122 957 1164 reliquum
972 1121 1115 1164 superio.

1123 594 1137 637 'l

109 1179 177 1200 rem
202 1178 305 1200 arrum
322 1165 359 1199 <se
382 1164 566 1199 exienderat
592 1164 719 1203 statim,
745 1164 794 1198 vel
818 1166 904 1207 prius
928 1176 1025 1208 quarn
1064 1167 1114 1198 vi-

107 1221 182 1253 pera
207 1210 352 1244 mordere
376 1208 533 1243 desiisset.
558 1209 667 1249 Atque
702 1217 737 1241 ut
772 1208 934 1250 intelligas
966 1210 1114 1243 dolorem

107 1255 236 1287 nervis,
261 1264 326 1287 non
350 1263 385 1286 ut
412 1251 585 1285 vulneratis
611 1273 623 1291 ‚
658 1251 707 1285 sed
734 1262 768 1285 ut
797 1263 918 1285 veneno
952 1252 1079 1286 infectis
1102 1277 1114 1294 ‚

106 1295 167 1331 effe
191 1296 443 1338 imputandum,
471 1295 566 1329 faciet
591 1295 677 1336 quod
700 1295 850 1342 'Me-adius
872 1295 929 1338 (s)
955 1305 990 1330 ut
1001 1307 1116 1330 memo-

109 1339 210 1373 rabile
234 1340 403 1374 adnotavit
420 1362 428 1377 ‚
452 1349 565 1381 parum
588 1337 712 1382 latraffe
735 1350 862 1375 canem,
896 1341 968 1373 dum
999 1340 1116 1373 vulnus

107 1394 165 1416 acu
190 1381 346 1425 chalybea
383 1392 475 1418 acuta
500 1408 507 1422 ,
543 1380 646 1415 forma
682 1381 778 1416 simili
817 1384 955 1424 viperini
991 1382 1114 1420 dentis,

109 1423 307 1468 infligebatur
323 1451 331 1465 ‚
355 1436 515 1462 atveneno
538 1436 592 1467 per
616 1426 748 1459 eandem
772 1438 862 1460 acum
875 1424 1024 1470 immzffii,
1048 1434 1116 1461 tum

109 1478 183 1503 vcro
206 1468 353 1514 ulusaffij
377 1470 434 1503 Sed
459 1469 820 1515 praeterfelerrimam,
846 1470 956 1504 saltem
970 1471 1118 1510 aliquan-

103 1512 148 1546 do
164 1535 174 1551 ‚
200 1517 312 1547 veneni
337 1513 431 1555 hujus
448 1537 457 1552 ,
481 1521 536 1546 aut
561 1522 627 1553 ejus
651 1523 807 1547 noxarum
833 1513 1082 1557 progressionem
1108 1540 1117 1554 ,

104 1557 241 1591 minime
265 1558 305 1592 ab
329 1558 418 1591 lento
442 1560 604 1598 sangufnis
628 1567 681 1597 mr
715 1569 807 1590 venas
842 1567 932 1591 motu
973 1568 1116 1599 repeten-

103 1599 202 1639 dam,
229 1600 291 1636 huc
316 1601 392 1635 adde
415 1602 469 1633 Cl.
497 1598 637 1641 ejusdem
663 1600 738 1633 Viri
755 1610 972 1642 experimenta
992 1611 1023 1633 in
1050 1600 1101 1634 san

102 1646 202 1685 guine
226 1645 389 1681 humano.
413 1647 520 1677 vitreo
543 1643 666 1677 calente
690 1643 762 1678 vase
774 1645 993 1685 excepto‚ob
1004 1643 1118 1687 adjun-

103 1688 193 1720 fium
218 1698 324 1721 autem
350 1689 467 1729 vipera:
493 1697 649 1720 venenum
672 1697 767 1728 neque
791 1687 912 1727 colore,
935 1697 1029 1730 neque
1044 1699 1113 1722 con-

97 1728 235 1772 sistent-ia
256 1731 436 1773 quidquam
471 1738 599 1763 mutato
623 1752 636 1769 ,
666 1739 700 1763 ut
737 1742 840 1773 neque
873 1741 943 1764 tum
973 1753 982 1764 .
1013 1742 1115 1774 neque

102 1773 208 1816 postea
231 1774 408 1808 internosci
434 1773 536 1814 posset
560 1786 575 1806 a
600 1773 669 1814 pari
696 1774 859 1815 sanguinis
882 1773 1022 1815 ejusdem
1040 1786 1113 1816 poi·-

102 1817 218 1855 tione,
241 1818 294 1851 cui
316 1817 398 1852 nihil
423 1816 527 1850 fiierat
552 1818 720 1850 additum.
747 1816 863 1860 Neque
887 1827 919 1851 te
948 1818 1029 1851 illud
1044 1830 1113 1850 mo-

106 1869 203 1894 retur
219 1860 307 1903 quod
334 1862 368 1894 in
393 1857 604 1901 Sepulchreto
628 1859 689 1901 (t)
715 1860 821 1902 leges,
845 1862 878 1894 in
901 1862 1015 1896 occisis
1049 1860 1112 1896 hoc

102 1913 231 1937 veneno
254 1904 473 1940 animantibus
497 1902 687 1946 sanguinem
710 1913 875 1944 repertum
897 1901 956 1938 esse
988 1916 1110 1946 coagu-

104 1946 226 1986 latum,
252 1948 321 1982 imo
346 1949 379 1981 in
405 1945 524 1984 corde,
547 1950 578 1980 &
615 1949 705 1981 venis
737 1948 889 1982 omnibus
921 1948 954 1981 in
983 1948 1113 1990 polypos

102 1991 266 2025 admodum
289 1999 414 2026 tenaces
435 1998 611 2024 concretum
660 1991 698 2023 In
733 1993 844 2025 eudem
879 1993 966 2025 enim
1004 1992 1115 2028 Sepul-

104 2033 217 2067 chreto
238 2036 413 2070 contrariae
435 2044 602 2067 occurrent
630 2033 886 2068 Observationes
911 2036 978 2077 (ιι)
997 2037 1113 2076 reperti

96 2075 201 2119 fluidi
223 2079 349 2121 magis,
371 2087 464 2120 quam
486 2076 644 2110 contulari
659 2105 662 2112 ,
698 2087 754 2111 aut
783 2077 903 2121 summe
933 2079 1036 2112 tenuis
1070 2078 1113 2111 &¹

103 2121 209 2158 ceris,
236 2130 291 2155 aut
317 2131 355 2155 ex
373 2127 465 2163 parte
486 2119 653 2154 dissolutn
678 2120 871 2163 &corrupti
887 2120 1112 2165 ‚&nusquam

101 2163 277 2205 coagulati.
303 2164 405 2208 Qod
430 2163 534 2206 siquas
558 2173 667 2198 tamen
691 2166 775 2197 inter
799 2163 854 2197 has
877 2168 1114 2198 animadvertes

102 2217 177 2249 quae
200 2218 331 2248 grumos
346 2230 355 2245 ,
377 2210 410 2240 ὅτ
434 2208 658 2247 concretiones
681 2216 889 2250 proponaut‚·
920 2217 951 2241 at
985 2217 1020 2243 tu
1057 2209 1113 2242 sae-

104 2250 176 2291 pius
198 2251 348 2285 laudatos
373 2249 557 2283 Parifienses
580 2246 668 2292 lege,
691 2252 749 2294 qui
775 2260 812 2284 ut
835 2250 1001 2287 referunt.
1031 2253 1112 2286 duos

101 2294 138 2326 in
162 2294 283 2336 Anglia
306 2293 481 2328 columbos
505 2293 690 2336 sanguinem
715 2292 859 2328 habuisse
880 2295 1113 2338 coagulatum,

104 2337 154 2370 ita
180 2336 209 2372 se
233 2338 388 2372 testantur
411 2341 446 2372 in
470 2338 607 2378 eodem,
634 2346 754 2380 totque
785 2339 859 2372 aliis
891 2342 1112 2377 animantium

101 2380 273 2420 generibus
296 2381 424 2416 nullum
446 2381 685 2423 coagulationis
710 2380 891 2421 indicium,
915 2382 965 2417 sed
999 2392 1112 2417 contra

101 2421 280 2460 fluiditatis
299 2426 394 2468 -figna
417 2426 450 2458 in
475 2424 627 2465 sanguine
650 2423 1025 2467 deprehendissesaed&
1049 2428 1111 2460 Re.

98 2467 172 2501 dius
194 2468 288 2511 (x),
311 2470 370 2512 qui
393 2478 502 2502 tamen
523 2470 557 2501 in
580 2468 772 2511 quibusdam
795 2470 1056 2511 coagulationem
1070 2470 1108 2503 il-

101 2509 167 2545 lam
192 2513 383 2548 invenerat,
408 2510 523 2546 diserte
547 2522 664 2554 negat,
687 2512 807 2555 semper
831 2514 864 2546 in
879 2514 1032 2547 omnibus
1058 2514 1110 2547 in-

100 2554 239 2589 venisse.
263 2555 349 2595 Satis
371 2556 476 2598 igitur
498 2564 629 2598 apparet
643 2581 652 2594 ,
676 2567 741 2589 uon
764 2555 825 2590 esl'e
856 2557 1074 2591 immediatum
1096 2579 1107 2595 ,

101 2608 139 2632 ut
162 2598 366 2640 loquuntur,
391 2602 422 2633 δι
447 2600 619 2641 proprium
642 2599 781 2642 viperini
807 2603 920 2633 veneni
955 2600 1105 2635 effectum

104 2642 294 2684 sanguinem
316 2643 508 2684 coagulare,
532 2651 568 2676 ut
592 2654 695 2685 neque
717 2643 888 2677 dissolvere
912 2666 924 2684 ‚
960 2644 1011 2677 sed
1047 2656 1106 2686 pro

101 2688 202 2719 variis
228 2685 322 2728 hujus
345 2684 634 2728 dispositionibus,
658 2690 688 2721 &
713 2698 773 2730 pro
797 2687 893 2720 variis
927 2691 1105 2729 praeserti'm

97 2739 300 2768 nervorum,
325 2727 489 2771 sanguinis
514 2739 665 2770 motum,
688 2740 723 2764 ut
758 2730 850 2770 supra
882 2736 935 2772 (y
956 2733 972 2770 )
1005 2733 1103 2767 etiam

95 2771 229 2804 *dictum
250 2772 316 2808 est,
341 2774 421 2804 mire
441 2773 701 2814 perturbantium
722 2798 730 2812 ,
762 2773 988 2807 affectionibus
1013 2779 1104 2809 vario

103 2814 205 2848 modo
227 2814 332 2856 ipsum
357 2817 491 2853 vitiari,
516 2825 572 2855 ut,
595 2818 684 2860 quod
709 2817 872 2859 plerasque
898 2818 1103 2859 relegensin-

102 2858 280 2892 dicatarum
304 2858 600 2897 Observationum,
622 2859 808 2904 intelliges,
833 2872 865 2894 in
889 2862 963 2893 aliis
974 2871 1103 2903 quoque

102 2899 142 2934 sit
166 2902 306 2939 rutilus,
328 2903 359 2935 δι
384 2902 568 2937 vividus.in
592 2902 663 2936 aliis
686 2913 775 2940 ater,
799 2908 829 2937 δε
853 2903 890 2937 ad
915 2908 1102 2945 corruptio-

103 2954 178 2978 nem
201 2955 338 2986 pronus.
363 2944 447 2983 Quae
468 2956 543 2979 cum
569 2956 612 2979 ita
638 2945 725 2983 lint·,
750 2945 842 2980 facile
867 2959 921 2988 pei·
945 2957 977 2982 te
1003 2949 1104 2989 vides,

101 2989 363 3030 quandocunque
386 2990 573 3033 volatilibus
596 2992 796 3032 corpusculis
819 2990 935 3024 referta
962 2992 1102 3026 medica-

103 3041 209 3066 menta
226 3057 233 3066 .
258 3043 274 3065 a
297 3032 397 3074 longo
420 3031 485 3075 jam
519 3042 666 3075 tempore
698 3034 921 3067 commendata
957 3033 1104 3070 adversus

104 3078 266 3117 viperinos
291 3074 436 3116 morsus,
461 3076 601 3118 prodesse
626 3076 689 3109 visa
717 3077 810 3114 sunt,
833 3077 881 3110 vel
907 3079 1002 3111 ineos
1015 3078 1104 3114 casus

102 3117 247 3152 incidisse
271 3121 302 3151 in
325 3120 445 3160 quibus
468 3119 594 3161 sanguis
619 3120 656 3154 ad
681 3122 922 3154 concretiomm
937 3132 1101 3164 vergeret,

108 3161 158 3194 vel
183 3163 288 3195 nervis
312 3164 421 3203 potius
442 3163 638 3205 opitulando
660 3164 834 3206 profuisse.
860 3164 957 3204 Quod
983 3177 1022 3198 eo
1035 3177 1102 3199 ma-

103 3207 154 3247 gis
176 3205 349 3239 dicendum
371 3202 469 3242 esset,
494 3208 516 3240 si
541 3207 629 3248 quod
653 3209 686 3241 in
711 3207 865 3241 botanico
879 3208 1102 3253 ViriCl.Jus-

104 3248 169 3282 ficu
196 3248 367 3290 Discipulo
388 3252 401 3288 (
424 3259 450 3292 z
470 3251 484 3289 )
508 3251 612 3283 tribus
634 3253 667 3284 in
691 3252 805 3294 digitis
827 3264 842 3283 a
866 3253 973 3293 vipera
990 3256 1101 3287 vulne-

98 3301 175 3324 rat-*i
198 3303 261 3325 non
289 3292 353 3325 fine
374 3302 487 3325 eorum
510 3291 574 3328 fere
597 3293 701 3329 statim
727 3297 911 3329 adveniente
942 3296 1067 3337 stupore
1089 3320 1099 3336 ,

103 3335 135 3367 δι
158 3344 308 3374 tumore,
334 3347 390 3370 nec
414 3335 478 3369 levi
503 3358 512 3373 ,
545 3336 581 3370 ad
607 3338 706 3381 ipsam
729 3350 860 3381 quoque
884 3349 1013 3372 manum
1045 3351 1098 3374 ex·

101 3378 195 3410 tenso
210 3403 219 3418 ‚
243 3377 382 3412 feliciter
405 3379 543 3413 succeffit
569 3381 609 3414 ab
632 3382 782 3417 exhibito
804 3406 818 3423 ,
848 3384 879 3415 δι
914 3382 1098 3418 vulneribus

1168 248 1312 312 LlXa
1349 255 1475 310 Art.
1515 256 1655 324 34&
1676 262 1750 321 35':
2022 259 2113 325 389

1171 337 1238 373 cini
1261 334 1436 377 conjuncto
1449 358 1463 376 ‚
1485 334 1508 368 fi
1533 334 1618 369 idem
1630 355 1646 375 ‚
1666 334 1827 376 inquam,
1849 333 2028 370 remedium
2041 346 2176 378 ,prom-

1170 389 1225 426 pte
1249 380 1283 413 in
1309 378 1401 415 usum
1424 379 1584 417 trabium,
1608 385 1645 410 ut
1677 376 1713 409 in
1746 386 1867 419 magno
1898 377 2069 413 brutarum
2102 383 2175 414 ani-

1170 424 1330 462 mantium
1353 432 1487 457 numero
1507 429 1593 457 certe
1614 419 1738 456 dicitur
1758 419 1952 463 respondisse
1964 444 1974 462 ‚
1999 422 2047 456 ita
2069 423 2103 456 in
2115 423 2178 457 lio-

1068 515 1101 548 ὸ.
1158 466 1313 517 fininibus
1354 467 1467 502 saltem
1510 463 1670 511 plerisque
1715 464 1751 498 in
1794 463 1957 510 posterum
2001 464 2176 511 responde-

1090 525 1120 548 1·
1155 520 1158 527 s

1172 515 1240 547 rit,
1749 544 1751 546 ,

1209 564 1261 599 34.
1287 553 1358 588 Nec
1382 561 1491 589 tamen
1515 560 1684 598 propterea
1707 550 1888 596 negandum
1911 552 1955 588 est
1973 574 1984 592 ‚
2017 552 2175 587 vitiatum

1171 596 1359 643 sanguinem
1383 608 1494 633 eorum
1515 597 1573 643 qui
1599 608 1615 630 a
1640 597 1748 638 vipera
1773 598 1830 629 ioti
1854 594 1947 634 sunt,
1972 605 2111 631 mortem
2122 606 2176 630 ac-

1168 641 1307 675 celerare
1331 654 1341 675 ι
1372 644 1442 676 imo
1467 637 1692 675 Par-iliensibus
1714 640 1729 680 (
1749 650 1767 672 ι
1789 642 1804 681 )
1825 637 1965 675 dandum
1987 639 2053 678 est,
2090 639 2176 674 mul-

1167 695 1240 718 tum
1265 687 1302 721 ad
1326 685 1359 718 id
1383 684 1507 723 facere,
1531 684 1707 725 praes‘ettim
1730 692 1804 717 cum
1837 694 1854 715 a
1887 693 2057 726 gangraena
2090 682 2178 719 infe-

1167 727 1237 762 ctus
1252 750 1260 764 ‚
1281 738 1353 771 quae
1376 727 1443 763 fere
1466 727 1544 762 solet
1569 728 1748 761 cauciatam
1771 735 1917 768 partein,
1941 731 2034 771 eique
2059 726 2175 768 proxi-

1167 782 1233 806 mas
1256 773 1443 813 corripere.
1464 771 1596 806 eandem
1619 768 1725 803 labem
1749 768 1782 801 in
1805 768 1947 807 dissitas,
1980 770 2178 812 intimasque
2214 793 2216 795 -

1169 824 1274 858 partes
1298 815 1460 855 traducit,
1482 812 1755 857 quemadmodum
1777 813 1813 846 in
1835 812 1953 846 anseris
1975 815 2073 847 corde
2094 835 2107 854 ,
2141 814 2176 845 &

1171 857 1314 901 jecinore
1337 859 1378 891 ab
1401 860 1475 900 ipsis
1498 856 1704 899 conspectum
1728 855 1769 889 est
1786 880 1793 894 ‚
1815 855 1856 890 ab
1879 855 2014 900 aliisque
2026 864 2177 891 nonuun-

1169 913 1267 943 quam
1290 901 1391 935 fuerat
1416 903 1449 934 in
1472 901 1619 944 jecinore
1639 923 1650 941 ,
1683 899 1776 946 quod,
1796 909 1834 933 ex
1863 900 2037 943 nigricante
2068 897 2177 933 ssave-

1173 945 1296 984 scebat,
1323 945 1399 979 alias
1423 946 1456 978 in
1481 943 1663 979 ventriculo
1682 966 1691 982 2
1723 952 1812 987 cnjus
1833 943 1927 976 color
1959 941 2180 990 quodammodo

1171 989 1339 1032 obscurus,
1365 999 1429 1022 non
1454 988 1515 1023 sine
1539 987 1652 1022 livoris
1675 987 1807 1028 quadam
1834 985 1960 1029 specie,
1983 995 2038 1021 aut
2073 994 2178 1028 magis

1168 1032 1335 1076 obscurus,
1362 1036 1505 1074 itemque
1528 1033 1560 1064 in
1593 1030 1783 1065 mesenterio
1807 1050 1818 1067 ‚
1855 1032 1885 1064 δι’
1919 1029 2078 1065 intestinis
2098 1051 2108 1067 ,
2142 1028 2179 1060 in

1166 1076 1287 1118 quibus
1308 1073 1496 1119 manifestior
1520 1076 1546 1108 is
1569 1074 1687 1111 color,
1712 1081 1766 1108 aut
1790 1084 1864 1115 quae
1899 1072 2032 1108 maculis
2065 1071 2179 1120 lividi-f

1166 1119 1238 1154 hinc
1260 1119 1330 1152 inde
1350 1118 1465 1152 leviter
1504 1118 1590 1160 pitia
1615 1140 1626 1157 ‚
1671 1116 1709 1152 ad
1733 1115 1906 1157 ingressum
1930 1127 2036 1152 autem
2069 1116 2179 1150 bilant

1165 1162 1302 1199 duetus,
1326 1161 1448 1197 livore,
1465 1160 1521 1205 seu
1541 1161 1649 1204 potius
1671 1160 1791 1203 nigrore
1811 1163 2004 1205 gangraenoso
2025 1167 2177 1193 erantm-

1158 1203 1269 1250 fec‘la,
1293 1215 1327 1240 ut
1353 1205 1515 1247 perlegens
1540 1206 1695 1239 indicatas
1720 1202 1810 1246 supra
1834 1204 1903 1246 (b)
1929 1205 1963 1236 in
1988 1200 2179 1245 Sepulchre-

1167 1258 1203 1282 to
1227 1248 1507 1286 Observationes,
1533 1246 1767 1288 Scholiumque
1800 1249 1939 1287 reperies
1962 1271 1970 1280 .
2008 1247 2178 1280 Interdum

1169 1302 1276 1326 tamen
1301 1293 1439 1330 accidit,
1463 1301 1498 1326 ut
1523 1302 1586 1325 non
1613 1289 1712 1325 modo
1734 1289 1802 1325 haec
1826 1292 1866 1322 ab
1891 1289 1961 1324 aliis
1985 1300 2051 1324 non
2076 1289 2179 1324 adno-

1168 1345 1302 1377 tentur,
1326 1336 1375 1371 sed
1399 1347 1437 1369 ne
1461 1338 1603 1369 exterius
1637 1332 1768 1377 quidem
1801 1332 1889 1366 livor
1923 1331 2058 1376 usquam
2091 1332 2176 1367 ullus

1170 1381 1200 1415 se
1222 1380 1390 1420 ostendat,
1414 1391 1448 1413 ut
1473 1381 1506 1412 in
1537 1378 1679 1414 canicula
1706 1377 1868 1412 Francinii
1894 1377 1958 1419 (c)
1989 1387 2059 1419 qiiae
2091 1374 2179 1410 nulla

1167 1424 1305 1465 corporis
1326 1430 1418 1465 parte
1444 1430 1596 1456 tumorem
1621 1421 1734 1457 habuit
1764 1441 1776 1459 ‚
1809 1426 1866 1453 aut
1897 1419 2056 1454 livorem:
2088 1420 2175 1453 ver-i-

1169 1479 1232 1510 que
1255 1466 1356 1501 simi'le
1378 1466 1445 1506 est,
1469 1466 1509 1499 ab
1542 1468 1680 1499 irritatis
1715 1472 1875 1498 venenato
1909 1462 2017 1499 morsu
2051 1463 2177 1497 nerveis

1170 1510 1244 1553 ipsis
1267 1511 1324 1553 qui
1361 1510 1404 1544 ibi
1444 1514 1515 1543 lunt
1540 1535 1548 1549 ,
1580 1508 1715 1542 ramulis
1746 1507 1987 1542 contractiones
2020 1506 2179 1542 fibrarum

1170 1554 1260 1589 fieri.
1288 1555 1472 1596 sanguinem
1498 1556 1530 1586 in
1554 1555 1715 1595 proximis
1738 1551 1871 1584 vasculis
1886 1561 2184 1592 remorantesmn-

1169 1598 1208 1632 de
1234 1600 1372 1632 tumoris
1388 1619 1397 1632 ‚
1423 1596 1718 1635 inflammationis,
1741 1594 1875 1633 livoris,
1898 1605 2078 1638 gangraenae
2113 1594 2181 1627 ini-

1170 1650 1253 1675 tium
1269 1665 1276 1678 ‚
1303 1642 1359 1674 nili
1383 1639 1469 1674 forte
1493 1651 1527 1673 ea
1551 1650 1719 1681 corporis,
1744 1648 1797 1671 aut
1813 1639 1962 1671 iauciatae
1987 1639 2089 1681 partis
2109 1635 2178 1671 dis·

1169 1684 1288 1728 positio
1312 1685 1373 1722 sit,·
1397 1692 1432 1717 ut
1463 1686 1613 1726 quamvis
1637 1683 1741 1720 alibi,
1768 1690 1804 1715 ut
1839 1682 1872 1714 in
1907 1680 1962 1714 illa
1997 1680 2144 1716 canicula
2166 1700 2179 1718 ι

1167 1730 1255 1762 nervi
1282 1727 1428 1762 citissime
1458 1727 1600 1761 convelli
1627 1728 1811 1770 incipiant3
1836 1724 1942 1759 morsa
1966 1726 2073 1760 tamen
2106 1734 2179 1767 pars

1166 1783 1271 1814 neque
1294 1781 1442 1808 tumeat,
1467 1781 1568 1813 neque
1593 1770 1691 1803 liveat
1706 1792 1717 1809 ‚
1742 1778 1797 1802 aut
1820 1768 1971 1811 quamvis
1995 1768 2072 1802 alias
2094 1768 2180 1803 cele.-

1166 1816 1244 1849 riter
1266 1816 1346 1848 adeo
1370 1816 1585 1850 intumescat,
1611 1823 1645 1846 ut
1669 1811 1852 1846 Parisienses
1875 1811 1942 1851 (d)
1966 1809 2178 1855 scripserint,

1165 1860 1276 1894 comm
1310 1857 1397 1900 quod
1433 1859 1601 1892 mordetur
1621 1879 1630 1894 ,
1667 1864 1835 1890 momento
1868 1855 2002 1891 initium
2035 1854 2177 1889 tumoris

1167 1900 1402 1939 animadve-rm
1428 1903 1462 1934 in
1487 1902 1545 1935 illo
1567 1912 1676 1934 tamen
1701 1898 1979 1942 NobiliJuvene,
2003 1898 2101 1942 cuius
2125 1897 2182 1934 hi-

1167 1945 1300 1979 storiam
1325 1958 1339 1978 a
1364 1944 1523 1979 Charasio
1545 1944 1737 1986 descriptam
1760 1942 1859 1978 habes
1889 1944 1924 1977 in
1962 1941 2177 1986 Sepulchreto

1166 1991 1180 2030 (
1204 2000 1219 2023 e
1240 1994 1254 2030 )
1295 1988 1360 2031 posi
1383 1987 1474 2022 horas
1496 1988 1620 2022 demum
1642 1988 1764 2031 aliquot
1784 1986 1994 2029 conspestum
2017 1986 2057 2020 sit
2072 2010 2080 2018 .
2107 1985 2179 2020 Ne-

1168 2044 1230 2076 que
1255 2034 1314 2067 alia
1339 2032 1460 2071 ferme,
1483 2041 1597 2073 praeter
1615 2035 1742 2066 -variam
1782 2041 1956 2075 corporum
1986 2028 2180 2073 dispositio-

1167 2087 1241 2110 nem
1266 2100 1278 2117 ,
1309 2076 1402 2110 causa
1428 2077 1555 2110 videtur
1581 2074 1689 2110 afferri
1722 2074 1808 2120 posse
1825 2097 1839 2115 ‚
1870 2076 2088 2118 quamobrem
2122 2082 2179 2109 tu·-

1167 2131 1239 2153 mor
1263 2121 1297 2153 in
1322 2119 1514 2163 quibusdam
1540 2121 1667 2156 minus,
1690 2121 1725 2153 in
1749 2117 1917 2153 nonnullis
1949 2127 2059 2153 autem
2091 2117 2175 2152 adeo

1165 2164 1334 2197 extendere
1359 2163 1389 2196 se
1413 2172 1543 2205 pergat,
1567 2173 1604 2198 ut
1627 2165 1663 2197 in
1685 2164 1746 2197 illo
1768 2161 1882 2196 eodem
1899 2160 2028 2206 Juvene
2051 2184 2065 2202 ‚
2097 2169 2177 2195 toto

1167 2217 1241 2241 artu
1264 2207 1331 2250 jam
1354 2217 1514 2248 occupato
1539 2228 1548 2243 ‚
1582 2208 1641 2250 qui
1667 2207 1752 2241 iebus
1784 2205 1889 2241 fuerat
1909 2230 1919 2246 ,
1953 2207 1986 2240 &
2017 2205 2175 2249 proximo

1166 2250 1445 2293 hypochondrio,
1466 2252 1499 2284 δε
1523 2250 1667 2285 mamilla
1682 2271 1691 2286 ‚
1714 2250 1902 2293 oppositum
1923 2260 2055 2293 quoque
2087 2248 2176 2283 latus

1163 2293 1231 2338 jam
1257 2297 1412 2338 impetere
1436 2295 1622 2333 videretur,
1645 2296 1681 2329 in
1703 2294 1806 2328 altero
1830 2303 1937 2328 autern
1952 2292 2175 2327 Parifiensium

1164 2339 1312 2381 exemplo
1337 2349 1466 2372 manum
1489 2336 1673 2380 oppositam
1695 2338 1843 2372 sauciatae
1867 2337 1917 2370 vel
1941 2337 2044 2371 multo
2074 2338 2171 2371 citius

1164 2381 1370 2424 prehenderit
1387 2407 1399 2424 ,
1421 2382 1500 2424 quin
1524 2381 1714 2424 Falloppius
1737 2381 1840 2415 noster
1861 2378 1947 2424 (f),
1970 2383 2002 2414 δι
2024 2381 2172 2414 Alberti-

1164 2436 1222 2458 nus
1246 2428 1309 2469 (g)
1334 2437 1372 2459 ex
1397 2427 1514 2468 viperae
1538 2426 1603 2460 ictu
1627 2425 1767 2459 viderint
1802 2433 1911 2459 totum
1941 2434 2059 2471 corpus
2081 2425 2173 2458 intu-

1166 2467 1298 2506 muisl‘e5
1325 2479 1360 2503 ut
1387 2468 1615 2503 Dioscoridem
1640 2468 1704 2509 (h)
1728 2469 1913 2508 omittam‘,
1944 2478 2036 2509 cujus
2070 2467 2170 2504 verba.

1164 2513 1258 2546 aliter
1282 2512 1323 2546 ab
1344 2513 1416 2546 aliis
1438 2512 1495 2551 (i.)
1519 2513 1606 2556 legi,
1628 2512 1717 2546 scio.
1850 2511 2040 2554 Aliquando
2060 2522 2170 2547 tamen

1161 2554 1310 2590 incidunt
1335 2556 1424 2591 casus
1454 2558 1487 2589 in
1521 2557 1642 2598 quibus
1673 2554 1696 2588 si
1730 2554 1863 2590 effectus
1897 2556 2055 2597 explicare
2089 2557 2168 2591 velis

1161 2600 1284 2633 morsus
1309 2599 1456 2634 veneficae
1481 2599 1661 2643 cujuspiam
1684 2599 1791 2633 bestiae
1808 2622 1817 2638 ‚
1842 2611 1909 2634 non
1932 2599 2008 2634 satis
2039 2599 2077 2634 sit
2111 2612 2169 2644 pe-

1156 2643 1309 2677 culiarem
1333 2654 1481 2686 corporis
1501 2642 1744 2685 dispositionem
1767 2644 1800 2676 in
1839 2643 1984 2678 medium
2018 2644 2130 2679 afferre
2153 2665 2167 2683 2

1157 2688 1245 2720 velut
1270 2699 1344 2721 cum
1368 2699 1467 2730 equus
1490 2687 1554 2730 (lt)
1577 2687 1669 2729 cujus
1693 2687 1902 2729 posteriorem
1925 2686 2096 2723 dexterum
2110 2699 2166 2731 pe-

1155 2730 1227 2764 dem
1254 2742 1322 2764 mus
1347 2742 1479 2765 araneus
1501 2730 1710 2764 momordisse
1720 2731 1888 2764 dicebatur
1906 2735 2012 2768 ,intra
2026 2732 2164 2766 biduum

1157 2784 1323 2809 mortuus,
1347 2773 1574 2809 dissecantibus
1599 2773 1753 2807 videndas
1773 2773 1921 2809 exhibuit
1934 2785 1998 2808 non
2013 2786 2079 2809 tam
2093 2774 2162 2809 adi·-

1156 2820 1247 2862 posas
1269 2818 1399 2853 cellulas
1424 2830 1440 2851 a
1464 2817 1540 2860 pede
1576 2818 1613 2851 ad
1649 2820 1806 2851 cervicem
1841 2817 1938 2859 usque
1970 2817 2038 2851 sero
2072 2819 2162 2853 slavo

1155 2862 1321 2903 turgidas,
1345 2861 1536 2904 sparsimque
1560 2859 1747 2903 sugillatas,
1770 2859 1926 2895 flaccidos
1948 2871 2057 2895 autern
2074 2865 2160 2897 mus.

1153 2907 1263 2944 culos,
1285 2907 1316 2937 &
1340 2903 1406 2938 haec
1437 2903 1571 2947 quidem
1604 2915 1623 2936 a
1650 2902 1777 2937 dextris
1797 2926 1809 2943 ‚
1839 2915 1938 2948 quam
1971 2905 2160 2946 pulmonem

1153 2948 1320 2982 dexterum
1344 2948 1481 2982 maculis
1501 2947 1686 2981 distinetum
1710 2950 1838 2990 nigris,
1859 2950 1892 2982 &
1914 2946 2016 2991 ipsam
2050 2952 2158 2986 cordis

1155 2992 1330 3025 auriculam
1354 2991 1516 3025 dexteram
1540 2989 1686 3029 flavam,
1712 2991 1844 3034 seroque
1889 2992 2041 3035 repletam
2063 3005 2076 3033 ‚-
2108 2996 2157 3029 sa-

1154 3035 1288 3069 nissimis
1333 3045 1411 3069 vero
1457 3034 1605 3069 musculis
1629 3058 1638 3074 ,
1688 3035 1840 3077 pulmone
1873 3059 1884 3074 ,
1927 3038 1959 3069 δε
2014 3039 2158 3074 auricula.

1154 3078 1285 3113 finistris
1311 3091 1321 3110 .-
1354 3079 1441 3121 quod
1463 3078 1633 3112 discrimen
1657 3084 1758 3122 neque
1782 3089 1797 3110 a
1822 3078 1994 3113 virulentia
2018 3082 2157 3117 evulne-

1154 3135 1187 3157 te
1217 3123 1250 3154 in
1285 3122 1471 3165 sanguinem
1502 3120 1639 3156 immissa
1662 3145 1672 3161 ,
1715 3133 1822 3164 neque
1853 3134 1868 3156 a
1900 3132 1987 3157 certa
2028 3124 2157 3167 sangui—

1154 3169 1204 3200 nis
1234 3164 1442 3208 dispositione
1464 3188 1475 3205 ,
1521 3164 1572 3199 sed
1604 3168 1644 3200 ab
1689 3167 1824 3200 irritatis
1881 3171 1993 3208 potius
2046 3170 2155 3203 nervis

1152 3210 1290 3286 degteris
1313 3231 1324 3248 ,
1369 3208 1395 3242 fi
1418 3210 1577 3244 auriculas
1618 3210 1802 3253 praesertim
1843 3209 1991 3251 respicias
2012 3231 2023 3249 ‚
2056 3209 2153 3247 facile

1152 3257 1191 3288 de
1217 3263 1304 3286 uces.
1834 3273 1837 3274 ν

1195 3307 1248 3339 35.
1275 3296 1324 3329 Ut
1347 3306 1424 3329 vero
1447 3297 1481 3328 in
1502 3297 1544 3329 iis
1563 3296 1603 3330 de
1625 3297 1742 3337 quibus
1764 3295 1863 3338 paulo=
1883 3305 1959 3331 ante
1978 3297 2127 3332 dicebam
2138 3306 2153 3339 ,²

1150 3341 1195 3373 ita
1219 3342 1317 3373 etiam
1342 3341 1375 3372 in
1400 3339 1471 3372 aliis
1495 3340 1634 3380 viperini
1646 3341 1761 3373 veneni
1774 3338 1939 3373 effectibus
1951 3341 2153 3376 animadver-

1149 3384 1257 3417 tendas
1281 3383 1454 3417 varietates
1476 3383 1515 3417 ab
1547 3383 1701 3418 alterutra
1734 3394 1831 3425 quam
1861 3388 2115 3418 commemoravi
2137 3408 2154 3426 ,

103 3421 201 3455 etiam
223 3422 324 3457 affuso
346 3421 486 3457 alkali'co
508 3423 635 3459 volatili
657 3427 825 3468 remedio,
847 3436 922 3461 cum
934 3425 1005 3460 oleo
1028 3424 1099 3462 suc·
1145 3427 1235 3462 causa
1257 3436 1402 3469 repetes.
1424 3426 1589 3467 Quasdam
1610 3437 1650 3460 ex
1671 3429 1843 3470 praecipuis
1864 3425 1919 3461 hic
1947 3427 2040 3470 juvat
2074 3439 2155 3470 pro-

1995 3469 2079 3506 ferre
2099 3497 2111 3505 .

251 3866 307 3891 vid.
325 3868 413 3896 Murry
431 3867 519 3896 Quaest.
537 3868 606 3893 Med.
622 3867 694 3894 eatis.
710 3867 802 3899 propos.
819 3868 857 3893 die
873 3869 919 3893 ult.
936 3871 966 3893 Α.
985 3875 1053 3897 ι749.
1069 3876 1096 3893 n.
1114 3878 1140 3898 4.

1405 3718 1418 3746 (
1433 3684 1625 3746 ugrolvg'egg:
1641 3718 1667 3742 ι’.
1681 3718 1706 3742 δι’
1721 3715 1782 3742 Se&
1802 3716 1855 3742 ead.
1870 3714 1931 3741 Obs.
1947 3719 1973 3742 ὅ.

1301 3758 1313 3776 7
1343 3749 1400 3773 Obs.
1421 3752 1492 3772 Anat.
1511 3756 1534 3771 2.
1596 3748 1610 3776 (
1627 3754 1645 3771 a
1659 3750 1668 3778 )
1683 3747 1727 3775 cit.
1741 3746 1810 3777 supra
1825 3755 1850 3774 a.
1867 3755 1909 3775 2⁹.

1154 3780 1262 3808 Append.
1280 3780 1310 3804 ad
1325 3779 1383 3804 obs.
1399 3783 1422 3804 6.
1439 3777 1513 3806 huius
1526 3785 1565 3804 ιο.
1581 3777 1643 3803 sest.

166 3680 209 3713 (p
226 3677 234 3706 )
250 3682 396 3717 Commenq
410 3682 436 3708 in
451 3685 519 3709 Piae.
536 3683 614 3710 Diose.
636 3684 665 3709 ad
681 3685 699 3710 1.
716 3688 743 3709 6.
801 3688 814 3711 ‹
829 3693 846 3715 q
862 3683 877 3714 )
891 3685 953 3715 Epli.
970 3686 1005 3709 Ν.
1022 3685 1051 3710 C.
1069 3687 1125 3711 Dec.
1145 3693 1168 3716 3.
1185 3689 1216 3712 Δ.
1234 3694 1254 3717 3·
1272 3687 1332 3713 Obs.
1351 3694 1403 3719 ¹5²·

164 3714 179 3742 (
193 3712 210 3742 s
223 3711 231 3741 )
246 3714 318 3737 Tent.
337 3722 347 3738 ι
375 3719 417 3748 cit.
478 3720 487 3746 i
502 3721 514 3739 a
529 3714 543 3743 )
560 3715 585 3738 in
602 3714 679 3740 Addit
701 3715 730 3741 ad
744 3714 806 3741 hanc
820 3723 852 3740 io,
870 3717 893 3740 S,
912 3715 969 3740 Obs.
989 3723 1008 3741 ι.
1026 3719 1050 3740 δι
1064 3716 1145 3741 Schol.
1161 3725 1183 3741 2.
1200 3717 1231 3741 ad
1247 3719 1300 3743 Obs
1322 3726 1341 3742 2.

165 3744 173 3773 (
190 3752 206 3769 κ
221 3744 234 3772 )
249 3744 373 3770 Offetvaz.
392 3749 435 3768 cit.
496 3746 505 3771 s
520 3752 538 3776 y
553 3746 568 3774 )
583 3753 613 3779 n..
624 3754 644 3775 9.
733 3753 753 3775 ζ
766 3753 776 3773 )
792 3747 857 3771 Hist·
872 3747 900 3771 de
923 3749 937 3771 l.
958 3747 1033 3770 Acad.
1049 3748 1080 3771 R.
1095 3749 1137 3772 des
1152 3749 1187 3773 Sc.
1205 3751 1227 3773 A
1257 3758 1299 3778 274

169 3776 184 3805 ζ
199 3773 213 3798 b
229 3783 238 3803 j
254 3782 279 3798 n.
299 3783 332 3804 33.
395 3776 402 3804 (
422 3783 434 3800 c
449 3774 464 3805 2
479 3777 578 3801 Lettera
593 3782 636 3801 cit.
652 3785 676 3802 n.
694 3784 730 3806 ²9.
792 3781 804 3806 (
821 3778 837 3801 d
854 3778 867 3805 )
885 3776 947 3802 lbid.
962 3778 1007 3800 cit.
1070 3778 1085 3807 (
1100 3786 1112 3801 ε
1130 3790 1136 3805 J

170 3807 185 3834 (
196 3805 213 3835 f
228 3818 233 3832 i
251 3807 287 3829 De
304 3807 406 3830 Tumor.
425 3812 490 3836 praet.
507 3812 557 3830 nat.
574 3814 595 3831 c.
612 3815 633 3836 3.
696 3816 708 3836 ι,
723 3814 742 3837 g
756 3810 767 3841 ξ
783 3807 869 3837 opusc,
887 3815 910 3841 ι’.
927 3807 951 3831 in
968 3809 1102 3832 Comment
1127 3809 1183 3834 lnst.
1200 3812 1237 3835 sc.
1255 3811 1351 3835 Botion.
1367 3811 1442 3835 'rom-
1460 3817 1482 3836 ι-

167 3837 213 3896 (ζέι
228 3837 242 3865 )
259 3838 293 3860 De
310 3837 378 3860 Med.
396 3839 413 3861 l.
430 3841 451 3860 ⁶.
469 3845 489 3860 c.
510 3844 542 3860 io.
588 3839 617 3867 ,(
632 3838 642 3861 ι’
657 3837 672 3865 )
688 3839 791 3862 Severin.
806 3845 825 3863 c.
846 3846 866 3862 1.
882 3844 926 3862 cit.
942 3837 1011 3867 supra
1027 3838 1056 3862 ad
1072 3846 1142 3868 n.31.
