2498 4075
278 214 457 289 *Epist-
497 223 657 275 Anat,
695 224 912 278 Medica
946 221 1234 277 XXXVHL
1271 223 1390 274 Art.
1430 238 1473 286 5.
1509 232 1556 282 6.
1589 243 1631 290 7.
1666 229 1722 281 ὅ(
1753 227 1798 280 8.

62 311 98 337 ut
121 302 207 345 quafi
234 301 401 338 suffocaret
424 328 432 335 .
459 302 625 338 Omnibus
647 303 748 336 irritis
773 306 899 338 auxiliis
924 327 932 341 ‚
966 316 1060 347 auge-

63 347 169 381 scente
192 348 225 379 in
257 346 326 380 dies
361 348 499 390 spirandi
531 348 640 383 labore
665 370 675 385 ,
705 348 804 381 debili
838 351 867 381 &
902 347 1058 390 languido

63 390 155 432 pulsu
177 412 190 429 ,
221 390 402 436 leviusculis
424 412 432 425 ‚
467 391 516 424 sed
550 390 668 423 crebris
701 393 801 424 animi
825 390 1057 424 defectionibus

63 442 210 472 tentata,
234 433 315 466 facie
337 435 462 468 tumida
489 457 498 471 ,
529 436 559 468 &
581 434 823 476 quodammodo
857 435 1024 467 livescente
1049 455 1058 471 ‚

62 476 147 510 obiit
173 476 284 510 Idibus
308 478 515 513 Decembris.
646 477 910 511 VENTRls
931 488 1059 512 caveam

65 531 147 562 aqua
170 520 304 561 limpida
336 521 487 564 opplebat
511 546 518 554 .
552 520 730 554 Omentum
764 521 827 554 sine
868 521 1060 563 pinguedine

61 562 424 606 quibusdam-veficulis
438 563 589 603 refertum
604 573 671 597 erat
684 590 692 596 .
825 563 986 599 Thoracis
1009 576 1061 597 ca·

57 616 141 639 »vum
165 607 333 643 dexterum
356 618 493 650 quatuor
525 607 655 640 circiter
691 620 778 650 aquae
810 609 950 646 uncias5
986 607 1062 639 sini-

63 648 160 683 strum
186 661 293 684 autem
314 660 469 693 quantum
504 660 632 691 poterat
656 673 665 687 ‚
701 651 887 684 continebat
914 676 924 690 ,
957 659 992 685 ut
1027 652 1060 684 in

61 692 159 726 sterni
184 693 360 727 exsectione
383 694 528 729 efflueret
553 720 560 728 .
587 696 623 727 In
648 694 709 728 hoc
735 707 813 729 cavo
838 695 949 736 pulmo
981 704 1060 726 non-

62 735 147 769 nihil
170 736 385 777 turne-faetus,
410 742 438 770 δε
463 749 639 779 purpureus
665 763 672 777 ‚
697 749 731 772 ut
755 737 776 771 si
802 737 1059 771 inflammatione

63 790 231 823 correptus
251 778 325 814 esset
352 792 363 818 3
400 783 433 813 in
459 782 557 813 altero
582 792 694 823 parum
719 806 728 819 ,
760 792 812 813 aut
836 780 919 816 nihil
943 780 982 812 ab
1003 791 1058 813 na-

62 825 159 857 turali
193 823 420 858 constitutione
455 825 618 859 recedebat
643 849 652 858 .
697 825 816 858 Cordis
861 825 1060 857 ventriculus

63 867 175 901 dexter
198 879 272 901 curn
308 868 414 901 multo
446 878 598 902 concreto
632 866 784 909 sanguine
817 868 1059 900 concretionem

63 921 193 953 quoque
216 911 330 945 habuit
355 911 545 954 polyposam
568 912 665 952 digiti
688 910 889 944 craffitudine
903 922 972 953 quae
997 920 1065 943 tum

62 955 97 985 in
121 965 232 988 venam
256 958 400 991 Cavani,
424 965 496 988 tum
520 956 554 987 in
579 957 725 988 arteriam
743 955 966 987 Pulmonarem
990 963 1066 994 pro-

61 995 239 1033 ducebatur
263 1025 269 1030 .
305 1000 344 1031 In
369 997 492 1033 sinistro
516 998 709 1041 ejuscemodi
740 998 958 1034 concretionis
993 1005 1066 1030 tan-

63 1040 235 1075 tummodo
260 1041 527 1076 inchoamentum
554 1043 720 1085 apparuit.

76 1122 81 1124 b
106 1095 133 1126 ς.
161 1086 243 1119 Uter
268 1086 456 1128 praeceslerit
483 1084 625 1128 hydrops
652 1110 661 1123 ‚
694 1082 836 1130 thoracis
864 1108 873 1124 ‚
912 1093 950 1115 an
986 1093 1063 1115 ven-

36 1129 121 1161 stris
147 1153 154 1168 ‚
187 1140 251 1161 non
275 1129 317 1163 est
342 1127 434 1164 facile
454 1131 491 1162 in
515 1128 668 1170 ejusmodi
694 1127 836 1163 historiis
868 1127 1062 1168 pronuncia-

61 1182 95 1205 re
121 1196 128 1205 .
164 1172 202 1205 In
227 1172 284 1206 hac
309 1183 415 1206 tamen
441 1171 461 1206 si
489 1182 617 1214 propter
641 1171 729 1204 illius
752 1170 961 1212 depravatam
985 1170 1062 1202 adeo

60 1214 253 1249 strueturam
269 1239 277 1253 ‚
304 1215 409 1257 ipsum
433 1213 665 1259 quoque'velis
690 1216 831 1257 primum
855 1224 970 1254 aquam
995 1215 1063 1246 col-

61 1256 193 1301 legisse3
218 1271 283 1293 non
308 1260 497 1302 repugnabo
524 1286 530 1292 .
568 1260 734 1293 Caeterum
758 1258 802 1291 ob
826 1257 960 1291 eandem
986 1257 1065 1291 stru-

60 1302 184 1335 &curam
207 1304 264 1336 illa
289 1301 456 1342 accidisse,
481 1301 697 1341 crediderim,
721 1314 791 1344 quaa
814 1310 926 1334 contra
950 1312 984 1348 ae
1008 1300 1065 1334 fie-

61 1346 89 1378 ri
117 1345 217 1385 solet,
239 1348 274 1379 in
299 1346 356 1381 hac
382 1345 517 1380 foemina
542 1345 794 1380 observatasunt
811 1367 818 1381 ‚
842 1354 876 1378 ut
901 1343 1064 1378 difficilius

59 1389 194 1430 spiraret
219 1391 251 1423 in
277 1390 308 1424 id
334 1391 415 1425 latus
437 1392 556 1424 cubans
579 1391 612 1422 in
635 1401 702 1432 quo
725 1389 835 1433 pulmo
859 1396 985 1419 tumens
1000 1409 1008 1423 ‚
1034 1391 1065 1420 ὃς

60 1433 201 1474 plurima
226 1443 422 1472 aouaerat,
446 1444 544 1478 utque
567 1435 602 1467 in
624 1434 709 1467 lecto
731 1431 894 1468 confidens
915 1453 927 1471 ,
950 1441 1065 1475 prope-

62 1475 196 1510 modum
222 1476 436 1511 suffocaretur
451 1504 459 1512 .
638 1486 642 1489 ‘

105 1524 135 1552 6.
162 1521 192 1552 V
208 1522 235 1552 E
252 1522 423 1565 TULAE
447 1523 547 1562 coepit
573 1531 729 1556 autumno
755 1517 966 1553 intumescere
991 1529 1066 1551 cor-

59 1573 117 1603 pus
141 1565 345 1602 universum,
371 1564 541 1605 respiratio
566 1566 637 1599 fieri
663 1564 825 1601 difficilis,
851 1567 880 1594 ix
905 1560 971 1608 sitis
995 1573 1065 1594 mn-

56 1604 130 1640 ]esta
146 1632 153 1640 .
176 1607 233 1641 Ad
258 1607 346 1646 haec,
372 1608 429 1641 nisi
453 1610 539 1651 quod
564 1609 631 1641 sitis
656 1609 712 1641 sub
737 1606 831 1639 finem
852 1606 946 1639 desiit
971 1626 980 1642 ‚
1014 1617 1065 1637 ac-

57 1651 143 1683 ceffit
168 1650 253 1683 tuffis
276 1662 349 1684 cum
375 1652 474 1692 sputis
499 1651 685 1686 catarrhalis
712 1650 854 1684 materiae
881 1674 889 1689 ‚
920 1650 956 1682 .&
980 1648 1066 1682 diffi-

58 1694 130 1726 cilis
153 1695 187 1726 in
212 1694 372 1726 sinistrum
399 1696 479 1728 latus
513 1696 685 1729 decubitus
713 1720 720 1733 ,
757 1704 792 1727 ut
827 1702 995 1735 propterea
1030 1693 1062 1725 in

58 1737 224 1771 dexterum
249 1736 313 1770 fere
338 1736 458 1780 semper
475 1740 614 1772 vcubaret
639 1752 647 1771 ς
688 1739 719 1771 in
745 1749 812 1780 quo
844 1736 998 1769 decubitu
1032 1738 1064 1767 &

58 1790 192 1815 mortua
216 1780 259 1813 est
284 1806 293 1820 ,
326 1792 399 1814 cum
433 1782 540 1824 pulsus
575 1782 638 1822 jam
663 1780 692 1816 se
716 1780 744 1814 se
770 1780 847 1815 adeo
881 1781 1063 1812 contraxis-

58 1824 126 1857 sent
150 1847 163 1863 ,
186 1825 241 1856 vix
266 1835 300 1857 ut
325 1826 465 1867 amplius
487 1828 730 1868 perciperentur
752 1848 758 1855 .
888 1825 1004 1856 CAD
1020 1826 1066 1855 A-

56 1868 236 1901 VERIS
260 1869 344 1901 cutis
370 1893 381 1908 ,
415 1871 444 1902 &
469 1869 606 1903 musculi
630 1869 706 1902 dum
731 1867 950 1901 inciderentur
974 1892 982 1906 ‚
1017 1866 1064 1899 se-

56 1921 129 1944 rum
154 1912 304 1944 manabat
340 1913 477 1947 multum
503 1940 510 1947 .
545 1917 655 1946 Serum
693 1912 789 1945 etiam
814 1911 968 1944 Ventrem
1002 1911 1065 1948 im-

58 1954 165 1996 plebat
190 1977 202 1995 ‚
234 1956 291 1997 qui
317 1956 444 1997 ingenti
470 1980 478 1994 ‚
512 1957 561 1990 sed
588 1966 695 1989 tamen
721 1955 812 1991 molli
837 1964 963 1992 tumore
989 1965 1064 1995 pro-

56 1998 294 2032 tuberaverat.
332 2000 406 2032 Hoc
443 1999 548 2034 serum
574 2022 583 2037 ,
617 2001 722 2032 vitreo
758 1998 826 2030 vase
862 2007 1030 2040 exceptum
1052 2016 1062 2034 ‚

57 2042 132 2074 lotii
158 2041 314 2074 referebat
339 2043 482 2076 colorem
508 2069 518 2084 2
550 2054 684 2085 unoque
708 2065 716 2080 ,
754 2051 807 2074 aut
833 2043 932 2074 altero
965 2043 1062 2074 circi-

56 2094 105 2117 ter
127 2084 297 2127 interjecto
321 2086 370 2120 die
397 2111 405 2126 ,
439 2084 704 2122 concrementur-n
743 2087 891 2118 innatans
923 2085 1063 2118 ostendit

57 2128 136 2161 adeo
163 2129 294 2163 firmum
320 2154 327 2169 ,
362 2139 397 2164 ut
422 2143 461 2164 ne
487 2136 613 2173 agitato
638 2129 770 2173 quidem
797 2128 864 2161 vase
893 2154 901 2168 ,
934 2130 966 2160 in
992 2140 1067 2170 par-

56 2181 103 2205 tes
125 2171 336 2206 divelleretur
360 2197 368 2205 .
393 2175 555 2217 Reliquus
581 2174 698 2207 humor
724 2196 731 2210 ‚
760 2173 829 2213 igni
865 2171 1033 2213 impositus
1056 2194 1066 2209 ,

57 2217 154 2258 paulo
189 2215 259 2258 post
293 2216 443 2251 turbidus
469 2243 477 2257 ,
508 2220 539 2251 &
572 2217 698 2250 eraffior
733 2214 837 2249 faetus
865 2240 873 2254 ‚
913 2226 989 2247 mox
1022 2215 1068 2247 le-

56 2271 131 2293 vem
154 2260 398 2292 concretionem
421 2265 454 2294 in
479 2260 631 2294 lateribus
656 2257 734 2293 vasis
759 2257 908 2291 exhibere
931 2259 1031 2298 coepit
1058 2271 1067 2290 .-

55 2303 283 2346 progrediente
307 2313 413 2337 autem
437 2305 688 2347 evaporatione,
713 2302 893 2344 pelliculam
916 2302 952 2334 in
980 2301 1065 2334 sum-

57 2358 115 2379 mo
149 2345 336 2379 efformavit
363 2359 372 2380 .·
410 2347 461 2381 sed
497 2346 665 2389 postquam
698 2346 740 2379 sic
773 2343 863 2378 infra.
888 2344 1064 2378 dimidium

56 2390 235 2423 decreverat
250 2414 258 2428 ‚
283 2389 394 2422 similis
417 2394 554 2425 omnino
581 2390 679 2423 evafit
692 2390 846 2423 cremoris
871 2386 1064 2421 hordeacei.

56 2432 169 2475 Hepar
205 2433 338 2467 maculis
373 2434 512 2468 subalbis
544 2434 598 2467 hic
622 2434 689 2466 illic
714 2431 902 2465 distinffimrn
927 2431 1065 2474 majori-

57 2476 116 2510 bus
141 2477 279 2511 exterius
304 2502 314 2516 ,
338 2477 521 2511 minoribus
544 2479 631 2510 intus
654 2499 664 2516 ‚
690 2476 849 2518 pallebat.
876 2476 956 2508 Lien
982 2487 1063 2518 prae-

56 2520 154 2553 durus
176 2544 184 2553 .
222 2519 383 2562 Lymphae
416 2521 485 2554 vasa
512 2522 598 2554 cirea
623 2521 754 2554 lumbos
778 2543 787 2557 ,
827 2518 974 2561 infraque
1010 2531 1067 2562 per

55 2563 213 2597 interiora
236 2564 356 2596 ventris
381 2585 391 2601 ‚
415 2564 493 2598 satis
510 2563 674 2598 manifesta
698 2574 752 2607 per
778 2563 809 2596 se
827 2563 1064 2597 occurrebant.

187 2607 224 2639 In
249 2606 411 2641 Thoracis
434 2607 558 2642 sinistra
582 2619 674 2641 cavea
700 2608 841 2649 undique
874 2606 994 2640 solutus
1027 2618 1059 2640 e-

55 2657 106 2683 rat
130 2651 241 2693 pulmo
266 2661 276 2687 3
311 2660 342 2684 at
364 2652 398 2684 in
432 2654 562 2685 dextera
596 2661 669 2685 toto
694 2651 818 2685 ambitu
843 2650 883 2685 ad
915 2651 1060 2693 pleurarn

56 2692 169 2727 multis
192 2717 200 2732 ‚
235 2693 337 2736 iisque
382 2694 552 2737 implicitis
576 2717 585 2732 ‚
631 2696 889 2729 membranarum
923 2695 1061 2728 nexibus

57 2736 253 2779 alligabatur
277 2749 286 2770 :
315 2748 392 2780 quas
418 2739 439 2772 si
475 2740 673 2773 membranas
695 2739 909 2772 commeares
935 2753 943 2776 3
975 2738 1059 2771 mul-

57 2791 129 2813 tum
145 2780 213 2813 ,seri
236 2803 244 2818 ‚
281 2780 314 2814 in
337 2793 444 2815 earum
468 2783 653 2816 interstitiis
676 2781 817 2815 conclusi
842 2803 851 2818 ‚
888 2780 1057 2823 prodibat.

58 2823 179 2866 Cordis
208 2822 331 2859 sinibus
349 2836 466 2869 magna
490 2829 585 2869 copi-a
611 2826 771 2867 sanguinis
794 2825 1025 2859 continebatur
1051 2849 1061 2864 ,

57 2866 174 2904 fluidi,
198 2866 363 2909 diluteque
387 2870 533 2904 rubentis
559 2892 567 2906 ‚
592 2880 627 2903 ut
650 2872 684 2902 in
708 2870 786 2901 vasis
810 2870 961 2901 omnibus
987 2881 994 2900 :
1030 2880 1061 2900 e-

8 2928 24 2939 κ
58 2920 172 2953 ratque
196 2917 254 2943 cor
278 2912 364 2944 intra
386 2913 490 2947 serum
515 2938 523 2953 ,
554 2924 620 2955 quo
652 2912 870 2955 pei-icardium
904 2923 968 2945 non
1001 2922 1061 2953 op-

59 2955 185 2997 pletum
210 2952 345 2995 modo,
368 2954 420 2989 sed
444 2959 474 2989 &
497 2956 587 2989 valde
613 2955 718 2990 fuerat
742 2954 913 2989 dilatatum
937 2979 944 2987 .
982 2954 1059 2988 Hoc

59 2995 232 3040 pericardii
257 2995 360 3031 serum
384 3021 395 3036 ‚
418 2999 473 3032 etsi
497 3000 640 3040 colore,
664 3002 696 3032 &
720 2998 818 3032 firmo
844 3011 897 3041 per
922 2997 951 3032 se
985 3009 1063 3039 pro-

58 3041 157 3076 ducto
179 3050 408 3075 concremento
431 3043 488 3076 seri
511 3042 612 3077 simile
636 3041 737 3078 visum
762 3042 805 3076 est
828 3041 916 3085 quod
952 3052 1061 3074 ventre

58 3084 290 3119 continebatur
313 3097 323 3121 3
361 3085 399 3119 ad
422 3086 529 3128 ignem
553 3096 660 3120 tamen
686 3097 750 3119 non
774 3087 940 3120 concrevit
965 3110 973 3125 ‚
1010 3085 1062 3118 sed

61 3139 221 3171 perpetuo
244 3126 407 3174 liquidum
422 3154 431 3168 ,
453 3129 562 3163 sensim
583 3131 739 3168 avolans,
766 3130 869 3163 levem
892 3128 1064 3163 dumtaxat

59 3175 93 3205 in
117 3171 220 3206 fundo
243 3170 322 3204 vasis
346 3173 478 3206 crustam
502 3174 654 3215 reliquit.
682 3173 864 3216 Utriusque
900 3173 959 3207 seri
994 3173 1064 3206 sali-

60 3226 109 3250 nae
145 3213 312 3257 particulae
344 3215 492 3258 inspectae
516 3238 525 3253 ‚
562 3228 623 3250 nec
653 3226 747 3251 certae
781 3216 892 3258 figurae
924 3218 1065 3250 inventae

60 3258 157 3293 sunt:
181 3258 417 3300 particularum
439 3268 545 3292 tamen
568 3261 657 3293 illius
680 3259 740 3293 seri
762 3260 872 3303 figurae
898 3261 937 3294 ab
970 3261 1065 3301 hujus

61 3303 175 3345 figuris
198 3301 350 3335 nonnihil
375 3300 598 3344 discrepabant
623 3329 629 3336 .
656 3306 932 3337 Concrementum
957 3315 1063 3337 autem

61 3346 144 3379 illud
167 3344 256 3388 quod
279 3346 314 3378 in
337 3346 509 3388 pericardii
535 3346 602 3380 sero
624 3349 786 3381 innatavit
810 3371 823 3388 ,
857 3346 961 3381 forma
997 3356 1063 3380 erat

62 3389 297 3433 propemodum
323 3388 498 3431 sphaerica‚
522 3392 552 3423 δι
575 3401 614 3424 ex
639 3392 743 3433 parvis
766 3390 853 3434 quasi
877 3387 1063 3425 veficulisin

64 3444 168 3467 unum
192 3431 350 3474 congestis
373 3432 456 3466 effici
480 3434 649 3468 videbatur
664 3459 671 3467 .

107 3488 139 3520 7.
164 3476 292 3510 Solebat
326 3476 478 3511 Valsalva
509 3487 583 3511 cum
618 3489 732 3519 aquam
765 3479 798 3511 in
836 3479 981 3520 corporis
1014 3489 1066 3512 ca-

62 3531 133 3554 veas
164 3519 294 3553 effusam
340 3520 528 3554 inveniebat
550 3543 560 3559 ‚
603 3521 705 3563 qualis
736 3522 801 3565 ipsa
846 3521 919 3555 esset
941 3545 954 3562 ,
1000 3532 1064 3554 non

62 3565 161 3598 modo
185 3562 350 3597 attendere
371 3587 383 3603 ,
430 3564 483 3598 sed
518 3567 549 3597 δε
582 3575 636 3605 per
669 3567 751 3598 varii
784 3567 908 3606 generis
942 3567 1066 3609 experi—

123 3756 137 3784 (
151 3754 193 3785 d)
224 3755 296 3785 Epist.
331 3759 372 3781 16.
403 3764 428 3781 n.
461 3766 481 3787 ς.

126 3785 137 3816 (
152 3785 194 3816 g)
211 3787 268 3812 Diff-
285 3787 314 3812 de
331 3786 431 3817 Virgine
447 3788 521 3815 Ascit.

547 3759 611 3791 (e)
640 3760 696 3785 Diffi
728 3760 758 3785 de
788 3762 855 3786 Mot.
886 3760 946 3786 Bilis
979 3760 1005 3791 §.
1037 3768 1077 3785 ιι.

1980 247 2040 294 95

1112 312 1219 338 menta
1244 313 1382 345 querere
1400 330 1408 343 ,
1434 304 1513 346 saepe
1535 308 1609 348 igne
1632 316 1724 341 utens
1749 332 1758 346 ,
1784 312 2015 353 nonnunquam
2037 323 2106 346 cer-

1112 357 1217 380 tarum
1242 358 1346 380 rerum
1370 348 1557 384 admistione
1582 373 1589 381 .
1624 351 1754 383 Solebat
1787 364 1917 396 quoque
1956 354 2108 396 lymphae.

1110 391 1269 424 durftuum
1293 388 1375 424 sedes
1399 392 1553 434 inspicere
1577 417 1587 433 ‚
1623 396 1655 426 δέ
1681 393 1742 426 five
1765 396 1789 427 ii
1815 406 1980 439 turgerent
2003 419 2012 433 ‚
2049 398 2111 432 five

1112 435 1201 468 nullo
1237 432 1334 479 modo
1367 433 1394 479 se
1441 436 1612 476 proderent
1637 461 1645 474 ,
1688 437 1867 472 adnotare.
1914 441 2101 483 Utramque

1113 477 1194 510 hanc
1219 488 1283 518 ejus
1307 479 1569 512 consuetudinem
1595 491 1667 512 cum
1692 480 1725 512 in
1749 481 1905 525 plerisque
1929 484 1997 516 aliis
2029 494 2111 526 quas

1115 520 1248 562 reliquit
1271 542 1281 558 ,
1305 520 1400 561 hujus
1424 524 1546 562 generis
1570 523 1862 558 Observationibus
1885 550 1893 566 ,
1925 536 1993 559 tum
2018 527 2051 561 in
2074 539 2110 561 ea

1115 564 1291 610 praesertim
1316 565 1579 599 animadverteris
1602 577 1698 608 quam
1725 567 1823 601 modo
1848 569 2073 611 proposuimus
2100 595 2108 603 .

1114 606 1288 642 Quaerebat
1310 629 1319 644 ,
1355 617 1391 640 ut
1414 609 1508 642 credo
1533 634 1541 648 ‚
1576 611 1699 642 ratione
1728 620 1862 653 utraque
1885 635 1896 651 ,
1926 613 2008 646 unde
2032 626 2112 656 aqua

1112 649 1268 683 extitisset
1290 673 1301 689 ‚
1333 661 1373 683 an
1406 663 1422 683 a
1453 651 1608 693 disruptis
1641 653 1678 686 iis
1702 654 1836 687 vasculis
1860 677 1868 692 ,
1891 667 1927 687 an
1954 656 2080 691 aliunde
2101 672 2110 695 3

1114 698 1134 725 ίι
1161 692 1245 725 forte
1271 695 1339 735 post
1362 695 1493 736 longam
1518 695 1798 731 Observationum
1834 697 1942 730 seriem
1980 712 2016 730 eo
2042 713 2113 740 per-

1112 738 1238 768 veniret
1261 760 1273 776 ‚
1307 747 1342 769 ut
1367 749 1404 770 ex
1429 750 1517 780 aquae
1552 740 1702 780 portione
1723 752 1740 772 e
1775 742 1906 775 vivente
1929 741 2113 784 hydropico

1112 779 1231 811 eductae
1255 778 1335 813 hanc
1361 792 1399 813 ex
1422 781 1460 814 iis
1495 781 1628 815 vasculis
1662 782 1820 818 effluxisse
1843 807 1851 822 ,
1888 784 2075 828 dignoscens
2100 808 2126 824 ,.

1112 822 1262 870 morbum
1291 824 1497 858 insanabilem
1521 828 1747 867 pronunciaret
1774 852 1780 857 .
1814 826 1921 862 Pofita
1951 830 2037 863 enim
2071 831 2112 863 il-

1112 865 1140 900 la
1165 865 1328 907 dmgnoii,
1354 877 1391 899 ut
1415 879 1490 909 puta
1514 870 1545 901 in
1569 871 1717 912 exemplo
1742 872 1815 903 alias
1840 876 1850 910 (
1873 873 1914 910 d)
1938 872 2000 905 tibi
2023 885 2114 907 com-

1117 919 1296 958 memorato
1323 934 1331 948 ,
1354 909 1421 944 haec
1446 911 1613 954 prognofis
1636 912 1866 956 consequitur,
1893 914 2002 957 priscis
2025 928 2113 958 teque

1117 955 1283 993 incognita
1308 977 1317 992 ,
1363 966 1396 986 ac
1430 956 1499 987 vasa
1532 955 1585 989 illa
1611 968 1621 988 .-
1667 968 1805 998 quorum
1839 961 2026 994 inventione
2056 970 2115 993 non

1117 1002 1277 1029 mutatam
1301 995 1358 1029 esse
1394 998 1426 1029 in
1460 997 1521 1031 hoc
1556 999 1671 1033 morbo
1690 1000 1861 1043 prognofim
1881 1024 1893 1041 ,
1926 1004 2114 1036 inconsulto

1116 1037 1722 1087 quidamcontendebantdiligentioris
1746 1045 1924 1086 Anatomes
1948 1046 2115 1088 reprehen-

1119 1085 1202 1115 sores
1226 1095 1234 1118 ς
1260 1083 1314 1115 illa
1340 1093 1446 1116 autem
1471 1084 1512 1116 sic
1535 1094 1657 1118 mutata
1679 1108 1692 1125 >
1727 1088 1873 1121 medendi
1907 1100 2036 1131 quoque
2068 1101 2118 1122 ra-

1118 1127 1241 1159 tionem
1266 1127 1382 1158 mutari
1407 1149 1415 1163 ,
1443 1128 1530 1169 quod
1556 1129 1654 1161 iidem
1687 1130 1845 1169 negabant
1867 1153 1879 1169 ,
1912 1131 2117 1167 manifestum

1119 1169 1160 1201 est
1181 1180 1194 1208 i
1225 1180 1282 1203 cur
1304 1171 1391 1202 enim
1418 1171 1563 1204 Medicus
1595 1170 1788 1206 fortioribus
1822 1184 1874 1206 eos
1899 1184 1992 1208 vexet
2017 1187 2119 1209 reme-

1116 1212 1177 1245 diis
1202 1235 1210 1249 ,
1244 1224 1325 1254 quos
1346 1213 1444 1247 debet
1469 1216 1638 1248 dumtaxat
1674 1226 1735 1256 qua
1771 1218 1895 1249 ratione
1929 1218 2051 1252 diutius
2084 1221 2117 1251 in

1116 1257 1201 1292 vivis
1226 1255 1330 1288 servet
1353 1279 1364 1296 ‚
1401 1269 1463 1290 non
1489 1269 1551 1299 qua
1586 1257 1673 1290 sanet
1698 1280 1707 1295 ,
1743 1262 1885 1301 cogitare
1909 1259 1924 1293 ,ἕ
1958 1261 2016 1295 Sed
2040 1263 2120 1296 Val-

1117 1301 1208 1335 salvae
1240 1300 1335 1341 longa
1359 1312 1440 1344 opus
1464 1300 1553 1334 fuisse
1586 1299 1742 1341 ejusmodi
1767 1303 2041 1339 Observationum
2075 1306 2121 1340 se·

1117 1345 1162 1375 rie
1187 1369 1195 1382 ,
1223 1343 1348 1376 idcirco
1370 1345 1517 1378 dicebam
1546 1368 1555 1383 ,
1580 1346 1656 1384 quia
1682 1345 1813 1388 lympha
1839 1346 1906 1388 ipsa
1929 1349 1962 1380 in
1988 1349 2086 1383 variis
2107 1375 2117 1390 ,

1118 1389 1149 1420 &a
1172 1387 1263 1420 vario
1288 1396 1430 1430 tempore
1453 1390 1538 1421 varia
1565 1386 1627 1422 est.
1655 1390 1746 1427 Quin
1773 1385 2021 1425 Reverhorstius
2057 1395 2120 1433 (e)

1118 1430 1253 1463 addebat
1279 1434 1407 1472 insuper
1431 1431 1494 1465 loci
1520 1432 1601 1465 uude
1627 1433 1777 1474 provenit
1800 1456 1810 1471 ‚
1848 1436 2038 1470 varietatem
2061 1459 2070 1472 ‚
2104 1446 2122 1470 a

1117 1475 1194 1507 laesis
1228 1473 1351 1515 hepatis
1387 1477 1466 1508 vasis
1502 1474 1713 1517 lymphaticis
1744 1474 1829 1510 eum'
1853 1476 1982 1511 ascitem
2024 1478 2084 1513 esse
2107 1501 2122 1520 ³

1118 1517 1259 1550 scribens
1283 1542 1292 1557 ‚
1326 1519 1359 1550 in
1384 1531 1449 1560 quo
1473 1530 1553 1561 aqua
1578 1518 1758 1553 extrahitur
1781 1520 1866 1554 flava
1889 1543 1898 1558 ‚
1925 1524 1956 1555 &
1978 1534 2088 1556 amara
2113 1546 2121 1555 .

1117 1562 1227 1599 Qrcrn
1258 1571 1294 1594 ut
1328 1562 1414 1604 sequi
1449 1564 1612 1595 austorem
1646 1563 1782 1596 minime
1820 1563 1938 1597 necesse
1961 1565 2037 1604 est3
2072 1568 2120 1600 ita

1116 1604 1310 1638 haudsatis
1346 1614 1454 1639 tutum
1490 1606 1633 1640 arbitror
1668 1607 1707 1638 iis
1743 1605 1930 1648 adstipulari
1957 1609 2120 1650 ‘quicum

1118 1649 1244 1681 lioneto
1271 1646 1355 1691 (f)
1378 1648 1496 1681 docent
1522 1670 1532 1686 ,
1563 1660 1579 1682 a
1602 1648 1748 1691 lymphae
1780 1650 1930 1684 ductibus
1961 1650 2019 1685 esse
2050 1665 2120 1688 eam

1118 1703 1232 1735 aquam
1257 1691 1513 1734 hydropicorum
1539 1713 1548 1728 ‚
1582 1703 1655 1734 quae
1679 1693 1810 1734 limpida
1834 1694 1870 1726 sit
1894 1716 1902 1730 ‚
1935 1694 2048 1729 coloris
2070 1707 2124 1732 ex-

1113 1747 1187 1780 pers
1212 1762 1215 1770 2
1251 1744 1307 1767 aut
1329 1735 1460 1768 levicula>
1484 1735 1582 1770 ῑίηὗὶα
1607 1748 1616 1773 5
1652 1748 1667 1768 a
1694 1738 1782 1768 venis
1806 1746 1915 1771 autem
1938 1760 1947 1775 ‚
1981 1751 2054 1782 quae
2072 1741 2124 1784 se-

1118 1781 1147 1814 ri
1171 1779 1265 1812 instar
1293 1778 1330 1811 sit
1353 1779 1438 1811 modo
1453 1778 1565 1819 finceri
1589 1804 1597 1817 ,
1632 1780 1718 1812 modo
1741 1778 1815 1812 aliis
1838 1780 2018 1816 humoribus
2041 1795 2124 1818 com-

1118 1823 1200 1862 mzsti
1228 1846 1239 1863 ,
1263 1824 1358 1854 lirina?
1380 1821 1510 1854 colorem
1533 1818 1699 1864 referentis
1724 1848 1730 1855 .
1763 1822 1830 1856 Etsi
1855 1826 1943 1858 enit-n
1964 1826 1996 1859 in
2033 1838 2122 1870 aegro

1118 1868 1155 1900 de
1179 1878 1245 1908 quo
1269 1865 1335 1907 ipse
1358 1865 1506 1906 loquitur
1530 1886 1539 1901 ‚
1571 1866 1664 1907 cujus
1687 1867 1788 1900 urinae
1812 1867 1963 1902 lixivium
1987 1871 2119 1912 nigrum

1119 1911 1229 1953 potius
1255 1931 1263 1945 ,
1287 1920 1383 1951 quam
1409 1910 1571 1954 nigricans
1592 1931 1605 1947 ,
1629 1908 1688 1942 effe
1714 1909 1909 1945 videbantur
1933 1935 1942 1949 ,
1975 1924 2038 1947 non
2064 1914 2122 1948 nisi

1120 1966 1158 1986 ex
1195 1952 1336 1995 lymphae
1376 1950 1525 1986 ductibus
1558 1950 1688 1985 effluere
1723 1954 1755 1986 in
1794 1964 1940 1988 ventrem
1973 1956 2124 1997 potuisset

1117 2009 1199 2039 aqua
1223 1995 1359 2038 limpida
1383 1996 1437 2028 illa
1462 2006 1558 2035 quam
1581 1996 1734 2029 describit
1758 2008 1769 2035 ς
1804 2007 1849 2041 at¹
1868 1999 1903 2031 in
1937 2000 2007 2034 aliis
2039 2013 2125 2045 quo-

1124 2053 1197 2074 rum
1223 2041 1314 2074 aliter
1339 2041 1439 2075 urinae
1466 2040 1492 2072 se
1516 2039 1654 2076 habeant
1678 2063 1690 2081 ,
1727 2040 1855 2077 aliunde
1880 2043 1984 2086 potest
2012 2055 2125 2091 prove-

1120 2085 1217 2121 nisse.
1611 2102 1614 2104 ·

1164 2129 1192 2160 8.
1220 2128 1344 2163 Deinde
1368 2136 1438 2172 quae
1464 2131 1552 2172 prius
1574 2131 1710 2175 lympha
1733 2141 1800 2166 erat
1825 2134 1982 2178 limpida,
2006 2136 2027 2170 si
2054 2147 2124 2170 mo-

1120 2184 1153 2206 ra
1179 2194 1188 2208 ‚
1222 2176 1253 2206 &
1277 2172 1434 2207 viscerum
1459 2185 1530 2217 quae
1554 2178 1604 2209 vel
1629 2176 1696 2219 ipsa
1728 2176 1866 2221 denique
1898 2189 2085 2223 corrumpat
2112 2202 2122 2219 ,

1120 2216 1317 2259 putrilagine
1342 2216 1473 2249 admista
1496 2222 1640 2253 mutetur
1665 2244 1673 2258 ‚
1699 2232 1774 2253 num
1798 2231 1967 2264 propterea
2001 2235 2016 2256 a
2038 2225 2125 2266 lym-

1121 2258 1191 2308 p'hae
1215 2260 1364 2292 ductibus
1388 2271 1450 2293 non
1487 2262 1596 2295 exiisse
1628 2263 1784 2297 credenda
1817 2264 1860 2299 est
1885 2265 1898 2299 ?
1930 2266 2006 2301 Huc
2025 2267 2126 2301 “falla-

1120 2314 1183 2335 cias
1208 2304 1285 2336 adde
1309 2315 1378 2346 quae
1413 2302 1493 2346 saepe
1516 2330 1526 2345 ,
1562 2305 1620 2338 nili
1654 2308 1728 2348 quis
1761 2308 1913 2351 diligenti
1949 2313 2125 2346 attentione

1119 2356 1229 2400 caveat
1252 2370 1264 2386 ,
1288 2348 1456 2388 imponere
1480 2349 1608 2390 possunt
1634 2350 1667 2382 in
1690 2350 1884 2385 cadaverum
1908 2352 2123 2389 dissectione.

1119 2390 1210 2422 Nam
1232 2402 1308 2433 quae
1334 2402 1413 2432 aqua
1437 2395 1576 2432 primum
1601 2393 1709 2427 effluit
1732 2418 1745 2435 ,
1769 2397 1830 2428 erit
1853 2397 2027 2438 aliquando
2050 2400 2126 2433 lim-

1120 2434 1194 2474 pida
1217 2454 1226 2470 ‚
1260 2445 1325 2466 non
1362 2435 1449 2476 quod
1485 2437 1517 2468 in
1553 2447 1639 2478 aegro
1671 2436 1713 2471 fic
1744 2436 1817 2471 esset
1844 2463 1852 2478 ‚
1883 2439 1935 2474 sed
1966 2442 2054 2485 qnod
2089 2445 2124 2477 in

1119 2487 1250 2510 mortuo
1273 2476 1507 2512 subsidentibus
1530 2480 1731 2514 crassioribus
1765 2483 1932 2523 particulis
1953 2508 1962 2523 ‚
1995 2498 2065 2528 qnae
2087 2487 2123 2523 in'

1119 2521 1246 2553 summo
1271 2521 1313 2553 est
1338 2531 1419 2563 aqua
1456 2524 1566 2563 purior
1599 2524 1640 2556 est
1666 2522 1749 2557 faeta
1773 2548 1780 2555 .
1817 2527 1944 2562 Contra
1977 2530 2123 2573 aliquan-

1118 2563 1161 2596 do
1186 2575 1264 2605 pura
1288 2575 1362 2597 curn
1386 2563 1461 2598 esset
1484 2587 1494 2602 ‚
1525 2567 1564 2599 ab
1597 2568 1664 2608 ipsa
1689 2567 1726 2601 fit
1751 2566 1935 2606 diss‘estionc
1959 2573 2086 2617 impura
2112 2602 2119 2610 .

1114 2608 1165 2640 Sic
1191 2607 1272 2640 olim
1297 2607 1510 2641 animadverti
1531 2632 1540 2646 ,
1576 2621 1649 2643 cum
1674 2612 1707 2644 in
1731 2611 1910 2655 hydropica
1943 2618 2080 2660 quadam
2105 2633 2121 2654 a

1115 2652 1221 2685 sterno
1244 2651 1343 2685 costas
1366 2650 1694 2700 dividereqcoepissem
1719 2668 1727 2691 3
1753 2657 1922 2698 limpidam
1956 2664 2119 2705 prorupis-

1115 2695 1145 2728 se
1170 2707 1177 2726 :
1203 2705 1283 2728 cumv
1304 2706 1413 2729 omnes
1436 2696 1627 2736 divisissem,
1651 2698 1890 2735 sternosublato
1913 2705 2025 2739 vidisl'e
2046 2707 2120 2742 sub-

1115 2738 1284 2772 rubentem
1309 2751 1318 2771 .-
1351 2740 1489 2782 denique
1523 2752 1596 2784 cum
1615 2747 1616 2750 ’
1635 2742 1751 2775 viscera
1774 2746 2017 2783 contrectassem
2043 2775 2052 2791 ‚
2087 2749 2120 2785 Sc

1115 2782 1255 2816 incidere
1279 2782 1334 2816 vix
1356 2784 1533 2826 inciperem
1560 2810 1569 2824 ‚
1602 2785 1764 2828 quidquid
1781 2788 1925 2823 'restabat
1950 2804 2038 2835 aquae
2061 2807 2120 2829 co-

1115 2826 1218 2858 lorem
1243 2825 1375 2860 rubrum
1400 2828 1592 2862 contraxisse
1618 2853 1625 2860 .
1661 2829 1743 2863 Quae
1767 2839 1861 2865 tanto
1886 2837 1990 2877 magis
2012 2847 2118 2872 atten.

1113 2869 1215 2903 denda
1241 2869 1338 2908 sunt,
1361 2881 1484 2912 quanto
1508 2873 1611 2906 minus
1635 2883 1723 2914 aquae
1746 2874 1824 2908 inest
1846 2898 1856 2913 ‚
1883 2888 1935 2911 aut
1961 2879 2118 2923 superest,

1116 2922 1152 2946 ut
1178 2913 1226 2946 vel
1253 2923 1355 2955 pauco
1381 2912 1491 2947 senfim
1517 2937 1526 2951 ‚
1563 2918 1592 2948 δε
1613 2915 1699 2958 quasi
1723 2917 1806 2951 clam
1830 2919 1964 2956 admisto
1988 2924 2117 2960 sancui..

1114 2967 1154 2989 ne
1177 2956 1271 2998 poffit
1294 2957 1383 2989 infici
1398 2982 1405 2989 .
1432 2959 1511 2990 Sunt
1535 2961 1566 2991 δι
1589 2970 1659 3000 quae
1683 2960 1729 2992 ab*
1747 2961 1822 2995 laeso
1845 2964 1964 2999 viscere
1988 2954 2116 3011 aliqvuo'

1115 2999 1167 3033 vel
1191 3009 1263 3032 ante
1277 3000 1480 3041 Sectionem,
1504 3011 1540 3035 ut
1562 3003 1745 3037 indicabam
1761 3027 1768 3041 ‚
1793 3005 2029 3049 admiscentur,
2055 2996 2118 3045 rui—⁵

1116 3054 1173 3090 nus
1195 3043 1366 3085 deceptura
1392 3045 1448 3078 ubi
1469 3047 1500 3078 &
1524 3044 1650 3079 visceris
1675 3046 1759 3081 laesio
1783 3060 1896 3092 magna
1921 3053 1985 3094 est,
2010 3058 2118 3091 &ma-

1116 3098 1169 3129 Jor
1193 3098 1302 3132 eorum
1326 3088 1416 3129 copia
1444 3112 1451 3121 .
1495 3090 1545 3121 Sic
1568 3089 1650 3132 apud
1674 3091 1884 3128 Schacherum
1919 3098 1972 3139 (g
1995 3102 2005 3136 )
2041 3112 2115 3134 cum

1118 3130 1193 3164 esset
1217 3131 1426 3171 conjunctum
1451 3131 1539 3164 asciti
1562 3134 1711 3167 ovarium
1745 3136 1919 3178 plurimum
1953 3143 2083 3176 aucium
2106 3166 2115 3182 ‚

1117 3175 1148 3206 &
1183 3175 1365 3210 vitiatum;
1405 3176 1522 3209 mirum
1555 3187 1617 3209 non
1651 3177 1715 3212 fuit
1740 3201 1749 3216 ,
1783 3192 1897 3223 aquam
1932 3181 2007 3217 satis
2031 3186 2115 3218 alio-

1117 3218 1197 3259 quin
1223 3240 1234 3266 ³.
1258 3226 1293 3250 ut
1319 3218 1486 3266 videbatur
1508 3243 1521 3259 ,
1544 3219 1713 3262 limpidam
1740 3248 1748 3261 ‚
1772 3233 1825 3263 per
1849 3229 2111 3267 evaporationem

1117 3270 1189 3293 mox
1223 3271 1254 3294 ιη
1280 3259 1482 3302 substanttam
1509 3264 1655 3309 pinguem
1692 3264 1834 3308 coaluiffie
1869 3268 1916 3300 ita
1941 3294 1951 3309 ‚
1984 3279 2019 3303 ur
2037 3281 2115 3313 par-

1118 3310 1180 3337 tem
1204 3315 1296 3336 mmm
1318 3309 1405 3345 aqua*
1421 3308 1635 3348 evaporatione
1659 3307 1766 3342 abacia
1788 3330 1798 3345 ‚
1833 3317 1895 3342 tres
1918 3322 1989 3346 vero
2010 3319 2116 3355 parrer

1117 3345 1232 3388 refidzm
1260 3348 1364 3395 portio
1389 3347 1521 3392 *sebacea
1554 3349 1711 3394 efficeret.
1746 3351 1797 3384 Sic
1832 3356 1929 3388 etiarn
1962 3357 2115 3391 Alberti-

1117 3401 1193 3422 num
1215 3392 1347 3423 memini
1370 3392 1522 3426 audivisse
1546 3395 1620 3427 cum
1642 3395 1764 3427 diceret
1788 3420 1797 3434 ,
1829 3400 2031 3439 quorundam
2055 3402 2116 3443 hy-

1117 3434 1324 3483 dropicorum
1350 3444 1443 3475 aquas
1468 3458 1477 3473 ,
1510 3437 1737 3486 evaporatione
1771 3432 1916 3477 adhibita
1939 3465 1952 3482 ,
1974 3451 2023 3476 'ex
2055 3447 2117 3477 mi-

1118 3488 1202 3523 nima
1228 3486 1317 3527 parte
1342 3478 1499 3519 avolasse,
1522 3483 1566 3513 ex'
1584 3482 1723 3515 maxima
1748 3485 1758 3520 (
1781 3483 1876 3517 credo
1906 3486 1950 3520 ob
1975 3487 2116 3529 aliquam

1116 3521 1308 3570 ejuscemodi
1332 3521 1477 3569 causam)
1502 3523 1798 3562 concreviffe,cum
1823 3527 1981 3569 aliorum,
2004 3531 2122 3566 eodem·

1117 3563 1375 3606 adhibito‘ignis
1399 3566 1499 3608 gradu
1522 3591 1531 3609 2
1558 3579 1594 3608 ex
1617 3569 1756 3602 maxima
1779 3570 1972 3614 avolaffent‚
1996 3585 2035 3607 ex
2057 3578 2119 3609 mi-

1991 3619 2080 3653 nima

1326 3703 2114 3720 Ἢ

1141 3760 1209 3791 (f)
1242 3759 1302 3785 Sest.
1334 3758 1377 3783 hac
1409 3766 1445 3795 ²¹5
1478 3760 1559 3788 Schol.
1591 3762 1620 3786 ad
1647 3761 1708 3787 obs.
1742 3764 1775 3787 18.
