2498 4075
554 223 708 291 Epist.
743 223 908 278 Anat.
939 222 1141 277 Medica
1172 221 1281 276 LV·
1315 219 1435 276 Art.
1466 236 1545 285 25.

32 303 120 337 circa
143 302 185 336 A.
214 301 307 344 1676.
330 308 368 336 ut
389 301 425 335 in
448 300 596 335 Historia
618 301 731 342 Regiae
764 300 852 335 illius
887 301 1039 335 Scientia

37 357 108 380 run
129 345 312 379 Academiae
331 348 403 384 (a)
427 343 615 384 indicatur,
650 345 718 377 imo
750 346 783 377 &
814 345 857 378 A.
885 348 975 384 1706.
1002 354 1039 379 ut

38 387 136 423 fufius
158 387 198 421 ab
220 387 398 431 Rudolpho
416 387 542 433 Jacobo
565 387 755 420 camerario
779 386 843 430 (b)
867 387 971 421 videre
982 399 1038 430 po-

38 435 114 467 tetis
133 439 426 465 ,commemoratum
447 455 455 468 ,
483 433 524 465 ⁴&
547 430 653 464 rursus
677 431 718 462 A.
748 440 842 474 1747.
877 439 912 463 ut
936 433 1037 465 Com.

35 476 192 510 mentaria
216 474 338 509 versans
362 473 494 509 laudatae
517 473 771 513 Academiaest)
785 474 917 516 reperies
931 498 938 507 .
952 476 1040 508 Sem-

38 530 94 563 per
118 526 223 552 autem
245 518 294 552 ibi
316 518 412 561 culpa
433 515 551 560 rejecta
569 515 614 550 ‚est
637 518 671 550 in
695 518 808 550 vitiata
832 516 938 550 secalis
969 529 1042 560 gra-

33 573 78 595 na
98 584 112 602 ,
133 562 252 605 quippe
274 562 309 594 in
328 562 461 595 caritate
484 570 617 593 annonae
641 571 655 592 a
681 560 870 602 pauperibus
893 584 905 600 ,
929 570 1043 602 praeter

30 616 116 648 quos
139 606 296 638 neminem
318 605 346 638 is
375 603 578 645 corripiebat
599 602 756 642 morbus,
779 604 813 636 in
837 603 974 646 paranda
988 603 1038 636 fa-

34 650 105 681 rina
126 659 199 682 cum
221 648 357 689 integris
379 645 547 691 probisque
567 647 673 689 granis
696 646 822 680 reliiffta:
857 657 927 689 quae
960 646 1038 679 alibi

34 702 166 734 quoque
186 712 197 728 ‚
233 691 387 725 nimirum
409 699 482 724 cum
504 689 599 732 sylvae
621 689 774 723 herciniae
798 690 919 722 incolas
952 689 1037 723 idem

33 742 161 768 vexaret
183 733 336 774 morbus,
362 734 433 768 sunt
456 733 541 776 apud
563 733 766 767 Brunnerum
786 734 855 772 (d)
877 732 1036 767 accusata.

33 775 111 820 Ipsa
133 786 240 811 tamen
260 776 324 811 fine
344 785 430 810 certa
461 786 634 819 corpo-rum
669 774 875 817 dispositione
910 784 1037 810 tantum

31 819 193 864 potuisse,
214 831 279 855 non
300 819 512 857 crediderim,
536 827 613 853 tunc
634 818 768 859 saltem,
788 829 861 852 cum
876 830 977 854 mares
988 819 1039 853 so-

33 864 126 904 lum,
149 870 216 897 non
239 861 390 897 foeminas
412 886 423 902 ‚
447 863 469 896 fi
492 873 604 905 paucas
625 862 764 904 excipias
786 862 939 904 puellulas
963 886 972 901 ,
1005 864 1039 896 in

32 905 152 940 iisdem
173 907 264 949 pagis
286 906 393 940 eadem
416 906 577 941 invaderet
587 915 773 948 gangraena.
800 906 961 939 Caeterum
974 906 1039 948 ple-

33 960 171 993 rumque
189 950 270 984 ⁴alias
293 959 466 992 utrumque
488 950 596 983 sexum
619 946 808 982 infestabat:
832 949 951 982 &alibi
974 950 1039 982 alio

33 1002 178 1036 tempore
202 993 369 1036 aliquanto
382 993 510 1033 aliter,
534 1002 570 1027 ut
595 992 673 1025 alios
701 1002 833 1034 ¹>quoque
865 1002 1038 1033 occuparet

33 1045 146 1076 artus,
169 1035 333 1079 partesque
356 1036 456 1076 alias,
479 1045 515 1070 ut
539 1036 714 1077 plurimum
738 1043 841 1068 autem
875 1047 890 1069 a
922 1035 1035 1078 digitis

33 1080 152 1123 pedum
174 1079 350 1122 inciperet:
387 1080 509 1123 reliqua
532 1077 716 1113 discrimina
733 1099 742 1116 ,
775 1078 894 1118 libros,
917 1081 950 1111 δε
971 1079 1039 1113 Au-

32 1121 138 1158 &ores
183 1133 241 1157 uos
263 1123 453 1163 nominavi,
475 1122 729 1165 inspiciens‘,per
752 1130 784 1154 te
797 1120 938 1154 videbis.
962 1123 1036 1163 Ego

34 1168 122 1200 enim
145 1177 161 1199 a
208 1177 264 1199 eos
283 1166 373 1201 casus
403 1166 521 1204 redeo,
544 1166 577 1198 in
600 1165 715 1208 quibus
738 1175 775 1198 ea
797 1175 892 1207 grana
915 1165 1036 1198 accusa-

34 1210 66 1244 ri*
87 1218 150 1242 non
174 1218 343 1252 poterant.
371 1210 417 1243 Et
442 1209 630 1243 Benivenius
653 1207 783 1250 quidem
826 1210 888 1247 (e)
913 1208 966 1241 ubi
998 1207 1036 1241 de

33 1250 161 1287 infelici
183 1254 275 1286 exitu
297 1252 441 1296 loquitur
463 1262 703 1296 gangraenarum
735 1262 753 1284 a
775 1249 883 1292 digito
916 1250 1003 1292 pedis
1025 1274 1038 1291 ,

35 1295 214 1339 praesertim
237 1299 271 1331 in
296 1295 442 1336 senibus,
467 1295 715 1338 incipientium,
738 1292 862 1337 aliquid
885 1292 950 1327 huc
962 1295 1039 1328 atti-

33 1350 111 1373 nens
136 1338 265 1374 videtur
287 1339 429 1373 indicare
448 1365 457 1377 ,
478 1350 553 1374 cum
576 1338 710 1379 incipere
727 1338 1036 1379 .carnem,ait‚pau-

33 1383 129 1417 latim
152 1382 339 1425 nigrescere,
364 1383 417 1417 vel
438 1383 587 1416 liventem
604 1379 678 1423 fieri
693 1393 703 1413 :
732 1380 809 1422 quin
842 1382 885 1414 &
916 1381 1037 1417 ariciam

34 1426 164 1459 interim
186 1433 281 1468 atque
298 1424 432 1468 siccam.
457 1428 505 1458 At
528 1425 665 1461 certius,
690 1434 724 1456 ae
748 1423 886 1465 apertius
919 1423 1035 1457 Hilda-

35 1479 97 1502 nus
117 1467 178 1511 (f)
200 1470 235 1502 in
260 1467 459 1510 septuaginta
481 1468 740 1503 annorumviro,
763 1464 914 1508 podagrae
936 1466 1039 1500 obno-

34 1512 114 1551 xio,
137 1522 339 1555 gangraenam
361 1511 511 1547 describit
538 1510 604 1553 post
628 1509 792 1543 molestum
817 1509 951 1552 frigoris
973 1510 1040 1544 sen-

35 1554 126 1594 sum,
149 1556 183 1588 &
205 1555 389 1599 stuporem,
414 1568 429 1589 a
452 1555 565 1598 digitis
576 1552 664 1596 pedis
686 1552 804 1587 sursum
816 1553 968 1594 paulatim
982 1553 1043 1585 ser-

38 1607 166 1640 pentem
190 1597 231 1632 fic
255 1608 290 1633 ut
316 1610 390 1640 pes,
414 1602 447 1633 &
470 1609 540 1632 crus
562 1597 708 1629 carbonis
740 1595 835 1629 instar
869 1598 961 1638 nigra
987 1595 1042 1629 fie-

33 1649 123 1683 rent,
146 1640 288 1684 frigida,
310 1645 343 1675 δε
366 1642 455 1684 supra
478 1640 610 1674 modum
633 1638 710 1673 sicca
734 1641 767 1672 δε
789 1647 956 1673 extenuata
978 1637 1041 1672 fine

34 1685 106 1719 ullo
129 1696 273 1728 unquam
293 1684 429 1724 dolore,
451 1684 544 1728 pulsu
567 1692 674 1717 autem
708 1683 761 1715 vix
782 1680 935 1715 nonnihil
968 1693 1040 1716 mu-

32 1736 129 1768 tato,
152 1729 185 1760 δε
209 1729 358 1771 appetitu
380 1728 437 1762 vix
462 1728 658 1770 depravato.
696 1724 787 1760 Idem
811 1726 925 1760 Smetii
963 1725 1037 1758 Obr-

35 1770 249 1805 servationem
273 1769 396 1813 profert
417 1774 507 1815 (g),
529 1768 617 1813 pedis
640 1768 789 1803 videlicet
812 1769 846 1802 in
868 1768 1001 1802 muliere
1021 1784 1036 1806 ,

31 1813 263 1856 ejusdemmodi
289 1813 436 1856 sphacelo
458 1814 620 1854 correpti,
654 1822 689 1846 ut
714 1811 819 1846 aridus
843 1834 855 1852 ‚
887 1812 1039 1854 nigerque

28 1858 178 1899 lingua-m·
198 1857 356 1892 bovillarn
380 1856 510 1891 referret
533 1855 627 1889 fumo
649 1854 830 1890 induratam
845 1879 852 1887 .
877 1854 954 1888 Huc
967 1866 1037 1897 quae

30 1900 210 1936 Barbettus
233 1900 297 1944 (h)
320 1900 359 1933 de
382 1910 550 1943 gangraena
574 1897 673 1933 tradit
686 1897 888 1937 (corianum,
914 1909 952 1930 ex
964 1908 1036 1940 par-

26 1952 61 1978 te
84 1945 241 1980 accedunt
265 1967 277 1985 ‚
308 1944 464 1977 nimirum
487 1941 573 1986 quod
597 1954 613 1975 a
636 1941 754 1984 pollice
776 1941 873 1974 soleat
904 1941 1037 1974 initium

26 1986 163 2029 sumere,
174 1990 209 2022 in
230 1986 366 2024 crustam
389 1985 504 2020 siccam
524 1984 710 2027 degeneret,
734 1984 824 2019 nullo
846 1982 964 2019 foetore
977 1983 1037 2025 fit,

28 2032 63 2064 δε
85 2030 200 2065 dolore
222 2029 401 2073 aliquando
423 2030 536 2064 nullo.
562 2029 659 2063 Nunc
681 2039 752 2071 quae
776 2026 858 2061 mihi
882 2038 936 2068 per
949 2028 1038 2060 litte-

26 2084 79 2107 ras
99 2074 260 2118 descripta
282 2073 344 2114 fit,
365 2074 493 2116 accipe,
516 2082 589 2106 cum
612 2070 788 2113 Matthaeus
813 2072 1004 2105 Torn=ierius
1026 2094 1036 2109 ,

29 2116 292 2159 spectatus-dmm
316 2118 458 2155 viveret,
481 2118 565 2149 inter
587 2115 760 2148 Vicetinos
796 2112 944 2148 Medicus
980 2126 1039 2156 pro

29 2161 164 2195 Gemite
187 2159 437 2196 Gemerofiffimo
458 2157 706 2193 messconsuleret
729 2167 872 2191 extremo
904 2158 1040 2191 Februa-

32 2204 84 2238 rio
108 2203 210 2239 mense
233 2206 279 2239 At.
309 2213 401 2246 1720.

74 2257 127 2290 25.
157 2248 190 2282 Is
211 2247 330 2290 gracili
354 2245 627 2290 hab·itu‚egregi0
638 2245 765 2282 colore,-
791 2244 916 2284 alacer,
932 2255 1039 2286 prom-

30 2300 125 2334 ptus,
151 2301 305 2334 vegetus,
329 2289 474 2325 robustus
499 2288 602 2324 adhuc
624 2297 691 2321 ,erat
713 2298 784 2322 cum
807 2298 924 2322 annum
949 2298 1040 2331 quar-

31 2344 102 2369 tum
127 2334 220 2377 supra
243 2332 475 2376 cifiogefimum
498 2330 666 2375 exegisset,
710 2331 799 2364 nullo
822 2341 964 2373 unquam
1008 2332 1042 2362 in

33 2387 103 2411 tam
126 2378 224 2420 longa
247 2379 316 2411 vita
337 2384 504 2418 correptus
528 2374 642 2409 morbo
672 2375 728 2417 qui
752 2373 961 2407 adnotatione
993 2373 1042 2407 di-

31 2432 113 2465 gnus
139 2419 232 2454 esset.
263 2421 328 2454 Sub
345 2420 492 2465 Januarii
517 2417 611 2462 finem
634 2417 768 2451 insolito
790 2416 922 2460 frigoris
944 2416 1040 2455 sensu,

30 2464 100 2507 post
124 2463 271 2498 triduum
295 2473 401 2498 autem
425 2471 517 2495 tanto
539 2461 662 2503 frigore
685 2458 852 2501 prehensus
883 2460 928 2494 esti
949 2482 959 2498 ‚
1006 2471 1042 2494 nt

31 2508 154 2542 lestum
176 2516 281 2548 petere
303 2514 495 2549 cogeretur,
517 2505 626 2548 ibique
648 2504 864 2538 nihilominus
888 2504 985 2539 horas
1008 2516 1041 2537 a·

30 2552 140 2595 liquot
163 2550 325 2593 frigeret,
348 2550 450 2592 donec
474 2548 591 2583 calidis
612 2544 725 2589 saepius
749 2547 888 2581 admotis
910 2546 1039 2589 iinteis,

34 2605 155 2637 corpus
180 2593 310 2630 tandem
334 2594 494 2636 reliquum
512 2589 674 2627 calesceret
697 2603 709 2630 3
740 2589 792 2625 sed
815 2591 903 2634 pedis
927 2587 1039 2623 sinistri

29 2648 140 2672 omnes
163 2637 292 2680 digiti,
314 2639 347 2670 δε
372 2635 556 2670 metatarsus
580 2633 773 2676 frigidiffimi
800 2643 1037 2676 permanerent,

31 2681 117 2715 nihil
141 2681 314 2719 sentirent,
339 2681 455 2722 vixque
478 2680 693 2714 fleetentium
729 2677 945 2712 musculorum
979 2678 1010 2710 vi
1035 2702 1044 2716 ,

33 2735 174 2767 quorum
199 2723 350 2756 videlicet
374 2733 500 2756 carnem
523 2724 557 2756 in
582 2721 655 2763 ipsis
678 2718 792 2763 digitis
813 2731 877 2755 non
887 2717 963 2761 effe,
987 2731 1046 2753 no-

39 2768 102 2807 sti,
125 2765 278 2801 nonnihil
301 2766 523 2799 Reifferentur:
548 2768 581 2802 ὅ(
602 2764 691 2807 quod
714 2764 819 2797 multo
842 2763 981 2797 deterius
1013 2775 1047 2796 e-

36 2820 109 2849 rat,
132 2808 287 2843 lividulus
311 2807 461 2851 postridie
483 2808 575 2841 color
597 2806 661 2850 jam
685 2819 701 2841 a
725 2806 841 2850 pollice
880 2808 914 2841 in
947 2817 1047 2839 meta-

36 2853 157 2889 tarsum
179 2861 309 2896 pergens
333 2850 662 2885 animadvertebatur.
686 2850 869 2885 Occursum
893 2848 1048 2883 estinter..

36 2898 87 2931 nis
102 2921 113 2937 ,
136 2893 281 2930 externis
300 2905 337 2927 ue
361 2893 530 2927 remediis⁰
553 2892 613 2926 Sed
636 2904 815 2936 quanquam
839 2894 871 2926 in
895 2901 1047 2928 metatar-

38 2941 74 2975 so
98 2941 208 2980 livor,
232 2940 266 2971 δε
305 2939 388 2980 rigus
410 2935 560 2972 nonnihil
585 2938 747 2972 remittere
771 2935 834 2970 visa
859 2936 954 2977 sunt3
982 2937 1048 2969 cir-

38 2995 77 3018 ca
100 2982 195 3017 finem
218 2989 323 3014 tamen
346 2980 510 3014 Februarii
535 2989 673 3013 extrema
686 2979 890 3020 digitorum,
912 2978 976 3025 jam
991 2990 1045 3013 cu-

39 3036 74 3061 te
99 3035 191 3060 erant
214 3025 328 3066 nigra,
351 3022 451 3063 ficta,
472 3026 505 3058 δε
528 3023 650 3058 mumiae
674 3021 771 3056 instar
801 3022 880 3056 dura
902 3045 913 3060 ,
945 3032 1047 3065 neque

44 3069 175 3112 inipso
201 3064 372 3103 metatarso
395 3067 488 3099 initia
523 3066 648 3100 deerant
680 3063 781 3098 futuri
816 3066 942 3103 morbi,
973 3075 1048 3102 cute

41 3113 106 3154 jam
128 3111 252 3148 duobus
275 3109 355 3143 locis
378 3109 411 3142 in
433 3110 501 3152 ejus
524 3108 619 3143 dorso
641 3107 837 3150 nigricante,
862 3111 928 3142 imo
950 3111 982 3140 in
1004 3108 1048 3141 al-

42 3165 113 3190 tero
134 3166 245 3189 eorum
270 3152 416 3187 locorum
439 3153 503 3195 jam
525 3153 620 3188 dura.
643 3150 837 3186 Duriuscula
847 3163 971 3195 quoque
983 3160 1046 3184 erat

43 3200 83 3233 ad
105 3198 225 3232 tarsum
246 3204 335 3229 certo
358 3219 369 3235 ‚
402 3196 457 3230 ubi
480 3194 657 3238 nigricabat
681 3216 690 3231 ‚
716 3195 790 3228 loco
817 3220 824 3227 ,
850 3195 918 3237 Ipse
939 3204 1046 3230 autem

42 3241 143 3276 tarsus
164 3239 328 3275 noviffime
351 3238 452 3275 fastus
475 3246 540 3273 erat
564 3237 712 3272 nonnihil
726 3236 1049 3278 tumidus,&,fidi-

42 3287 116 3328 gito
139 3294 317 3326 premeres,
339 3282 509 3325 vestigium
533 3282 675 3320 servanS,
700 3280 871 3316 &dolens.
898 3282 988 3320 Quin
999 3291 1047 3314 et-

42 3331 108 3362 iarn
132 3326 188 3361 sub
211 3327 316 3370 planta
339 3325 368 3359 se
390 3326 543 3359 extulerat
568 3336 659 3366 parva
682 3325 814 3368 albaque
835 3323 979 3363 vesicula,
992 3327 1048 3361 vix

43 3371 254 3414 pauxillulum
276 3380 364 3412 aquae
386 3371 556 3403 continens
570 3393 577 3400 .
604 3368 658 3402 Ad
681 3369 848 3403 malleolos
870 3368 954 3401 idem
987 3366 1048 3401 fer·

44 3426 97 3449 me
119 3415 174 3458 qui
199 3414 231 3446 in
256 3413 356 3452 tario,
379 3422 507 3447 tumor.
534 3414 619 3446 Crus
643 3413 800 3456 reliquum
824 3411 971 3445 nonnihil
990 3422 1050 3452 po-

43 3461 109 3492 tius
133 3464 359 3491 extenuatum„
388 3457 472 3488 [nter
495 3454 563 3488 haec
588 3466 699 3497 aeger,
725 3454 780 3488 etfi
807 3454 903 3488 febris
928 3477 936 3492 ‚
974 3455 1050 3488 levis

43 3500 199 3544 quidem,
222 3512 236 3532 a
260 3500 365 3533 morbi
389 3509 492 3532 tamen
515 3499 567 3533 die
591 3498 739 3540 septimo,
760 3510 825 3540 quo
835 3500 973 3540 primum
984 3509 1051 3531 coe-

45 3554 157 3589 perat,
190 3542 310 3587 jugit-er
334 3542 505 3594 perstabat,
529 3540 696 3587 pristinam
715 3542 912 3578 alacritatem
931 3564 943 3581 ,
974 3551 1050 3577 con·

1953 225 2038 276 ³43¹

1093 301 1214 335 suetum
1236 299 1342 344 pulsus
1368 300 1492 340 robur,
1521 302 1554 331 &
1576 295 1740 339 appetitus
1760 294 1910 339 vigorem
1920 297 2080 333 retinebat
2087 305 2103 340 ς

1091 353 1128 378 ut
1151 344 1240 378 victu
1251 345 1307 388 qui
1331 343 1369 377 acl
1393 342 1554 377 servandas
1577 341 1658 373 vires
1681 338 1808 373 homini
1830 340 2005 382 praesertim
2015 341 2102 377 haud

1089 389 1135 421 ita
1158 398 1256 430 pauca
1280 387 1366 421 edere
1389 386 1497 421 solito.
1511 394 1576 418 non
1598 384 1701 417 tenuis
1713 384 1977 424 permittebatur,
2001 383 2105 418 liben-

1088 440 1136 464 ter
1158 436 1317 465 uteretur.
1450 430 1533 472 Qae
1556 436 1628 461 cum
1653 424 1851 470 perlegissem
1874 448 1884 464 ‚
1917 436 1974 460 nec
2005 426 2099 470 spem

1091 475 1187 507 ali-arn
1211 475 1365 518 reliquam
1387 470 1465 509 esse,
1490 471 1727 512 intelligerem,
1762 467 1820 505 nisi
1843 478 1880 505 ut
1914 469 1992 513 aegri
2026 471 2096 505 vita

1090 518 1195 560 quoad
1219 517 1284 560 ejus
1308 516 1377 551 fieri
1402 515 1502 558 poffet
1518 537 1526 551 ‚
1549 514 1673 548 diutius
1696 512 1949 554 produceretur,
1971 523 2006 546 ea
2019 524 2102 548 con-

1092 562 1187 594 tinuo
1211 561 1375 601 rescripsi,
1398 570 1469 601 quae
1491 559 1545 592 hic
1568 555 1681 590 necesse
1706 566 1769 603 non
1792 555 1834 590 est
1868 557 1979 590 omnia
2010 567 2101 591 com-

1090 614 1278 638 memorare.
1303 603 1380 637 Fuse
1403 605 1489 635 enim
1510 600 1590 643 quid
1613 600 1650 633 de
1677 598 1829 640 praesidiis
1855 608 1925 634 tum
1948 611 2019 643 quae
2043 601 2101 635 ad..

1089 647 1302 687 bibebantur,
1325 656 1396 680 tum
1442 656 1488 679 uae
1512 644 1586 677 addi
1612 642 1734 684 possent
1757 665 1768 681 ,
1793 642 1878 676 mihi
1903 643 2065 678 videretur
2087 667 2101 684 ,

1088 692 1244 732 ingenue,
1266 700 1302 724 ut
1326 699 1381 732 par
1404 687 1433 722 ei·
1459 710 1467 725 ,
1493 691 1525 720 &
1547 685 1695 719 consuevi
1721 683 1863 731 facere„
1880 685 2033 728 exposui.
2061 688 2101 721 In

1088 733 1174 767 hisce
1196 735 1303 767 alteris
1325 743 1400 766 cum
1423 742 1493 774 quae
1506 729 1742 771 improbarem,
1765 738 1820 762 aut
1846 727 1986 770 suspecta
2001 728 2101 764 habe-

1089 788 1174 813 rem,
1199 775 1436 819 significassem,
1461 773 1576 807 diserte
1599 773 1681 804 inter
1716 780 1827 804 caetera
1862 771 1990 804 laudavi
2023 783 2099 806 cum

1088 820 1237 853 Hildano
1257 820 1317 860 (i)
1341 818 1468 852 succum
1492 816 1721 851 lumbricorum
1746 813 1942 848 terrestrium
1966 816 2013 847 ita
2028 836 2038 853 ‚
2062 814 2101 848 ut

1090 862 1221 896 Wierus
1245 862 1386 899 solebat,
1412 870 1561 902 paratum
1576 882 1585 897 ,
1609 859 1747 892 exterius
1770 882 1779 898 ‚
1811 866 1847 892 ut
1878 857 2101 892 exficcationis

1089 905 1264 939 tardaretur
1287 901 1485 948 progressus,
1508 904 1591 945 parti
1615 900 1718 935 adhuc
1745 901 1824 935 sanae
1848 899 2063 935 adhibendum
2091 925 2099 933 .

1090 950 1162 982 Nec
1186 958 1290 982 tamen
1314 948 1426 981 reticui
1442 971 1453 986 ,
1477 944 1535 979 nifi
1558 947 1631 978 anni
1658 955 1781 984 tempus
1806 943 2002 987 praefrigido
2035 945 2102 977 aeri

1089 1003 1211 1035 aegrum
1234 991 1342 1035 pedem
1367 991 1478 1033 saepius
1500 1000 1654 1031 exponere
1669 987 1871 1030 prohiberet,
1896 986 2052 1030 perpendi
2062 988 2104 1020 il-

1091 1036 1146 1070 lud
1169 1037 1268 1068 etiam
1293 1032 1399 1077 posse,
1422 1041 1532 1067 utrum
1554 1031 1616 1065 hoc
1640 1033 1673 1063 in
1696 1030 1769 1064 cafu
1793 1033 1978 1065 imitatione
2001 1030 2102 1074 digna

1090 1078 1162 1112 esset
1187 1079 1272 1111 ratio
1295 1089 1365 1120 quae
1389 1076 1423 1108 in
1446 1074 1579 1109 eundem
1603 1074 1698 1107 finem
1725 1073 1810 1108 haud
1834 1074 2011 1107 infeliciter
2033 1074 2100 1108 ces-

1090 1122 1170 1155 serat
1193 1119 1333 1163 Hagenfi
1356 1118 1487 1152 Medico
1511 1118 1644 1151 Samueli
1680 1116 1819 1150 Cabliau
1841 1116 1931 1157 (k),
1965 1118 2020 1162 qui
2046 1128 2102 1160 pe-

1089 1164 1182 1203 dem,
1202 1166 1235 1197 δε
1258 1174 1330 1197 crus
1354 1162 1451 1195 ferme
1476 1171 1584 1195 totum
1609 1159 1755 1203 sphacelo
1778 1169 1958 1194 emortuum
2005 1161 2104 1201 peni-

1089 1208 1163 1242 cillo
1185 1207 1315 1249 majori,
1338 1206 1456 1247 optimo
1487 1202 1700 1238 terebinthinae
1718 1203 1980 1244 spirituinnnc‘bo
1997 1204 2104 1236 attin-

1084 1261 1181 1294 gere,
1203 1249 1256 1283 vel
1278 1248 1359 1292 quafi
1378 1249 1504 1290 pingere
1526 1244 1985 1293 cumimperassetaffiduhzffime
2002 1256 2104 1284 3c0n-

1090 1294 1216 1328 secutus
1238 1292 1302 1333 est,
1327 1300 1361 1325 ut
1386 1290 1562 1330 torridum,
1586 1290 1648 1323 imo
1671 1289 1799 1322 Mumiae
1810 1289 2104 1330 quastAEgyptiacae

1089 1337 1203 1374 instar,
1227 1337 1309 1379 parti
1336 1334 1439 1368 adhuc
1463 1334 1641 1369 incolumi,
1679 1331 1826 1375 sphacelo
1859 1332 1992 1364 minime
2026 1342 2104 1374 proi.

1088 1380 1252 1423 grediente
1265 1401 1275 1417 ,
1296 1378 1471 1411 adhaereret
1483 1400 1492 1416 ,
1518 1375 1620 1421 sicque
1643 1376 1752 1409 Anum
1775 1376 1948 1417 nonaginta
1963 1375 2103 1410 duorum

1090 1423 1189 1457 ferme
1213 1433 1368 1456 annorum
1392 1420 1509 1454 menses
1533 1419 1766 1464 propemodum
1788 1417 1841 1452 sex
1863 1420 1897 1450 in
1928 1419 2011 1452 vivis
2040 1418 2101 1452 ser-

1090 1469 1196 1500 vavit.
1328 1467 1415 1499 Cum
1437 1473 1550 1497 caetera
1574 1463 1658 1496 faeta
1680 1461 1775 1496 essent
1797 1473 1869 1504 quae
1879 1461 2100 1504 probaveram,

1093 1519 1149 1543 aut
1171 1508 1375 1547 addideram
1397 1519 1496 1549 aeger‚
1519 1506 1543 1540 fi
1566 1517 1631 1539 non
1655 1505 1767 1539 tandiu
1790 1505 2023 1548 quamilla‚at
2035 1516 2105 1539 cer·

1094 1564 1125 1587 te
1148 1553 1270 1587 diutius
1292 1553 1376 1584 vixit
1399 1561 1495 1592 quam
1518 1551 1542 1583 ii
1566 1551 1621 1591 qui
1633 1548 1787 1588 aderant,
1810 1547 1931 1590 sperare
1942 1547 2106 1588 se,osten-

1095 1597 1223 1629 derant.
1248 1596 1337 1629 Nam
1362 1594 1418 1627 sub
1441 1594 1522 1627 Maii
1543 1591 1639 1626 finem
1663 1590 1766 1624 rursus
1790 1602 1844 1632 per
1866 1592 1988 1624 litteras
2020 1603 2101 1625 con-

1094 1640 1194 1674 sultus
1219 1638 1310 1678 sum,
1334 1637 1449 1679 quibus
1473 1635 1618 1669 narrabat
1641 1635 1861 1675 Tornierius,
1885 1636 2053 1669 etiamtum
2070 1647 2101 1668 a-

1093 1685 1231 1722 lacrem,
1254 1689 1302 1715 un
1314 1688 1425 1718 antea,
1450 1679 1540 1722 pulsu
1565 1690 1630 1712 non
1654 1677 1782 1717 debili,
1806 1676 1924 1720 suoque
1937 1688 2107 1721 propemo-

1089 1727 1169 1761 dum
1193 1725 1283 1759 roseo
1306 1724 1443 1758 naturali
1456 1723 1574 1769 ,colore
1595 1728 1716 1764 aegrum
1739 1719 1977 1763 esse,a·ppetitu
1988 1723 2108 1765 vigere,

1092 1781 1156 1803 non
1179 1768 1287 1807 sitire,
1310 1767 1429 1802 lotium
1452 1766 1532 1806 iusta
1551 1767 1644 1807 copia
1670 1763 1821 1804 reddere,
1844 1764 1940 1806 idque
1963 1767 2069 1799 colore
2093 1788 2105 1805 ,

1086 1816 1122 1846 »δέ
1147 1811 1315 1846 substantia
1339 1807 1509 1844 secundum
1533 1817 1677 1841 naturam
1702 1835 1710 1849 ‚
1735 1807 1814 1842 dura
1835 1817 1947 1841 autem
1969 1808 2031 1842 alvi
2052 1820 2103 1843 ‘re-

1089 1862 1250 1889 crementa
1275 1864 1338 1886 non
1363 1852 1419 1886 nili
1446 1852 1582 1896 quinsso
1598 1875 1611 1891 ,
1635 1861 1688 1885 aut
1712 1850 1801 1885 sexto
1822 1862 1950 1894 quoque
1976 1852 2026 1886 die
2044 1861 2105 1892 ,ut

1088 1898 1182 1933 sanus
1204 1896 1427 1931 consueverat.
1453 1898 1496 1929 Et
1521 1894 1671 1928 morbum
1693 1894 1826 1938 quidem
1850 1896 1935 1928 intra
1961 1906 2013 1929 eos
2040 1906 2102 1929 tres

1089 1941 1207 1975 menses
1231 1939 1427 1983 progressum
1450 1937 1533 1977 effe;
1555 1947 1587 1972 at
1611 1938 1767 1980 paulatim
1790 1937 1866 1971 adeo
1889 1961 1900 1978 ,
1932 1941 1963 1971 &
1989 1940 2072 1974 lente
2096 1963 2107 1979 ,

1087 1996 1125 2019 tit
1144 1985 1383 2028 quinquaginta
1403 1983 1532 2015 circiter
1553 1982 1620 2015 dies
1630 1981 1778 2017 transacti
1798 1980 1895 2016 essent
1919 1982 2105 2027 priusquam

1088 2028 1209 2071 digiti,
1231 2031 1264 2060 δε
1289 2025 1494 2063 metatarsus,
1518 2028 1550 2059 &
1574 2024 1612 2058 ad
1637 2025 1801 2058 malleolos
1825 2023 1921 2068 usque
1943 2026 2107 2061 tarsusni.

1089 2083 1142 2115 gri
1158 2094 1167 2110 ‚
1189 2071 1284 2109 duri,
1310 2074 1342 2104 δε
1366 2070 1455 2113 plane
1479 2069 1602 2102 mumiec
1625 2068 1741 2102 limiles
1752 2068 1882 2102 fierent.
1908 2069 2037 2104 Deinde
2049 2082 2104 2104 ve-

1092 2127 1130 2148 ro
1148 2127 1225 2150 cum
1246 2125 1347 2157 prope
1370 2112 1536 2147 malleolos
1558 2113 1672 2155 nigra,
1696 2115 1729 2146 ὃς
1752 2112 1829 2147 dura
1852 2114 1935 2146 cutis
1957 2112 1985 2146 se
2009 2124 2103 2150 extu,

1089 2156 1194 2197 iisset,
1218 2158 1274 2191 sub
1296 2168 1329 2189 ea
1353 2155 1520 2189 forficibus
1544 2156 1670 2196 ablata,
1693 2156 1783 2190 ulcus
1816 2157 1900 2189 inter
1935 2157 2102 2192 malleolos

1092 2198 1382 2235 retectumfuisse:
1409 2198 1497 2242 quod
1521 2196 1616 2240 effet,
1639 2210 1712 2234 cum
1736 2199 1906 2239 scriberet,
1931 2212 2043 2236 manus
2061 2203 2105 2235 la-

1090 2245 1256 2284 titudine,
1277 2243 1385 2277 colore
1411 2241 1449 2275 ad
1472 2241 1665 2284 superiorem
1688 2244 1846 2277 ambitum
1869 2244 1974 2278 vivide
1996 2246 2106 2284 rubro,

1090 2300 1148 2323 nec
1172 2288 1233 2321 fine
1254 2287 1366 2320 dolore
1388 2297 1463 2319 cum
1485 2286 1708 2324 medebantur,
1734 2286 1783 2320 sed
1808 2287 1992 2322 malleolum
2004 2299 2106 2323 exter-

1095 2343 1172 2366 num
1186 2354 1195 2369 ‚
1213 2334 1251 2364 Bc
1275 2331 1364 2363 tibiae
1386 2338 1508 2372 partem
1530 2331 1705 2372 nigricare3
1730 2329 1767 2363 ad
1790 2330 1974 2365 inferiorem
1998 2343 2105 2367 autem

1091 2376 1210 2409 >ulceris
1235 2373 1392 2407 ambitum
1417 2371 1571 2407 fracidam
1595 2369 1671 2411 effe,
1693 2376 1726 2407 &
1750 2374 1913 2416 putridam
1938 2385 2063 2410 carnem
2088 2401 2100 2417 ,

1095 2424 1132 2459 ἃ,
1152 2416 1300 2451 nonnihil
1323 2415 1495 2450 foetentem
1510 2441 1517 2455 ,
1540 2429 1612 2460 quae
1637 2417 1690 2451 ubi
1716 2417 1895 2458 paulatim,
1924 2418 2016 2453 ficuti
2053 2420 2104 2453 fa..

1092 2463 1242 2499 ciebant,
1265 2460 1409 2502 adempta
1435 2457 1533 2499 esset,
1558 2472 1593 2494 ut
1616 2469 1681 2493 erat
1705 2461 1758 2493 illa
1777 2472 1814 2493 eo
1838 2462 1912 2494 loco
1936 2475 2003 2506 quo
2026 2462 2099 2497 tarsi

1094 2505 1224 2539 ariditas
1239 2528 1252 2545 ,
1281 2503 1472 2545 duritiesque
1495 2502 1675 2537 desinebant
1687 2527 1698 2543 ,
1721 2503 1817 2538 visuri
1832 2514 1919 2538 erant
1933 2529 1942 2544 ‚
1956 2517 2031 2541 num
2046 2519 2106 2548 pu,

1090 2548 1174 2582 tridi
1196 2547 1318 2591 aliquid
1341 2545 1494 2587 subeffet,
1515 2556 1564 2585 an,
1580 2546 1738 2590 quidquid
1761 2549 1915 2583 mollis-in
1939 2551 2024 2584 tarso
2036 2545 2105 2585 fue-

1091 2601 1140 2626 rat
1164 2614 1174 2631 ,
1198 2602 1303 2624 revera
1325 2591 1360 2623 in
1383 2600 1534 2624 mumiam
1556 2611 1568 2631 ,
1589 2600 1625 2624 ut
1650 2589 1817 2625 videbatur
1839 2615 1848 2630 ,
1881 2592 1952 2626 esset
1973 2605 2106 2627 conver-

1094 2636 1183 2670 sum.
1208 2633 1308 2673 Quod
1332 2633 1370 2667 ad
1391 2644 1462 2667 crus
1485 2635 1654 2672 attineret,
1678 2635 1815 2669 anterius
1838 2636 1968 2679 quidem
1992 2636 2102 2672 secun-

1092 2679 1173 2713 dum
1196 2686 1341 2711 naturam
1365 2677 1611 2719 propemodum,
1623 2677 1691 2713 sura
1715 2689 1790 2711 vero
1800 2680 1947 2713 nonnihil
1960 2679 2017 2714 offe
2032 2681 2105 2714 sub-

1098 2721 1282 2756 tumidum:
1304 2732 1392 2756 crure
1415 2718 1613 2762 compresso,
1634 2722 1773 2764 aliquam
1797 2723 1830 2754 in
1854 2723 1943 2756 ulcus
1964 2724 2104 2765 exprimi

1099 2768 1187 2808 puris
1209 2773 1354 2807 guttam,
1373 2773 1459 2810 nunc
1483 2764 1651 2797 albicantis
1665 2788 1672 2801 ,
1698 2775 1782 2797 nunc
1806 2765 1901 2799 rubro
1923 2766 2030 2799 colore
2053 2768 2105 2800 in-

1098 2808 1200 2848 fest&
1223 2819 1327 2842 tamen
1351 2817 1416 2848 ejus
1438 2816 1545 2840 cutem
1568 2807 1891 2841 naturalemcalorem
1906 2835 1914 2848 ,
1937 2809 2101 2843 colorem-

1094 2864 1157 2895 que
1181 2852 1318 2884 servare.
1344 2850 1471 2883 Ulceris
1497 2860 1555 2893 pus
1566 2847 1622 2883 esse
1632 2851 1990 2894 variegatumziniusque
2013 2854 2098 2894 parti

1094 2907 1158 2938 qua
1183 2892 1350 2938 putri-dum
1372 2890 1467 2932 esset,
1499 2904 1533 2925 ea
1556 2903 1626 2934 quae
1665 2893 1825 2935 putredini
1859 2894 2068 2931 adversantur
2095 2921 2105 2937 ,

1098 2938 1245 2979 imponi3
1268 2947 1329 2978 qua
1354 2945 1458 2970 autem
1482 2935 1588 2969 vivide
1612 2936 1741 2970 rubrum
1756 2960 1765 2975 ,
1791 2937 2025 2973 lumbricorum
2035 2948 2104 2973 ter-

1098 2981 1245 3015 restrium
1268 2980 1395 3014 succum
1419 2977 1584 3017 adhiberi,
1607 2988 1642 3013 ut
1667 2991 1759 3021 quem
1782 2981 1828 3014 ibi
1851 2993 1916 3025 quo
1941 2994 1978 3016 ue
2011 2984 2102 3017 valde

1100 3024 1279 3066 proficuum
1300 3023 1542 3065 experirentur.
1588 3022 1688 3061 Qod
1710 3025 1870 3067 reliquum
1895 3037 1909 3058 e
1937 3035 1968 3058 et
1991 3051 2000 3065 ,
2034 3027 2101 3061 len-

1098 3076 1165 3101 tam
1188 3067 1277 3101 illam
1298 3063 1489 3101 febriculam
1511 3076 1675 3108 nunquam
1699 3066 1829 3108 abiisse,
1859 3070 1928 3102 imo
1952 3069 2101 3112 aliquan-

1096 3110 1141 3144 do
1166 3112 1260 3144 etiarn
1285 3109 1429 3143 intendi:
1454 3110 1563 3142 nostes
1584 3109 1703 3152 aliquas
1726 3112 1868 3154 inquiete
1904 3113 2026 3146 traduci
2059 3115 2104 3147 ob

1100 3156 1258 3196 pruritum
1281 3154 1313 3184 in
1335 3153 1481 3194 corporis
1503 3152 1650 3194 ambitu,
1673 3164 1904 3197 nonnunquam
1923 3155 1967 3187 ob
1993 3165 2100 3191 motus

1098 3196 1312 3238 spasmodicos
1364 3195 1429 3228 sani
1479 3197 1581 3230 cruris
1604 3219 1617 3235 ,
1655 3196 1792 3241 denique
1824 3206 1900 3233 cute
1930 3208 2103 3240 quantum*

1097 3242 1144 3273 vis
1186 3241 1351 3272 etiamtum
1388 3238 1480 3272 molli
1528 3251 1540 3279 3
1584 3250 1704 3281 aegrum
1755 3250 1860 3275 tamen
1907 3241 1949 3275 ad
1989 3251 2098 3276 extre-

1096 3293 1182 3316 marn
1213 3284 1342 3315 maciem
1377 3281 1434 3315 esse
1465 3280 1623 3317 redafium
1648 3307 1656 3316 .
1781 3285 1867 3318 Cum
1901 3285 1963 3317 alia
1986 3308 2000 3325 ,
2030 3294 2103 3322 turn

1098 3326 1161 3360 hoc
1202 3326 1373 3368 praesertim
1418 3324 1608 3367 postremum
1649 3325 1848 3361 vehementer
1895 3327 2066 3370 displicuit
2087 3354 2102 3372 ,

1097 3378 1134 3403 ut
1167 3370 1253 3412 quod
1283 3370 1360 3402 vitae
1390 3368 1512 3403 diutius
1546 3368 1764 3410 protrahendae
1799 3370 1884 3411 spem
1918 3371 2007 3406 valde
2039 3375 2104 3407 mi-

1101 3422 1210 3445 nueret
1235 3437 1242 3445 .
1275 3412 1426 3444 Attamen
1461 3423 1497 3445 ne
1531 3412 1605 3445 Seni
1637 3411 1879 3449 Generofiffimo
1900 3438 1913 3454 ‚
1942 3416 1976 3447 δε
2032 3417 2105 3450 Me.

1100 3455 1176 3489 dico
1211 3454 1445 3488 Humaniffiino
1476 3455 1600 3496 prorsus
1632 3454 1762 3489 deesse-m
1785 3479 1797 3497 ,
1828 3467 1967 3500 quorum
2011 3468 2099 3493 uter.

1099 3510 1161 3544 que
1193 3499 1237 3531 nb
1272 3509 1305 3530 ea
1338 3509 1408 3539 quae
1442 3507 1531 3530 antea
1564 3497 1745 3541 scripseram
1769 3524 1778 3538 ,
1808 3501 1879 3543 plus
1901 3499 1985 3534 mihi
2006 3513 2104 3545 quam

1100 3543 1164 3584 ipie
1195 3542 1392 3585 agnoscerem
1415 3563 1425 3580 ,
1458 3541 1638 3575 tribuebant
1663 3553 1674 3582 3
1706 3553 1779 3578 cum
1824 3542 1865 3579 ad
1896 3553 2009 3579 caetera
2053 3556 2104 3581 re-

1969 3587 1987 3621 s
1984 3599 2065 3630 pon-

68 3711 2073 3732 Q-ssme-*m—Q———m

108 3807 117 3833 s
136 3815 151 3832 a
166 3807 180 3836 )
197 3809 226 3833 A.
245 3815 310 3836 1710.
329 3806 483 3837 Botaniquei.
541 3808 556 3837 (
572 3806 586 3831 b
601 3808 615 3835 )
630 3806 694 3837 Eph.
713 3808 747 3831 N.
764 3808 793 3831 C.
810 3809 885 3833 cent.
899 3810 922 3831 6.
938 3805 998 3831 Obs.
1014 3807 1054 3830 82.

107 3839 123 3867 ζ
137 3846 149 3861 e
166 3841 171 3866 i
189 3841 224 3863 De
241 3838 327 3862 abditis
344 3838 465 3863 nonnullis
481 3838 525 3862 ἃς.
542 3837 650 3863 morbor.
668 3837 741 3862 caulis
757 3844 777 3861 c.
793 3845 830 3866 7¹·

106 3869 122 3900 ζ
137 3868 152 3892 h
166 3869 181 3897 )
196 3869 309 3898 Chirurg.
328 3869 357 3894 Β,
376 3877 397 3894 π..
415 3869 432 3894 l.
452 3877 474 3896 1.
491 3876 511 3895 ε.
531 3876 569 3898 14.

896 3839 903 3867 (
920 3836 937 3866 f
948 3838 962 3866 )
978 3838 1046 3870 Ceut.
1063 3845 1085 3865 4.
1100 3837 1159 3862 obs.
1176 3837 1245 3862 chii.
1262 3844 1300 3865 9²·

632 3869 647 3899 ζ
662 3869 671 3893 ι’
686 3868 696 3899 ]
713 3868 729 3893 1„
745 3867 813 3898 supra
827 3869 857 3895 ad
873 3877 897 3896 n¹
915 3875 954 3897 ²4·
971 3873 1012 3892 cit.
1028 3874 1049 3895 c.
1067 3874 1106 3898 ¹3·

1117 3806 1125 3836 (
1145 3814 1157 3830 c
1172 3808 1185 3836 3
1203 3809 1231 3831 Α.
1248 3806 1319 3836 1748.
1379 3808 1395 3836 (
1410 3807 1425 3832 d
1440 3806 1455 3837 2
1470 3807 1534 3836 Eph.
1549 3806 1592 3831 ait.
1608 3809 1667 3831 Dee.
1684 3814 1707 3837 3.
1724 3807 1755 3832 A·
1772 3814 1796 3833 2.
1813 3807 1874 3834 ΟΜ.
1890 3816 1950 3842 κῃ

1361 3838 1406 3868 (g
1423 3839 1433 3867 )
1453 3838 1483 3861 de
1499 3838 1588 3866 cangi.
1604 3838 1628 3862 ἃ
1644 3836 1754 3866 sphaeel.
1771 3845 1793 3862 c.
1811 3846 1835 3868 ⁷·
1854 3839 1881 3868 in
1894 3841 1941 3871 fin,

1165 3870 1179 3899 ζ
1196 3868 1213 3893 k
1228 3869 1239 3899 )
1255 3867 1318 3898 Eph.
1335 3869 1372 3894 N.
1387 3870 1417 3894 c-
1433 3869 1494 3894 Det.
1508 3874 1533 3900 3.
1550 3869 1581 3894 Δ.
1596 3876 1617 3899 5,
1633 3869 1657 3894 δι
1670 3871 1696 3895 6.
1711 3867 1772 3896 ebs.
1787 3876 1841 3899 215.
