2498 4075
431 29 502 83 lvi

493 107 661 153 quomodo
683 109 924 155 promovenda.
950 109 1045 144 Praef.
1069 113 1107 153 ad
1129 113 1202 148 libr.
1228 123 1256 156 5.

958 31 1320 90 INDEX
1387 37 1968 98 NOMINUM

1501 117 1667 153 dissectio.
1692 121 1749 155 iv,
1778 131 1829 164 13..

364 151 546 189 Anatomes
573 153 725 187 Prafflcae
749 155 895 189 utilitas.
921 151 1014 189 Praef.
1039 156 1177 196 adsibr.
1209 168 1235 190 ι.
1272 167 1302 193 2.
1331 165 1365 203 33
1414 157 1605 206 Aphornius
1628 162 1828 205 Sylv.2.'Saiii.
1852 175 1891 198 ex
1912 163 2033 199 Caesar.
2067 167 2168 218 Qcad.
2199 168 2247 202 N.
2282 168 2324 203 C.
2358 169 2427 203 laus

447 209 469 242 4
494 238 635 280 majorne
660 238 726 278 fif,
751 252 847 285 quam
874 242 1051 278 Anatomes
1070 242 1224 280 'sanorum
1247 255 1364 287 corpo-

539 293 631 315 rum.
659 281 752 318 Praef.
779 286 818 323 ad
842 286 916 319 libr.
942 296 971 328 5.
1175 328 1177 331 Ι

489 334 607 401 coEtra
632 328 737 403 migrcius
762 329 931 371 probantes
956 328 1082 371 defensa
1099 358 1106 366 .
1133 330 1226 369 Praef.
1250 331 1288 365 ad
1324 332 1364 366 li.-

559 380 584 401 r.
614 379 641 402 1.
743 398 749 404 .

492 411 576 446 unde
599 412 633 444 in
655 382 910 456 ipsa3interdum
933 414 1158 460 deceptiones,
1182 422 1366 462 &quomo-

533 456 576 489 do
599 458 762 491 cavendae.
791 457 886 493 Praef.
910 459 950 492 ad
972 460 1048 494 libr.
1079 472 1106 497 1.

489 500 525 532 in
547 510 583 532 ea
606 502 784 540 rariorum,
811 512 848 535 an
873 501 1092 544 vulgatiorum
1106 506 1296 540 morborum
1309 506 1369 541 ob-

536 543 726 577 servationes
749 545 810 578 sint
833 545 1000 580 utiliores.
1027 549 1116 582 Praef.
1154 549 1196 583 ad
1231 551 1306 583 libr.
1336 562 1367 594 4.

490 587 524 619 in
548 598 582 620 ea
607 597 671 620 non
695 586 789 624 facile
813 590 1112 631 pronunciandum,
1137 593 1257 627 nullam
1281 606 1368 629 inor-

533 628 695 702 Xivfume
718 632 845 667 causam
879 643 950 676 quae
984 634 1110 669 caderet
1144 636 1203 671 sub
1234 638 1338 672 sensus
1360 662 1367 670 .

511 714 517 719 .
592 697 600 705 .
627 683 676 717 14.

488 715 631 757 ejusdem
656 717 704 750 vel
729 719 761 751 in
786 718 972 754 dedocendo
995 722 1140 756 utilitas.
1171 724 1259 756 XVI.
1284 733 1335 766 25.

358 760 562 794 Anatomicis
585 762 618 792 in
642 763 866 803 experimentis
891 762 963 797 feies
978 787 989 804 ,
1025 765 1206 807 praesertim
1252 779 1360 803 recens

445 804 538 842 nati,
560 802 683 837 diutius
704 807 843 839 vsvunt.
869 808 946 840 LII.
974 811 1023 840 26.
1247 823 1249 827 ’

361 847 597 890 Aneurysmata
622 847 749 881 interna
773 860 831 882 cur
855 851 905 884 vel
931 850 1040 893 priscis
1062 852 1264 896 temporibus
1278 852 1371 889 fuisse

442 887 597 924 credenda
620 889 681 922 smt
697 915 705 924 .
730 893 854 928 LXIV.
883 904 933 936 ¹7·
1194 903 1197 904 ’

576 943 654 967 num
680 935 834 979 Antiquis
858 936 933 970 satis
956 947 1055 976 nota,
1087 942 1117 973 &
1160 951 1219 975 cur
1272 952 1336 975 uon
1363 965 1372 976 .

619 978 726 1010 XVII.
756 989 782 1010 Ι.
807 982 838 1013 &
861 980 946 1022 seqq.

573 1031 630 1054 cur
653 1021 840 1065 plerumque
877 1024 1063 1066 adjunctam
1097 1025 1238 1061 habeant
1268 1027 1366 1061 vehe-

619 1074 761 1099 mentem
784 1068 972 1102 arteriarum
995 1069 1232 1111 pulsationem.
1248 1073 1364 1106 XXIV.

575 1153 743 1195 quomodo
766 1152 828 1187 sint
852 1154 1015 1189 interdum
1052 1155 1117 1190 sine
1149 1158 1334 1198 pulsatione
1358 1180 1367 1196 ‚

616 1196 649 1245 ὃς
673 1196 812 1239 pulsatio
835 1198 900 1232 fine
923 1199 1103 1242 aneurysrn.
1141 1202 1221 1237 Vid.
1257 1202 1367 1236 Pulsa-

616 1247 685 1272 tio.
1192 1264 1195 1265 ν

344 1280 633 1324 :Aneurysmatum
657 1283 799 1324 quaedam
823 1284 958 1319 divisio.
986 1288 1090 1319 XVII.
1116 1296 1149 1329 5.

483 1325 624 1359 duorum
648 1326 681 1358 in
706 1327 815 1360 eodem
839 1328 991 1369 homine,
1014 1331 1148 1368 Aortae,
1170 1333 1200 1365 St
1223 1334 1363 1375 Cordis,

531 1376 639 1402 utrum
664 1370 872 1412 praecesserit,
893 1374 924 1405 &
947 1383 1022 1406 cur.
1049 1374 1155 1406 XVII.
1180 1384 1230 1408 aa.

486 1424 556 1457 quae
580 1412 664 1446 intra
689 1415 855 1449 thoracem
878 1413 973 1453 sunt,
1009 1418 1199 1460 quotuplici
1233 1422 1361 1455 ratione

528 1453 644 1489 Iaedant
668 1458 931 1500 respirationem.
959 1460 1063 1491 XVII.
1094 1470 1119 1493 1.

573 1500 657 1532 inter
680 1500 795 1534 horum
820 1501 906 1544 signa
930 1500 991 1536 effe
1013 1504 1271 1540 commodiorem
1307 1520 1363 1542 an-

614 1544 754 1578 trorsutn
779 1546 928 1579 inclinati
951 1547 1097 1588 corporis
1108 1547 1223 1591 situm,
1245 1552 1364 1586 confir-

618 1597 746 1621 matur.
774 1587 900 1620 XVIII.
929 1598 977 1632 17.
1001 1592 1033 1622 δε
1058 1591 1143 1634 seqq.

572 1630 633 1663 alia
654 1642 764 1665 eorum
788 1633 931 1666 indicia.
962 1633 1086 1665 XVIII.
1117 1645 1166 1676 ¹9-

569 1674 738 1718 quomodo
762 1675 805 1708 ob
829 1675 962 1717 tuffim,
985 1678 1018 1710 δε
1039 1677 1084 1711 ob
1107 1680 1208 1713 animi
1233 1678 1362 1718 affestus

609 1719 756 1751 oriantur
781 1720 865 1752 Ibid.

568 1761 599 1792 8<
623 1762 666 1794 ob
690 1763 776 1795 tnbae
799 1763 1002 1797 inflationem
1018 1788 1026 1796 .
1054 1766 1177 1798 XVIII.
1203 1778 1253 1811 24.

565 1806 733 1846 quomodo
755 1807 840 1841 intra
855 1807 1049 1852 'aneurysma
1073 1810 1177 1842 videri
1213 1815 1359 1854 potuerit

612 1848 772 1885 inclusum
807 1862 843 1884 os
877 1852 965 1893 quod
999 1853 1033 1884 in
1069 1853 1174 1886 sterno
1216 1854 1324 1891 deerat
1348 1881 1356 1889 .

617 1893 754 1924 XXVII.
783 1905 834 1935 24.

350 1934 591 1977 Aneurysmata
613 1935 648 1967 in
675 1946 787 1970 ventre
812 1935 983 1981 quomodo
1005 1937 1065 1972 esse
1088 1938 1191 1973 videri
1215 1941 1356 1984 poffint,

436 1990 495 2012 nec
519 1977 599 2011 sint.
626 1981 775 2013 XXXIX.
804 1992 852 2021 19.
880 1992 931 2015 20.

482 2021 650 2097 quomsodo
674 2024 706 2056 in
730 2025 865 2058 cerebro
889 2024 949 2058 sint
975 2025 1187 2068 intelligenda
1202 2051 1209 2059 .
1234 2027 1299 2063 ΙΙΙ,
1325 2030 1355 2064 8,,

519 2068 549 2098 &
588 2077 660 2109 eqq.

482 2119 559 2142 num
584 2110 668 2143 intra
694 2110 759 2151 ipsa
782 2109 846 2145 offa
870 2111 1085 2154 contingant.
1111 2114 1189 2147 LII.
1214 2125 1266 2157 39.

476 2164 534 2186 cur
558 2152 654 2186 adsita
677 2153 739 2187 ossa
762 2164 915 2189 excavent
939 2156 1105 2191 interdum
1120 2179 1129 2196 ,
1153 2169 1218 2191 non
1251 2168 1357 2201 partes

521 2197 707 2230 molliores.
737 2199 823 2233 XXI.
847 2199 901 2242 48.

348 2240 571 2314 Anourysgna,
596 2240 687 2282 cuius
710 2242 870 2284 parietum
895 2250 1017 2285 partem
1040 2241 1180 2279 faciebat
1212 2246 1323 2287 pulmo
1347 2271 1355 2279 .

441 2287 496 2314 xx
526 2309 533 2316 .
555 2294 610 2326 47.

479 2326 590 2370 cujus,
618 2329 647 2360 δε
674 2328 853 2370 amplissimi
867 2330 1194 2374 quideni,parietum
1206 2343 1354 2374 magnam

522 2380 648 2413 partem
674 2372 827 2406 vertebrae
863 2374 1053 2413 faciebant,
1098 2379 1130 2408 &
1176 2377 1354 2418 praesertim

521 2414 681 2448 musculi.
707 2416 777 2449 XL.
806 2419 857 2449 26.
885 2428 934 2457 29.

478 2468 546 2492 uno
570 2459 603 2491 in
628 2457 760 2492 homine
784 2461 973 2504 multiplex.
1002 2461 1040 2493 L.
1065 2474 1097 2503 9.

477 2502 616 2544 dupleX,
643 2502 772 2544 singulis
797 2503 990 2537 habentibus
1014 2506 1146 2539 eandem
1171 2506 1299 2549 prorsus
1312 2505 1357 2539 se·

521 2545 594 2578 dem
620 2546 652 2578 in
678 2546 809 2588 singulis
833 2547 996 2581 manibus.
1024 2548 1086 2581 III.
1112 2550 1142 2583 8.

350 2587 625 2630 Aneurysmatum
652 2591 843 2628 §puriorum
867 2591 975 2633 qualia
1000 2595 1104 2633 prima
1137 2594 1231 2626 initia
1265 2594 1356 2627 inve-

434 2634 582 2666 niantur.
611 2635 726 2664 XXIV.
754 2644 806 2675 37.

479 2678 559 2710 Haec
584 2677 647 2710 sola
669 2678 765 2709 initia
791 2679 946 2712 maximas
967 2678 1133 2715 interdum
1156 2691 1255 2714 noxas
1283 2702 1292 2718 ‚
1323 2683 1354 2714 δέ

523 2731 663 2754 mortem
683 2719 842 2754 afferunt.
870 2720 956 2754 Ibid.

477 2763 767 2840 Undedmsc'stqOE'
788 2765 1016 2807 aneurysmata
1047 2765 1105 2800 esse
1137 2766 1204 2809 jam
1236 2765 1319 2801 fasta
1347 2793 1355 2801 .

522 2808 572 2840 Ibi
601 2833 606 2839 .
632 2808 666 2840 in
717 2818 774 2840 ne.

347 2849 584 2891 Aneurysrnata
607 2852 704 2884 etiam
727 2860 855 2884 externa
876 2851 1068 2894 quomodo,
1091 2855 1150 2888 etsi
1174 2864 1238 2887 non
1271 2865 1359 2888 rum-

442 2903 560 2936 pantur
575 2918 584 2933 ,
607 2892 721 2935 poffint
745 2894 891 2928 occidere
906 2919 914 2925 .
941 2897 978 2928 L.
1006 2905 1053 2930 12.

480 2938 513 2969 in
539 2939 662 2979 poplite
685 2947 793 2971 curata
808 2963 816 2970 .
841 2938 925 2974 L.9.

480 2980 517 3013 ad
543 2980 698 3015 flexuram
722 2982 845 3014 cubiti.
874 2983 909 3014 L.
933 2992 964 3021 7.
979 2981 1008 3014 8.

480 3035 592 3057 eorum
616 3026 748 3058 curatio
773 3036 828 3066 per
853 3023 987 3066 ligatam
1011 3026 1162 3059 arteriam
1184 3040 1281 3072 quam
1314 3029 1353 3064 sit

524 3069 674 3109 antiqua.
700 3069 738 3100 L.
767 3078 816 3110 54.

481 3122 591 3144 eorum
616 3111 648 3143 in
674 3113 791 3144 arteria
814 3113 1015 3146 Intercostali
1040 3112 1218 3156 diagnosis.
1244 3116 1280 3148 L.
1302 3127 1354 3160 49.

479 3154 516 3187 ad
539 3156 675 3197 inguen.
703 3156 740 3187 L.
772 3166 818 3187 11.
845 3158 875 3188 δι
899 3155 962 3198 seq.

482 3196 516 3229 in
541 3199 668 3232 Aorta.
693 3198 772 3232 Vid.
796 3199 922 3232 Aorta.

342 3239 650 3281 -Aneurysmatum‚
685 3243 717 3274 in
750 3240 990 3277 dissefflonibus
1019 3244 1069 3277 vel
1102 3254 1167 3278 non
1209 3246 1356 3288 antiquis

439 3282 525 3316 haud
549 3287 739 3325 agnitorum-
759 3285 975 3327 suspiciones.
1001 3288 1070 3320 XL.
1098 3298 1147 3330 27.

349 3326 477 3368 Angina
493 3352 500 3359 .
525 3328 577 3360 De
601 3327 666 3369 ipsa
691 3329 859 3370 quaedam.
886 3331 975 3361 XIV.
1000 3341 1051 3373 39.

478 3368 557 3411 Ejus
581 3370 686 3407 sedes.
712 3382 823 3406 natura
840 3398 847 3411 ,
875 3372 1002 3406 effeetus
1025 3374 1123 3407 nimis
1145 3374 1215 3408 sero
1229 3386 1283 3418 per
1294 3375 1358 3408 dis-

520 3413 670 3446 sefflones
696 3415 844 3450 videntur
856 3416 987 3458 quaefita
1003 3440 1009 3446 .
1026 3416 1112 3450 Ibid.
1130 3420 1160 3450 δι
1173 3418 1357 3451 LXIILJ6.

479 3457 674 3496 Huiusmodi
701 3459 941 3499 perquisitionis
966 3461 1108 3503 exempla
1126 3486 1133 3494 .
1159 3462 1290 3495 XLIV.
1325 3474 1355 3504 3.

523 3501 651 3534 LXIII.
676 3504 722 3533 16.
747 3503 777 3533 &
799 3503 886 3544 seqq.

348 3542 479 3584 Λοξίης
493 3543 528 3575 ad
540 3545 780 3587 paralytodeam
792 3548 968 3580 accedentis
980 3549 1355 3590 exemplum.LXIII.19.

348 3585 565 3627 Anguissolae,
588 3588 642 3630 jo.
670 3588 763 3631 Bapt.
789 3588 913 3631 Legati
937 3591 1127 3632 Pontificii,
1152 3593 1257 3625 morbi
1284 3616 1292 3631 2
1324 3596 1353 3625 ἃ

1453 225 1466 243 22
1501 206 1613 239 datus.
1639 198 1826 252 ΧΧΧΞΥΙΙΙΞ,
1850 218 1901 250 35.
1930 217 1977 248 59.
2002 211 2055 250 63.
2076 212 2096 249 ῖς»

1416 249 1484 284 Ani
1508 248 1700 291 Prolapsus.
1723 243 1979 284 VidJTntestini
2003 252 2120 286 Rec't‘i.

1547 291 1708 336 sphinster
1730 294 1765 326 in
1791 294 1959 336 apoplexia
1986 306 2022 333 an
2048 296 2162 338 saepius
2186 306 2250 331 non
2272 296 2312 331 sit
2336 298 2427 332 reso-

1584 334 1700 376 intus,
1723 339 1754 370 δε
1777 348 1855 375 cur.
1881 338 1927 371 II.
1952 331 2028 380 πέρι

1634 387 1724 413 totus
1747 379 1910 419 discissus,
1936 381 2005 414 sua's
2041 380 2084 416 fic
2121 381 2194 416 satis
2229 386 2430 427 recuperavit

1675 424 1780 457 vires.
1807 425 1941 455 XXXII.
1966 425 1994 457 8.

1419 468 1502 506 Ano·-
1516 464 1636 510 clauso*
1651 475 1725 500 nata
1746 466 2079 515 hicrcentum·*ap'qos
2103 469 2144 503 sie
2174 471 2279 503 vixit.
2293 472 2431 506 XXXII.

1553 552 1695 596 Qando
1718 550 1785 594 ejus
1808 564 1871 587 non
1894 555 2047 589 tentanda
2070 557 2196 599 apertio
2211 580 2223 597 ‚
2245 559 2276 591 &
2300 558 2433 599 quando

1544 621 1547 625 ι
1586 595 1766 637 tentanda.
1791 597 1877 637 Ibid.
1899 601 1938 641 ἃ,
1956 609 2002 642 45.ss
2047 617 2051 623 =
2134 606 2164 643 1²:

1555 641 1626 674 Cur
1651 642 1685 673 in
1709 652 1828 681 vacca,
1849 641 1888 674 de
1910 653 1971 684 qua
1998 641 2207 683 Aristoteles,
2232 644 2350 676 servari
2375 654 2432 686 per

1603 683 1782 717 sectionem
1807 694 1935 726 apertus
1957 696 2024 718 non
2049 686 2170 727 posse-t.
2199 687 2284 722 Ibid.

1423 727 1535 761 Anus.
1564 726 1612 759 Ex
1636 738 1673 759 eo
1697 728 1896 768 'egredientia
1920 730 2007 773 puris
2040 730 2144 771 specie
2171 753 2180 768 ,
2225 742 2300 765 cum
2346 729 2435 764 aliud

1501 770 1562 804 sint
1581 795 1588 803 .
1615 770 1754 804 XXXII.
1780 780 1827 811 13.
1942 780 1944 784 ’

1550 814 1602 846 Ex
1625 825 1661 846 eo
1685 813 1903 852 membranae3
1926 816 1958 848 &
1992 814 2214 850 excrescentiae
2244 813 2332 849 falsa:
2354 841 2365 856 ,
2401 818 2435 850 &

1600 867 1681 889 verae
1696 879 1708 896 ‚
1732 865 1787 890 aut
1810 868 1856 891 ex‘
1871 856 2019 900 utrisque
2043 859 2163 894 mistae.
2191 859 2431 900 Vid.1ntesti⁵n-

1543 918 1546 923 -
1597 899 1761 942 polyposae
1785 902 2026 935 concretiones.
2158 928 2162 935 .
2384 906 2389 945 ξ

1553 944 1604 976 Ex
1628 955 1668 976 eo
1691 944 1825 978 calculi.
1850 943 1933 978 Vid.
1957 945 2095 980 Bilarii.
2118 945 2260 990 Cystic'i.
2279 946 2430 980 Intestin-

1424 987 1549 1021 Aorta.
1575 988 1627 1019 Ex
1651 985 1745 1027 hujus
1770 999 1841 1021 arcu
1867 999 1931 1021 non
1959 998 2043 1029 tres,
2065 989 2117 1024 sed
2147 1000 2291 1033 quatuor
2338 998 2438 1023 natae.

1504 1032 1651 1064 arteriae.
1676 1031 1757 1064 Vid.
1783 1032 2004 1066 Vertebralis.

1549 1072 1628 1115 Ejus
1651 1082 1783 1107 truncus
1808 1074 1966 1109 inflexus.
1994 1077 2136 1110 LXVII.
2154 1086 2204 1109 11.

1552 1115 1635 1157 Ejus
1659 1116 1794 1151 valvulae
1819 1118 1910 1152 offeae
1934 1118 2049 1158 fa&ae‚
2072 1121 2201 1163 quando
2235 1118 2296 1152 fint
2321 1143 2330 1156 ‚
2376 1125 2432 1151 aut

1595 1169 1659 1192 non
1683 1157 1744 1192 sint
1765 1161 1856 1194 causa
1881 1163 1998 1196 mortis
2033 1165 2204 1206 repentina:
2230 1188 2239 1196 .
2282 1162 2435 1196 XXVII..

1595 1212 1643 1244 19.
2247 1222 2249 1225 ·

1419 1247 1533 1281 Aortae
1557 1246 1809 1289 inflammatio,
1832 1247 1902 1291 post
1928 1250 2095 1283 Aretaeum
2120 1251 2177 1283 vix
2221 1257 2398 1283 memorata
2420 1254 2433 1282 ἓ

1510 1292 1629 1322 XXVI.
1676 1294 1708 1323 6.
2267 1311 2269 1316 v

1416 1333 1531 1368 Aortae
1554 1301 1672 1367 tunica}
1689 1345 1790 1407 Iaequo
1814 1335 1976 1370 tenuiores
1998 1335 2080 1377 quid
2106 1335 2242 1369 afferant
2255 1335 2431 1371 detrimen—'5

1505 1378 1553 1410 ti.
1581 1379 1684 1407 XXVI
1708 1402 1715 1410 .
1743 1388 1755 1409 I
1784 1403 1791 1411 .

1541 1420 1656 1455 harum
1678 1392 1817 1456 interior
1841 1420 1938 1455 facies
1962 1420 2071 1462 unde,
2094 1424 2126 1455 &
2149 1421 2318 1466 quomodo
2349 1423 2430 1456 inaeq

1585 1465 1689 1505 qualis
1713 1464 1787 1498 fiat.
1814 1468 1938 1497 XXIII.
1957 1475 1985 1507 ς.

1542 1508 1626 1541 unde
1649 1508 1684 1540 in
1707 1508 1945 1551 longitudinem
1970 1507 2088 1542 sulcata
2103 1533 2110 1540 .
2139 1510 2260 1543 XXIV.
2284 1519 2336 1552 35.

1545 1553 1692 1583 innatum
1715 1552 1787 1594 ipsis
1811 1553 2014 1585 tuberculum
2039 1551 2144 1593 majus
2169 1554 2284 1594 quibus
2305 1562 2378 1585 cum
2390 1549 2429 1583 fi..

1587 1594 1657 1636 gnis
1680 1596 1892 1638 conjunffium
1916 1595 2036 1629 fuerit.
2064 1597 2181 1628 XXVI.
2206 1608 2258 1639 39.
2284 1608 2336 1638 40.

1412 1639 1526 1675 Aortae
1549 1636 1758 1671 dilatationes
1782 1639 1952 1682 quomodo
1977 1638 2118 1673 subitam
2143 1650 2280 1674 mortem
2314 1637 2429 1673 afferre

1502 1681 1639 1724 poffint.
1664 1683 1780 1713 XXVI.
1805 1692 1857 1724 32.

1543 1724 1661 1758 eaedcm
1676 1750 1685 1765 ,
1707 1727 1739 1758 ὃ(
1762 1725 1824 1758 alia
1849 1725 1931 1759 vitia
1952 1736 2009 1759 cur
2041 1725 2075 1757 in
2118 1725 2270 1767 quosdam
2316 1724 2428 1769 potius

1586 1768 1673 1802 illius
1695 1779 1824 1808 ramos,
1847 1780 1945 1812 quam
1968 1769 2002 1804 in
2024 1777 2157 1804 caeteros
2181 1791 2193 1808 ‚
2238 1779 2426 1812 propagenq

1588 1821 1643 1845 tur
1664 1836 1672 1845 .
1700 1814 1813 1844 XXVI.
1839 1824 1890 1856 23.

1538 1856 1571 1889 in
1596 1855 1846 1890 dilatationibus
1869 1867 1927 1890 cur
1952 1856 2090 1899 parietes
2112 1856 2276 1890 interdum
2299 1854 2428 1894 traffio2'

1585 1910 1633 1932 res
1657 1900 1737 1938 sint,
1763 1902 1794 1932 δε
1817 1900 2010 1942 rigidiores.
2042 1901 2159 1931 XXVI.
2186 1911 2237 1943 24.

1540 1941 1576 1976 in
1599 1941 1847 1977 dilatationibus
1872 1954 1971 1986 prope
1994 1955 2049 1976 cor
2073 1948 2212 1985 parietes
2233 1953 2290 1977 cur
2313 1943 2426 1986 saepius

1580 1985 1620 2019 ad
1643 1987 1817 2028 posteriora
1841 1996 2049 2030 rumpantur.
2077 1986 2162 2019 Ibid.

1409 2030 1523 2064 Aortae
1546 2028 1809 2071 aneurysmatum
1833 2030 2100 2065 observationum
2124 2031 2280 2072 initium,
2302 2032 2420 2072 &pro-

1496 2072 1634 2115 greffus.
1660 2074 1765 2106 XVII.
1789 2086 1818 2117 3.
1843 2085 1876 2117 4.
2342 2117 2347 2122 ι

1540 2127 1653 2151 eorum
1677 2115 1793 2151 divisio
1817 2118 1850 2150 in
1875 2115 2078 2151 sacciformia
2094 2141 2102 2157 ,
2123 2118 2153 2149 &
2179 2128 2243 2152 non
2266 2114 2420 2153 saccifor-

1584 2161 1671 2192 mia.
1697 2160 1802 2194 XVII.
1830 2172 1880 2203 27.

1539 2204 1622 2236 unde
1645 2203 1748 2245 prima
1771 2214 1985 2247 utrorumque
2007 2204 2100 2245 origo
2117 2226 2124 2234 .
2151 2205 2269 2235 XXIV.
2293 2216 2346 2248 37.

1540 2245 1740 2280 sacciformia
1765 2258 1829 2281 non
1855 2249 1927 2280 sunt
1952 2258 2040 2280 rara.
2068 2248 2193 2278 XVIII.
2219 2258 2271 2291 35.

1540 2291 1625 2327 Quae
1649 2290 1820 2324 interiores
1845 2290 1925 2333 saepe
1953 2290 2124 2324 efformant
2161 2289 2427 2333 aneurysmatum

1579 2334 1738 2376 parietes,
1762 2343 1826 2367 non
1851 2334 1946 2372 sunt,
1970 2343 2006 2365 ut
2030 2334 2130 2366 multi
2180 2335 2390 2369 crediderunt
2412 2360 2427 2377 ,

1576 2379 1762 2411 arteriarum
1787 2379 1926 2411 tunicae.
1954 2377 2056 2409 XVII.
2082 2387 2133 2417 29.
2163 2378 2280 2410 XXVI.
2302 2389 2334 2417 9.

1538 2420 1606 2461 Qui
1631 2422 1729 2462 primi
1753 2419 2094 2455 id‘anirnadverterint
2111 2445 2119 2452 .
2147 2421 2252 2451 XVII.
2279 2431 2329 2462 29.

1537 2463 1630 2498 Quid
1653 2476 1686 2498 ea
1712 2465 1795 2502 sint,
1819 2468 1850 2498 &
1878 2463 1960 2497 unde
1983 2466 2176 2506 gignantur.
2202 2463 2288 2496 Ibid.

1545 2507 1706 2548 Materia,
1729 2508 1832 2547 lardi,
1856 2517 1910 2542 aut
1935 2507 1997 2539 sebi
2024 2506 2135 2540 fimilis
2155 2529 2165 2545 ‚
2193 2507 2293 2541 ‘unde
2339 2507 2421 2542 olim

1590 2551 1713 2585 ibidem
1738 2553 1891 2586 inventa.
1918 2552 2039 2583 XVIII.
2063 2560 2114 2593 23.

1410 2592 1527 2670 Aortsae
1551 2595 1812 2636 aneurysmatum
1849 2597 1936 2638 signa
1971 2593 2061 2627 valde
2092 2603 2321 2636 nonnunquam
2356 2594 2418 2633 obs

1511 2649 1608 2670 cura.
1632 2639 1702 2671 XL.
1729 2651 1745 2671 2
1772 2664 1778 2671 .

1540 2681 1668 2715 Horum
1692 2652 1856 2725 sigtibrum
1882 2683 2027 2726 pleraque
2050 2680 2212 2715 interdurn
2236 2692 2310 2716 cum
2325 2687 2419 2717 mor-i

1581 2725 1624 2757 bo
1646 2729 1783 2760 omnino
1808 2728 1892 2761 alio.
1916 2724 2023 2758 XLII.
2053 2735 2101 2767 14.

1537 2766 1674 2805 Illorum
1698 2770 1828 2805 effecius
1851 2769 1979 2812 quidam
2006 2780 2069 2801 non
2094 2777 2248 2809 perpetuo
2281 2768 2417 2810 praesen-

1586 2822 1631 2845 tes
1653 2814 1821 2855 quomodo
1843 2813 2004 2855 decipiant
2021 2811 2166 2845 Medicos
2180 2833 2190 2849 ,
2213 2812 2419 2852 aneurysma—

1584 2865 1617 2889 ta
1643 2867 1810 2899 propterea
1834 2866 1910 2890 tunc
1935 2855 2012 2895 esse,
2037 2864 2209 2896 negantes.
2234 2856 2336 2888 XVII.
2363 2859 2418 2888 26.

1586 2910 1637 2942 27.
1665 2902 1787 2932 XVIII.
1818 2912 1865 2942 17.
1886 2903 1918 2933 δε
1941 2898 2023 2940 seqq.
2047 2898 2152 2931 XLV.
2178 2899 2230 2931 26.

1404 2941 1519 2976 Aortae
1542 2943 1765 2985 aneurysmata
1789 2942 1957 2986 quomodo
1981 2940 2145 2975 interdum
2167 2940 2344 2976 decrescere
2363 2943 2415 2976 vi—

1494 2984 1565 3019 deri
1591 2989 1757 3028 potuerint
1773 3013 1780 3020 .
1802 2988 1916 3017 XXVI.
1941 2998 1972 3027 9.

1537 3030 1704 3072 quomodo
1727 3039 1854 3063 artuum
1869 3029 2030 3071 superior,
2053 3028 2204 3068 dolores,
2226 3036 2412 3070 torporem-'

1579 3085 1616 3107 ve
1638 3073 1740 3107 facere
1765 3075 1932 3107 dicantur.
1959 3074 2076 3117 XXVI.
2103 3084 2153 3116 23-

1537 3118 1588 3150 Ut
1611 3119 1645 3150 in
1669 3118 1833 3157 externis,
1854 3119 1900 3149 ita
1923 3118 1957 3149 in
1980 3114 2028 3150 his
2050 3115 2184 3149 internis
2205 3113 2412 3149 deeffeinter-

1580 3160 1656 3194 dum
1681 3161 1784 3203 potest
1807 3159 1966 3202 pulsatio,
1988 3162 2019 3192 &
2041 3170 2120 3193 cur.
2148 3159 2268 3208 XVIII.
2293 3169 2345 3191 20.

1535 3204 1607 3247 Qui
1630 3205 1663 3236 in
1686 3204 1772 3244 illis,
1795 3205 1826 3236 δε
1850 3204 1906 3245 qui
1929 3203 2044 3238 deinde
2065 3205 2099 3237 in
2121 3202 2171 3237 his
2193 3203 2226 3236 id
2250 3201 2414 3244 primiad.

1581 3249 1785 3281 notaverint.
1810 3247 1896 3280 Ibid.

1407 3289 1520 3324 Aortae
1543 3289 1766 3333 aneurysrnata
1788 3301 1845 3324 cur
1868 3288 1983 3331 saepius
2006 3289 2084 3324 fiant
2108 3290 2141 3322 in
2173 3289 2262 3323 illius
2294 3300 2371 3324 arcu
2394 3310 2406 3327 ‚

1581 3344 1632 3367 aut
1656 3335 1740 3366 inter
1764 3333 1870 3373 hunc,
1895 3336 1926 3366 δε
1951 3345 2026 3370 cor,
2049 3344 2144 3375 quam
2168 3332 2268 3372 alibi,
2293 3343 2348 3368 aut
2373 3335 2409 3366 in

1581 3378 1694 3411 arteria
1720 3377 1924 3410 Pulmonari.
1952 3378 2071 3408 XVIII.
2098 3388 2150 3420 24.

1538 3420 1719 3458 Qomodo
1741 3422 1866 3463 attigua
1888 3419 1955 3454 ossa
1978 3420 2109 3454 erodant
2131 3443 2140 3458 ‚
2171 3419 2378 3453 absumantve
2399 3443 2410 3453 .

1588 3465 1708 3497 xv111.
1733 3475 1784 3505 27.

1542 3506 1721 3540 Erodentes
1745 3507 1870 3540 ichores
1893 3517 1956 3539 non
1980 3507 2077 3540 modo
2098 3507 2250 3545 effeetus,
2282 3505 2334 3540 sed
2375 3507 2409 3538 &

1583 3549 1670 3583 causa
1696 3551 1767 3584 sunt
1792 3551 2068 3593 aneurysmatum.
2097 3552 2220 3583 XVIII.
2247 3554 2298 3582 26.

1535 3591 1646 3628 Caries
1670 3593 1781 3629 offium
1805 3605 1881 3629 num
1895 3608 1915 3635 ,·
1929 3594 2091 3630 subtra6io
2114 3596 2237 3629 arteriae
2269 3593 2374 3671 fulcsro
2395 3617 2408 3634 s»

2339 3647 2365 3671 it
