2498 4075
484 212 638 277 Epist.
678 212 839 264 Anat.
876 213 1094 267 Medica
1131 213 1333 267 XVItt.
1367 214 1490 267 Art.
1529 231 1605 268 10.
1641 216 1696 268 δε
1733 230 1809 269 ιι.

140 287 306 324 Utralibet
330 294 447 321 autemv
461 289 560 322 utaris
584 287 658 320 licet
681 288 894 329 explicatione
914 314 923 330 ,
947 289 970 323 fi
994 289 1078 323 forte
1103 290 1146 323 ob

142 335 262 375 aliquas
283 341 433 364 venarum
469 330 608 374 ipsarum
630 331 771 365 valvulas
809 332 913 366 minus
938 334 1001 367 tibi
1037 333 1144 367 facilis

141 376 287 411 videatur
310 373 471 417 sanguinis
495 385 548 416 per
571 374 640 408 illas
664 374 825 413 recursus5
849 387 922 409 nam
946 387 999 411 aut
1024 377 1142 410 dilata-

141 431 183 463 τε
208 429 292 451 venae
316 417 407 459 sunt,
432 417 535 461 sicque
558 430 573 450 a
596 417 735 451 valvulis
757 419 964 453 occludinon
989 419 1141 463 possunt5

139 469 194 499 aut
217 472 280 495 non
305 460 377 494 sunt
407 486 417 501 ‚
451 459 554 506 sicque
578 472 631 503 per
654 460 794 495 valvulas
824 463 1038 500 concussiones
1061 476 1144 507 quo-

139 518 221 551 que,
242 515 366 546 magnae
390 505 570 547 praesertim
591 528 603 544 ,
627 504 861 540 traducuntur.
996 507 1056 541 Sed
1080 509 1142 541 alia

138 559 288 595 praeterca
324 559 388 580 non
423 559 473 580 me
506 546 637 590 fugiunt
661 570 669 584 ‚
701 559 771 590 quae
795 549 985 589 Lancifius,
1021 552 1141 594 quippe

137 594 223 629 edita
247 591 316 632 post
338 591 404 633 ejus
427 600 564 624 mortem
589 616 596 629 ,
629 591 704 624 scire
729 603 791 624 non
816 595 926 635 potuit
947 619 954 627 .
990 595 1141 637 Namque

137 638 193 671 Cl.
218 636 282 670 Vir
307 634 483 667 Morandus
506 638 519 673 (
543 645 563 666 n
585 638 599 674 )
620 646 692 668 cum
714 636 775 667 alia
801 638 832 669 in
858 636 993 671 foemina
1018 661 1029 677 ,
1063 649 1141 681 proe-

137 691 186 715 ter
211 679 457 722 palpitationem
483 702 492 717 ,
516 681 547 711 ἃ
571 679 670 711 animi
694 678 838 722 deliquia
863 706 870 719 ,
905 680 1052 715 affiduam
1076 683 1140 714 ani-

137 721 352 758 madvertisset
376 721 587 762 pulsationem
612 733 762 756 venarum
780 724 991 767 Jugularium
1020 747 1029 762 ,
1063 737 1141 768 qua-

137 779 211 803 rum
233 764 409 799 craffitudo
437 764 581 807 digitum
607 766 759 806 pollicem
791 767 936 809 aequabat
959 793 970 809 ‚
1003 770 1036 802 in
1061 767 1140 811 ejus-

140 813 275 853 demque
298 808 446 842 cadavere
471 831 483 848 ,
518 818 553 843 ut
578 809 770 850 praedixerat
792 832 801 846 ‚
835 812 1009 846 auriculam
1032 812 1139 845 cordis

136 855 298 890 dexteram
322 851 487 885 invenisset
514 852 669 895 polyposa
691 855 896 887 concretione
906 855 1140 898 propemodum

136 899 287 942 plenam,
310 894 400 936 cujus
425 897 503 929 rami
530 908 583 939 per
622 898 783 938 proximas
806 909 899 932 venas
922 900 955 931 in
981 900 1141 942 Iugulares

136 942 232 984 usque
256 939 457 985 pertinebant
481 953 490 977 ·,
527 940 697 974 arbitratus
720 940 762 974 est
783 965 794 981 ,
828 939 987 985 sanguinis
1013 944 1139 985 portio-

135 997 210 1018 nem
232 996 248 1016 a
274 983 427 1025 polyposa
449 985 655 1017 concretione
678 983 876 1026 prohibitam
910 986 943 1019 in
977 987 1143 1020 ventricu-

136 1030 203 1063 lum
225 1026 432 1066 descendere,
456 1039 543 1067 eam,
567 1030 697 1070 inquam
712 1051 721 1066 ‚
747 1030 932 1071 portionem
952 1055 961 1069 ,
994 1029 1147 1072 quoties-K

133 1083 259 1115 cunque
282 1070 310 1104 se
333 1070 545 1105 contrahebat
579 1072 719 1105 auricula
743 1096 750 1108 ,
782 1070 876 1114 hujus
910 1072 1138 1106 constric‘sione

133 1118 169 1149 in
193 1126 285 1148 venas
307 1114 378 1146 illas
403 1114 572 1148 secundum
601 1126 762 1150 ramorum
787 1116 1019 1159 polyposorurn
1053 1118 1139 1150 dire-

133 1160 276 1193 &ionem
300 1156 392 1192 fuisse
418 1158 573 1201 repulsam
596 1181 605 1195 ‚
637 1160 746 1202 itaque
771 1159 843 1191 illas
868 1161 985 1194 alterne
1009 1160 1139 1194 dilatas-

133 1203 184 1237 se.
210 1203 318 1236 Postea
342 1210 452 1235 autem
476 1203 540 1237 Vir
565 1202 861 1246 Experientiffimus
885 1204 1025 1238 Andreas
1054 1204 1138 1239 Pasta

130 1249 146 1287 (
167 1259 183 1280 o
205 1250 216 1284 )
250 1247 283 1278 in
307 1257 340 1278 ea
376 1245 522 1288 Epistola
546 1247 579 1278 in
612 1258 674 1288 qua
699 1245 801 1280 fretus
826 1248 972 1289 pluribus
996 1258 1067 1281 tum
1092 1261 1141 1281 ra-

131 1289 300 1326 tionibus,
326 1297 397 1322 tum
421 1289 697 1324 observationibus
724 1292 860 1333 polypos
885 1293 917 1324 in
941 1291 1034 1326 corde
1059 1316 1072 1333 ,
1110 1304 1141 1324 a·

131 1333 247 1375 Hisque
271 1332 432 1375 sanguinis
455 1335 682 1376 receptaculis,
708 1336 837 1367 vivente
848 1333 1001 1375 homine,
1025 1336 1057 1367 in
1082 1335 1143 1369 du-

127 1378 220 1411 bium
243 1378 289 1410 ita
316 1378 492 1415 revocavit,
521 1386 556 1410 ut
581 1379 713 1411 minime
737 1376 841 1411 facilis
853 1380 998 1413 videatur
1024 1378 1143 1412 diluci-

131 1421 171 1456 da
193 1420 349 1464 quidem,
373 1423 405 1453 &
429 1419 544 1461 firma,
568 1423 601 1454 Sc
624 1422 714 1464 plena
729 1420 914 1464 responfio,
937 1421 1055 1456 diserte
1067 1434 1142 1465 pro-

131 1464 239 1509 posuit
262 1463 340 1507 quid
376 1465 408 1496 in
433 1465 537 1498 tribus
570 1465 727 1498 invenerit
752 1490 761 1504 ‚
796 1467 853 1508 qui
878 1465 1035 1498 nonnullis
1069 1474 1141 1500 ante

129 1508 252 1543 obitum
273 1506 425 1551 menfibus
448 1507 506 1541 hac
526 1518 678 1541 venarum
716 1508 788 1542 colli
805 1507 983 1550 pulsatione
1018 1508 1142 1542 labora..

127 1559 243 1585 verant
266 1575 274 1589 ‚
309 1552 469 1585 accedente
490 1561 547 1594 per
570 1551 741 1584 intervalla
762 1551 975 1592 palpitatione
1000 1553 1103 1585 cordis
1127 1576 1138 1593 ,

123 1595 268 1638 spirandi
289 1592 498 1639 diffictdtate‚
521 1595 621 1627 animi
643 1592 888 1636 defectionibus.
913 1605 970 1628 non
976 1594 1042 1637 fin:
1066 1596 1137 1628 inae-

132 1637 245 1681 quali,
268 1638 559 1679 intermittenteque
582 1637 776 1676 continenter
798 1637 908 1679 pulsa.
937 1640 973 1671 Se
998 1639 1101 1677 iaitur
1125 1664 1137 1680 ,

129 1683 173 1715 ait
192 1703 201 1719 ,
227 1681 352 1714 nullum
377 1679 509 1723 usquam
533 1679 714 1721 polypum,
739 1681 860 1714 nullam
885 1683 1036 1715 auriculae
1062 1682 1137 1715 dcx-

129 1735 202 1758 terae
225 1722 469 1766 expanfionem5
495 1722 545 1756 sed
570 1722 645 1757 huic
659 1722 850 1766 adjunetum
875 1726 1138 1759 ven-*ricusumin

131 1768 233 1803 altero
259 1767 361 1807 duplo
385 1767 542 1807 majorem
565 1788 574 1803 ,
609 1767 642 1799 in
668 1768 770 1800 altero
792 1769 840 1801 vel
866 1770 973 1802 multo
997 1771 1137 1811 amplio-

126 1823 192 1845 rem
216 1810 478 1853 deprehendisse3
502 1813 535 1843 in
561 1812 660 1844 tertio
683 1821 791 1846 autem
813 1823 849 1845 ne
884 1811 947 1845 hoc
971 1813 1102 1855 quidem
1131 1839 1138 1853 ,

128 1854 345 1899 prohibente,
367 1856 510 1897 opinor,
535 1855 568 1886 in
595 1864 682 1896 parte
709 1881 716 1894 ,
740 1857 863 1892 ingenti
888 1855 1027 1898 quoiam
1053 1856 1140 1891 osseo

125 1900 247 1933 annulo
280 1897 450 1941 pericardii
488 1899 574 1941 quod
598 1898 689 1931 cordi
723 1898 891 1933 arc‘tiffime
922 1899 1101 1934 adhaerebat
1125 1923 1135 1940 ‚

125 1955 192 1986 quo
213 1952 297 1976 certe
320 1942 439 1975 annulo
462 1940 700 1984 constringente
723 1940 842 1977 sinister
868 1945 1063 1979 ventriculus
1087 1943 1136 1978 fa-

127 1987 197 2020 etus
220 1995 285 2019 erat
311 1986 412 2028 triplo
436 1987 544 2018 minor
567 2009 574 2022 ‚
612 1986 763 2019 auriculae
788 1997 894 2021 autem
917 1986 1057 2021 dexterae
1082 1989 1138 2022 vix

127 2030 319 2072 apparebant
344 2028 475 2071 vestigia
493 2054 501 2067 ,
525 2040 599 2063 cum
622 2028 743 2062 sinistra
758 2053 769 2069 ‚
793 2042 890 2073 quam
916 2042 979 2063 non
993 2033 1139 2073 compri-

128 2074 235 2107 mebat
250 2085 309 2114 os,
334 2072 560 2107 admirandum
584 2074 617 2105 in
629 2073 762 2107 modum
784 2073 857 2108 esset
870 2074 1028 2108 dilatata.
1054 2076 1139 2118 Qae

127 2119 236 2150 omnia
260 2129 333 2151 cum
358 2117 404 2150 ita
427 2116 487 2150 sint
507 2127 521 2156 ,·
554 2115 725 2151 videndum
751 2117 793 2151 est
826 2118 918 2150 nobis
940 2141 949 2155 ‚
985 2129 1142 2161 quatenus

127 2161 219 2204 signo
243 2163 290 2195 uti
319 2162 412 2194 liceat
452 2158 542 2203 quod
566 2160 802 2194 Celeberrimus
833 2161 1006 2204 proposuit
1031 2161 1140 2196 Medi-

128 2216 206 2245 cus,
229 2203 414 2238 Lancisius.

178 2259 225 2280 ιο.
253 2246 536 2280 Animadvertenti
563 2246 667 2289 igitur
691 2247 774 2280 mihi
792 2268 801 2283 ,
823 2246 861 2280 de
897 2248 1018 2292 uinque
1041 2248 1141 2282 modo

128 2291 282 2325 indicatis
307 2289 602 2324 Observationibns
627 2299 689 2324 tres
711 2290 820 2324 saltem
845 2302 860 2323 e
887 2304 902 2325 e
918 2316 926 2331 ‚
952 2293 1071 2335 quibus
1087 2320 1095 2333 ,
1119 2291 1142 2325 fi

130 2346 194 2367 non
219 2335 358 2367 dexterae
384 2334 481 2366 etiam
505 2334 653 2367 auriculae
671 2359 679 2373 ,
704 2344 734 2367 at
761 2333 884 2368 dexteri
908 2346 994 2367 certe
1017 2337 1146 2368 ventri-

127 2379 194 2412 culi
220 2376 376 2410 dilatatio
398 2385 518 2418 reperta
544 2375 608 2415 est,
631 2375 748 2419 hasque
770 2388 843 2410 cum
857 2377 996 2410 Lancisii
1022 2379 1141 2412 Obser-

129 2422 314 2455 vationibus
339 2418 576 2461 conjungenti,
600 2430 709 2454 verum
735 2419 774 2453 ab
796 2431 834 2452 eo
856 2419 982 2462 signum
1005 2443 1017 2461 ‚
1042 2432 1078 2456 ut
1105 2424 1140 2454 in

130 2465 277 2509 pluribus
312 2462 442 2507 undein
468 2487 477 2499 .
510 2461 640 2495 videtur
663 2462 869 2507 propositum
890 2487 903 2504 ,
936 2463 999 2502 hoc
1035 2475 1141 2499 autem

128 2519 212 2542 nunc
238 2520 270 2541 ea
294 2518 393 2550 quam
417 2504 483 2547 ipse
507 2507 706 2547 excogitavit
731 2534 739 2547 ,
765 2508 911 2547 ratione,
934 2519 1017 2541 nunc
1041 2511 1142 2542 altera

128 2563 227 2595 quam
248 2550 472 2591 Hombergius
497 2548 609 2595 docuit
632 2575 640 2589 ,
664 2549 722 2584 ess'e
745 2550 972 2593 explicandum
990 2562 1005 2592 ,⁴
1038 2564 1140 2596 quan-

127 2606 225 2638 quam
247 2593 289 2627 est
309 2593 426 2632 facile,
449 2595 590 2634 utsupra
615 2596 628 2632 <
649 2604 670 2634 p
693 2598 706 2634 )
729 2596 840 2632 innui,
867 2595 1141 2637 quemadmodum

126 2638 325 2672 ventriculus
348 2637 422 2673 ille,
448 2637 493 2668 ita
515 2634 598 2669 illud
622 2647 748 2680 quoque
772 2637 838 2680 ejus
870 2637 1033 2672 oris-icium
1058 2639 1141 2673 dila-

127 2684 212 2720 tari,
240 2690 293 2715 aut
326 2679 349 2713 si
374 2680 508 2722 parietes
542 2681 714 2714 ventriculi
748 2682 847 2715 nimis
879 2682 1105 2724 expanduntur
1129 2708 1138 2723 ,

129 2728 229 2768 magis
264 2724 328 2767 jam
352 2723 464 2758 distare
498 2723 621 2757 abillo
656 2723 786 2758 orificio
819 2736 869 2758 eas
904 2725 987 2759 sedes
1021 2726 1139 2769 quibus

130 2766 328 2803 valvularum
363 2767 520 2801 tendineae
543 2766 707 2801 chordulae
741 2767 813 2802 sunt
837 2769 977 2811 alligatae
998 2793 1010 2809 ,
1044 2782 1140 2813 quam

131 2822 167 2846 ut
190 2813 326 2845 valvulis
349 2810 462 2853 poffint
485 2809 651 2844 chordulae
677 2811 751 2845 satis
776 2812 940 2855 obsequi,
968 2823 1004 2846 ut
1030 2825 1141 2856 prom-

128 2865 195 2899 rpte
211 2880 223 2896 ,
248 2866 338 2898 atque
361 2855 496 2887 omnino
519 2855 642 2888 valeant
666 2855 756 2889 suum
768 2856 929 2890 orificium
951 2857 1141 2891 occludere:

142 2898 201 2932 nisi
224 2897 307 2931 forte
331 2898 449 2942 semper
471 2900 484 2937 (
507 2898 541 2931 id
564 2897 652 2941 quod
674 2897 830 2942 ejusmodi
854 2902 887 2932 in
909 2901 1060 2935 cordibus
1082 2902 1142 2935 ob-

140 2942 313 2975 ervandum
346 2943 443 2982 erit)
476 2942 609 2976 valvulae
644 2954 771 2986 quoque
803 2943 1039 2986 amplificentur
1064 2968 1072 2983 ‚
1108 2950 1139 2979 δε

132 2986 297 3020 chordulae
331 2984 566 3028 producantur.
703 2987 741 3020 In
762 2986 1000 3021 observatione
1031 2998 1138 3022 autem

134 3028 312 3068 Mos-andi,
336 3031 367 3061 &
391 3030 425 3061 in
457 3039 491 3062 ea
516 3028 612 3063 Pastae
633 3052 642 3068 ‚
679 3042 749 3074 quae
774 3031 873 3063 tertio
904 3031 979 3064 loco
1013 3033 1140 3074 prolata

134 3074 200 3114 est,
224 3073 311 3105 nulla
327 3096 335 3111 ,
360 3070 483 3109 fateor,
504 3074 647 3107 occurrit
670 3073 876 3108 dexterorum
908 3075 1018 3109 cordis
1041 3087 1139 3110 cavo-

135 3129 206 3150 rum
228 3116 402 3150 dilatatio.
428 3117 465 3148 In
489 3125 623 3159 utraque
644 3127 752 3151 tamen
777 3118 1049 3161 impedimentum
1073 3119 1140 3154 san-

136 3162 248 3203 guini,
273 3157 488 3192 ventriculum
510 3160 678 3194 dexterum
703 3160 851 3197 subituro
872 3185 884 3201 ,
907 3162 1141 3205 agnoscendum

135 3203 200 3238 est.-
224 3205 257 3237 in
284 3203 339 3235 illa
373 3202 458 3235 enim
481 3203 601 3238 indicat
636 3206 684 3238 vel
708 3215 796 3238 tanta
832 3216 983 3240 venarum
1007 3208 1142 3249 Jugula-

137 3249 222 3282 rium
245 3246 398 3280 dilatatio
412 3269 428 3292 ,¹
446 3257 517 3280 curn
542 3248 755 3291 palpitatione
769 3248 875 3282 cordis
891 3275 898 3288 ‚
922 3253 954 3283 δε
980 3252 1075 3284 animi
1089 3253 1142 3286 cle-

137 3290 331 3325 fectionibus
354 3290 547 3332 conjunffita3
570 3292 605 3324 in
628 3290 688 3325 hac
711 3292 1044 3330 verodecrcmentum
1066 3295 1143 3328 sini-

138 3335 191 3368 stri
216 3334 388 3367 ventriculi
412 3355 424 3373 ,
456 3334 488 3366 &
511 3334 647 3368 mirifica
672 3337 822 3370 auriculae
859 3336 925 3378 ejus
958 3338 1107 3380 expansio
1131 3351 1141 3379 ς

138 3387 294 3422 quantum
317 3379 401 3411 enim
435 3374 504 3409 haec
528 3378 727 3413 retardabant
762 3392 779 3413 a
815 3378 945 3414 sinistris
979 3381 1141 3424 sanguinis

139 3421 338 3463 transitum,
369 3429 462 3453 tanto
484 3421 556 3463 plus
588 3422 749 3465 sanguinis
780 3423 910 3458 videtur
943 3426 976 3457 in
1010 3425 1142 3459 dextero

139 3466 320 3498 ventriculo
340 3463 498 3499 cumulari
521 3488 532 3505 ‚
556 3467 588 3498 &
610 3468 790 3501 advenienti
814 3468 946 3502 refistere
969 3468 1106 3503 debuisse
1128 3494 1141 3510 ,

139 3510 193 3552 qui
217 3520 292 3542 cum
315 3509 498 3555 auriculam·
513 3519 578 3541 non
602 3508 751 3549 haberet,
776 3512 811 3544 in
835 3523 930 3555 quam
955 3513 1069 3546 alterne
1092 3513 1141 3547 di-

140 3560 296 3591 verteret,
320 3562 411 3587 tanto
434 3553 549 3595 majori
574 3554 668 3596 copia
701 3554 831 3589 videtur
853 3557 1020 3598 proximas
1051 3569 1145 3591 venas

1002 3623 1006 3642 l

1991 244 2007 259 ο
2044 218 2133 281 165

1196 288 1403 323 distendendo
1435 301 1543 324 earum
1575 290 1708 333 parietes
1727 314 1740 330 ,
1769 291 1880 335 hisque
1915 293 2025 328 affixas
2058 293 2199 328 valvulas

1197 334 1324 375 longius
1347 333 1388 365 ab
1411 345 1467 367 axe
1491 331 1654 367 removisse
1677 355 1687 371 ‚
1720 337 1752 367 δε
1777 334 1816 367 sic
1841 335 1968 371 facilius
1992 336 2116 370 traduci
2140 348 2200 379 po-

1197 376 1289 411 tuisse
1312 376 1500 417 concussus,
1526 389 1606 420 quos
1630 389 1644 409 a
1670 377 1850 418 palpitante
1883 380 1979 414 corde
2003 378 2123 414 sursum
2148 390 2200 412 ve-

1195 421 1377 456 hementius
1400 420 1477 453 a&ae
1502 420 1708 462 Tricuspidcs
1731 421 1862 455 valvulae
1887 422 2032 466 sanguini
2055 434 2203 457 commu-

1195 465 1368 498 nicabant:
1390 464 1662 510 quemamodum
1685 476 1738 497 eos
1762 467 1794 496 in
1824 465 2200 501 MorandiObservatio.

1196 520 1253 543 ne,
1277 518 1352 541 cum
1375 518 1460 539 venae
1484 508 1580 540 eslent
1593 507 1630 540 ad
1655 508 1789 541 eundem
1802 508 1934 543 modum
1960 511 2122 544 evidenter
2135 509 2200 543 dis-

1193 550 1324 594 poffiae,
1350 551 1462 592 portio
1486 551 1541 583 illa
1564 551 1725 593 sanguinis
1738 553 2015 590 communicabat,
2041 565 2111 596 quae
2125 553 2201 586 dex-

1194 604 1299 627 terum
1321 593 1535 627 ventriculum
1571 597 1584 632 (
1607 606 1801 638 quaecunque
1833 593 1907 629 esset
1933 608 2003 629 vera
2036 599 2114 630 certi
2140 598 2201 629 im-

1193 638 1368 680 pedimenti
1392 637 1481 670 causa
1505 641 1518 677 )
1542 637 1644 670 subire
1669 649 1732 670 non
1759 648 1872 680 potens
1893 665 1902 680 ‚
1936 640 2057 673 sursum
2082 653 2097 673 a
2121 651 2201 673 con-

1193 681 1339 715 trahente
1376 680 1404 714 se
1438 681 1578 715 auricula
1612 681 1823 724 repellebatur
1845 707 1852 714 .
1992 686 2110 717 Praetet
2142 683 2202 717 hos

1193 726 1249 758 alii
1275 723 1566 768 inciderepossunt
1589 724 1677 758 casus
1700 748 1712 764 ,
1747 727 1780 757 in
1804 725 1921 768 quibus
1945 737 2044 769 neque
2069 727 2202 759 dextero

1192 769 1397 808 ventriculo,
1421 779 1521 810 neque
1544 766 1610 844 ef'us
1633 769 1775 802 auricula
1800 770 1944 803 dilatatis
1968 793 1977 807 ‚
2003 770 2130 812 sanguis
2155 779 2203 802 ta-

1193 823 1286 851 men,
1310 813 1371 845 ilso
1395 813 1423 844 se
1445 821 1555 844 contra
1567 819 1654 844 lente
1674 835 1687 852 ,
1720 812 1825 846 redeat
1849 824 1887 846 ex
1920 822 2008 854 parte
2032 825 2087 856 per
2109 812 2203 846 orifi-

1191 857 1280 889 cium
1303 858 1433 898 utrique
1459 853 1664 898 interjeostum
1692 856 1725 888 in
1748 867 1841 889 venas
1863 880 1874 896 ‚
1898 855 2008 899 easque
2033 867 2202 899 propterea

1193 900 1310 933 alterne
1334 899 1483 933 attollat:
1512 897 1580 932 utsi
1605 899 1731 932 valvula
1757 902 1863 943 aliqua
1886 901 2111 943 Triangularis
2134 901 2204 934 stri-

1191 943 1291 985 gosa,
1314 952 1366 978 aut
1390 942 1544 975 inflexilis
1571 941 1654 975 facta
1678 941 1717 975 sit
1741 967 1749 979 ,
1784 955 1883 987 eoque
1908 945 2018 984 inepta
2049 944 2087 977 acl
2112 942 2205 978 suum

1191 987 1334 1020 officium
1359 985 1592 1029 praestandum,
1616 995 1669 1019 aut
1691 985 1714 1031 si
1738 985 1905 1021 chordulae
1932 988 2045 1030 aliquae
2069 988 2107 1021 de
2131 988 2205 1031 qui-

1190 1030 1248 1065 bus
1273 1040 1362 1065 antea
1386 1029 1511 1062 diftum
1535 1028 1600 1069 est,
1624 1032 1743 1069 erosae,
1767 1042 1821 1063 aut
1835 1030 1987 1072 disruptae
2004 1054 2016 1071 ,
2039 1041 2092 1066 aut
2118 1032 2206 1064 laxa-

1193 1084 1233 1106 tae
1258 1085 1322 1106 non
1349 1072 1463 1114 possint
1489 1073 1626 1112 amplius
1650 1072 1696 1104 ibi
1725 1075 1859 1107 retinere
1870 1075 2054 1111 valvulam,
2077 1084 2114 1109 ut
2137 1076 2206 1108 ori-

1192 1117 1305 1155 ficium
1328 1115 1478 1149 occludat
1501 1139 1511 1154 ‚
1536 1115 1585 1148 secl
1610 1128 1624 1149 a
1646 1115 1799 1162 sanguine
1825 1117 1925 1150 sinant
1949 1117 2133 1152 extrorsum
2155 1119 2208 1152 in-

1191 1162 1294 1200 verti,
1319 1158 1423 1202 ficque
1447 1168 1589 1200 apertam
1623 1169 1690 1200 ejus
1715 1159 1860 1201 regressui
1885 1164 1971 1194 viam
1994 1162 2171 1204 relinquere
2197 1185 2205 1193 .

1325 1204 1406 1236 Haec
1432 1204 1534 1243 igitur
1558 1205 1666 1235 omnia
1700 1203 1905 1245 perpendenti
1933 1204 1974 1237 fic
2009 1203 2173 1240 videbitur
2196 1228 2206 1242 ,

1192 1258 1230 1282 ut
1254 1247 1373 1288 opinor
1394 1269 1405 1285 ,
1438 1245 1562 1287 signum
1584 1246 1624 1278 ab
1657 1246 1806 1291 Lancisio
1831 1247 2031 1289 propositum
2057 1271 2065 1286 ‚
2091 1248 2207 1293 saepius

1194 1290 1327 1335 quidem
1349 1289 1487 1322 indicare
1510 1289 1682 1324 ventriculi
1706 1292 1831 1323 dexteri
1856 1291 2084 1325 dilatationem
2110 1305 2121 1331 5
2154 1293 2208 1325 in-

1196 1335 1325 1369 terdum
1358 1344 1437 1366 vero
1460 1344 1522 1365 non
1546 1331 1628 1366 hanc
1661 1333 1803 1367 indicare
1826 1359 1837 1375 ,
1872 1334 1921 1368 sed
1945 1337 2065 1369 vitium
2100 1346 2209 1369 tamen

1195 1379 1315 1420 semper
1339 1376 1492 1423 aliquod,
1515 1376 1684 1422 cujusaut
1709 1376 1790 1410 sedes
1806 1379 1838 1410 in
1865 1380 1949 1412 cavis
1972 1380 2112 1414 dexteris
2134 1391 2210 1413 cor-

1194 1422 1243 1456 dis
1266 1421 1325 1461 sit,
1351 1429 1404 1454 aut
1428 1421 1559 1454 estecctus
1584 1422 1620 1453 ad
1647 1420 1714 1452 haec
1742 1423 1875 1455 attineat
1900 1420 1965 1464 fic,
1990 1432 2025 1458 ut
2049 1425 2206 1457 circumi-

1194 1468 1244 1499 tio
1269 1465 1431 1508 sanguinis
1464 1474 1519 1506 per
1543 1462 1708 1498 dexteram
1742 1464 1849 1499 cordis
1874 1476 1999 1509 partem
2034 1466 2211 1503 secundum

1195 1521 1344 1544 naturam
1369 1519 1434 1541 non
1459 1507 1664 1550 perficiatur.

1243 1564 1290 1585 ιι.
1318 1554 1368 1585 Ut
1394 1562 1472 1583 vero
1496 1551 1573 1584 bene
1597 1562 1727 1585 utamur
1751 1552 1842 1595 signo
1866 1552 1929 1586 hoc
1952 1567 1963 1593 5
2002 1555 2146 1597 primum
2169 1567 2208 1587 o-

1194 1598 1319 1631 mnium
1343 1593 1519 1628 videndum
1543 1594 1605 1633 est3
1632 1606 1668 1627 ne
1692 1594 1777 1628 forte
1805 1597 1978 1639 aliquando
2014 1609 2079 1631 non
2105 1597 2209 1640 pulsa-

1192 1643 1258 1678 tio,
1285 1640 1337 1674 sed
1361 1640 1523 1680 turgentia
1546 1637 1693 1685 quaedam
1718 1640 1836 1673 alterna
1860 1638 1898 1673 fit
1917 1641 2127 1685 jugularium
2153 1653 2211 1675 ve-

1190 1696 1301 1718 narum
1321 1706 1329 1721 ‚
1365 1683 1516 1715 violentae
1541 1683 1750 1725 inspirationi
1773 1709 1782 1723 ,
1821 1685 2056 1726 expirationive
2080 1685 2211 1728 respon—

1189 1728 1263 1762 dem
1279 1753 1287 1765 ,
1312 1726 1400 1759 velut
1424 1727 1458 1758 in
1480 1728 1780 1771 eoEx'perimento
1803 1750 1811 1763 ,
1848 1727 1938 1771 quod
1961 1730 1994 1762 in
2031 1730 2092 1763 alia
2117 1729 2153 1763 ad
2178 1739 2210 1762 te

1191 1772 1335 1814 Epistola
1361 1774 1373 1809 (
1396 1769 1449 1812 q)
1473 1769 1706 1804 describemus;
1733 1770 1824 1804 facile
1850 1783 1956 1805 autem
1980 1774 2043 1806 erit
2066 1775 2212 1806 interno-

1191 1817 1272 1849 scere
1290 1840 1302 1855 ,
1328 1826 1404 1847 cum
1429 1813 1683 1855 inspirationum
1699 1839 1709 1854 ‚
1736 1827 1774 1849 an
1799 1827 1874 1849 cum
1898 1817 2048 1857 pulsuum
2073 1828 2211 1852 numero

1188 1861 1293 1902 ‚tnagis
1316 1866 1492 1897 congruat.
1633 1858 1755 1891 Deinde
1790 1858 1811 1892 si
1838 1860 1980 1901 pulsatio
2005 1873 2108 1895 revera
2134 1859 2173 1895 fit
2199 1872 2210 1899 3

1190 1900 1420 1937 attendendum
1443 1900 1506 1940 est,
1529 1912 1567 1933 ne
1592 1900 1677 1935 forte
1701 1915 1771 1945 quze
1796 1905 1985 1938 arteriarum
2008 1905 2209 1939 cai-otidum

1190 1946 1229 1980 fit
1255 1946 1415 1989 pulsatio,
1439 1956 1508 1977 earn
1522 1956 1671 1979 venarum
1690 1946 1968 1990 Jugulariumesse
1988 1973 2001 1989 ,
2023 1949 2211 1984 credamus.

1193 1992 1272 2031 Qio
1296 1989 1492 2032 spe&antem
1517 1989 1648 2022 invenio
1671 1991 1788 2025 Galeni
1812 1995 1826 2032 <
1849 2002 1864 2024 r
1886 1996 1901 2032 )
1923 1993 2034 2027 locum
2062 2018 2070 2025 .
2096 1995 2209 2027 Viden-

1191 2041 1245 2068 tur
1261 2057 1272 2073 ,
1296 2034 1429 2076 inquit,
1451 2033 1483 2066 in
1506 2031 1750 2068 vehementibus
1785 2037 1903 2078 capitis
1925 2036 2099 2070 doloribus
2123 2061 2135 2077 ,
2167 2037 2211 2070 Θ

1188 2077 1364 2120 praesertim
1388 2075 1442 2109 nbi
1463 2087 1534 2109 cum
1557 2077 1658 2111 multa
1681 2078 1850 2113 caliditate
1869 2080 1956 2122 fiunt
1968 2104 1980 2121 ‚
1999 2082 2168 2124 pulsantes
2194 2104 2207 2120 ‚

1191 2121 1235 2154 (φ
1271 2118 1357 2162 qnafi
1379 2117 1505 2153 vibrari
1538 2128 1714 2163 temporum
1736 2133 1819 2157 venae
1842 2148 1851 2154 .
1893 2126 2012 2167 sapias
2037 2134 2144 2159 autem
2167 2126 2211 2158 (7⁶

1192 2163 1267 2197 collt'
1290 2163 1464 2206 mgulart‘as
1478 2189 1485 2203 ,
1499 2174 1572 2206 vquae
1594 2165 1743 2200 videlicet
1755 2167 1788 2199 in
1804 2166 1968 2210 superficie
1992 2168 2211 2207 collocantur,

1192 2207 1326 2240 morione
1355 2206 1463 2248 pulfiti
1486 2207 1611 2242 cuidam
1646 2219 1703 2241 non
1727 2208 1865 2251 ‹itffimiti
1893 2212 2012 2253 agitari
2033 2213 2175 2246 vidimus
2200 2234 2212 2245 .

1193 2250 1324 2282 Videtur
1348 2259 1465 2291 quoque
1487 2252 1530 2283 Θ
1555 2252 1587 2284 in
1612 2253 1808 2293 temporibus
1839 2263 1879 2287 ex
1894 2254 2136 2297 subjacentibus
2155 2265 2212 2288 ar-

1194 2292 1285 2326 teriis
1310 2293 1407 2326 motio
1432 2293 1568 2328 accidere
1592 2317 1604 2333 ‚
1637 2305 1695 2335 quo
1718 2303 1856 2338 tempore
1889 2297 1951 2330 illce
1976 2299 2113 2332 maxime
2133 2296 2211 2341 pul-

1189 2335 1287 2377 sant.
1310 2336 1394 2370 Dixi
1418 2345 1547 2377 autem,
1570 2335 1634 2370 huc
1658 2336 1796 2380 spectare
1819 2340 1940 2374 Galerii
1964 2342 2075 2376 locum
2091 2368 2100 2383 ,
2129 2341 2150 2376 si
2171 2353 2212 2377 ex

1196 2378 1321 2411 ultimis
1343 2379 1446 2411 verbis
1469 2380 1690 2422 conjecturam
1713 2384 1875 2425 capiamus
1897 2407 1906 2423 ‚
1929 2397 1993 2429 qua
2019 2388 2145 2420 ratione
2167 2387 2213 2421 il-

1195 2422 1224 2454 la
1247 2434 1319 2465 quae
1343 2421 1560 2464 superioribus
1587 2424 1773 2467 scripserat,
1798 2428 1994 2469 explicaret.
2021 2431 2076 2463 Sin
2102 2439 2210 2465 autem

1195 2466 1375 2503 malumus,
1399 2476 1435 2498 ut
1460 2465 1588 2513 fortasse
1612 2467 1788 2509 debemus,
1813 2471 1898 2505 aliud
1924 2473 1991 2506 illis
2012 2497 2024 2514 ,
2048 2474 2135 2508 aliud
2160 2475 2211 2510 liis

1193 2508 1297 2541 verbis
1321 2511 1457 2540 omnino
1482 2509 1665 2551 significasse
1686 2524 1697 2550 3
1732 2514 1980 2550 animadversam
2006 2519 2107 2557 igitur
2129 2519 2210 2554 olim

1193 2562 1321 2594 quoque
1347 2551 1439 2585 fuisse
1464 2551 1641 2589 fatebimur
1665 2555 1774 2598 ³ipsam
1798 2560 1829 2590 Sc
1856 2555 2108 2603 Temporalium
2130 2585 2140 2600 ,
2176 2567 2208 2597 δέ

1187 2596 1397 2640 Jugularium
1421 2606 1571 2642 venarum
1596 2595 1809 2640 pulsationem
1826 2625 1833 2633 .
1861 2603 1949 2636 Nam
1973 2606 2209 2649 Hippocratica

1193 2640 1249 2671 illa
1271 2649 1424 2672 venarum
1444 2641 1644 2682 jugulartum
1665 2643 1802 2685 pnlfiztio
1825 2646 1991 2681 vehemens
2015 2651 2052 2683 ab
2070 2651 2206 2695 jacotio

1193 2683 1297 2729 (,s)›
1320 2684 1353 2732 βε
1378 2684 1508 2733 Dureto
1531 2688 1545 2724 (
1567 2693 1582 2718 t
1604 2688 1617 2724 )
1641 2686 1679 2719 de
1704 2690 1826 2721 arteriis
1860 2702 1986 2735 accepta
2011 2693 2054 2728 est
2078 2706 2086 2725 .·
2121 2695 2209 2738 quod

1192 2729 1294 2773 tacere
1317 2736 1350 2758 in
1373 2726 1529 2760 Galenica
1553 2727 1613 2761 hac
1637 2740 1702 2762 non
1726 2731 1802 2764 licet
1829 2756 1839 2771 ,
1864 2734 1919 2768 ubi
1945 2736 1984 2768 ab
2009 2739 2134 2771 arteriis
2158 2739 2209 2773 di-

1192 2772 1271 2803 serte
1291 2780 1381 2820 'venae
1406 2770 1671 2818 distinguuntur,
1696 2777 1728 2807 δε
1748 2775 1919 2818 Jugulares
1944 2790 2029 2814 venae
2054 2783 2207 2817 Externae

1194 2812 1384 2859 apertissime
1407 2813 1635 2860 designantur.
1661 2817 1720 2849 Sed
1744 2820 1873 2859 quando
1896 2821 1950 2856 has
1973 2834 2066 2857 venas
2090 2826 2208 2859 alterne

1195 2858 1325 2891 attollat
1349 2856 1564 2899 iubyeecamm
1589 2863 1777 2893 arteriarum
1801 2874 1912 2905 ingens
1936 2867 2098 2909 pulsati03
2122 2869 2209 2904 haud

1196 2901 1329 2936 difficile
1351 2902 1411 2934 erit
1434 2902 1681 2937 animadvertere
1700 2927 1712 2943 ,
1736 2916 1800 2938 non
1825 2908 1907 2951 ipsas
1933 2921 2057 2946 tantum
2080 2923 2173 2947 venas
2196 2938 2206 2953 ,

1196 2946 1248 2980 sed
1273 2950 1305 2979 δε
1330 2954 1433 2989 partes
1457 2947 1534 2979 colli
1571 2948 1734 2988 proximas
1764 2947 1854 2985 simul
1891 2955 2028 2994 attolli,
2062 2957 2130 2989 imo
2154 2969 2204 2991 eas

1192 2991 1295 3032 magis
1319 3001 1389 3032 quae
1411 2989 1622 3037 Carotidibus
1653 3003 1669 3023 e
1693 2992 1822 3033 regione
1856 3000 1958 3040 magis
1981 2998 2169 3042 respondent
2194 3026 2201 3033 .

1326 3033 1427 3070 Quod
1460 3033 1481 3065 fi
1507 3035 1574 3076 ipsa
1606 3035 1675 3068 vasa
1699 3035 1857 3078 pulsantia
1880 3040 2015 3075 dilatata
2050 3044 2083 3076 in
2116 3045 2207 3078 collo

1193 3086 1302 3111 extent
1326 3101 1335 3117 ,
1368 3085 1461 3119 atque
1487 3079 1690 3119 promineant
1713 3091 1720 3111 .·
1760 3090 1833 3116 tum
1855 3094 1931 3118 vero
1954 3098 1969 3119 a
1993 3087 2205 3122 Carotidibus

1195 3133 1312 3161 venas,
1335 3118 1372 3153 de
1395 3119 1714 3165 quibusloquimur,
1737 3124 1931 3168 distinguere
1956 3130 2090 3171 licebit,
2114 3129 2135 3164 fi
2150 3143 2205 3165 ex-

1196 3167 1316 3199 timam
1340 3163 1453 3213 harum
1476 3165 1601 3206 sedem,
1626 3169 1657 3199 ὃς
1683 3170 1840 3208 parietum
1866 3172 2136 3215 mollitudinem,
2161 3176 2202 3208 il-

1196 3209 1312 3251 ludque
1346 3209 1519 3257 inprimis
1551 3220 1625 3242 cum
1659 3212 1823 3247 Morando
1845 3218 1900 3255 (u
1924 3220 1935 3255 )
1967 3216 2169 3252 attendamus
2194 3242 2205 3258 ‚

1196 3250 1340 3295 appresso
1363 3251 1473 3292 digito
1496 3265 1566 3299 quae
1591 3265 1663 3296 pars
1686 3256 1761 3290 vasis
1785 3258 1867 3292 infra
1893 3259 1976 3292 hunc
2001 3262 2084 3300 erit,
2109 3274 2198 3302 eam,

1195 3305 1231 3329 ut
1254 3297 1494 3329 circumitionis
1518 3298 1676 3339 sanguinis
1700 3302 1986 3344 requiruntleges,
2008 3304 2205 3340 detumesce-

1169 3373 1171 3375 ,
1194 3351 1249 3372 re:
1275 3351 1344 3381 quae
1372 3338 1461 3380 supra
1478 3365 1486 3379 ‚
1512 3350 1672 3376 tumorem
1695 3355 1806 3385 augere
1828 3369 1839 3385 ,
1863 3355 1917 3378 aut
1940 3357 2024 3381 certe
2049 3349 2167 3382 servare
2191 3375 2200 3385 .

1194 3383 1290 3416 Nolo
1314 3391 1420 3432 autem
1443 3386 1567 3431 mireris
1590 3411 1597 3425 ,
1631 3386 1720 3430 quod
1745 3388 1783 3421 ad
1819 3399 1968 3425 venarum
2004 3393 2200 3435 pulsationes

1198 3426 1237 3458 ab
1261 3435 1449 3460 arter1arum
1485 3430 1717 3470 pulsationibus
1742 3432 1994 3468 internoscendas
2013 3460 2023 3476 ,
2056 3447 2120 3469 non
2143 3437 2201 3471 ad-

1197 3473 1396 3511 notaverim,
1422 3473 1647 3507 attendendum
1672 3473 1729 3507 effe
1750 3498 1760 3513 ‚
1795 3476 1863 3510 alio
1884 3501 1897 3518 ,
1929 3490 1966 3511 an
1991 3478 2101 3513 eodem
2139 3492 2205 3523 quo

1197 3525 1252 3547 cor
1275 3513 1400 3556 pulsat,
1424 3523 1567 3559 tempore
1590 3519 1776 3561 contingant
1796 3531 1807 3558 3
1833 3520 1909 3554 hinc
1932 3523 2018 3557 enim
2041 3522 2203 3558 interdum

1198 3556 1283 3600 posse
1304 3569 1362 3591 nos
1386 3557 1456 3592 falli
1474 3585 1484 3602 ,
1505 3561 1666 3604 intelliges
1688 3562 1795 3605 postea
1816 3566 1830 3602 (
1851 3574 1873 3598 x
1896 3569 1933 3605 ).
1958 3568 2111 3601 Praeterea
2135 3569 2205 3601 ani-

2075 3609 2166 3645 mad-

136 3689 2215 3713 *ἡὴ-...Μ

200 3762 209 3792 (
228 3772 244 3787 η
259 3763 369 3799 >Mem
385 3765 415 3790 dc
432 3765 455 3790 la
471 3761 568 3799 meme.
587 3767 617 3790 A.
634 3774 701 3797 ¹73²-
765 3769 802 3794 (ο
820 3771 917 3802 )Epist.
933 3773 963 3798 de
978 3774 1050 3800 Coi-d.
1069 3777 1157 3807 Poiyp.
1174 3786 1197 3802 n.
1214 3787 1236 3807 9.
1253 3781 1275 3803 Bc
1294 3787 1330 3808 ¹3-

200 3793 213 3821 (
230 3802 242 3817 r
258 3798 268 3825 )
284 3803 309 3819 m
331 3797 352 3820 1-
372 3796 494 3830 rrorrhet·
512 3797 586 3826 Hmp.
605 3799 705 3824 comm.
723 3807 744 3829 3.
760 3807 784 3824 n.
802 3809 825 3830 9.
888 3804 902 3833 (
916 3804 959 3834 s)
976 3805 994 3829 ι.
1010 3814 1033 3830 2.
1050 3808 1149 3832 eomm.
1165 3809 1190 3834 in
1207 3811 1283 3834 eoae.
1302 3812 1324 3834 s.
1345 3818 1366 3834 ι.
1383 3819 1405 3834 n.
1425 3818 1464 3839 4²·

204 3825 219 3856 ς
233 3832 249 3848 u
264 3824 278 3854 )
294 3825 345 3851 lot.
357 3832 399 3851 ott.
417 3827 503 3858 supra.
519 3826 547 3851 ad
564 3835 589 3852 n.
608 3835 630 3858 9.
691 3831 706 3860 (
721 3839 736 3856 ,ι-
752 3830 762 3862 )
777 3838 800 3856 n.
818 3840 857 3858 n..

1393 3780 1408 3808 (
1421 3786 1438 3809 Ρ
1455 3778 1463 3808 )
1480 3789 1506 3806 n·
1521 3788 1545 3810 9.
1607 3782 1621 3809 (
1637 3790 1652 3811 q
1670 3782 1683 3810 )
1700 3782 1772 3811 Epist.
1791 3789 1827 3811 19.
1846 3790 1869 3807 n.
1887 3791 1923 3813 33.
1941 3793 1980 3816 34.

1528 3812 1535 3843 (
1554 3811 1593 3841 τ’)
1612 3813 1640 3836 ln
1658 3815 1732 3838 Coae.
1748 3814 1764 3839 l.
1786 3821 1807 3837 z.
1823 3821 1845 3841 c,
1865 3821 1901 3839 lo.
1918 3822 1942 3840 n.
1960 3823 1982 3840 1.
