2498 4075
416 208 569 272 Epist.
604 208 764 260 Anat·
801 207 1251 262 MedicaaXLVI.
1287 206 1408 258 Art:
1442 221 1516 257 12.
1564 206 1620 258 ὃ(
1649 218 1716 258 13.

115 292 165 316 iz:
188 285 353 319 Narrabat
380 283 445 319 haec
471 289 587 325 altera,
614 298 678 319 non
703 286 733 320 se
755 287 885 329 quidem
910 286 971 320 esse
1005 289 1066 321 im·

70 326 288 367 perforatam,
315 326 365 361 sed
390 330 521 372 angusto
547 331 622 363 adeo
645 329 804 363 foramine
815 331 1003 372 praeditam‚
1029 340 1065 364 ut

67 380 131 402 non
154 372 308 412 ignobilis
332 374 364 404 in
386 372 564 406 dofftiffima
588 374 735 407 Civitate
763 373 1066 413 Medicus-‚idem-

65 423 127 453 que
151 414 335 457 Chirurgus
359 435 367 450 ‚
404 427 478 448 cum
513 418 546 449 in
571 418 672 458 prima
708 417 875 459 pubertate
909 417 1066 459 inspexis-

67 455 114 488 set
138 479 146 494 ‚
192 458 360 492 consilium
407 459 530 492 dederit
577 460 723 494 immiffis
758 472 828 503 quae
874 460 911 495 ad
956 460 989 493 id
1021 461 1065 495 es-

66 497 133 531 sent
160 503 273 535 idonea
298 528 306 541 ‚
342 503 496 543 paulatim
530 502 686 537 dilatandi
708 515 720 543 ;
743 512 855 537 caetera
880 504 964 538 enim
990 514 1065 539 aeta-

66 551 131 575 tem
154 569 162 582 ‚
195 547 225 577 &
260 548 365 577 virum
385 569 393 582 ,
431 544 451 577 si
486 546 637 583 nuberet,
664 546 901 589 perfefiurum.
929 549 965 579 Se
990 559 1066 581 vero

67 585 188 628 aliquid
217 589 345 622 illorum
369 588 588 630 quadantenus
611 594 642 623 &
667 589 842 632 aliquando
866 589 1027 624 immisisse
1047 613 1060 628 .‚

65 632 96 662 &
120 633 268 665 nonnihil
293 631 462 666 foraminis
485 633 648 667 orificium
672 645 705 666 ea
731 634 855 666 ratione
887 633 1029 667 dilatasse
1054 659 1063 673 ‚

64 673 218 706 ulteriora
233 674 313 708 ferre
337 686 398 708 non
413 674 546 716 potuiffe
563 688 569 707 .-
596 678 701 710 virum
726 687 855 718 quoquc
867 678 918 711 cui
934 690 948 710 a
963 679 1062 710 trien-

67 717 124 750 nio
146 718 304 751 collocata
326 718 397 751 esset
412 741 419 754 ,
441 720 562 751 crebris
585 720 754 753 conatibus
778 719 863 752 idem
896 720 1060 753 orificium

63 763 161 801 paulo
185 763 285 802 magis
309 759 536 802 amplificasl⁴e3
560 758 664 796 subire
689 773 792 796 autem
819 774 980 804 nunquam
1006 776 1064 805 po-

63 801 172 836 tuisse.
198 804 327 841 Quibus
351 806 491 841 auditis,
515 806 639 847 inspexi
663 819 695 839 ea
723 816 849 843 mente,
876 816 911 839 ut
937 804 956 839 si
982 806 1065 840 cras-

63 844 128 878 fior
151 845 236 880 forte
261 848 379 889 hymen
394 871 402 883 ,
429 850 634 891 tenuiorique
657 859 765 891 patens
791 848 947 883 foramine
958 850 1065 883 obsta-

64 899 130 926 ret3
155 891 323 924 incisionis
348 893 459 925 aucoror
485 890 575 924 essem
598 915 607 929 ‚
643 902 678 926 ut
703 892 832 932 fuerunt
859 892 912 925 alii
940 915 946 928 ‚
974 897 1003 926 ὃ(
1027 896 1061 926 in

64 931 113 965 his
127 933 244 967 sslasius
267 937 331 972 (x)
348 948 357 966 .·
381 933 424 967 sin
451 936 604 976 angustiae
630 948 685 975 per
709 937 860 975 vaginam
885 936 981 968 altius
996 947 1063 977 per-

62 986 194 1017 gerent3
219 980 295 1018 quid
321 980 351 1010 &
376 988 530 1020 quatenus
556 978 640 1011 faeto
664 990 743 1019 opus
767 977 841 1012 esset
865 1001 873 1014 ‚
897 981 1061 1020 excogita-

58 1030 126 1051 rem
153 1033 161 1055 3
194 1021 329 1055 necdum
354 1023 439 1055 enim
466 1022 517 1053 Cl.
544 1022 720 1060 Benevolus
754 1022 948 1056 imitandum
972 1034 1061 1064 aeque

57 1060 162 1095 facilis
187 1075 220 1096 ac
243 1063 349 1098 felicis
371 1066 547 1098 curationis
570 1065 752 1105 exemplum
777 1068 829 1106 (y
853 1069 866 1104 )
891 1065 1062 1106 proposue—

58 1115 134 1145 rat;
156 1118 229 1140 cum
255 1108 401 1149 plurimis
427 1108 497 1150 post
520 1110 609 1141 annis
634 1108 702 1150 ejus
726 1108 976 1142 Observationes
989 1120 1062 1149 pro-

58 1150 196 1184 dierint.
230 1151 315 1184 Nam
340 1164 410 1193 que
434 1163 449 1183 a
475 1152 611 1190 Blasio(
638 1164 661 1195 z
685 1154 698 1189 )
724 1153 755 1184 in
778 1154 915 1194 quadam
939 1154 991 1185 cui
1027 1151 1058 1187 id

58 1205 75 1226 a
98 1203 190 1235 partu
214 1195 395 1232 acciderat,
419 1197 544 1227 curatio
568 1195 710 1235 expolita
734 1196 798 1232 est,
822 1197 916 1228 nimis
942 1196 1060 1236 aspera,

58 1248 95 1269 ne
119 1237 225 1270 dicam
250 1240 292 1270 ob
317 1237 778 1272 laesumReetumintestinum
796 1260 803 1273 2
828 1239 957 1282 longior
972 1238 1054 1272 fuit.

57 1281 189 1322 Sperare
214 1291 339 1317 autema
364 1291 398 1314 ut
422 1292 602 1323 praegnante
626 1282 762 1323 denique
787 1280 866 1314 faeta
893 1283 1025 1315 muliere
1051 1309 1058 1321 ,

55 1324 328 1366 quemadmodum
363 1325 410 1357 illi
446 1325 568 1358 accidit
590 1324 628 1358 de
659 1336 721 1366 qua
756 1326 866 1358 retulit
896 1327 1059 1359 Antonius

56 1367 146 1409 (a),
169 1371 208 1400 ab
233 1371 314 1402 uteri
340 1367 403 1409 ipsa
430 1367 604 1409 gestatione
630 1369 744 1409 vagina
769 1368 980 1404 dilataretur,
999 1371 1056 1402 mi-

55 1420 114 1444 nus
138 1414 228 1445 aulus
252 1412 367 1448 essem,
394 1421 429 1444 ut
453 1413 510 1453 qui
534 1413 617 1446 inter
643 1410 793 1444 rariffima
817 1413 1000 1453 exemplum
1026 1414 1059 1446 id

56 1465 224 1496 ponerem.
252 1457 295 1488 Et
320 1455 439 1488 videbis
464 1465 548 1488 certe
564 1481 571 1494 ,
597 1467 660 1487 non
685 1455 770 1487 idem
795 1454 963 1497 contigisse
980 1457 1061 1489 alte-

57 1499 84 1530 ri
109 1497 251 1531 foeminae
276 1500 314 1531 de
338 1510 399 1541 qua
426 1498 538 1531 iisdem
562 1501 597 1532 in
622 1498 711 1532 libris
726 1498 819 1531 verba
846 1497 927 1531 fiunt
952 1503 961 1538 (
986 1499 1004 1531 l]
1026 1503 1061 1538 ).

55 1541 124 1574 imo
148 1552 273 1583 quanto
296 1543 425 1576 labore,
449 1545 479 1574 ὅ(
504 1541 524 1574 fi
549 1554 621 1584 quae
646 1541 750 1575 secuta
777 1540 847 1573 sunt
864 1564 872 1577 ‚
897 1543 1064 1583 attendas,

55 1587 202 1627 periculo
225 1597 373 1629 quoque.
400 1586 577 1618 Benevolus
605 1586 654 1627 (c
678 1589 688 1624 )
713 1597 785 1618 cum
811 1585 958 1620 Querci'o
981 1587 1065 1618 inter

55 1638 164 1672 partus
188 1630 313 1662 dolores
340 1631 486 1671 vaginam
510 1630 612 1661 coaeti
646 1628 705 1661 sint
737 1629 869 1661 dilatare
914 1628 952 1662 ad
998 1640 1060 1662 me-

53 1674 144 1706 dium
169 1672 336 1705 dumtaxat
362 1671 576 1713 longitud-inis
602 1671 662 1705 suae
686 1674 882 1705 coarctatam
915 1673 958 1705 ob
987 1673 1060 1706 vul..

53 1717 167 1749 nusiu
192 1717 330 1756 pueritia
355 1726 554 1757 acceptum3
590 1726 665 1748 cum
699 1716 762 1748 illae
797 1716 866 1747 duae
902 1715 942 1748 sic
976 1726 1059 1748 natae

51 1758 142 1793 fuisl'e
167 1758 339 1791 videantur
363 1781 372 1790 .
406 1759 467 1791 Hae
491 1768 600 1792 autem
624 1760 768 1801 quinque
795 1760 942 1792 mulieres
964 1768 1061 1791 tenue·

50 1801 195 1836 foramen
218 1802 380 1835 habebant
405 1813 537 1840 omnes,
562 1813 615 1844 per
633 1803 722 1844 quod
746 1802 852 1844 aliqua
868 1806 905 1835 ad
932 1812 1061 1836 uterum

48 1848 100 1879 via
127 1856 271 1887 pateret:
295 1847 389 1888 quale
414 1846 448 1877 in
476 1858 508 1878 ea
535 1856 666 1887 quoque
677 1843 757 1882 esse,
781 1844 982 1886 suspicabar,
1004 1857 1062 1879 cu-

47 1888 101 1931 jus
125 1888 292 1923 historiam
316 1889 556 1922 describendam
580 1889 719 1930 suscepi.
747 1889 871 1922 Verum
896 1889 951 1922 ubi
977 1887 1065 1922 fora-

49 1944 121 1965 men
147 1933 186 1965 de
210 1944 276 1974 quo
302 1933 418 1965 mulier
445 1941 626 1965 narraverat
656 1957 663 1970 ‚
685 1931 838 1974 conspexi
864 1944 874 1971 3
909 1933 1002 1965 illico
1025 1943 1064 1965 ex

49 1975 116 2017 eJ'us
140 1974 209 2008 sede
233 1975 398 2010 orificium
423 1975 563 2009 urethrae
589 1974 665 2012 effe,
692 1977 856 2017 cognovi,
881 1974 1063 2017 gratiasque

52 2020 187 2061 agendas
211 2019 270 2052 effe
295 2019 394 2053 Deo.
418 2018 506 2060 quod
533 2019 648 2051 mulier
671 2019 859 2051 ulteriorem
876 2018 953 2060 >ejus
977 2030 1063 2051 mea-

52 2074 104 2096 tus
126 2062 356 2096 dilatationem
380 2073 444 2095 non
474 2061 675 2102 pertulisset,
701 2073 739 2095 ex
761 2074 824 2104 qua
848 2062 929 2095 illud
945 2062 1060 2103 procul

49 2107 150 2140 dubio
177 2106 343 2140 acceffiffec
368 2107 598 2144 incommodi,
623 2114 659 2137 ut
683 2105 802 2139 lotium
828 2108 966 2139 retinere
992 2117 1059 2138 non

49 2150 171 2192 posset.
200 2149 484 2190 Undeintelligis,
512 2150 689 2181 Anatomes
712 2150 909 2189 imperitiam
935 2159 1060 2181 tantam

52 2193 228 2236 aliquando
252 2203 317 2238 non
343 2193 442 2226 modo
465 2194 499 2226 in
524 2191 712 2237 vulgaribus
735 2192 918 2234 chirurgis„
941 2195 970 2225 ὃ(
985 2202 1062 2224 ton.¹

49 2237 200 2276 soribus,
224 2236 262 2270 de
285 2236 402 2278 quibus
427 2236 511 2269 haud
535 2236 582 2267 ita
607 2234 764 2268 absimilia
789 2234 932 2269 referunt
958 2236 1060 2268 Plate-

50 2292 104 2314 rus
126 2281 183 2321 (d
204 2283 239 2319 ),
267 2281 296 2311 δέ
322 2282 433 2313 Petrus
456 2279 495 2313 de
523 2277 716 2318 Marchettis
740 2279 788 2321 (e
814 2281 823 2316 )
849 2300 859 2316 ‚
896 2277 944 2312 sed
968 2281 998 2322 δι
1025 2282 1058 2311 in

50 2325 196 2358 Medicis
220 2321 278 2356 esse
303 2334 367 2356 non
391 2322 591 2364 ignobilibus
615 2344 624 2359 ‚
658 2331 694 2355 ut
718 2321 854 2355 urethrae
877 2322 1024 2355 osculum
1049 2347 1059 2362 ,

51 2378 172 2409 magno
196 2367 430 2408 aegrotantium
454 2366 652 2399 detrimento
667 2390 675 2404 ‚
698 2374 752 2398 aut
776 2374 866 2398 certe
891 2366 1058 2406 periculo,

53 2422 118 2445 non
143 2408 356 2452 dignoscant3
381 2407 438 2442 nifi
463 2409 515 2442 hic
539 2408 624 2454 forte
648 2411 769 2450 aequius
794 2409 835 2441 est
858 2408 1058 2452 inspicientis

53 2464 107 2487 aut
134 2452 370 2487 festinationem
388 2477 397 2492 ‚
420 2460 474 2485 aut
499 2452 741 2494 praejudicatam
764 2462 803 2484 ex
827 2452 908 2486 male
932 2451 990 2485 fibi
1020 2454 1058 2485 cle

54 2498 213 2532 foramine
224 2495 414 2538 perangusto
429 2495 562 2529 narratis
573 2495 762 2537 opinionem
774 2495 918 2530 accusare
931 2522 938 2529 .
963 2498 1059 2534 Tunc

53 2542 157 2575 oculis
182 2539 220 2574 ad
243 2550 310 2573 earn
336 2540 490 2572 naturalis
513 2547 637 2581 partem
660 2538 817 2572 conversis
840 2563 849 2579 ‚
881 2551 951 2582 quae
977 2551 1060 2582 pone

52 2586 87 2619 id
110 2582 258 2618 osculum
284 2583 433 2625 proxima
455 2582 620 2623 sequitur,
644 2581 765 2615 scilicet
788 2583 821 2614 in
844 2594 907 2625 qua
933 2585 1058 2626 va'ginae

49 2627 214 2664 orificium
239 2636 347 2669 patere
369 2625 470 2662 solet,
494 2626 618 2659 nullum
643 2625 776 2666 usquam
799 2625 1058 2665 foraminulum‚

49 2671 168 2706 nedum
179 2669 347 2708 foramen,
372 2670 516 2703 occurrit
527 2668 946 2712 attentiffimeinquirenti:
972 2671 1057 2704 clau-

53 2717 104 2748 sus
127 2716 264 2748 omnino
286 2715 313 2747 is
338 2723 402 2745 erat
425 2713 515 2747 locus
540 2737 548 2751 ‚
583 2724 646 2745 non
673 2713 862 2746 membrana
881 2726 952 2756 quae
988 2726 1056 2756 pre-

54 2760 154 2793 menti
177 2757 324 2797 cederet,
348 2756 398 2791 sed
423 2755 605 2790 firmiffimo
627 2756 795 2800 solidoque
820 2759 958 2800 pariete.
979 2759 1055 2791 ·Du-

53 2802 174 2837 bitanti
200 2799 280 2833 mihi
305 2799 383 2842 quid
407 2799 606 2843 potiffimum
629 2799 755 2834 consilii
778 2800 885 2834 darem
912 2814 920 2838 ς
954 2812 1058 2843 neque

54 2848 142 2881 enim
169 2845 220 2877 hic
243 2843 281 2877 de
302 2850 441 2877 concreto
460 2842 595 2886 genitali
618 2865 627 2879 ‚
660 2852 694 2876 ut
718 2845 751 2875 in
773 2845 926 2877 Cornelia
951 2845 1056 2877 Grac-

55 2890 193 2925 chorum
221 2896 322 2920 matre
345 2883 426 2928 (f)
441 2908 451 2923 ,
475 2885 506 2919 id
531 2886 572 2919 est
594 2885 633 2920 de
656 2888 743 2920 illius
766 2888 894 2929 interse
913 2888 1055 2931 glutina-

54 2935 98 2970 tis
122 2933 205 2969 oris,
230 2939 264 2964 ut
288 2929 434 2970 loquitur
458 2928 569 2962 Celsus
593 2931 648 2973 (g
669 2934 705 2969 )‚
728 2931 881 2972 agebatur
906 2956 914 2970 ,
939 2942 991 2964 aut
1016 2931 1055 2964 de

55 2974 234 3012 membrana
258 2973 304 3007 ori
325 2972 426 3005 vulvae
448 2971 605 3014 oppofita‚
629 2985 727 3016 quam
751 2973 837 3006 idem
863 2979 873 3014 (
896 2975 950 3016 h)
990 2987 1056 3008 rne-

55 3028 186 3060 morat‚
209 3027 344 3061 quarum
368 3026 468 3057 neque-
490 3017 687 3058 incognstae,
713 3028 813 3059 neque
826 3017 972 3052 difficiles
984 3018 1055 3051 sunt

53 3067 256 3099 curationes,
281 3059 331 3093 sed
354 3057 392 3092 de
414 3058 484 3092 casu
506 3060 540 3092 in
565 3063 755 3094 memoriam
780 3072 946 3095 revocante
958 3074 1053 3103 quem

54 3110 193 3149 legeram
216 3103 298 3147 apud
323 3101 516 3136 Nabothum
539 3106 552 3141 (
573 3105 586 3137 i
607 3108 640 3144 )‚
665 3104 786 3138 Medici
803 3106 908 3139 cultro
932 3107 1054 3147 vaginae

56 3151 234 3186 coalitum,
257 3148 314 3190 qui
339 3147 461 3187 pariter
485 3147 523 3179 ab
546 3157 619 3181 ortu
644 3148 740 3185 esset,
763 3148 876 3182 tollere
912 3149 1053 3191 satagen-

54 3197 120 3231 tis,
144 3193 183 3226 ab
206 3202 300 3232 opere
324 3199 428 3222 autem
449 3188 591 3223 desistere
614 3193 740 3230 coacti,
762 3203 834 3224 cum
860 3195 953 3225 altius
977 3205 1053 3235 pro—

57 3237 167 3272 cedere
191 3232 318 3268 vidisset
351 3232 507 3266 coalitum
531 3255 539 3270 ‚
573 3234 728 3277 simulque
766 3235 946 3276 {anguifera
982 3237 1052 3270 vasa

58 3281 181 3323 majora
207 3288 378 3319 apparere,
402 3288 525 3318 unaque
549 3278 700 3316 Nabotlii
724 3278 913 3312 sententiam
938 3280 989 3322 (lg
1010 3284 1023 3319 >
1044 3303 1056 3320 ,

52 3326 81 3369 fi
104 3321 306 3360 interstitium
329 3329 473 3353 carneum
494 3320 593 3363 calfit,
618 3321 745 3355 craffius
769 3323 943 3361 videlicet3
967 3322 1004 3355 ab
1027 3333 1057 3355 e-

54 3381 107 3413 jus
123 3365 257 3409 seclione
278 3363 397 3404 partim
415 3371 543 3405 propter
564 3364 814 3408 haemorrlmgiam
837 3367 1058 3407 enormiorem,

56 3411 176 3454 partim
200 3406 235 3442 ob
258 3405 531 3449 inflammationem
549 3406 781 3450 subsecuturam
804 3434 814 3450 ,
843 3409 983 3451 praestare
1005 3409 1056 3442 ab·

51 3457 183 3497 stinere:
207 3450 273 3484 haec
298 3451 401 3493 igitur
425 3451 533 3482 animo
556 3451 694 3485 versanti
718 3462 901 3494 opportune
913 3454 1001 3485 venit
1025 3454 1059 3485 in

1559 96 1565 114 l

1961 223 2053 271 ²¹3

1117 297 1256 322 mentem
1277 285 1387 319 eadem
1410 295 1549 326 quaerere
1573 294 1644 326 quae
1668 294 1706 316 ex
1732 283 1865 317 muliere
1888 282 2050 324 superiore
2062 283 2123 327 (l)

1116 331 1322 374 quaesiveram
1336 352 1348 368 ‚
1371 339 1449 361 num
1463 328 1637 360 menstruus
1648 327 1774 367 sanguis
1785 324 1949 368 prodiisset
1961 332 2120 368 unquam?

1116 386 1194 408 nurn
1220 374 1291 407 ullae
1317 384 1373 415 per
1395 369 1567 404 intervalla
1590 369 1628 402 ad
1652 369 1781 403 lumbos
1807 367 1904 403 essent
1928 391 1938 406 ‚
1963 370 2120 410 pubemve

1118 415 1291 452 molestiae?
1319 417 1369 448 Ex
1392 426 1458 454 quo
1481 415 1566 447 enim
1590 412 1757 455 scripserat
1779 413 1968 446 Aristoteles
1992 416 2002 451 (
2025 424 2056 446 m
2078 416 2092 451 )
2112 436 2122 451 ‚

1110 460 1251 507 foemz'm's
1275 457 1432 492 nonnullis
1454 468 1488 489 os
1511 453 1824 497 utericompreffitm‚
1850 464 2121 497 concorporatum-

1118 515 1173 547 que
1196 501 1234 536 ab
1258 503 1384 536 ineunte
1395 507 1487 535 aetate
1499 501 1538 534 ad
1549 508 1671 541 tempus
1694 499 1785 541 usque
1807 498 2027 537 menstruorum
2044 508 2119 540 per..

1111 544 1293 591 fhvcravcffi
1307 570 1318 589 ,
1341 554 1412 577 mox
1437 541 1617 585 urgentibus
1640 541 1800 581 menstruis
1821 564 1833 581 ,
1857 543 2017 583 doloreque
2039 539 2119 584 infe-

1108 591 1209 631 stante
1237 613 1245 626 ‚
1260 585 1353 621 'aliis
1369 587 1480 629 sponte
1504 585 1680 627 disruptum
1704 583 1759 627 effe
1783 609 1792 624 ‚
1822 584 1897 617 aliis
1920 584 2077 628 dcffi’ffum
2101 596 2119 617 a

1113 633 1267 671 Medicis3
1293 630 1391 672 probe
1417 630 1647 666 memineram,
1672 637 1776 670 quot,
1802 630 1834 660 &
1856 630 1964 669 qualia
1979 626 2120 660 tulissent

1114 676 1258 709 fceminae
1285 675 1390 716 plures
1413 685 1427 706 a
1453 682 1643 706 coacervato
1666 672 1697 703 in
1711 672 1851 714 vagina,
1874 673 1905 702 &
1930 680 2021 703 utero
2034 682 2122 703 men-

1118 719 1206 752 struo
1231 718 1385 760 sanguine
1409 715 1511 749 donec
1536 728 1551 748 a
1578 713 1752 756 Chirurgis
1774 723 1846 746 ante
1869 736 1882 752 ,
1917 717 1945 745 δέ
1971 713 2039 756 post
2063 716 2120 747 Fa..

1117 764 1257 797 bricium
1281 762 1424 794 nostrum
1449 759 1488 791 ab
1513 757 1764 800 Aquapendente
1788 758 1841 800 (n
1864 759 1877 795 )
1902 755 1981 788 sech
2004 757 2124 798 imper..

1117 808 1170 838 via
1196 805 1380 838 membrana
1402 802 1439 836 ad
1464 802 1628 836 orificium
1652 803 1799 842 vaginae,
1821 808 2034 838 curarentur,
2059 799 2122 833 hoc

1117 851 1203 883 enirn
1227 849 1272 880 ibi
1299 859 1356 889 pro
1380 858 1435 879 ore
1459 846 1542 878 uteri
1566 853 1732 886 acceptum
1757 842 1819 877 esse
1842 843 1881 876 ab
1906 842 2080 876 Aristotele
2106 866 2118 882 ,

1118 893 1301 926 Fabricium
1325 887 1481 923 dubitasse
1504 891 1516 926 (
1540 899 1556 920 o
1578 891 1612 927 ),
1637 889 1764 924 mir0r;
1791 885 1876 928 quasi
1904 887 2026 927 vaginae
2050 886 2121 919 ori.

1117 937 1186 970 ficii
1210 933 1352 969 occlulio
1379 942 1465 964 tanta
1491 942 1720 972 nonnunquam
1744 929 1802 963 effe
1826 941 1889 962 non
1914 927 2013 971 posset
2036 952 2046 967 ‚
2084 939 2122 964 ut

1116 980 1178 1012 sive
1198 989 1253 1019 per
1277 978 1344 1009 vim
1368 976 1508 1018 disrupta
1535 996 1543 1010 ‚
1578 974 1665 1015 quod
1695 973 1883 1006 Aristoteles
1907 972 1986 1007 dicit
2014 994 2021 1008 ‚
2054 972 2117 1007 five

1115 1021 1202 1063 quod
1227 1021 1388 1054 Fabricius
1413 1020 1482 1054 ait,
1507 1018 1605 1049 incisa
1631 1039 1644 1056 ,
1676 1015 1891 1049 nonnullarum
1915 1038 1923 1053 ‚
1960 1014 2040 1048 sicut
2063 1016 2119 1050 ille

1115 1067 1272 1098 continuo
1298 1062 1485 1103 scripserat,
1513 1062 1628 1092 mortis
1652 1059 1742 1092 causa
1767 1058 1878 1095 fieret,
1903 1058 1990 1101 quod
2015 1058 2120 1100 posse,

1116 1110 1164 1141 vel
1190 1108 1292 1141 exiis
1316 1116 1386 1147 quae
1410 1105 1507 1145 paulo
1542 1113 1614 1135 ante
1651 1104 1748 1144 attigi
1770 1123 1782 1140 ,
1821 1102 1896 1135 satis
1930 1102 2088 1144 intelligis
2113 1126 2120 1132 .

1116 1153 1290 1189 Quantum
1316 1159 1422 1182 autem
1438 1171 1446 1184 ,
1471 1150 1501 1179 ὃ(
1525 1146 1604 1188 quid
1631 1147 1792 1178 malorum
1816 1153 1888 1178 ante
1922 1147 2123 1179 curationem

1113 1193 1256 1229 tulissent
1280 1193 1365 1226 illae.
1390 1189 1533 1229 exempla
1556 1190 1720 1223 docebunt
1745 1192 1784 1221 ab
1812 1190 1944 1221 Donato
1968 1191 2056 1231 (p),
2085 1189 2124 1221 ab

1114 1240 1267 1271 Severino
1292 1237 1345 1277 (q
1369 1239 1400 1274 )‚
1427 1247 1443 1267 a
1466 1234 1622 1268 Fabriciis
1648 1242 1718 1266 tum
1743 1231 1852 1265 nostro
1879 1230 2049 1270 videlicet(
2065 1235 2123 1271 r),

1115 1292 1185 1315 tum
1211 1275 1354 1314 Hildano
1373 1277 1434 1321 ⁴(s
1450 1282 1487 1317 >³
1512 1276 1551 1308 ab
1575 1275 1746 1318 Ruyschio
1767 1278 1781 1313 <
1804 1281 1818 1307 t
1838 1278 1873 1313 )‚
1898 1275 1938 1307 ab
1963 1274 2123 1309 Nabotho

1115 1326 1168 1367 (n
1194 1328 1204 1363 )
1230 1321 1391 1365 proposita
1411 1345 1418 1352 .
1445 1319 1575 1363 Qbus
1600 1319 1694 1353 addes
1718 1318 1774 1352 illa
1797 1317 1928 1355 insuper
1952 1330 2022 1359 quae
2046 1319 2121 1356 alii,

1114 1371 1146 1401 δε
1171 1370 1203 1400 in
1228 1367 1277 1400 his
1301 1366 1354 1398 (21,
1369 1365 1443 1396 Viri
1470 1365 1633 1396 Faneonus
1657 1367 1668 1401 (
1690 1372 1712 1395 x
1738 1364 1768 1399 )‚
1795 1363 1826 1393 ἃ
1850 1360 2120 1403 Kannegiefferus

1115 1415 1129 1455 (
1152 1422 1167 1445 ν
1194 1415 1203 1450 )
1230 1408 1424 1450 descripsere
1451 1431 1457 1438 .
1484 1406 1573 1439 Nam
1602 1405 1779 1439 Benevolus
1801 1405 1858 1445 qui
1882 1414 1946 1439 tres
1971 1405 2126 1446 persana&>

1118 1449 1225 1488 verat,
1253 1453 1370 1495 quibus
1393 1450 1610 1484 incnrnznodis
1635 1457 1756 1495 vexatae
1779 1447 1902 1487 essent,
1925 1459 1999 1482 cum
2024 1449 2066 1482 fic
2089 1450 2124 1482 in

1118 1498 1256 1535 teanum
1283 1508 1331 1529 eas
1359 1504 1569 1529 memoraret,
1594 1491 1670 1536 (z)
1697 1494 1872 1534 adjungere
1895 1492 2123 1533 praetermisit.

1121 1542 1195 1574 Nec
1222 1551 1297 1572 vero
1321 1551 1362 1572 εκ
1390 1546 1519 1569 tantum
1554 1536 1700 1569 foeminae
1732 1546 1804 1575 quae
1827 1535 1968 1568 naturali
1990 1535 2125 1569 occluso

1118 1596 1200 1617 natae
1223 1592 1335 1620 erant,
1361 1582 1401 1612 iis
1426 1581 1517 1612 malis
1542 1579 1610 1621 post
1634 1578 1839 1620 pubertatem
1864 1577 1994 1611 fuerunt
2018 1580 2127 1612 obno-

1117 1630 1180 1661 xiae
1205 1650 1215 1667 ,
1249 1626 1298 1659 sed
1331 1627 1428 1658 etiam
1451 1623 1515 1656 1¹11ae
1539 1622 1660 1665 quibus
1683 1633 1699 1654 a
1722 1619 1849 1654 difficili
1874 1630 1967 1662 partu
2001 1622 2126 1664 vaginae

1119 1670 1285 1705 orificium
1309 1676 1515 1701 concreverat
1539 1689 1547 1704 ‚
1583 1662 1766 1706 cujusmodi
1798 1662 1941 1698 historiis
1975 1664 2127 1707 adjunges

1114 1725 1212 1757 quam
1235 1715 1269 1745 in
1294 1711 1506 1745 Comme-fcio
1530 1710 1707 1743 Litterario
1730 1711 1743 1747 (
1762 1719 1780 1740 a
1801 1711 1815 1747 )
1838 1708 1962 1741 videbis
1984 1720 2128 1742 comme-

1119 1768 1293 1790 moratam.
1325 1756 1530 1794 Quacunque
1552 1755 1640 1786 enim
1663 1752 1701 1785 de
1725 1750 1817 1785 causa
1839 1750 1987 1785 foramen
2018 1754 2126 1786 omni-

1116 1812 1161 1833 no
1186 1803 1227 1833 est
1252 1799 1377 1832 nullum
1404 1809 1457 1840 per
1481 1797 1568 1837 quod
1604 1808 1620 1828 e
1657 1796 1772 1837 vagina
1791 1817 1804 1834 ,
1835 1794 2006 1828 confluens
2039 1797 2126 1830 intra

1119 1854 1247 1877 uterum
1275 1843 1402 1883 sanguis
1426 1849 1535 1879 exeat,
1560 1838 1613 1874 hic
1637 1849 1736 1872 noxas
1759 1847 1901 1872 retentus
1914 1837 2046 1875 afferat,
2072 1851 2126 1873 ne-

1119 1886 1198 1920 cesse
1221 1886 1285 1920 est.
1310 1887 1357 1918 At
1381 1884 1401 1917 si
1427 1882 1571 1916 foramen
1598 1883 1730 1925 aliquod
1753 1880 1789 1916 sit
1805 1895 1822 1918 ,3
1856 1892 1922 1915 non
1945 1883 2009 1927 illae
2034 1884 2125 1926 plane

1119 1929 1343 1972 imperforatae
1368 1926 1511 1961 dicendae
1535 1928 1631 1964 sunt,
1657 1935 1714 1959 nec
1726 1925 1929 1966 mirandum,
1953 1926 2048 1969 siquae
2072 1940 2124 1961 ea-

1122 1986 1196 2007 rum
1222 1972 1363 2016 gravidae
1388 1970 1467 2004 fiant
1494 1993 1503 2007 ‚
1528 1968 1804 2013 quemadmodum
1827 1968 1958 2004 illarum
1979 1972 2125 2013 quinque

1117 2018 1158 2050 de
1182 2028 1319 2058 quarum
1343 2014 1464 2048 summa
1489 2015 1617 2055 vaginae
1642 2013 1738 2057 ipsius
1762 2014 1905 2056 angustia
1930 2014 2026 2056 paulo
2051 2024 2124 2048 ante

1118 2063 1263 2095 diximus·
1289 2071 1351 2092 tres
1375 2058 1465 2092 factae
1490 2057 1586 2097 sunt,
1609 2067 1645 2091 ut
1671 2057 1729 2090 alia
1753 2067 1885 2100 quoque
1910 2083 1918 2096 ‚
1951 2057 2043 2099 cujus
2067 2060 2121 2092 de-

1117 2105 1254 2147 scriptio
1277 2104 1319 2137 est
1345 2102 1428 2145 apud
1454 2101 1635 2136 Hildanum
1656 2106 1673 2141 ⁴<
1696 2100 1714 2133 b
1738 2103 1772 2140 ),
1795 2111 1869 2134 cum
1892 2101 1925 2134 in
1938 2103 2123 2135 membrana

1117 2152 1266 2189 vaginam
1290 2147 1479 2180 occludente
1501 2146 1614 2187 exigua
1638 2144 1736 2179 essent
1759 2143 1954 2179 foraminula
1976 2162 1995 2179 ‚¹
2012 2147 2125 2189 [taque

1115 2192 1168 2226 his
1190 2191 1342 2224 omnibus
1358 2202 1420 2232 ⁴per
1444 2191 1511 2222 vias
1527 2214 1534 2228 ,
1558 2192 1847 2233 quamvis-tenues,
1874 2189 2032 2227 menstrua
2047 2201 2121 2232 pro-

1115 2234 1208 2268 dibat
1233 2233 1405 2276 purgatio:
1431 2234 1470 2267 de
1495 2245 1557 2275 qua
1581 2235 1606 2267 fi
1630 2245 1683 2275 per
1706 2233 1860 2275 quosdam
1885 2233 2054 2276 quaesitum
2078 2233 2123 2267 es-

1116 2280 1182 2314 set,
1207 2278 1325 2320 quibus
1349 2289 1412 2310 non
1438 2277 1531 2310 licuit
1556 2288 1607 2309 eas
1630 2278 1696 2310 vias
1720 2277 1895 2319 inspicere,
1920 2277 1970 2311 sed
1995 2290 2035 2311 ex
2055 2291 2123 2313 ma-

1113 2324 1189 2355 ritis
1212 2323 1378 2355 dumtaxat
1403 2321 1502 2357 scire,
1526 2331 1640 2354 uxores
1665 2320 1724 2353 sibi
1747 2322 1922 2362 impervias
1934 2321 2014 2359 esse3
2039 2322 2121 2357 fuis-

1115 2367 1161 2399 set
1185 2365 1240 2398 illa
1263 2366 1405 2405 indicio,
1430 2376 1468 2397 ne
1483 2388 1490 2399 ‚
1514 2375 1588 2398 cum
1612 2362 1830 2398 eaedemfaetae
1844 2364 1943 2398 essent
1955 2376 2123 2409 praegnan-

1113 2419 1162 2442 tes
1194 2434 1203 2448 ,
1236 2408 1300 2441 fine
1323 2409 1386 2442 ulla
1412 2409 1517 2441 virilis
1544 2407 1671 2441 seminis
1695 2407 1880 2443 admiffione
1902 2408 1999 2441 saetae
2022 2410 2081 2444 effe
2108 2438 2119 2452 ‚

1115 2452 1356 2485 existimarent.-
1380 2455 1410 2484 δε
1434 2452 1577 2493 exempla
1604 2452 1776 2490 mulierum
1801 2451 1928 2493 prorsus
1962 2454 2117 2496 imperfo-

1117 2505 1260 2539 ratarum
1286 2496 1434 2537 pauciora
1459 2494 1587 2529 fortaflsse
1614 2496 1646 2528 in
1669 2495 1761 2528 libris
1793 2493 1983 2530 haberemus
2008 2523 2016 2529 .
2034 2500 2116 2533 .V²c-

1118 2551 1189 2572 ium
1216 2549 1251 2572 ut
1276 2537 1444 2572 menstruis
1468 2540 1535 2572 illae
1560 2539 1847 2580 expurgationibus
1858 2551 1925 2574 non
1944 2543 2118 2585 carebant,-

1113 2583 1155 2617 sic
1181 2583 1272 2616 malis
1295 2581 1445 2616 carebant
1470 2594 1541 2625 quae
1565 2582 1634 2616 aliis
1656 2582 1797 2617 diximus
1818 2597 2045 2621 coacervatum
2080 2592 2114 2623 in

1113 2629 1227 2669 vagina
1243 2649 1252 2665 ,
1279 2636 1440 2668 uteroque
1461 2626 1649 2669 sanguinem
1673 2627 1786 2661 afferre
1811 2653 1818 2659 .
1854 2630 1939 2669 Quae
1970 2642 2045 2665 cum
2068 2636 2113 2667 ita

1111 2670 1174 2703 sint
1198 2695 1207 2709 ‚
1241 2682 1342 2713 neque
1375 2671 1505 2703 illarum
1546 2670 1761 2704 molestiarum
1786 2673 1884 2706 ullam
1909 2698 1917 2713 ‚
1947 2684 2012 2708 non
2035 2676 2113 2710 dico

1111 2713 1235 2754 adeffe,
1260 2714 1311 2748 sed
1337 2725 1441 2756 neque
1465 2716 1599 2747 initium
1623 2726 1730 2748 earum
1754 2716 1940 2759 quodquam
1965 2741 1974 2755 ,
1991 2724 1996 2736 ”
2009 2729 2114 2762 neque

1113 2759 1306 2791 menstruam
1330 2759 1555 2799 purgationem
1579 2759 1612 2791 in
1636 2758 1782 2799 duabus,
1806 2772 1821 2792 a
1846 2772 1896 2795 me
1928 2761 2077 2804 inspeetis
2100 2784 2109 2801 ‚

1111 2801 1256 2834 foeminis
1280 2812 1423 2844 unquam
1457 2799 1552 2834 afuiffe
1575 2824 1587 2840 ‚
1618 2802 1758 2834 audirem
1783 2827 1792 2843 ,
1825 2813 1937 2837 contra
1970 2815 2077 2841 autem
2100 2830 2110 2845 ‚

1111 2854 1283 2887 utramque
1306 2855 1466 2878 cernerem
1491 2845 1625 2886 optimis
1649 2845 1792 2882 viribus,
1819 2846 1988 2885 accolere,
2012 2852 2113 2884 &va-¹<

1108 2889 1253 2921 letudine
1277 2888 1466 2930 praeditam0
1491 2897 1525 2920 ut
1548 2887 1711 2933 sanillimae
1731 2900 1865 2931 quaeque
1888 2903 1924 2924 ea>
1944 2901 2042 2926 aetate*
2061 2894 2116 2928 s0-‘

1107 2934 1195 2969 lent,
1220 2943 1290 2973 quae
1315 2932 1463 2964 videlicet
1486 2930 1592 2965 adhuc
1616 2932 1735 2965 florens
1758 2943 1843 2971 erat3
1868 2934 2020 2977 suspicari
2043 2949 2109 2971 coc-

1109 2977 1164 3018 pi,
1186 2973 1316 3009 fortasse
1341 2984 1375 3007 ut
1400 2975 1513 3016 patulo
1537 2976 1659 3018 vaginae
1684 2977 1788 3009 canali
1813 2999 1833 3016 ,¹
1856 2989 1909 3011 aut
1944 2980 2074 3014 orificio
2100 3008 2108 3019 .

1106 3018 1149 3053 fic
1171 3029 1264 3052 utero
1287 3029 1417 3059 quoque
1442 3016 1481 3050 ab
1502 3027 1576 3051 ortu
1599 3030 1703 3053 carere
1727 3032 1736 3056 3
1769 3022 1848 3054 ursi
1875 3023 1923 3056 vel
1949 3023 2107 3068 Chirurgi

1108 3063 1196 3096 ferro
1220 3062 1295 3094 tolli
1318 3061 1516 3094 obstaculum
1540 3062 1661 3102 posset,
1686 3064 1863 3105 periculum
1875 3075 1983 3100 tamen
2007 3067 2111 3102 subes-

1109 3107 1235 3143 set'‚‘ne
1258 3105 1349 3138 fimul
1374 3115 1449 3137 cum
1472 3116 1509 3137 eo
1534 3104 1655 3145 vesica,
1677 3117 1731 3139 aut
1754 3108 1939 3143 intestinum
1972 3111 2107 3154 aliquod

1110 3151 1295 3192 proximum
1310 3172 1323 3188 ,
1341 3147 1476 3181 absente
1500 3150 1658 3193 nimirum
1679 3161 1772 3183 utero
1795 3174 1805 3188 ,
1828 3153 2072 3193 pertunderetur
2094 3178 2105 3193 ,

1105 3205 1170 3227 non
1195 3192 1279 3225 secus
1302 3204 1336 3225 ac
1360 3203 1454 3233 grave
1477 3192 1612 3233 ejusdem
1637 3196 1759 3236 generis
1782 3197 1959 3237 periculum
1984 3196 2107 3232 suberat

1106 3239 1140 3270 in
1165 3237 1351 3269 memoratis
1377 3237 1452 3270 alias
1473 3239 1487 3275 (
1512 3248 1526 3268 c
1550 3239 1560 3274 )
1585 3237 1766 3270 infantibus
1799 3240 1916 3279 quibus
1939 3250 2017 3274 anus
2039 3251 2104 3275 erat
2153 3262 2156 3266 ·

1108 3279 1356 3320 imperforatus,
1383 3278 1475 3312 simul
1499 3289 1602 3312 autem
1627 3291 1734 3314 totum
1757 3282 1898 3315 Refiu‘m
1921 3282 2028 3316 deerat
2051 3286 2103 3318 iu-

1109 3323 1275 3357 testinurn.
1304 3325 1417 3364 Itaque
1439 3334 1545 3355 earum
1572 3325 1699 3365 utrique
1723 3325 1836 3357 aanor
1859 3325 1926 3365 fui,
1952 3336 1997 3359 ut·
2010 3339 2103 3368 aequo

1109 3369 1217 3401 animo
1241 3364 1379 3402 ferrent,
1402 3365 1591 3408 conjugium
1616 3367 1697 3399 male
1719 3369 1837 3401 initum
1862 3371 1970 3411 potius
1995 3370 2105 3404 dissol-

1113 3414 1167 3447 vis,
1192 3421 1289 3451 quam
1314 3410 1341 3442 se
1365 3419 1482 3443 temere
1507 3411 1650 3443 secandas
1674 3409 1867 3452 praeberent.
2003 3436 2021 3443 s<

1160 3465 1206 3496 13.
1231 3454 1301 3485 Nec
1326 3464 1403 3486 vero
1426 3453 1480 3486 illa
1505 3453 1584 3486 mihi
1609 3453 1765 3495 objicias,
1792 3465 1857 3488 non
1869 3453 2023 3495 defuisse,
2044 3454 2104 3493 nec*
2128 3491 2136 3497 ἴ

1975 3500 2064 3535 dees-

213 3608 277 3639 Part.
293 3614 315 3629 2.
331 3604 389 3630 obs.
407 3605 474 3630 Med.
489 3610 512 3631 6.
572 3607 615 3638 (y
632 3608 646 3636 )
662 3608 783 3633 offervaz.
800 3617 821 3632 2.

215 3636 276 3660 Hist.
292 3639 324 3660 A.
344 3637 409 3665 1748.
425 3636 484 3660 Obs.
502 3640 576 3661 Anat.
637 3639 651 3668 (
667 3647 677 3662 c
693 3639 706 3667 )
722 3639 841 3663 offervaz.
860 3648 881 3669 ς.

204 3667 266 3695 apud
283 3667 345 3691 Plin.
362 3669 422 3692 Nat.
440 3667 501 3692 Hist.
518 3668 533 3691 l.
549 3677 572 3697 7.
590 3676 612 3692 t.
629 3672 666 3693 16.

228 3698 274 3721 bid.
292 3705 317 3721 n.
336 3704 372 3725 η.
433 3698 441 3726 (
459 3698 469 3721 Ι
488 3700 496 3727 )
513 3706 537 3722 n.
557 3706 591 3722 11.

249 3728 295 3757 seq.
356 3728 371 3757 (
384 3726 425 3758 p)
442 3736 464 3752 c.
483 3728 549 3758 supra
565 3730 595 3753 ad
612 3737 636 3754 n.
657 3737 693 3754 ιι,
708 3730 748 3754 cit.

212 3699 222 3722 Ι

211 3735 282 3811 {ent=
299 3765 318 3782 2,
338 3758 394 3782 Obs.
412 3759 478 3782 chit.
497 3764 536 3783 60.
554 3761 668 3789 Exempl.
686 3768 706 3789 3.

176 3668 190 3696 )

181 3727 195 3755 Ἰ

227 3789 302 3817 )ριι(ε-
323 3789 388 3812 Mecl⁴
407 3789 431 3812 in
449 3791 529 3815 schol.
546 3791 574 3813 ad
592 3792 657 3815 Patr.
675 3790 734 3814 obs.
751 3799 786 3820 30-
804 3800 827 3814 n.
847 3801 867 3821 3.

119 3608 140 3844 ΛΑΛΠΓἾΒΛᾹ

155 3826 170 3842 u
153 3796 168 3810 κ
157 3762 165 3784 -ι
152 3736 165 3752 ἢ
146 3668 168 3722 >ea-⁸*-

181 3607 196 3643 ὶ

185 3642 197 3666 )

190 3698 195 3723 l

183 3817 199 3846 )
213 3819 245 3844 Α,
262 3827 329 3849 ¹73⁴·
344 3819 421 3845 Hebd,
440 3829 476 3850 ²3·
492 3822 521 3845 ad
537 3821 623 3845 finem.

883 3610 897 3639 (
913 3618 930 3638 z
948 3610 954 3638 )
972 3612 1036 3635 Part.
1056 3619 1068 3635 2
1095 3612 1136 3636 cit.
1157 3611 1212 3636 Obs.
1230 3620 1244 3642 7

941 3642 955 3669 (
970 3642 985 3664 d
1002 3642 1014 3670 )
1030 3641 1087 3667 Obs.
1104 3643 1117 3665 l.
1137 3650 1159 3671 3.
1174 3643 1214 3666 ubi
1232 3643 1259 3666 de
1275 3644 1330 3666 Part
1359 3644 1448 3666 Proeid.

730 3671 772 3699 <g
789 3671 802 3698 )
819 3673 853 3694 De
870 3670 962 3694 Medic.
984 3673 999 3695 1.
1019 3681 1043 3700 7.
1060 3680 1080 3696 c.
1097 3674 1134 3697 28,

653 3700 667 3729 (
682 3707 706 3722 m
723 3700 737 3728 )
753 3703 788 3724 De
805 3702 916 3725 Cenem.
937 3702 1041 3726 Animal.
1061 3705 1076 3725 l.
1093 3712 1116 3728 a.
1133 3711 1154 3727 cf
1173 3712 1195 3733 4.
1213 3704 1253 3727 sub
1270 3704 1301 3727 fin

810 3731 824 3765 ζ
840 3740 854 3762 q
870 3732 883 3760 )
899 3731 1010 3761 chirurg.
1031 3733 1096 3756 Effic.
1114 3735 1141 3756 P.
1160 3742 1173 3757 2
1199 3735 1239 3758 ubi
1255 3736 1283 3758 de
1302 3733 1432 3758 Sefflonib.
1450 3743 1462 3758 c
1486 3738 1522 3763 46.

771 3762 785 3791 (
801 3768 834 3786 ts:
853 3763 921 3786 Ceut.
940 3762 995 3786 Obs-
1015 3765 1087 3787 Anat.
1108 3764 1173 3787 (hir,
1192 3772 1228 3793 32.

931 3794 973 3822 (ν
991 3794 1002 3819 )
1021 3793 1072 3817 Act.
1092 3796 1125 3817 N.
1144 3797 1173 3819 c.
1188 3797 1262 3819 Tom.
1280 3798 1302 3818 6.
1320 3795 1375 3818 Obs.
1393 3798 1432 3819 88.

687 3822 701 3851 ζ
716 3820 729 3845 b
749 3822 757 3850 2
773 3823 832 3847 Obs.
850 3826 889 3847 6ο,
907 3822 948 3847 eit.
968 3824 1079 3853 Exempl.
1096 3831 1120 3849 2.

1305 3612 1319 3641 ζ
1335 3620 1350 3636 a
1368 3612 1381 3641 )
1397 3612 1455 3636 Hist.
1473 3612 1501 3636 de
1517 3612 1615 3636 l'Acad.
1635 3614 1666 3637 R.
1683 3612 1722 3636 des
1739 3614 1775 3637 Sc.
1793 3613 1825 3637 Α.
1843 3613 1975 3642 1712.0bs.
1992 3614 2065 3638 Anat.
2078 3622 2103 3642 2,

1510 3645 1523 3671 (
1538 3651 1549 3666 e
1566 3644 1578 3671 )
1594 3642 1650 3667 Obs
1670 3642 1737 3666 Med.
1757 3643 1823 3668 Chir.
1843 3647 1880 3667 60.

1413 3675 1426 3703 (
1444 3675 1454 3696 i
1474 3675 1480 3700 >
1498 3673 1589 3701 Disput.
1608 3674 1636 3698 de
1653 3673 1753 3697 ster-ilic.
1771 3674 1872 3698 Mulier.
1890 3682 1913 3698 n.
1930 3683 1954 3703 7,Ἰ

1375 3705 1388 3732 (
1403 3713 1419 3727 n
1437 3704 1449 3733 )
1467 3706 1500 3728 De
1517 3704 1626 3759 Chirugg.
1642 3705 1717 3762 )Ofer.
1738 3705 1777 3737 ubl
1794 3704 1949 3737 dexHymene
1966 3704 2083 3734 imperfor
2098 3723 2109 3733 .

1593 3758 1601 3763 ἢ
1615 3743 1626 3757 r
1682 3741 1716 3757 ocv
1734 3740 1775 3759 cit.

1200 3675 1207 3704 (
1226 3674 1240 3696 71
1258 3673 1271 3702 )
1289 3673 1349 3697 lbid.

1293 3767 1305 3793 ς
1322 3774 1337 3786 ιι
1355 3765 1367 3792 )
1383 3765 1446 3794 Disp.
1462 3766 1502 3789 cit.
1522 3775 1544 3789 ri.
1561 3774 1582 3794 4.

1492 3797 1505 3826 (
1522 3805 1539 3824 z
1554 3797 1567 3824 )
1582 3796 1702 3820 Offervaz.
1722 3802 1742 3819 1.

1167 3825 1337 3854 (cjfipist.
1357 3835 1392 3856 32.
1410 3834 1424 3850 n
1452 3835 1492 3858 3.-
