2498 4075
325 222 480 289 Epist.
518 194 678 274 Anat.
715 221 929 274 Medica
966 219 1197 274 XLVII.
1235 220 1435 289 Art.13.
1470 232 1539 284 14.
1576 232 1639 280 ις.
1671 222 1727 274 ὅ(
1760 220 1827 271 16.

55 306 169 348 capitis
192 304 305 340 dolore
324 307 536 348 querebatur.
562 305 625 337 Die
648 305 767 347 quinto
789 305 822 336 in
835 301 980 345 soporem
993 304 1062 337 val-

56 348 95 381 de
119 359 243 392 prona,
269 349 410 382 insecuta
442 358 548 382 autem
580 349 675 381 noste
709 348 848 381 multum
884 345 1059 380 vociferata

58 391 118 426 est.
144 393 269 426 Diebus
293 393 404 430 sexto,
429 395 461 424 &
488 391 624 433 septimo
648 391 755 425 eadem
768 390 969 433 perstabant:
995 401 1059 423 uri-

59 446 133 469 nam
158 447 283 475 autem,
309 448 404 478 quam
429 435 547 477 semper
571 434 708 467 multam
731 433 934 473 reddiderat,
959 435 1059 476 pluri-

58 489 146 512 mam
169 489 263 520 tum,
285 483 381 513 etiam
405 477 523 517 inscia,
548 477 718 511 reddebat.
743 478 804 511 Die
816 489 931 519 exquo
942 478 974 509 in
985 477 1060 509 No-

59 521 287 557 socomio'effe
308 531 469 565 coeperat,
493 522 629 560 oftavo,
656 520 768 563 sopore
790 521 909 554 obruta
932 544 944 561 ‚
978 531 1060 552 mor.

56 574 112 599 tua
136 566 194 600 est.
327 564 560 599 CADAVER
586 566 690 597 altero
713 577 729 597 a
752 573 856 596 morte
879 564 930 596 die
954 563 1062 597 conse-

56 611 207 650 cuimus,
229 611 286 653 qui
309 609 373 642 dies
397 606 460 641 fuit
486 608 550 639 III.
575 608 649 640 Kal.
666 608 793 650 Apriles
805 608 846 640 A.
863 611 955 648 1706.

56 653 180 686 Cranio
204 653 376 696 adapert03
400 651 474 684 hinc
497 652 582 683 enim
607 651 697 692 juvat
729 662 842 683 eorum
874 662 945 692 quae
977 650 1062 683 vidi-

56 707 149 733 mus,
174 698 388 730 narrationem
414 693 744 736 iucipei·e,·quidquid
757 695 961 739 meningibus
982 706 1057 727 con-

57 740 200 776 tinetur,
227 740 357 772 mollius
379 738 461 772 fuit.
488 739 574 770 Inter
602 741 783 779 nieningem
809 738 957 771 Tenuetn
982 760 990 774 ‚
1026 741 1057 770 &

57 791 163 815 totam
185 784 384 824 Oblorigatae
410 780 555 814 medullae
587 780 684 813 bafim
719 791 782 812 non
807 792 904 822 pauca
943 792 1022 823 aqua
1048 794 1055 813 :

60 837 133 866 quae
159 825 265 866 paffim
289 827 375 858 intra
411 824 608 857 ventriculos
639 835 770 866 quoque
792 847 801 862 ‚
837 826 867 856 δι
902 824 1057 858 subrubra

59 868 147 903 fuit.
172 866 357 902 Choroides
392 868 500 908 plexus
533 866 746 909 pallescebant
769 879 778 897 .-
812 866 881 901 vasa
918 877 1024 901 autem
1047 891 1059 908 ‚

61 922 97 947 ut
123 912 201 945 alibi
226 924 280 954 per
315 913 463 945 Tenuem
497 911 679 952 meningem
712 919 817 944 totam
841 932 851 947 ,
885 910 926 944 {ic
961 913 1061 944 etiam

57 967 116 999 per
150 955 310 988 Laterales
342 953 541 987 ventriculos
576 954 753 996 repentia,·
783 952 935 995 sanguine
966 963 1061 988 erant

62 998 215 1040 turgida:
238 1010 277 1032 ex
313 997 490 1039 iisdemque
524 997 712 1030 ventriculis
745 1008 817 1029 cum
850 1009 882 1029 ea
918 999 1065 1040 meninge

61 1042 153 1076 nullo
176 1044 309 1085 negotio
333 1042 573 1080 avellebantur,
603 1051 698 1083 quam
733 1041 812 1074 albae
848 1050 901 1073 aut
934 1042 1065 1075 cinereae

62 1086 196 1120 illorum
221 1087 356 1128 parietes
380 1084 527 1119 facientis
552 1083 731 1117 substantiae
760 1083 908 1123 lamella,
943 1084 1065 1126 ubique

64 1130 147 1172 paris
162 1129 395 1171 propemodum
407 1126 616 1161 craffitudinis
629 1126 837 1168 sequebatur.
972 1129 1066 1161 Tho·-

64 1184 121 1206 rax
145 1174 313 1214 pulmones
338 1171 473 1208 habuit,
509 1170 688 1213 praesertim
721 1169 902 1210 finistruni,
928 1171 1068 1205 interce-

63 1215 213 1250 dentibus
225 1216 419 1249 membranis
430 1237 438 1251 ,
464 1213 501 1247 ad
515 1214 658 1257 pleuram
669 1213 862 1248 adhaerentes
874 1215 1066 1255 quibusdam

65 1260 229 1292 locistum
243 1264 277 1291 ad
293 1258 457 1298 medium,
469 1267 537 1291 tum
552 1257 588 1289 ad
602 1258 705 1292 imum
718 1282 726 1291 .
753 1259 883 1291 Dexteri
899 1258 1067 1300 superioris

65 1302 134 1335 lobi
161 1302 359 1345 superficiem
385 1306 534 1341 intuens,
557 1311 629 1334 curn
655 1312 710 1343 per
731 1300 954 1334 investientem
969 1313 1069 1335 mem-

65 1347 200 1379 branam
225 1346 373 1387 globulos
396 1343 551 1388 quosdam
575 1346 785 1378 creberrimos
810 1346 1069 1386 transpexissem,

68 1389 152 1424 milii
168 1388 342 1423 seminibus
354 1388 437 1423 haud
451 1387 607 1428 majores;
634 1388 801 1431 pulmones
813 1412 820 1426 ‚
837 1397 950 1421 caetera
966 1388 1070 1425 sanos,

66 1431 214 1466 incidens
229 1458 237 1473 ‚
260 1433 384 1468 eosdem
405 1432 555 1474 globulos
567 1433 686 1474 ubique
699 1430 893 1474 deprehendi
908 1456 916 1469 ‚
940 1434 1071 1466 crebros

66 1476 220 1519 quidem,
245 1477 295 1510 sed
313 1475 492 1511 intervallis
516 1474 719 1517 disjunctos,
740 1475 856 1509 duros,
888 1477 918 1508 ὃ(
950 1475 1038 1519 quasi
1063 1498 1071 1512 ‚
1096 1499 1098 1501 »

66 1529 103 1554 ut
128 1519 349 1559 videbantur,
384 1528 538 1553 tartareos
557 1543 565 1551 .
700 1519 739 1551 In
770 1517 865 1551 corde
899 1529 963 1552 non
1009 1518 1072 1551 fuit

67 1563 155 1606 quod
181 1563 389 1601 adnotarem3
412 1574 485 1596 curn
511 1563 566 1594 vix
590 1563 622 1594 in
649 1561 790 1595 auricula
814 1560 943 1595 dextera
978 1563 1074 1604 poly-

71 1607 175 1650 posus
190 1617 302 1641 cortex
325 1606 467 1648 grumofi
486 1606 645 1646 sanguinis
658 1607 742 1640 latus
753 1605 941 1647 obtegeret.

69 1651 262 1689 Abdomen,
289 1649 376 1692 quod
401 1652 538 1682 exterius
563 1648 601 1682 ad
625 1648 681 1681 ilia
705 1648 844 1682 lividum
870 1659 1071 1693 apparuerat,

70 1693 281 1733 diducentes,
306 1692 393 1734 jecur
418 1691 598 1726 videramus
623 1692 660 1726 ad
687 1691 827 1725 medium
852 1693 924 1725 imae
956 1704 1072 1726 conve-

69 1748 118 1770 ·xae
143 1737 235 1770 faciei
259 1737 382 1771 macula
407 1735 562 1769 infectum
578 1747 641 1769 non
658 1747 769 1777 magna
785 1757 793 1772 ‚
819 1737 931 1769 circuli
948 1737 1074 1770 ambitu

69 1779 300 1821 comprehensa
314 1806 321 1818 ‚
345 1792 383 1813 ex
395 1782 522 1813 cinereo
536 1779 696 1813 albicante
707 1802 714 1816 ‚
728 1780 787 1821 qui
800 1779 890 1812 color
904 1781 934 1812 in
951 1779 1077 1813 visceris

70 1822 277 1857 substantiam
302 1822 533 1858 descendebat.
571 1826 606 1855 ln
639 1822 772 1856 vesicula
808 1821 845 1856 ad
877 1824 1078 1865 nigredinem

70 1868 221 1907 vergebat
245 1868 338 1901 bilis.
365 1867 474 1900 Lienis
498 1877 629 1908 quoque
652 1865 728 1899 sima
741 1864 836 1899 facies
859 1867 1011 1900 exlivido
1024 1868 1077 1899 ni-

71 1909 253 1953 grescebat,
277 1923 309 1944 ea
334 1918 442 1943 tamen
469 1908 634 1949 nigredine
661 1910 715 1942 vix
749 1910 833 1941 ultra
869 1911 1014 1944 tunicam
1047 1910 1077 1944 se

70 1953 288 1997 producente.
315 1956 464 1987 Pancreas
488 1951 590 1986 visum
613 1952 832 1987 duriusculum
857 1977 864 1985 .
900 1954 1078 1987 Ventricu-

72 1999 140 2037 lus,
165 2007 322 2039 quantum
348 1995 541 2030 extrinsecus
564 1995 706 2038 judicare
737 1996 853 2033 licuit,
879 1996 969 2031 sanus
996 2022 1002 2029 .
1037 1999 1077 2031 In

76 2040 189 2074 Tenui
223 2041 376 2075 intestino
412 2040 562 2073 lumbrici
606 2050 722 2073 teretes
759 2050 852 2073 manu
903 2043 1044 2083 percepti
1069 2067 1077 2075 .

75 2084 174 2117 Tunc
198 2084 310 2118 oculos
334 2083 370 2117 ad
396 2096 429 2117 ea
453 2095 522 2125 quae
547 2085 578 2116 in
603 2084 689 2125 pelvi
716 2081 808 2124 sunt,
831 2095 1076 2125 convertentes,

71 2128 105 2160 in
130 2127 188 2161 hac
212 2139 345 2170 paucam
373 2139 486 2169 aquarn
510 2125 813 2160 animadvertimus.
843 2127 989 2161 Vesicam
1024 2140 1082 2161 au-

72 2181 159 2209 tern,
181 2183 252 2213 quae
277 2172 370 2204 urina
393 2169 529 2215 distenta
554 2167 679 2209 fuerat,
702 2181 778 2203 cum
804 2173 933 2204 annexis
955 2173 1081 2214 genita-

74 2214 160 2248 libus
186 2215 381 2254 eximentes,
403 2215 436 2247 in
462 2224 528 2254 ejus
553 2215 671 2246 intima
694 2211 776 2246 facie
801 2214 926 2247 vascula
950 2215 1082 2256 conspe-

72 2259 181 2292 ximus
205 2258 357 2300 sanguine
383 2257 507 2290 tumida
532 2256 571 2289 ad
597 2267 746 2298 magnum
771 2258 932 2297 trastum,
955 2267 992 2291 ut
1030 2258 1083 2293 su-

73 2311 131 2343 pra
155 2300 265 2335 oscula
288 2310 454 2334 ureterum
481 2311 534 2341 per
558 2311 638 2343 quos
661 2300 854 2343 pergebant,
881 2302 1082 2341 incipiendo,

74 2343 112 2377 ad
136 2343 275 2378 urethrae
300 2343 397 2387 usque
420 2344 553 2377 initium
576 2343 616 2377 sic
643 2344 852 2385 apparerent.-
876 2346 955 2385 quin
983 2347 1081 2378 etiam

73 2390 158 2420 inter
181 2399 214 2420 ea
238 2387 385 2427 vascula,
408 2386 488 2420 locis
511 2388 658 2428 aliquot,
683 2397 792 2428 guttas
815 2386 904 2420 effusi
919 2388 1082 2431 sanguinis

74 2442 130 2473 per
154 2432 306 2465 intimam
329 2431 472 2464 tunicam
497 2429 802 2472 transpiciebamus;
824 2433 857 2464 in
883 2432 1011 2465 urethra
1025 2444 1082 2465 au-

74 2483 141 2508 tem
166 2474 231 2516 ipsa
256 2474 319 2507 subs
338 2475 492 2506 interiore
514 2473 582 2515 ejus
606 2474 810 2511 membrana,
846 2474 907 2507 suis
942 2475 1078 2509 vasculis

74 2519 239 2560 irrigata,
260 2517 433 2559 grandiora
458 2517 507 2550 his
542 2517 602 2549 alia
624 2539 634 2555 ‚
670 2517 823 2560 sanguine
855 2518 993 2552 multum
1028 2518 1079 2552 di-

68 2561 196 2597 stenta.
222 2560 452 2603 Nympharum
477 2560 618 2600 finistra‚
641 2572 711 2603 quae
735 2562 864 2594 dextera
890 2562 986 2595 latior
1011 2587 1018 2601 ‚
1045 2574 1079 2595 ea

74 2604 172 2647 usque
197 2603 275 2637 adeo
299 2605 447 2647 longiore
473 2613 562 2643 erat,
593 2614 628 2636 ut
666 2604 702 2638 ad
747 2604 908 2638 labiorum
940 2605 1078 2640 fraenum

75 2648 281 2690 perveniret,
304 2646 494 2681 interfusam
518 2646 701 2681 substantiae
728 2646 788 2681 suae
824 2660 940 2690 aquam
972 2651 1080 2682 conti-

75 2691 196 2725 nebat‘
218 2692 321 2725 Porro
344 2692 468 2734 vaginae
493 2690 677 2729 orificium,
703 2693 734 2723 δε
758 2691 879 2733 hymen
912 2704 949 2725 ex
982 2693 1081 2726 rubro

78 2736 193 2776 nigra,
218 2736 247 2767 δι
280 2745 376 2776 grave
401 2735 520 2768 olentia
536 2758 545 2773 ‚
568 2736 715 2777 proxima
739 2745 847 2768 autem
870 2738 994 2778 vaginae
1010 2748 1081 2778 pars

78 2776 133 2811 hic
157 2777 226 2809 illic
248 2788 288 2809 ex
314 2778 419 2810 livido
444 2777 632 2814 flavescens,
656 2789 720 2810 non
731 2778 909 2813 obscurum
933 2790 1078 2821 gangrae-

76 2831 125 2853 nae
150 2820 308 2853 indicium
339 2820 457 2855 dabant
479 2847 487 2854 .
522 2822 576 2865 Ab
607 2821 655 2854 his
687 2820 809 2854 infimis
842 2821 878 2855 ad
917 2822 1081 2863 superiora

77 2863 249 2897 conversus
272 2883 281 2898 2
316 2861 443 2898 finistrae
476 2865 561 2898 tubae
594 2865 690 2897 latius
721 2874 900 2899 extremum
931 2864 1079 2899 deorsum

77 2907 216 2954 traftum
241 2906 452 2942 animadverti
476 2908 515 2941 ab
539 2906 715 2949 hydatide,
747 2910 875 2943 acinum
910 2919 979 2942 uvae
1006 2921 1080 2954 ,πη-

77 2961 180 2992 Jorem
204 2959 372 2991 aequante,
394 2962 464 2993 quae
488 2953 521 2984 in
546 2952 670 2992 attigua
696 2953 873 2985 increverat
897 2961 984 2993 parte
1009 2954 1080 2986 Ale

84 2993 362 3035 Vespertilionis.
387 2994 444 3027 Sed
468 3006 500 3027 ea
526 2995 731 3037 grandiorem
754 2993 945 3036 hydatidem
971 2997 1010 3029 ab
1034 2997 1080 3029 al-

77 3037 180 3070 terius
204 3035 289 3070 testis
313 3036 494 3070 membrana
517 3037 686 3081 pendulam
711 3037 802 3072 fuisse
822 3062 830 3077 ,
860 3039 1006 3072 intellexi
1040 3052 1079 3074 ex

79 3078 282 3113 subrotundo
306 3079 518 3121 corpusculo,
542 3081 629 3123 quod
655 3079 710 3114 etsi
735 3091 803 3115 erat
826 3084 859 3115 in
893 3083 922 3116 se
953 3093 1083 3116 contra-

78 3124 191 3163 ἔωιη,
215 3125 301 3155 intra
324 3122 485 3157 crassiores
508 3134 614 3157 tamen
637 3125 759 3158 tunicas
785 3126 950 3160 modicum
982 3128 1081 3161 etiam

80 3174 152 3199 tum
176 3177 290 3200 cavum
317 3167 481 3206 servabat,
504 3170 534 3200 &
558 3168 597 3201 ab
620 3180 656 3200 eo
670 3169 744 3201 teste
757 3170 935 3210 pendebat.
961 3171 1078 3212 Inque

80 3220 218 3255 corpora
239 3209 304 3243 duo
328 3220 418 3243 erant
441 3210 571 3243 condita
595 3211 791 3245 subrotunda
806 3235 813 3249 ‚
836 3214 976 3247 alterum
1002 3215 1080 3247 alte-

82 3264 120 3285 ro
141 3263 266 3296 majus,
289 3262 461 3296 utrumque
484 3263 589 3287 autem
615 3267 653 3287 ex
677 3256 768 3297 nigra
793 3259 901 3290 tunica
926 3255 1046 3289 fastum
1072 3283 1080 3297 ,

81 3299 113 3329 &
136 3308 173 3329 ex
195 3296 347 3329 concluso
371 3296 512 3338 quodam
536 3297 624 3339 quasi
659 3297 821 3340 sanguinis
844 3311 981 3343 grumo,
1018 3301 1079 3334 rusi

81 3348 189 3373 tamen
213 3339 332 3372 coloris
348 3366 355 3373 .
379 3340 484 3373 Testis
505 3341 585 3374 alter
606 3341 697 3375 binas
721 3344 842 3384 pariter
858 3366 870 3382 ,
895 3344 1079 3384 inaequales,

82 3385 115 3415 δε
135 3394 174 3417 ex
198 3384 289 3423 nigra
312 3385 421 3416 tunica
455 3384 648 3418 constru&as
663 3408 671 3423 ‚
695 3387 885 3419 continebat
918 3387 1047 3420 cellulas
1070 3402 1081 3425 3

82 3426 135 3460 sed
157 3426 283 3459 inanes.
312 3426 431 3460 Parvus
454 3436 520 3460 erat
544 3438 670 3466 uterus,
693 3431 722 3460 δε
744 3441 783 3463 ex
807 3431 983 3471 parietibus
1003 3442 1082 3463 con-

82 3470 162 3503 stans
187 3480 293 3511 parvae
316 3469 547 3503 crassitudinis.
575 3470 653 3512 Ejus
671 3470 762 3506 fundi
778 3473 918 3516 superior
931 3485 1000 3516 pars
1015 3484 1083 3507 tota

83 3523 100 3544 a
123 3512 302 3554 conspicuis
326 3512 518 3555 sanguiferis
541 3514 620 3547 vasis
646 3517 731 3548 in-tus
743 3517 877 3549 rubebat
895 3519 1000 3549 .Cum
1014 3529 1083 3552 mu-

83 3567 158 3589 cum
173 3578 181 3593 ‚
206 3555 379 3590 secundum
405 3566 551 3590 naturam
574 3558 602 3590 se
626 3557 817 3595 habentem,
842 3562 922 3593 uteri
940 3560 1050 3594 osculo
1073 3585 1083 3599 ‚

82 3600 115 3631 δε
139 3601 294 3642 proximae
318 3601 454 3633 cervicis
482 3602 564 3641 parti
589 3601 813 3640 abstersissen13
838 3604 1085 3645 comprimendo

86 3642 276 3675 inferiorem
325 3645 408 3676 uteri
464 3644 600 3678 fundum
628 3671 636 3685 ,
694 3649 854 3679 cervicem
878 3670 889 3686 ,
921 3649 950 3679 &
983 3648 1084 3680 osculi

84 3687 204 3718 uterini
227 3697 400 3723 coronam,
426 3688 555 3729 prodire
578 3700 615 3721 ex
641 3688 689 3721 his
712 3689 791 3722 locis
825 3691 975 3723 omnibus
1002 3712 1011 3728 ‚
1057 3693 1088 3722 &

1958 232 2049 272 221

1109 301 1255 337 ordinate
1266 302 1482 345 quidem,vidi
1495 304 1600 336 albam
1612 303 1843 338 craffiusculam
1854 310 2036 341 materiam,
2046 311 2117 345 qua

1111 346 1194 380 unde
1206 345 1295 379 albus
1308 346 1392 380 fluor
1404 347 1597 389 provenisset
1612 369 1620 383 ‚
1635 358 1699 381 non
1711 347 1846 381 obscure
1862 343 2059 389 significavit
2073 369 2083 379 .

1158 400 1204 433 13.
1229 388 1372 423 Caeteras
1396 390 1536 424 historiae
1560 389 1656 432 hujus
1680 400 1782 431 partes
1806 404 1844 424 eo
1866 401 1931 433 quo
1955 389 2115 430 spectant,

1110 444 1163 476 per
1188 442 1218 465 te
1243 431 1460 470 referes;·nos
1483 435 1570 467 enim
1593 434 1632 469 de
1663 434 1890 468 affetstionibus
1923 431 2042 475 quibus
2076 432 2115 464 de

1111 477 1188 509 alibi
1214 475 1288 508 satis
1312 477 1492 519 scripsimus
1508 501 1517 516 ‚
1540 476 1594 511 hic
1617 480 1736 511 iteru‘m
1761 478 1912 512 nolumus
1938 476 2032 510 verba
2067 474 2116 508 fa-

1113 532 1183 553 cere
1208 545 1215 552 .
1249 521 1332 553 Satis
1378 519 1419 554 est
1450 531 1573 563 partem
1607 521 1756 556 ultimam
1791 521 1967 556 attendas:
2012 527 2115 560 neque

1112 571 1281 606 propterea
1305 563 1392 606 quod
1417 565 1586 597 materiam
1610 565 1714 599 albam
1736 565 1967 599 craffiusculam
1990 559 2117 601 expres-

1111 605 1198 644 fisse,
1224 607 1366 640 <fiximus
1388 630 1400 646 ‚
1433 608 1521 641 aliud
1545 606 1637 642 fuisse
1671 619 1768 649 quam
1804 608 1907 642 serum
1928 630 1940 647 ‚
1975 604 2084 639 credas
2107 623 2118 639 ²

1112 649 1204 691 cujus
1228 651 1394 692 particulis
1415 653 1539 684 caeteris
1563 662 1633 693 quae
1657 662 1765 693 aqueae
1791 653 1882 688 sunt,
1905 661 1995 684 mora
2026 648 2116 682 dece—

1111 693 1282 732 dentibus,
1306 703 1361 726 aut
1386 696 1419 726 in
1445 695 1570 727 alveum
1593 696 1757 735 sanguinis
1788 696 1923 728 reveftis
1944 718 1952 731 ,
1985 694 2117 733 retiquae

1110 737 1276 777 supersunt
1301 749 1372 771 eum
1399 737 1562 775 colorem,
1588 746 1719 779 eamque
1742 737 1975 771 craffitudinem
1991 760 2000 775 ,
2026 744 2061 767 ut
2084 739 2119 767 in

1108 780 1165 813 seri
1191 781 1336 813 videmus
1361 783 1610 821 evaporatione,
1634 780 1825 814 referentes.

1160 834 1206 863 14.
1232 824 1577 858 VIRGUNCULAE
1592 835 1752 858 annorum
1765 821 2013 867 quatuordecim
2026 844 2034 859 ,
2050 818 2120 862 post

1113 868 1235 900 ventris
1261 866 1390 900 dolores
1414 869 1446 900 in
1474 868 1679 901 Nosocomio
1704 869 1861 901 Patavino
1899 874 2034 900 mottuae
2060 862 2120 896 sub

1112 910 1247 945 initium
1273 911 1440 943 februarii
1475 912 1515 943 A.
1556 921 1647 953 ¹7¹9-
1680 923 1753 944 cum
1788 911 1941 953 genitalia
1976 908 2121 942 membra

1112 956 1292 987 Anatomes
1316 953 1420 987 studio
1444 955 1481 987 ad
1507 963 1557 986 me
1582 954 1738 988 afferenda
1762 953 2023 995 curallem3quid
2037 960 2123 983 mor-

1109 998 1185 1031 bidi
1212 1006 1325 1038 praeter
1350 998 1609 1039 expectationem
1634 997 1899 1039 deprehenderim
1915 1023 1923 1038 ‚
1950 996 2087 1029 scribam
2112 1015 2122 1031 ⁵

1117 1041 1139 1075 fi
1166 1041 1253 1082 prius
1276 1040 1341 1073 duo
1364 1052 1434 1083 qua:
1459 1042 1491 1072 in
1517 1041 1641 1073 Ventre
1665 1042 1815 1074 adnotata
1839 1041 1910 1076 sunt
1935 1066 1942 1078 ,
1975 1040 2053 1072 dum
2086 1047 2124 1069 ea

1121 1084 1265 1116 membra
1290 1084 1528 1119 eximerentur,
1554 1084 1759 1117 indicavero.
1903 1080 2123 1116 VENTRIS

1119 1127 1239 1160 viscera
1264 1126 1316 1159 hic
1343 1127 1410 1159 illic
1434 1128 1614 1160 tuberculis
1638 1138 1726 1160 erant
1760 1128 1932 1170 inaequalia
1954 1151 1961 1157 .
1998 1126 2125 1172 Omen-

1119 1181 1191 1204 tum
1217 1180 1323 1203 autem
1347 1170 1563 1203 craffiffimum
1589 1170 1691 1204 fundo
1716 1172 1799 1203 uteri
1824 1170 2025 1204 adhaerebat.
2058 1166 2126 1198 Hic

1119 1225 1197 1248 vero
1221 1215 1392 1247 etiamtum
1426 1222 1494 1247 erat
1534 1214 1624 1246 valde
1659 1226 1773 1256 parvus
1795 1239 1803 1254 ‚
1837 1213 1940 1254 qualis
1971 1210 2127 1258 videlicet

1121 1258 1262 1300 puellam
1287 1257 1412 1290 deceret
1437 1268 1557 1299 quam,
1582 1257 1602 1290 si
1629 1259 1746 1300 pubem
1771 1256 1927 1299 spectares
1961 1255 2035 1297 pilis
2072 1264 2130 1286 Vix

1122 1302 1196 1335 ullis
1219 1301 1431 1337 infundam,
1457 1301 1591 1334 necdum
1619 1301 1709 1343 plane
1735 1302 1885 1343 puberem
1907 1299 2008 1342 posses
2039 1295 2129 1346 dice-

1124 1356 1174 1378 re.
1203 1347 1291 1378 Cum
1316 1344 1493 1378 incidissem
1520 1358 1529 1381 3
1576 1343 1669 1377 fundi
1703 1357 1818 1378 cavum
1850 1345 1958 1377 inveni
1994 1339 2129 1376 humida

1117 1389 1260 1422 materia
1287 1388 1437 1428 plenum,
1461 1400 1498 1421 ex
1522 1388 1596 1421 albo
1621 1389 1654 1420 in
1680 1384 1825 1428 flavum,
1862 1391 1891 1421 ἃ
1927 1384 2129 1433 subviridem

1124 1433 1267 1465 colorem
1295 1441 1464 1473 vergente.
1492 1432 1565 1468 Qua
1589 1431 1732 1468 detersa,
1756 1431 1848 1464 fundi
1873 1431 2010 1463 interior
2033 1430 2130 1461 facies

1126 1477 1277 1518 apparuit
1301 1477 1335 1507 in
1361 1478 1485 1508 minuta
1501 1475 1605 1508 albida
1631 1475 1798 1510 tubercula
1814 1474 1921 1517 paffim
1937 1472 2134 1518 excrescens,>

1127 1520 1232 1554 Porro
1256 1519 1343 1551 nulla
1368 1518 1467 1550 osculi
1494 1520 1611 1552 uterini
1635 1530 1755 1552 corona
1781 1517 2014 1560 protuberabat
2043 1527 2052 1547 .·
2084 1524 2136 1556 ip-

1128 1563 1283 1603 sumque,
1308 1566 1338 1595 &
1363 1563 1546 1603 proximam
1571 1563 1745 1604 vaginam,
1769 1565 1798 1594 &
1823 1558 2013 1594 inferiorem
2049 1568 2135 1600 quo-

1126 1618 1189 1649 que
1214 1604 1309 1647 hujus
1336 1614 1459 1646 partem
1475 1627 1484 1641 ‚
1509 1608 1541 1638 &
1565 1604 1740 1647 hymenem
1775 1603 1939 1646 phlogosis
1973 1602 2101 1636 tenebat
2127 1611 2139 1640 ;

1126 1660 1161 1683 ut
1184 1648 1278 1683 facile
1301 1649 1375 1683 esset
1403 1647 1566 1690 conjicere
1593 1661 1608 1682 a
1634 1648 1787 1681 fluidiori
1821 1649 2006 1689 acriorique
2038 1653 2140 1678 mate-

1129 1695 1186 1727 riae
1219 1692 1308 1725 illius
1354 1702 1443 1734 parte
1474 1690 1641 1726 defluente
1674 1692 1830 1725 inferiora
1866 1690 1956 1725 fuisse
1988 1690 2141 1726 irritata,

1128 1736 1207 1770 dum
1230 1736 1359 1770 crassior
1382 1737 1415 1768 in
1439 1735 1661 1769 decumbentis
1686 1735 1899 1777 Virgunculae
1923 1743 2016 1768 utero
2041 1729 2142 1765 subfi-

1130 1783 1234 1818 stens,
1260 1781 1393 1812 minutis
1417 1780 1480 1812 illis
1506 1779 1686 1812 adhaerebat
1711 1779 1999 1820 tuberculis,quae
2012 1773 2141 1818 autipsa

1132 1821 1301 1863 effecerat,
1326 1832 1380 1857 aut
1405 1835 1420 1855 e
1444 1824 1560 1865 quibus
1586 1821 1715 1855 fortasse
1741 1822 1929 1863 prodierat.

1181 1877 1227 1908 ις.
1254 1870 1312 1899 Fac
1337 1867 1400 1899 tibi
1423 1866 1552 1900 alterius
1576 1866 1818 1900 adolescentulae
1844 1866 1950 1898 veniat
1983 1865 2017 1898 in
2053 1873 2145 1896 men·

1129 1919 1218 1947 tem,
1244 1910 1336 1951 cujus
1360 1911 1478 1950 pariter
1504 1911 1623 1943 uterini
1648 1909 1741 1944 fundi
1765 1911 1915 1942 intimam
1929 1907 2047 1942 faciem
2072 1917 2146 1948 par-

1131 1955 1215 1987 vulis
1239 1953 1432 1996 quibusdam
1459 1954 1634 1987 tuberculis
1657 1976 1666 1991 ,
1702 1964 1910 1987 verrucarum
1946 1951 2108 1985 similibus
2132 1972 2142 1987 ‚

1131 1999 1324 2038 inaequalem
1349 1997 1496 2039 descripsi
1522 1998 1597 2037 (l);
1624 1996 1718 2031 facile
1743 1998 1931 2038 intelliges,
1956 1995 2016 2029 esse
2050 1995 2142 2027 illam

1132 2040 1250 2076 faciem
1276 2044 1308 2074 in
1336 2040 1523 2083 hujusmodi
1546 2043 1624 2074 vitia
1650 2052 1783 2084 pronam
1806 2054 1813 2075 :
1848 2040 1880 2074 id
1914 2039 2001 2082 quod
2036 2049 2144 2073 excre-

1134 2086 1263 2118 scentia?
1286 2084 1551 2125 confirmabunt,
1575 2087 1613 2119 de
1636 2086 1754 2128 quibus
1779 2083 1881 2125 postea
1905 2083 2031 2117 dicetur
2047 2109 2055 2117 .
2071 2082 2147 2114 No-

1134 2129 1157 2161 li
1182 2138 1289 2161 autem
1314 2130 1424 2161 mirari
1452 2128 1542 2171 quod
1566 2131 1598 2161 in
1625 2130 1727 2170 puella
1752 2129 1785 2161 id
1811 2128 1918 2162 aetatis
1942 2125 2001 2161 effe
2027 2135 2146 2168 potue-

1134 2174 1178 2204 rit
1203 2171 1369 2205 muliebris
1394 2173 1514 2205 Fluor.
1551 2171 1704 2206 Pluribus
1737 2173 1821 2206 enim
1846 2172 1930 2206 circa
1963 2170 2145 2213 pubertatis

1132 2216 1227 2248 initia
1254 2217 1398 2257 incepit,
1423 2216 1588 2249 nonnullis
1612 2217 1709 2250 etiam
1735 2216 1782 2249 vel
1805 2215 1912 2250 multo
1934 2216 2060 2254 citius,
2096 2224 2146 2246 ra-

1134 2269 1172 2290 ro
1196 2260 1350 2301 quidem,
1374 2270 1439 2292 non
1465 2259 1553 2293 secus
1577 2272 1610 2292 ac
1635 2271 1729 2296 raro,
1754 2259 1804 2292 sed
1828 2270 1935 2293 revera
1960 2257 2064 2291 multo
2099 2257 2147 2289 ci-

1134 2303 1200 2335 tius
1224 2302 1460 2336 menstruorum
1482 2302 1592 2336 fluxus
1616 2303 1659 2337 est
1691 2302 1881 2337 observatus
1905 2327 1911 2333 .
1953 2303 2058 2343 Lege;
2106 2309 2142 2332 ut

1136 2345 1214 2378 alios
1238 2348 1417 2384 omittam3
1443 2347 1525 2387 apud
1550 2348 1750 2381 Terraneum
1776 2351 1828 2385 (m
1848 2344 2146 2383 >observationem

1135 2389 1256 2422 nobilis
1282 2390 1397 2432 puellae
1430 2401 1548 2423 novem
1584 2391 1713 2424 circiter
1750 2400 1909 2424 annorum
1944 2400 1960 2422 a
1991 2388 2147 2422 muliebri

1134 2433 1255 2466 Fluore
1278 2432 1473 2475 persanatae,
1496 2434 1564 2467 imo
1576 2434 1706 2467 alterius
1729 2446 1820 2477 quae,
1846 2433 1901 2466 illa
1927 2433 2033 2465 minor
2056 2433 2147 2464 annis

1132 2476 1259 2509 duobus
1274 2500 1285 2515 ,
1309 2477 1424 2509 eodem
1451 2478 1568 2510 morbo
1593 2478 1763 2511 tenebatur
1779 2502 1787 2516 ,
1813 2480 1843 2510 δι
1867 2476 1954 2518 quasi
1973 2474 2078 2518 serum
2097 2474 2144 2508 la-

1132 2519 1192 2552 rtis
1215 2520 1348 2552 nondum
1372 2519 1580 2563 clarificatum
1603 2519 1769 2555 emittebat
1792 2520 1930 2563 copiose,
1952 2529 2009 2553 non
2017 2517 2082 2560 fine
2093 2529 2145 2551 ar-

1132 2562 1203 2595 dore
1227 2563 1352 2604 aliquo,
1377 2564 1419 2596 ΕΤ
1442 2565 1572 2605 pruritu
1591 2588 1598 2595 .

1183 2609 1231 2639 16.
1253 2605 1483 2641 ANICULAE
1508 2619 1579 2650 quae
1603 2608 1635 2640 in
1661 2607 1722 2642 hoc
1736 2609 1943 2643 Nosocomio
1958 2608 2064 2642 nescio
2078 2619 2144 2651 quo

1133 2662 1171 2682 ex
1196 2651 1312 2682 morbo
1336 2662 1437 2691 nuper
1459 2651 1647 2689 decesserat,
1672 2664 1746 2685 cum
1774 2656 1883 2687 Partes
1908 2653 2062 2695 quasdam
2084 2663 2140 2684 an-

1134 2704 1167 2726 te
1191 2693 1332 2727 medium
1366 2695 1581 2729 Decembrem
1624 2699 1665 2728 A.
1695 2706 1789 2738 ¹744·
1828 2696 1986 2729 Studiosis
2021 2695 2144 2728 ibidem

1127 2737 1311 2780 juvenibus
1332 2737 1601 2775 demonstrarem3
1625 2740 1659 2771 in
1684 2740 1840 2772 nonnulla
1864 2751 1934 2781 quae
1960 2748 2073 2779 praeter
2087 2749 2143 2771 na-

1134 2790 1240 2813 turam
1263 2790 1353 2813 erant
1377 2781 1463 2814 forte
1487 2782 1610 2815 incidi.
1747 2784 1777 2815 C
1793 2785 1827 2816 O
1840 2783 1870 2814 R
1884 2784 1916 2816 D
1932 2783 1946 2814 Ι
1960 2783 1978 2813 S
2004 2782 2141 2816 valvulae

1133 2823 1341 2865 Tricuspides
1364 2823 1418 2858 hic
1441 2825 1509 2858 illic
1532 2825 1700 2862 duriores,
1726 2837 1781 2858 nec
1806 2825 2023 2860 Semilunares
2045 2836 2138 2859 erant

1134 2865 1197 2899 sine
1222 2867 1342 2901 duritie
1365 2889 1375 2901 .
1408 2869 1499 2907 Quin
1524 2870 1647 2910 Magna
1671 2880 1802 2911 quoque
1826 2870 1941 2902 arteria
1964 2867 2061 2902 osseas
2084 2868 2140 2902 hic

1132 2909 1201 2945 illic
1227 2912 1312 2944 intus
1334 2909 1472 2944 habebat
1498 2910 1681 2953 squamulas
1697 2937 1704 2945 .
1840 2912 1995 2946 Testibus
2009 2912 2140 2955 hydati-

1132 2953 1184 2986 des
1208 2955 1323 2996 aliquae
1347 2954 1549 2987 adhaerebant
1566 2980 1573 2988 .
1599 2955 1685 2988 Cum
1714 2980 1722 2994 ‚
1746 2957 1862 2998 vagina
1886 2955 1987 2989 incisa
2010 2981 2019 2996 ,
2053 2958 2138 2989 uteri

1130 2997 1277 3030 osculum
1299 2997 1500 3037 retexiffem;
1522 3000 1668 3040 apparuit
1692 2998 1788 3039 hujus
1810 3012 1866 3033 ora
1890 2999 1978 3042 quasi
2003 3002 2036 3033 in
2065 3011 2140 3041 par-

1131 3049 1177 3074 tes
1200 3041 1278 3074 duas
1302 3040 1343 3073 ab
1367 3041 1580 3087 anterioribus
1613 3042 1652 3076 ad
1687 3042 1860 3084 posteriora
1884 3042 2008 3077 divisa.
2035 3043 2138 3077 Nem-

1134 3095 1171 3125 pe
1194 3097 1209 3117 e
1232 3084 1365 3125 singulis
1389 3096 1456 3127 ejus
1477 3096 1542 3117 01·ae
1566 3085 1720 3118 lateribus
1745 3085 1875 3128 singulae
1900 3085 2062 3122 exstabant
2073 3099 2141 3121 me-

1132 3128 1258 3161 diocres
1282 3126 1525 3165 excrescentiae,
1549 3130 1582 3161 in
1605 3130 1724 3171 quibus
1747 3150 1755 3166 ‚
1780 3130 1860 3163 sicut
1883 3133 1980 3163 etiam
2003 3132 2036 3163 in
2062 3142 2139 3173 pro-

1132 3172 1230 3205 ximis
1253 3172 1385 3203 cervicis
1410 3172 1604 3212 parietibus,
1631 3173 1773 3206 latebant
1786 3173 1931 3210 cellulae,
1957 3174 2009 3207 seu
2036 3176 2140 3207 mavis

1133 3214 1276 3247 vesicula·
1300 3237 1310 3253 ,
1349 3216 1381 3246 in
1406 3214 1510 3256 iisque
1534 3214 1638 3257 major
1662 3217 1792 3258 aliqua,
1819 3217 1919 3258 plenae
1942 3227 2053 3250 omnes
2078 3217 2138 3250 illo

1132 3257 1204 3299 ipso
1227 3268 1346 3294 muc05
1372 3256 1430 3290 nisi
1453 3257 1541 3300 quod
1565 3259 1619 3292 hic
1641 3257 1858 3297 flavescebats
1882 3262 1939 3302 qui
1965 3259 2138 3294 secundum

1131 3311 1280 3335 naturam
1305 3300 1383 3334 solet
1407 3302 1445 3334 ad
1470 3301 1616 3335 osculum
1640 3304 1783 3336 inveniri
1805 3328 1813 3336 .
1837 3305 1926 3337 Dum
1950 3304 1983 3336 in
2006 3306 2133 3338 cervice

1134 3344 1254 3378 sursum
1280 3342 1383 3378 versus
1405 3344 1573 3378 incidenda
1599 3356 1782 3389 pergerem,
1805 3358 1876 3379 ecce
1899 3358 1939 3380 ex
1961 3347 2031 3389 ipso
2062 3347 2140 3381 fun-

1134 3389 1176 3421 do
1210 3389 1291 3420 uteri
1326 3397 1454 3429 repente
1486 3388 1595 3430 prodit
1631 3388 1732 3422 serum
1775 3389 1950 3423 flavescens
1983 3402 2139 3433 quantum

1137 3430 1299 3464 cochleari
1323 3433 1379 3463 vix
1403 3429 1590 3474 excepisses:
1613 3433 1699 3474 quod
1726 3434 1830 3466 serum
1851 3434 2020 3477 quomodo
2043 3436 2077 3467 in
2101 3447 2139 3468 eo

1135 3475 1238 3508 fundo
1262 3474 1356 3507 etiam
1381 3484 1451 3508 tum
1475 3486 1547 3508 cum
1574 3483 1687 3509 uterus
1711 3478 1904 3511 eximeretur
1927 3502 1936 3517 ,
1958 3481 1988 3511 δι
2012 3477 2074 3512 huc
2098 3479 2142 3512 il-

1135 3519 1186 3551 luc
1207 3517 1396 3564 volveretur
1421 3542 1429 3555 ,
1461 3527 1623 3552 retentum
1647 3519 1722 3553 esset
1742 3543 1754 3559 ‚
1787 3531 1851 3554 non
1876 3530 1942 3554 erat
1966 3520 2063 3555 facile
2086 3521 2161 3555 hic‘

1137 3562 1318 3603 conjicere.
1343 3562 1382 3593 In
1396 3562 1455 3593 alia
1480 3563 1586 3598 enim,
1612 3563 1784 3598 cumidem
1807 3565 2008 3602 occurrerit,
2031 3564 2141 3598 crede-

1136 3616 1169 3638 re
1180 3605 1292 3646 potui,
1320 3603 1386 3637 sero
1399 3604 1704 3639 obstitisseintimos
1724 3607 1858 3641 cervicis
1882 3609 2037 3646 lacertos,
2065 3619 2145 3650 qnos

1137 3646 1294 3680 crassiores
1317 3644 1416 3679 fidos
1441 3673 1448 3687 ,
1482 3649 1513 3680 δε
1537 3649 1673 3682 confuso
1697 3650 1810 3683 ordine
1845 3649 1919 3684 sitos
1957 3652 2109 3685 videbam
2135 3677 2145 3683 .

1139 3691 1223 3727 Quae
1248 3701 1292 3722 res
1304 3689 1355 3723 liic
1371 3702 1432 3723 non
1458 3690 1543 3724 fuit:
1569 3692 1688 3726 summa
1702 3704 1805 3726 autem
1829 3692 1923 3728 fundi
1948 3707 2018 3738 pars
2043 3695 2142 3728 setme

2005 3749 2072 3772 tota
2086 3764 2095 3778 ‚

103 3789 2141 3814 mmm...

143 3817 191 3848 (Ι)
207 3818 278 3846 Epist.
297 3827 337 3848 45.
354 3826 378 3843 n.
395 3825 433 3842 21.
496 3817 503 3846 (
519 3822 559 3847 m)
575 3822 609 3844 De
626 3820 756 3846 Glandulis
772 3822 822 3850 post
839 3829 861 3847 e.
880 3832 902 3853 5.
923 3823 984 3848 Obs.
1005 3831 1027 3848 ι.
