2498 4075
471 160 562 211 244

392 227 524 259 vatione
549 222 683 255 LXXV.
707 220 901 263 proponitur
926 243 936 259 ,
969 227 1127 259 empyemcz
1149 239 1161 256 ‚
1180 215 1233 249 vel
1256 215 1393 249 thoracis

391 269 555 310 hida-opem
579 266 641 298 dici
662 263 741 308 poffe
765 286 774 302 ‚
799 262 946 297 asserebat
971 261 1156 303 Falloppius
1178 272 1186 291 2
1219 260 1275 302 qui
1299 258 1393 301 paulo

389 308 477 344 infra
501 310 538 342 de
571 307 681 341 eodem
704 307 816 340 morbo
848 306 915 339 haec
938 305 1035 336 etiam
1067 302 1199 336 addebat
1225 315 1234 335 .·
1268 306 1313 335 De
1335 312 1392 343 quo

391 355 514 397 quidem
537 351 670 384 thoracis
693 350 825 393 hydrope
846 348 988 390 loquitur
1010 347 1217 388 Hippocrates
1248 345 1278 377 in
1303 355 1333 377 2.
1356 343 1390 376 de

393 396 511 430 morbis
536 405 600 436 cap.
621 395 767 436 proprio,
790 392 832 425 Θ
854 392 885 424 iri
908 388 987 422 libro
1008 391 1043 423 cie
1066 389 1197 422 internis
1221 384 1392 431 offebiioni-

388 440 444 473 hus
471 440 552 473 circa
576 438 709 470 medium
730 459 739 475 ‚
762 433 816 470 ubi
838 432 955 467 tranat
977 434 1012 466 o'e
1036 433 1163 474 reliquis
1178 430 1336 472 speciebus
1358 440 1393 461 α-

390 494 455 524 quae
478 482 647 515 intercutis
662 503 670 517 ,
694 480 736 512 (9
758 477 834 510 hanc
856 474 995 522 appellat
1014 475 1173 517 pulmonis
1195 473 1360 515 hydropem
1384 497 1391 503 .

391 529 507 563 Itaque
532 524 593 567 jam
616 524 724 557 vides,
747 531 804 553 cur
825 531 858 552 ea
883 520 923 550 sic
947 519 1083 560 incipiat
1106 516 1300 550 Observatio
1323 528 1329 549 ;
1355 520 1391 547 In

390 565 536 602 caddvere
559 566 658 599 adulti
682 565 819 597 vidimus
842 561 1007 603 hydropem
1026 560 1204 603 pulmonis.
1231 560 1282 591 Sic
1305 561 1391 592 enim

392 621 524 645 vocatus
550 610 651 643 fuerat
676 610 708 640 in
743 606 876 648 proprio
900 605 960 636 illo
981 605 1087 646 capite
1109 626 1120 642 ,
1154 613 1291 644 quocum
1314 602 1388 635 scite

389 654 558 696 conjunxit
590 653 774 694 Falloppius
799 648 873 681 libri
906 649 993 680 illius
1026 647 1154 679 alterius
1187 645 1293 678 locum
1316 667 1325 683 ,
1354 654 1391 679 ut

389 700 512 731 collato
535 699 617 728 inter
642 694 669 728 se
694 704 853 734 utroque,
877 690 1008 724 eundem
1031 688 1086 722 esse
1098 689 1268 726 morbum,
1292 700 1330 722 ex
1351 688 1391 721 fi-

390 744 461 779 unis
476 766 484 779 ‚
508 742 539 772 ἃ
561 740 724 770 curatione
748 736 986 776 intelligamus,
1009 734 1064 775 qui
1088 731 1261 774 utrobique
1272 743 1389 774 propo-

391 779 504 822 intur,
529 781 606 814 idest
630 779 806 822 hydropem
831 777 993 816 thoracis,
1016 775 1127 808 educta
1148 799 1159 814 ,
1184 787 1256 808 cum
1282 776 1354 809 licet
1377 798 1388 815 ,

388 839 444 869 per
468 826 637 859 sectionem
663 835 738 864 aqua
763 820 957 853 curandum.
984 820 1061 860 Qo
1072 828 1177 851 autem
1201 819 1295 852 modo
1311 830 1389 862 aqua

389 873 423 902 in
448 869 609 902 thoracem
642 865 822 899 effundatur
844 886 853 900 ‚
885 875 949 896 non
973 863 1064 895 aliter
1097 860 1247 895 secundus
1268 863 1390 896 indicat

386 914 476 946 locus
496 935 504 949 ‚
539 923 571 943 ac
596 909 676 942 mihi
701 909 842 941 Galenus
862 931 874 947 ,
904 908 1022 950 quippe
1044 906 1279 947 Hippocratem
1304 905 1388 948 sequi

390 956 526 996 solitus,
549 953 638 994 supra
657 957 675 993 ¹<
694 963 715 995 g
739 955 751 990 )
773 951 855 984 visus
879 950 920 984 est·
943 974 954 990 ,
977 953 1009 982 in
1033 948 1245 991 pericardium
1269 947 1388 982 effundi

388 1010 524 1043 aquam,
548 994 719 1035 indicasse,
741 993 776 1028 id
797 994 839 1028 est
861 1005 900 1027 ex
922 995 1023 1034 ruptis
1048 991 1256 1034 hydatidibus
1277 1016 1286 1032 ,
1319 1003 1388 1033 quae

389 1043 429 1076 ab
451 1044 652 1084 Hippocrate
676 1038 835 1073 tubercula
860 1038 906 1070 ibi
931 1036 1128 1079 appellantur
1151 1047 1158 1068 .·
1177 1036 1204 1078 fi
1228 1034 1389 1068 tubercula

392 1088 426 1120 iu
444 1086 590 1128 pulmone
609 1081 734 1127 fuerint
757 1089 870 1119 enata,
894 1083 925 1113 &
949 1091 1027 1121 aquo
1052 1078 1169 1121 repleta
1182 1102 1194 1118 ‚
1217 1082 1259 1112 cy*
1283 1079 1314 1112 in
1333 1088 1389 1120 pe-

395 1128 476 1163 &ore
498 1135 610 1169 rupta.
640 1128 690 1158 Sic
715 1134 822 1158 autem
845 1123 913 1156 fieri
937 1124 979 1156 Θ
1002 1123 1033 1156 iu
1057 1121 1154 1162 bove,
1176 1123 1217 1155 Θ
1240 1122 1273 1155 in
1296 1132 1390 1160 cane,

392 1172 436 1205 (ἐν
460 1173 492 1203 iu
508 1171 583 1213 sue.
609 1172 710 1202 Porro
732 1169 833 1202 videri
858 1167 937 1200 talia
960 1166 1060 1198 multo
1082 1165 1184 1207 magis
1216 1165 1247 1197 in
1269 1163 1390 1197 homine

386 1215 462 1258 fieri
487 1224 579 1255 quam
600 1213 631 1245 iu
655 1210 836 1253 pecoribus,
861 1218 975 1252 quanto
999 1209 1095 1241 etiam
1118 1207 1297 1249 morbosiore
1321 1208 1391 1241 diae-

392 1267 425 1292 ta
449 1258 589 1290 utimur.
613 1254 714 1287 Vides
729 1280 736 1291 ,
761 1264 793 1286 ut
820 1251 1014 1286 vetustissimi
1047 1251 1098 1283 illi
1122 1249 1244 1284 Medici
1265 1274 1276 1291 ,
1309 1262 1390 1293 quos

386 1300 471 1334 nihil
496 1299 533 1332 de
556 1298 606 1331 his
633 1298 787 1339 hydropis
811 1295 967 1339 speciebus
993 1291 1151 1336 attigisse,
1177 1294 1391 1336 nonnullipu-

386 1353 477 1382 tant,
501 1354 573 1377 cum
597 1342 726 1374 morbos
747 1364 754 1377 ‚
792 1343 822 1373 δε
848 1339 1030 1372 morborum
1055 1339 1195 1379 origines
1226 1339 1259 1369 in
1285 1337 1392 1370 homi-

386 1399 465 1422 num
487 1385 691 1420 cadaveribus
714 1382 873 1418 scrutandi
897 1384 1026 1424 copiam
1050 1392 1113 1414 non
1137 1380 1289 1414 haberent
1317 1403 1326 1418 ,
1357 1383 1391 1413 in

385 1430 493 1465 bestiis
515 1429 732 1471 inquirerent,
756 1439 794 1460 ex
818 1428 857 1460 iis
884 1436 987 1459 autem
1011 1426 1125 1467 quaein
1149 1424 1201 1458 his
1225 1424 1366 1457 viderent
1381 1450 1390 1464 ,

390 1475 545 1517 sagaciter
568 1472 768 1514 conjecturas
790 1469 1015 1504 adhumanum
1038 1480 1134 1510 genus
1146 1467 1294 1502 ducerent
1309 1492 1316 1499 .
1343 1469 1389 1500 Si.

388 1519 480 1552 milia
502 1516 661 1557 hodieque
686 1516 718 1546 in
741 1513 864 1550 bobus,
888 1516 919 1546 ὂε
944 1512 1056 1546 ovibus
1072 1511 1239 1554 conspici,
1263 1513 1390 1554 pervul-

387 1571 500 1604 gatum
524 1560 585 1599 est,
607 1562 639 1591 ἃ
666 1558 796 1591 Willius
820 1556 1018 1598 prasertim,
1041 1567 1075 1589 ac
1099 1555 1259 1588 Willisius
1284 1555 1388 1587 suisio

389 1603 659 1647 Sepulchretum(
680 1601 701 1634 h
723 1605 735 1641 )
759 1602 863 1633 relatis
876 1598 1164 1633 Observationibus
1175 1597 1364 1632 confirmant
1380 1612 1389 1631 :
1421 1604 1422 1607 ’

388 1650 423 1682 in
448 1648 498 1681 sue
523 1656 649 1683 autem,
672 1646 866 1687 caeteroquin
891 1643 985 1680 sano;
1009 1652 1044 1677 ut
1065 1652 1179 1675 caetera
1196 1641 1389 1684 ejuscemodi

388 1692 443 1726 hic
467 1691 639 1727 omittam,
663 1700 678 1721 a
702 1699 751 1720 me
775 1690 808 1720 in
832 1686 937 1719 bestiis
952 1710 962 1726 ,
987 1685 1234 1728 hominibusque
1256 1686 1388 1727 conspe-

388 1737 462 1774 estas
487 1732 673 1777 hydatidem
697 1730 806 1765 vidisse
818 1732 968 1767 memini,
992 1741 1061 1772 quae
1076 1730 1234 1762 minorem
1258 1728 1388 1771 suipar-

392 1790 459 1813 ttm
483 1779 517 1811 in
542 1777 703 1820 pulmonis
738 1774 900 1817 superficie
923 1773 1085 1807 ostendens
1111 1796 1119 1810 ‚
1156 1773 1291 1805 interius
1315 1771 1393 1804 adeo

391 1823 419 1856 se
441 1820 657 1866 amplificabat
672 1842 680 1856 ,
705 1830 740 1853 ut
766 1831 853 1862 aquae
877 1816 1019 1860 limpidae
1042 1819 1148 1850 uncias
1170 1817 1294 1859 aliquot
1317 1826 1394 1848 con-

391 1869 530 1902 tineret.
554 1864 613 1899 Sed
638 1866 670 1897 in
696 1862 882 1898 hominibus
905 1870 940 1895 ut
964 1860 1149 1902 Falloppius
1166 1861 1199 1891 in
1223 1860 1334 1901 primis
1350 1858 1396 1891 ef-

394 1911 496 1946 fusam
521 1922 633 1954 aquam
657 1908 765 1946 vidit,
788 1905 828 1940 sic
851 1905 917 1949 ejus
941 1903 1116 1945 discipulus
1139 1904 1291 1936 Coiterus
1314 1905 1327 1941 (
1349 1901 1396 1943 i)

395 1957 491 1990 etiam
513 1953 682 1997 hydatides
708 1950 809 1995 postea
843 1946 1052 1992 deprehendit
1074 1970 1081 1978 .
1123 1946 1286 1989 Postquain
1311 1946 1397 1979 enim

389 2001 419 2034 se
442 1999 605 2033 multoties
616 2022 628 2039 ,
651 1996 736 2029 dixit
753 2019 764 2034 ‚
788 1993 841 2027 vel
863 2001 1024 2033 utramque
1043 1989 1180 2033 penoris
1201 1990 1397 2028 cavitatem,

392 2044 446 2078 νεὶ
468 2042 601 2076 alteram
624 2050 704 2083 aqua
724 2038 850 2081 plenam
875 2035 1049 2074 invenisse,
1084 2033 1161 2067 unde
1184 2043 1254 2080 cum
1278 2033 1399 2073 Hippo-

392 2095 477 2121 crate
501 2084 626 2130 offerere
648 2084 741 2117 liceat
762 2106 775 2121 2
806 2082 840 2114 in
861 2079 982 2121 pec‘c'ore
1014 2077 1178 2118 hydropem
1196 2075 1270 2117 fieri
1291 2087 1300 2112 ς
1333 2075 1398 2120 duo

391 2130 522 2173 subjicit
557 2127 697 2169 exempla
726 2150 737 2166 ,
769 2125 902 2157 alterum
937 2119 1125 2154 Professoris
1157 2119 1363 2151 Bononiensis
1389 2142 1398 2156 ,

392 2186 487 2212 <ruem
512 2172 654 2215 precibus
677 2168 830 2203 adductus
853 2165 1051 2205 Hieronymi
1072 2160 1214 2196 Cardani
1236 2186 1244 2201 ,
1268 2160 1314 2195 sui
1336 2159 1398 2194 stu-

395 2216 582 2255 diosissimi,
605 2212 750 2247 dissecuit
767 2235 774 2249 ‚
798 2211 931 2243 alterum
953 2207 1125 2249 Virginis:
1151 2206 1184 2238 in
1208 2204 1397 2247 quorumil-

398 2264 431 2295 lo
454 2257 625 2302 hydatides
647 2257 770 2289 invenit
794 2252 945 2287 omnibus
967 2251 1087 2283 ventris
1098 2248 1266 2282 visceribus
1292 2246 1398 2281 adhae-

399 2315 501 2339 rentes
522 2327 532 2344 ,
566 2304 597 2334 in
622 2299 682 2333 hac
717 2310 790 2331 vero
813 2307 907 2331 unam
940 2293 1069 2337 quidem
1092 2292 1129 2327 ad
1162 2293 1244 2325 latus
1267 2292 1398 2325 cervicis

401 2350 482 2382 uteri
503 2370 515 2387 ,
551 2344 599 2378 sed
623 2352 744 2375 tantam
778 2350 813 2374 ut
837 2338 922 2382 quafi
946 2338 1046 2379 duplo
1070 2335 1171 2379 major
1206 2334 1279 2368 esset
1303 2345 1400 2378 quam

400 2390 500 2425 vesica
524 2387 661 2422 urinaria
678 2412 686 2425 ‚
710 2394 789 2427 aqua
813 2382 900 2416 tenui
923 2381 1083 2422 lucidaque
1107 2404 1116 2418 ‚
1139 2378 1218 2411 sicut
1241 2378 1325 2411 infra
1348 2378 1400 2409 di-

402 2438 448 2469 cit
462 2457 471 2473 ,
494 2431 720 2476 plenissimam5
744 2436 780 2461 ut
805 2425 946 2469 proclive
968 2421 1006 2455 sit
1020 2446 1030 2461 ‚
1052 2421 1232 2469 conjicere,
1254 2432 1293 2453 ex
1315 2419 1400 2453 fimi-

404 2480 487 2512 libus
510 2475 662 2516 disruptis
687 2470 793 2504 vesicis
816 2479 928 2511 aquam
953 2466 1089 2499 extitisse
1111 2491 1119 2505 ,
1141 2476 1211 2507 quae
1234 2462 1401 2497 dexterum

404 2525 438 2556 in
462 2528 599 2562 utroque
622 2516 763 2550 thoracis
788 2523 899 2545 cavum
925 2509 1077 2552 implebat
1093 2533 1103 2548 ,
1126 2506 1301 2549 praesertim
1326 2518 1401 2540 cum

405 2568 439 2600 in
463 2567 488 2598 Ι.
515 2572 640 2606 quoque
674 2559 748 2591 libri
775 2558 819 2590 ΙΙ.
846 2553 1042 2596 Sepulchreti
1078 2552 1220 2586 Sebiione
1244 2555 1257 2591 (
1278 2551 1296 2591 l<
1318 2554 1331 2589 )
1367 2549 1405 2582 ab

407 2609 479 2642 aliis
503 2604 605 2648 postea
629 2612 789 2646 repertum
804 2599 972 2633 hominum
996 2596 1179 2639 pulmonem
1190 2595 1329 2637 legamus
1353 2604 1406 2626 νε-

400 2653 475 2696 sicis
495 2649 622 2692 plenum
644 2671 655 2687 2
678 2644 789 2682 ouibus
812 2646 929 2683 apertis
948 2665 958 2679 ‚
994 2649 1048 2674 aut
1072 2650 1152 2681 aque:
1184 2636 1290 2672 exibat
1312 2660 1321 2676 ‚
1355 2646 1408 2669 aut

406 2696 522 2731 humor
547 2685 746 2733 pellucid'us,
769 2688 825 2730 qui
849 2684 902 2717 etsi
930 2693 1006 2718 tunc
1032 2684 1134 2716 lentus
1159 2691 1223 2714 erat
1246 2680 1339 2719 instar
1363 2680 1411 2713 al-

409 2737 546 2773 huminis
570 2736 643 2775 ovi,
667 2742 771 2767 tamen
785 2729 931 2764 fluxilior
955 2736 1044 2761 antea
1067 2726 1100 2759 in
1118 2723 1259 2763 iisdem,
1280 2725 1327 2756 vel
1353 2736 1410 2766 po-

411 2785 476 2816 t-ius
500 2782 533 2813 in
558 2780 652 2815 aliis,
674 2788 744 2819 quze
769 2773 920 2814 disruptae
943 2769 1059 2808 essent,
1082 2768 1190 2801 vesicis
1225 2765 1316 2800 fuisse
1352 2778 1411 2810 po-

410 2828 496 2859 terat
531 2846 540 2859 ,
564 2825 595 2854 8:
619 2820 819 2862 hydropem,
841 2818 895 2858 qui
920 2823 984 2847 erat
1008 2815 1040 2846 in
1067 2814 1164 2845 altero
1201 2810 1342 2844 thoracis
1367 2812 1413 2842 la-

411 2879 495 2904 tere,
521 2863 644 2898 fecisse.
776 2862 900 2893 Verum
912 2857 966 2892 hic
989 2857 1052 2891 duo
1064 2855 1192 2889 forsitan
1218 2867 1254 2887 ex
1266 2865 1313 2887 me
1327 2866 1411 2896 quae-

413 2924 485 2951 res,
507 2909 640 2941 alterum
662 2928 674 2946 ,
706 2903 872 2947 quomodo
895 2900 1036 2944 hydrops
1061 2899 1224 2941 pulmonis
1251 2897 1316 2930 dici
1341 2896 1412 2939 pos-

414 2956 479 2994 fit,
502 2963 596 2989 cum,
622 2947 797 2991 ruptisjam
822 2945 917 2989 hujus
931 2944 1163 2987 hydatidibus,
1188 2954 1266 2984 aqua
1290 2942 1322 2973 in
1336 2941 1413 2974 tho-

414 3008 517 3034 racem
541 2995 582 3028 est
605 2991 698 3028 effusa
720 2995 729 3023 ?
766 2992 897 3024 alterum
917 3013 928 3029 ‚
961 3000 997 3021 an
1023 2986 1165 3029 hydrops
1195 2985 1336 3018 thoracis
1359 2984 1413 3017 ista

416 3043 602 3088 plerumque
626 3038 748 3070 ratione
773 3034 826 3067 fiat
851 3032 863 3065 ?
896 3031 996 3070 Quod
1020 3033 1057 3064 3νὰ
1092 3032 1231 3073 primum
1265 3029 1378 3061 attinet
1402 3051 1414 3068 ,

417 3086 548 3130 proprie
571 3081 702 3124 quidem
728 3077 890 3121 pulmonis
913 3075 1056 3117 hydrops
1081 3083 1155 3107 tunc
1178 3072 1243 3106 dici
1266 3072 1415 3111 videtur,

418 3141 492 3163 cum
524 3126 625 3160 serum
650 3125 684 3157 in
716 3120 787 3164 ipso
813 3119 909 3153 haeret
935 3119 1087 3161 pulmone
1105 3138 1114 3154 ,
1149 3115 1417 3159 quemadmodum

419 3173 568 3208 Tozzius
590 3171 603 3207 (
626 3167 637 3201 l
660 3171 695 3207 ),
720 3168 752 3198 ὃς
776 3163 962 3196 Albertinus
985 3165 998 3201 (
1020 3174 1051 3196 m
1073 3165 1086 3202 )
1109 3161 1142 3192 in
1157 3158 1357 3192 cadaveribus
1380 3159 1417 3191 ab

419 3217 449 3251 se
472 3223 630 3256 repertum
653 3207 833 3244 describunt
859 3229 867 3243 ,
905 3205 963 3239 alia
988 3217 1056 3248 quae
1091 3203 1128 3237 ad
1152 3214 1224 3237 eum
1256 3205 1416 3245 pertinent

422 3258 574 3294 morbum
588 3279 599 3295 ,
623 3265 688 3288 non
716 3253 881 3284 reticentes
896 3272 909 3289 ,
930 3248 1022 3290 cujus
1034 3247 1129 3290 signis
1155 3246 1226 3279 addi
1240 3245 1321 3287 posse
1336 3273 1345 3286 ,
1368 3249 1416 3279 in-

419 3303 545 3337 dicavit
564 3301 620 3345 Jo.
647 3298 752 3331 Maur.
778 3292 993 3327 Hoffmannus
1017 3295 1029 3331 (
1053 3302 1071 3324 n
1093 3295 1107 3331 )
1130 3290 1269 3331 querelas
1292 3290 1326 3322 de
1342 3300 1422 3332 pon·
1473 3292 1572 3332 gritas
1596 3301 1604 3321 ς

988 137 1242 193 Liberti.
1276 138 1360 190 De
1399 134 1606 188 Morbis
1641 132 1897 187 Thoracis

1442 212 1583 246 thoracis
1607 211 1749 254 hydrope
1771 210 1961 255 conjunfti3
1987 207 2063 251 saepe
2087 217 2190 242 tamen
2215 206 2332 241 accidit
2354 230 2362 245 ‚
2399 213 2435 241 ut

1442 255 1674 298 hydatidibus‚
1697 266 1770 288 curn
1793 257 1826 288 in
1848 253 1900 287 his
1925 264 2002 295 aqua
2025 253 2211 294 pulmonum
2233 251 2275 284 est
2299 274 2313 291 ,
2334 249 2437 285 disru-

1444 301 1532 342 ptis,
1555 300 1675 341 primus
1699 297 1807 337 abeat,
1832 299 1911 330 alter
1933 296 1989 329 fiat
2017 321 2026 336 ‚
2063 307 2157 338 quern
2181 296 2284 336 plures
2314 295 2440 336 pulmo-

1444 344 1492 375 nis
1514 341 1691 384 hydropem
1714 352 1827 374 vocare
1851 349 1983 383 pergunt
1997 362 2008 378 ,
2030 337 2090 373 five
2112 340 2272 381 originem
2295 338 2439 378 spectan-

1444 386 1509 425 do,
1531 385 1653 418 causam
1676 395 1735 427 pro
1759 382 1869 417 effeetu
1891 383 2013 416 malunt
2035 381 2194 423 designare
2216 405 2226 420 ,
2259 380 2319 414 five
2341 383 2438 414 etiam

1444 428 1580 462 Hildani
1604 431 1615 467 (
1635 437 1658 470 p
1680 431 1694 466 >
1717 428 1838 460 imitari
1862 427 2038 468 exemplum
2053 448 2061 462 ,
2086 427 2141 468 qui
2165 426 2267 458 multa
2290 435 2369 466 aqua
2385 425 2437 467 se·-

1444 472 1510 514 rosa
1531 473 1653 504 circum
1674 482 1731 503 cor
1753 472 1786 503 in
1819 470 1994 512 pericardio
2019 468 2205 510 deprehensa
2225 492 2237 508 ‚
2266 479 2331 501 non
2355 470 2439 510 peri-

1442 514 1545 548 cardii
1578 514 1755 557 hydropem
1788 514 1936 547 morbum
1967 513 2061 545 illum
2085 537 2094 553 ‚
2129 511 2181 545 sed
2205 512 2439 554 hydr-ocardiam

1444 559 1637 600 appellavit.
1771 558 1863 590 Num
1888 568 1961 589 vero
1983 555 2123 589 thoracis
2147 555 2287 598 hydrops
2307 579 2319 595 ‚
2352 555 2438 598 quod

1441 611 1505 635 erat
1529 602 1663 635 alterum
1697 613 1713 634 a
1737 612 1768 635 te
1801 598 1967 642 quaefitum
1990 624 1999 639 ,
2030 599 2086 632 ista
2110 599 2293 643 plerumque
2316 602 2438 633 ratione

1443 645 1519 682 fiat,
1545 646 1578 678 in
1599 645 1772 687 multiplici
1796 641 1960 677 causarum
1983 643 2132 675 varietate
2155 652 2274 683 nemo,
2298 645 2440 686 opinor,

1443 688 1536 722 facile
1559 688 1693 722 dixerit.
1719 689 1776 723 Ad
1800 686 1856 720 has
1880 686 1963 719 enim
1997 687 2080 718 inter
2100 695 2211 719 caetera
2236 687 2318 721 illud
2341 689 2438 721 etiarn

1444 733 1586 772 attinet,
1608 730 1695 774 quod
1720 733 1855 765 aliorum
1879 729 1980 771 postea
1995 752 2007 769 ,
2030 732 2061 762 ὅ(
2085 729 2242 764 Valsalvae
2261 754 2274 771 ‚
2304 733 2336 764 &
2361 733 2439 764 meis

1443 775 1730 809 observationibus
1753 779 1766 815 (
1789 785 1807 817 q
1828 777 1842 813 )
1864 771 2086 806 confirmatum
2109 773 2231 807 videbis
2253 798 2262 813 ,
2294 773 2439 808 laudatus

1441 830 1546 852 autem
1568 820 1720 852 Coiterus
1743 817 1805 862 jam
1829 826 1899 849 tum
1912 815 1972 849 suis
1994 827 2069 858 quas
2092 817 2125 849 in
2140 817 2347 860 Sepulchreto
2358 830 2439 861 quo-

1441 874 1501 906 que
1524 865 1536 901 (
1559 873 1574 894 r
1595 866 1609 902 )
1631 862 1747 902 habes,
1769 860 1951 897 adnotavit,
1975 858 2114 893 diversos
2126 859 2181 904 esst
2193 860 2312 895 morbos
2332 886 2340 900 ‚
2364 872 2438 902 quos

1437 905 1571 947 potioris
1593 905 1726 947 hydrops
1749 904 1895 949 comitari
1916 902 2024 944 possit,
2049 906 2081 936 &
2104 906 2137 936 in
2164 904 2214 938 his
2224 905 2441 947 peripneumo-

1441 950 1532 987 nias,
1551 948 1760 991 pleuriticus,
1796 950 1882 982 tabes
1902 970 1915 986 ‚
1947 946 1990 978 Cb*
2011 945 2159 988 hydr-opes
2183 960 2192 978 .-
2224 959 2318 992 quare
2344 947 2439 990 hujus

1440 1004 1523 1034 aquae
1545 991 1731 1026 collectionis
1753 993 1786 1025 in
1814 989 1936 1032 periore
1959 999 2017 1022 nou
2039 1000 2132 1022 unam
2147 990 2269 1032 semper
2289 989 2344 1034 effe
2365 1002 2440 1025 cau-
2464 1017 2467 1018 γ

1434 1035 1528 1077 sam,
1543 1035 1599 1077 sed
1622 1035 1740 1069 multas
1761 1031 1923 1075 variasque
1946 1029 2000 1074 esse
2021 1033 2122 1065 videri
2134 1057 2142 1065 .
2167 1034 2330 1076 Atqueita
2354 1046 2440 1077 egre-

1440 1079 1511 1120 gius
1534 1080 1587 1112 ille
1610 1079 1825 1112 Anatomicus
1848 1077 1984 1110 humana
2007 1074 2158 1109 cadavera
2181 1078 2249 1119 post
2259 1088 2441 1120 praecepto-

1441 1133 1507 1154 rem
1530 1120 1727 1158 dissecando,
1750 1132 1812 1154 non
1839 1119 1935 1154 modo
1958 1118 2131 1152 illustrabat
2148 1142 2160 1159 ,
2183 1131 2292 1156 verum
2315 1122 2443 1164 insuper

1442 1164 1656 1208 amplificabat
1681 1163 1968 1206 antiquiffimorum
1993 1161 2195 1197 Medicorum
2220 1164 2404 1199 dofftrinam
2432 1191 2442 1199 .

1441 1208 1491 1242 Ad
1514 1220 1609 1251 quam
1632 1207 1794 1250 respexisse
1819 1207 2023 1247 Falloppium
2046 1207 2078 1238 in
2103 1217 2140 1239 eo
2162 1219 2310 1250 quoque,
2334 1209 2445 1243 existi..

1442 1254 1595 1286 maverim
1617 1274 1626 1289 ‚
1656 1250 1743 1294 quod
1767 1249 1967 1293 propositum
1999 1248 2147 1283 morbum
2169 1260 2326 1293 empyema
2351 1277 2360 1293 ,
2391 1252 2445 1287 ‘vel

1444 1296 1581 1329 thoracis
1604 1294 1767 1337 hydropem
1789 1293 1851 1327 dici
1870 1292 1971 1336 poffe,
1995 1290 2142 1326 afferebat
2165 1296 2179 1333 (
2194 1294 2222 1336 s
2235 1298 2268 1334 ),
2293 1294 2326 1328 id
2348 1294 2391 1329 est
2414 1295 2437 1329 fi

1443 1338 1640 1372 vetustissima
1661 1337 1746 1380 signa
1769 1336 1910 1370 attendas
1933 1361 1940 1373 ,
1973 1338 2182 1378 empyematis
2215 1336 2406 1379 persimilem
2436 1365 2444 1372 .

1442 1386 1537 1425 AEger
1560 1383 1645 1415 enim
1667 1404 1676 1419 ,
1709 1390 1744 1415 ut
1768 1383 1802 1414 in
1835 1380 1907 1413 loco
1931 1379 1988 1411 illo
2024 1378 2067 1412 est
2090 1380 2166 1413 libri
2190 1382 2236 1413 II.
2262 1382 2297 1415 de
2319 1382 2444 1416 Morbis

1441 1437 1536 1468 quem
1558 1426 1745 1468 Falloppius
1769 1422 1930 1457 indicabat
1953 1446 1965 1463 ,
1984 1423 2111 1464 patitur
2133 1423 2211 1457 talia
2237 1447 2249 1464 ,
2283 1426 2388 1468 qualia
2413 1427 2446 1459 is

1441 1471 1496 1510 qui
1511 1469 1704 1511 fitppuratus
1724 1469 1785 1512 fit3
1810 1466 1879 1505 sed,
1906 1477 1939 1500 ut
1963 1467 2174 1499 internoscere
2198 1467 2370 1510 possimus,
2392 1470 2445 1502 de-

1441 1512 1538 1546 bilius
1553 1538 1561 1550 ‚
1585 1523 1620 1544 ac
1642 1512 1840 1544 diuturnius.
1867 1511 2021 1542 Attamen
2046 1510 2314 1553 &vehementia,
2338 1515 2369 1546 &
2393 1513 2448 1546 ci-

1441 1565 1477 1587 to
1500 1555 1644 1588 necantia
1666 1555 1712 1586 vel
1736 1553 1794 1588 hos
1817 1552 1977 1586 interdum
2004 1555 2091 1594 pati,
2116 1558 2173 1597 qui
2199 1567 2311 1598 aquam
2333 1580 2346 1597 ,
2379 1566 2443 1589 non

1441 1610 1520 1641 pus,
1544 1598 1658 1632 habent
1681 1598 1714 1630 in
1738 1598 1866 1630 thorace
1889 1594 2017 1630 effusam
2039 1621 2047 1635 ‚
2081 1598 2241 1632 nonnullae
2264 1611 2302 1633 ex
2326 1599 2448 1642 produ-

1441 1644 1501 1675 etis
1523 1641 1810 1674 Observationibus
1832 1643 1846 1678 (
1869 1648 1883 1672 τ
1906 1643 1916 1678 )
1941 1639 2014 1672 satis
2037 1639 2226 1675 ostendunt:
2250 1645 2282 1676 &
2306 1653 2420 1676 contra
2436 1665 2445 1680 ‚

1442 1685 1537 1727 signis
1561 1685 1625 1717 illis
1648 1695 1752 1716 carere
1776 1694 2008 1724 nonnunquam
2024 1684 2173 1717 omnibus
2188 1708 2200 1725 ‚
2227 1685 2311 1719 haud
2333 1687 2377 1719 ita
2394 1698 2445 1718 ra-

1443 1740 1479 1760 ro
1504 1727 1681 1771 plerisque3
1705 1737 1740 1760 ut
1763 1736 1846 1759 certe
1870 1728 1897 1758 ei
1916 1725 2148 1760 adolescentulo
2170 1730 2183 1766 (
2206 1730 2258 1771 u)
2283 1729 2364 1763 unde
2380 1729 2448 1763 haec

1445 1771 1601 1804 scribendi
1626 1770 1820 1806 occasionem
1841 1770 2001 1812 cepimus,
2024 1780 2128 1812 neque
2137 1768 2242 1813 febris
2264 1783 2330 1805 erat
2357 1795 2367 1812 ‚
2394 1784 2449 1805 ne-

1446 1826 1506 1858 que
1529 1813 1635 1858 tuffis,
1663 1825 1761 1857 neque
1781 1815 1895 1856 pedum
1918 1820 2020 1846 tumor
2044 1835 2056 1852 ,
2080 1824 2178 1856 neque
2202 1816 2350 1857 unguium
2374 1827 2448 1848 con-

1447 1858 1584 1897 tractio,
1607 1861 1639 1891 δε
1663 1857 1805 1900 hydrops
1829 1866 1935 1890 tamen
1959 1865 2025 1889 erat
2050 1855 2211 1891 thoracis.
2237 1860 2324 1891 Cave
2338 1868 2446 1892 autern

1449 1901 1573 1938 credas,
1598 1913 1614 1933 a
1637 1912 1686 1934 me
1709 1901 1776 1934 haec
1801 1900 1874 1934 ideo
1897 1900 1960 1932 dici
1994 1900 2080 1942 quod
2101 1900 2241 1934 censeam
2267 1925 2280 1941 ‚
2312 1910 2452 1936 veterem

1450 1945 1632 1978 doctrinam
1655 1954 1792 1987 oportere
1814 1943 1926 1984 rejici,
1949 1946 2027 1985 quod
2037 1954 2093 1976 non
2118 1943 2228 1978 habeat
2237 1946 2322 1978 circa
2346 1946 2449 1979 omnia

1451 1988 1671 2032 certitudinem
1694 1987 1861 2026 exossam,
1897 1987 1969 2019 Imo
1992 1986 2070 2018 ideo
2090 1986 2166 2020 dico
2193 2010 2202 2025 ,
2234 1989 2311 2030 quia
2335 1987 2398 2021 hoc
2423 1989 2454 2020 i-

1452 2033 1542 2073 psum
1562 2054 1574 2071 ,
1607 2032 1640 2063 in
1674 2032 1760 2063 libro
1791 2031 1826 2062 de
1859 2030 1959 2063 Veteri
1990 2030 2148 2063 Medicina
2184 2035 2274 2070 (x)
2315 2032 2449 2070 ingenue

1452 2074 1618 2115 agnitum,
1643 2074 1666 2105 ii
1691 2074 1813 2106 Medici
1836 2084 1914 2116 quos
1939 2073 2030 2114 supra
2054 2075 2108 2114 (y
2132 2077 2143 2113 )
2166 2085 2241 2107 cum
2264 2070 2455 2109 Vieussenio

1448 2115 1646 2158 defignabam
1658 2139 1668 2155 ,
1691 2125 1768 2149 tunc
1779 2119 1915 2149 maxime
1929 2115 2115 2157 ignorarese
2130 2142 2138 2156 ,
2163 2117 2332 2151 ostendunt
2345 2142 2357 2159 ,
2381 2130 2455 2152 cum

1450 2160 1532 2202 apud
1555 2160 1711 2203 populum
1734 2158 1816 2192 nihil
1839 2169 1906 2191 tam
1930 2168 2068 2192 verentes
2088 2181 2098 2195 ‚
2131 2172 2227 2203 quam
2248 2172 2287 2194 ne
2308 2160 2456 2195 dubitare

1450 2204 1487 2236 de
1510 2202 1613 2237 abditi
1636 2201 1768 2244 alicujus
1792 2202 1897 2236 morbi
1921 2210 2030 2235 natura
2054 2200 2243 2245 videantur,
2266 2203 2299 2237 id
2311 2206 2390 2247 soepe
2407 2204 2455 2238 fa-

1449 2249 1539 2280 ciunt
1562 2246 1650 2289 quod
1673 2256 1789 2279 merito
1812 2247 2027 2288 Hippocrates
2050 2249 2063 2284 (
2086 2256 2110 2287 z
2131 2251 2144 2287 )
2167 2248 2364 2289 vituperavit
2390 2273 2398 2288 ‚
2421 2258 2457 2281 ut

1449 2289 1589 2324 morbum
1612 2290 1710 2323 alium
1732 2289 1905 2328 existentem
1928 2312 1940 2329 ,
1963 2289 2061 2322 olium
2083 2289 2137 2333 effe
2159 2316 2168 2329 ,
2207 2293 2423 2334 pronuncient
2449 2316 2457 2323 .

1579 2332 1638 2366 Sed
1675 2331 1713 2365 ad
1737 2330 1901 2374 promissas
1933 2332 2068 2375 reliquas
2099 2333 2352 2368 Observationes
2385 2346 2459 2378 per-

1452 2388 1582 2420 gamus.

1495 2432 1546 2463 34.
1573 2420 1730 2464 VIRGO
1755 2417 1961 2454 Bononienfis
1985 2429 2082 2453 annos
2106 2429 2178 2454 nata
2203 2421 2430 2465 duodeviginti
2450 2447 2461 2463 ‚

1451 2474 1526 2497 cum
1561 2462 1697 2496 scabiem
1728 2462 1876 2508 ungendo
1909 2462 2070 2504 repulisset
2091 2487 2102 2502 ‚
2135 2465 2310 2506 graviffirna
2346 2467 2462 2501 ortho-

1455 2518 1568 2550 pnoea,
1590 2505 1653 2539 fine
1675 2506 1761 2541 febre
1776 2531 1783 2545 ‚
1805 2506 1868 2540 sine
1888 2507 2034 2546 caeteris,
2057 2518 2127 2549 quae
2139 2507 2237 2541 modo
2262 2512 2462 2544 memoraba-

1456 2562 1550 2589 mus,
1573 2559 1719 2590 correpta
1742 2551 1802 2585 est.
1829 2551 1984 2591 Sanguine
2006 2561 2021 2581 e
2044 2549 2176 2583 brachio
2200 2550 2239 2585 ad
2252 2551 2302 2585 sex
2325 2552 2461 2595 septem-

1460 2606 1496 2626 ve
1520 2594 1627 2627 uncias
1649 2593 1813 2631 detracto,
1839 2592 1927 2635 pejus
1954 2591 2066 2626 habuit
2093 2607 2101 2626 :
2124 2606 2139 2626 e
2163 2594 2240 2636 pede
2265 2604 2370 2630 autem
2395 2598 2465 2641 poll:

1460 2636 1525 2670 dies
1550 2637 1674 2681 aliquot
1697 2637 1735 2671 ad
1758 2637 1866 2671 uncias
1889 2636 2028 2669 totidem
2051 2635 2165 2675 misso,
2188 2639 2233 2670 ita
2257 2640 2404 2681 corruit,
2428 2650 2465 2674 ut

1460 2680 1696 2714 vehementiore
1739 2681 1823 2714 faeta
1870 2679 2008 2721 spirandi
2056 2680 2242 2714 difficultate
2268 2705 2277 2720 ,
2313 2683 2485 2725 postridie·

1462 2725 1607 2757 interiret
1632 2736 1737 2764 ann0,
1760 2724 1781 2757 si
1807 2723 1887 2756 rcc‘se
1912 2724 2067 2763 memini,
2095 2734 2183 2767 1703.
2318 2728 2466 2762 CADA-

1463 2770 1560 2802 VER
1584 2767 1740 2811 nusquam
1762 2766 1924 2801 tumidum
1939 2790 1951 2807 ,
1979 2767 2026 2799 sed
2050 2765 2127 2809 justa
2152 2767 2206 2803 ubi
2234 2781 2271 2803 ue
2295 2771 2484 2811 pinguedi-'

1466 2813 1515 2845 nis
1536 2811 1629 2853 copia
1651 2820 1729 2845 teres
1755 2835 1768 2852 ,
1801 2814 1830 2844 ἅτ
1856 2810 2008 2856 sineullo
2032 2810 2144 2844 scabiei
2178 2812 2225 2845 ves
2244 2813 2311 2854 {gio
2335 2809 2483 2858 conspe-¹

1464 2856 1553 2889 stum
1575 2854 1638 2888 est.
1776 2856 1898 2887 Venter
1919 2865 2005 2896 Jecur
2029 2853 2143 2889 habuit
2168 2855 2297 2889 lividius
2312 2880 2323 2897 ,
2356 2861 2387 2891 δι
2411 2859 2469 2895 du.

1466 2900 1530 2932 rius
1553 2909 1648 2940 quam
1671 2897 1788 2934 soleat,
1814 2897 1885 2930 sana
1907 2906 2017 2930 caetera
2031 2919 2040 2934 ‚
2065 2900 2098 2930 &
2121 2901 2155 2930 in
2177 2897 2228 2933 his
2252 2900 2365 2935 lienem
2380 2926 2392 2943 ‚
2414 2902 2487 2936 etsi·

1466 2942 1607 2984 superius
1631 2940 1723 2985 hujus
1746 2951 1920 2974 extremum
1946 2950 2010 2973 erat
2035 2941 2268 2984 propemodum
2293 2944 2331 2975 ab
2344 2947 2469 2990 reliquo

1465 2986 1557 3018 lienis
1580 2996 1711 3028 corpore
1734 2985 1867 3018 omnino
1891 2984 2088 3027 disjunc'tum
2111 3010 2120 3025 ,
2144 2995 2178 3018 ut
2201 2985 2257 3019 nisi
2284 2998 2338 3028 per
2362 2990 2470 3024 lateris

1466 3029 1596 3062 alterius
1619 3030 1808 3070 particulam
1830 3029 2090 3065 continuaretur,
2113 3027 2178 3062 duo
2200 3028 2305 3063 futuri
2319 3029 2446 3067 fuissent
2464 3035 2476 3070 ‚⁴

1469 3073 1583 3118 lienes,
1609 3083 1672 3105 non
1696 3083 1796 3105 unus.
1821 3072 1903 3111 Qae
1925 3073 1958 3104 in
1982 3072 2188 3106 muliebribus
2220 3074 2392 3114 diligenter
2415 3080 2473 3110 ob-

1470 3117 1613 3155 servavi,
1636 3117 1741 3149 minus
1765 3114 1836 3148 sunt
1861 3114 1954 3158 hujus
1979 3115 2040 3148 loci
2065 3140 2073 3147 .
2112 3117 2224 3150 Unum
2248 3112 2354 3153 tamen
2382 3144 2390 3158 ,
2417 3123 2487 3154 aut.¹

1471 3161 1606 3193 alterum
1628 3168 1760 3200 propter
1781 3158 1836 3191 illa
1860 3167 1929 3192 tum
1952 3170 2023 3202 quae
2047 3170 2125 3192 mox
2147 3158 2296 3196 dicentur
2323 3163 2360 3196 de
2372 3176 2473 3197 mam-

1468 3205 1551 3240 mis,
1577 3212 1648 3236 turn
1671 3214 1739 3244 quae
1762 3202 2013 3243 inAphorismis
2036 3205 2049 3242 (
2071 3214 2089 3235 a
2110 3203 2128 3244 )
2153 3203 2330 3246 leguntur,
2355 3207 2471 3241 nonest

1466 3245 1864 3292 reticendum-‚Hymenis
1890 3270 1902 3286 ,
1935 3256 2028 3289 atque
2051 3246 2133 3279 uteri
2158 3248 2279 3282 summa
2302 3260 2368 3283 erat
2392 3253 2474 3285 inte-

1638 3287 1732 3328 hujus
1758 3298 1864 3321 autem
1896 3291 2014 3323 cavitas
2038 3290 2126 3321 lento
2157 3292 2300 3333 quodam
2341 3294 2474 3328 humore

423 3340 665 3385 defriswangusiia
685 3336 831 3382 prefforia
855 3337 896 3370 Ε”φ
924 3335 1100 3379 gravitatis
1126 3332 1246 3376 sensu,
1281 3344 1298 3365 a
1326 3344 1422 3375 Jugu-
1474 3333 1638 3370 scatebat,
1676 3343 1763 3374 aquae
1786 3333 1882 3367 simili
1916 3335 1948 3366 in
1973 3345 2034 3375 qua
2065 3344 2139 3365 caro
2162 3346 2268 3369 recens
2299 3337 2367 3370 lota
2399 3337 2474 3371 est.

425 3391 454 3424 lo
474 3398 529 3431 per
553 3385 687 3419 medium
710 3381 863 3415 thoracem
888 3379 1023 3421 deorsum
1047 3378 1241 3420 exporrec‘io.
1268 3377 1313 3408 Et
1325 3388 1423 3419 qnan-

1474 3378 1552 3416 Quo
1563 3375 1683 3409 deterso
1695 3400 1706 3416 ‚
1731 3387 1768 3408 ex
1780 3376 1880 3411 media
1895 3376 2088 3419 potissimum
2102 3375 2195 3410 fundi
2206 3380 2321 3412 uterini
2334 3379 2415 3414 facie
2427 3381 2475 3414 di-

422 3442 522 3477 quam
545 3436 657 3463 extant
670 3424 917 3459 Observationes
941 3424 990 3465 (ο
1012 3426 1026 3462 >
1050 3420 1143 3464 hujus
1166 3418 1324 3463 hydropis
1350 3432 1423 3454 cum
1473 3422 1551 3463 gitis
1564 3419 1670 3453 subtus
1683 3419 2030 3464 appreliis‚sanguinea
2043 3419 2128 3463 quafi
2151 3423 2268 3464 punc'ia
2279 3423 2472 3465 prodibant,

2341 3480 2412 3512 quae
2423 3491 2432 3507 ,

568 3629 594 3644 n.
611 3629 647 3646 20.
712 3620 725 3647 ζ
741 3618 754 3641 b
771 3617 784 3645 >
803 3618 820 3641 1.
839 3623 860 3638 2.
877 3616 900 3639 S.
920 3622 940 3638 ι.
958 3612 1017 3638 Obs.
1036 3621 1084 3643 ¹35-
1104 3615 1126 3637 8:
1143 3612 1224 3637 schol.
1242 3612 1270 3636 ad
1286 3612 1346 3637 ΟΜ.
1362 3621 1399 3643 75.

570 3653 659 3675 Medie.
675 3652 741 3674 Part.
760 3648 837 3672 Praei.
854 3646 894 3671 ubi
912 3646 940 3668 de
958 3644 1052 3669 Morbis
1072 3644 1134 3668 Pest

572 3682 624 3705 Αξὶ,
644 3684 676 3705 N.
693 3682 720 3704 C.
738 3680 812 3701 Tom.
834 3685 853 3700 1.
870 3675 925 3700 Obs
948 3683 998 3703 ²¹3*

902 3705 970 3735 (s)
987 3713 1009 3729 n.
1029 3712 1067 3734 32.
1131 3705 1197 3733 (t)
1218 3705 1270 3726 V1d.
1290 3712 1313 3728 n.
1333 3713 1355 3729 2.
1376 3712 1412 3734 17.

483 3625 494 3647 (

485 3655 499 3681 ζ

486 3716 498 3741 ί

487 3746 493 3774 (j
939 3735 979 3765 (a
1003 3736 1086 3764 JSee‘t.
1105 3743 1125 3764 ς.
1143 3734 1205 3763 Aph.
1225 3742 1265 3764 39.

544 3620 551 3648 l

539 3651 553 3680 )

489 3694 491 3703 ι
548 3690 554 3708 ι

544 3712 552 3742 l

547 3744 561 3772 )

507 3629 532 3770 n<a³sma

568 3712 574 3735 l
602 3721 613 3735 2
641 3714 655 3734 S
682 3718 705 3738 7.
725 3708 781 3732 Obs.
799 3715 840 3735 rio.

578 3745 612 3766 De
629 3741 724 3765 Morbis
740 3739 756 3763 1.
777 3746 796 3763 1.
813 3745 837 3762 n.
855 3746 877 3767 3.

1466 3609 1602 3639 (i)0bs.
1618 3615 1690 3637 Anat.
1752 3616 1797 3645 (k
1815 3615 1898 3646 )O'o(.
1916 3624 1953 3646 33.
1970 3619 1992 3640 ἃ
2010 3619 2046 3645 36.

1197 3643 1250 3676 (m
1269 3643 1278 3672 )
1294 3646 1434 3668 comment.
1455 3643 1484 3668 de
1502 3645 1596 3667 Bonan.
1615 3645 1653 3668 Sc.
1674 3645 1729 3669 lnst.
1747 3648 1823 3670 Tom.
1842 3655 1848 3670 ι
1882 3648 1905 3670 in
1923 3647 2010 3676 Opust..

1062 3675 1076 3704 <
1093 3685 1105 3698 o
1121 3673 1130 3705 )
1147 3678 1174 3697 ut
1190 3675 1367 3701 cit-sepultor.
1385 3674 1444 3699 sest.
1462 3682 1482 3699 1.
1501 3673 1560 3698 Obs.
1576 3683 1616 3705 73.
1634 3677 1655 3699 ἃ
1672 3685 1710 3706 77.

1771 3677 1811 3707 (p
1828 3678 1840 3705 )
1859 3680 1929 3702 Cent.
1949 3685 1969 3701 1.
1987 3676 2043 3701 obs.
2062 3684 2100 3705 43·

1712 3708 1820 3737 (ΧῙΠ.
1838 3715 1875 3732 21.
2164 3679 2321 3709 (q)Epist.
2341 3680 2466 3704 20·&21.
2497 3688 2498 3701 ³

1475 3705 1645 3735 (ujn.30.
1939 3708 2116 3738 (y)n.25.
