2498 4075
461 232 610 299 Epist.
645 231 806 287 Anat.
838 231 1051 287 Medica
1088 229 1414 286 XXXVIII.
1450 231 1573 286 Art.
1611 244 1685 295 59.

73 310 144 345 bius
165 312 256 354 (p)
280 310 322 345 lic
344 320 381 346 ut
403 310 653 346 viveret‘infans
674 335 684 350 2
718 311 851 350 retulit,
876 321 940 346 tres
961 320 1067 345 autem

73 364 183 396 partus
208 355 367 389 Scultetus
391 359 402 395 (
425 354 478 396 q)
511 365 580 388 cum
604 355 724 388 decenti
750 355 871 398 semper
893 356 1069 388 evacuatio-

72 406 128 429 ne.
153 398 216 431 Vel
240 397 386 432 crebrior
409 397 606 431 Observatio
630 394 692 430 fuit
717 397 845 431 servatae
868 398 1069 439 purgationis

73 440 108 472 in
132 439 273 483 singulos
296 441 416 475 menses
442 466 449 479 ,
472 450 507 475 ut
531 440 612 483 apud
635 450 697 473 tres
721 441 793 474 illos
815 452 897 484 quos
918 442 957 474 de
980 441 1070 473 colo-

73 492 105 515 re
139 483 268 517 laudavi
294 487 402 526 primo
435 484 536 517 loco:
569 482 690 526 quibus
722 484 814 517 addes
846 485 1069 516 Camerarium

73 534 195 565 patrem
219 530 233 567 ζ
254 538 270 559 r
293 531 326 567 ),
348 530 378 561 ὃ(
402 525 610 561 Shcrockium
635 530 645 564 (
665 526 718 567 s)
741 538 751 564 3
774 527 824 560 sed
848 527 916 559 aliae
940 526 1008 568 post
1031 527 1068 559 il-

73 567 138 600 lam
161 571 389 612 purgationem
411 580 464 603 aut
490 570 529 602 ab
552 578 644 602 aetate
668 570 734 611 jam
758 570 922 603 cesiantem
945 592 957 609 ‚
990 577 1067 607 aut,

71 611 160 652 quod
184 613 292 655 saepius
316 612 505 655 suppressam
526 635 536 650 ‚
570 613 669 645 riteve
693 624 757 646 non
790 611 1033 654 respondentem
1057 632 1066 647 ,

73 654 109 686 in
131 654 216 688 hunc
240 656 417 699 hydropem
442 655 627 690 inciderunt
650 654 692 689 fic
717 665 753 689 ut
777 666 882 697 nuptae
908 654 936 687 se
958 654 1067 696 gravi-

73 697 129 729 das
151 696 209 732 effe
230 723 239 739 ,
276 699 495 732 existimarent
517 721 526 735 ‚
552 700 692 740 virgines
718 699 798 732 rnale
822 698 991 731 audirent.
1014 698 1066 730 De

75 741 125 773 siti
141 764 152 780 ,
175 746 205 776 δε
229 743 331 775 urinis
364 740 487 775 tametsi
512 741 641 775 Nuckii
667 746 677 781 (
701 749 715 775 t
737 746 750 781 )
782 741 948 774 mulierem
972 740 1068 781 lego,

75 785 218 823 quamvis
238 792 362 828 urgente
377 785 435 827 siti
453 806 461 822 ,
495 793 530 817 ut
551 785 722 826 plurimum
754 783 888 817 multum
919 782 1036 817 biberet
1058 805 1068 822 ‚

74 834 132 858 non
153 826 209 869 nifi
227 837 339 869 parum
363 828 457 860 urinae
480 826 667 871 excreviffe;
689 829 722 860 in
733 827 805 861 aliis
828 836 933 859 tamen
957 835 1009 859 aut
1023 825 1069 858 al-

74 876 146 918 tum
168 872 207 902 de
240 869 289 903 his
324 869 484 904 silentium
522 871 773 907 animadverto,
806 880 859 904 aut
891 870 1070 912 generatim

74 910 253 951 scripturn,
276 913 378 954 reete,
403 926 438 947 ac
460 923 544 947 certe
569 912 632 947 sine
655 912 773 955 insigni
796 913 941 946 molestia
965 936 974 951 ,
998 920 1070 944 tan-

74 963 111 986 to
134 955 192 988 illo
215 965 348 998 excepto
371 959 492 990 ventris
514 967 631 994 onere,
657 955 790 993 vixisse,
815 965 866 990 aut
889 955 1005 988 diserte
1019 963 1071 988 et-

73 998 138 1029 iam
160 1019 170 1037 ,
194 1007 229 1031 ut
253 1011 291 1032 ex
315 1000 538 1035 Drelincurtio
561 999 650 1043 (u)
672 1021 682 1037 ‚
714 1000 837 1033 urinam
870 1000 1072 1032 immutatam

68 1037 229 1082 perstitiffe
251 1044 434 1076 excretionis
457 1052 591 1085 tempore
605 1063 614 1079 ‚
637 1041 845 1084 consistentia,
866 1041 964 1074 colore
984 1061 993 1077 ‚
1029 1040 1073 1072 &¹

74 1081 234 1125 hypostasi,
259 1087 290 1117 &
313 1096 352 1118 ex
377 1087 473 1120 altera
494 1085 663 1119 Chomelii
693 1085 963 1123 Observatione3
994 1082 1071 1117 Ma-

76 1134 205 1159 tronam
228 1125 291 1160 fine
315 1127 388 1168 siti,
414 1129 614 1163 naturalibus
636 1137 741 1162 autem
764 1129 865 1161 urinis
887 1126 978 1160 fuisse
998 1138 1007 1158 :
1040 1130 1071 1160 &

76 1167 131 1201 has
155 1179 302 1211 praeterea
335 1173 369 1204 in
393 1173 447 1206 illa
474 1172 601 1205 Nuckii
637 1172 769 1204 muliere
799 1169 1036 1213 pallidiusculas
1060 1192 1070 1207 ‚

28 1220 31 1222 ·
76 1222 166 1249 non,
190 1221 226 1246 ut
249 1215 282 1246 in
307 1214 465 1256 ascsticis,
491 1215 644 1248 saturatas
667 1213 779 1251 fuisse,
802 1213 898 1247 video
921 1225 931 1251 3
962 1225 1073 1247 earum

75 1261 184 1288 autem
209 1258 402 1299 paucitatem
425 1281 434 1296 ‚
470 1261 501 1291 δε
526 1257 612 1290 fitim
648 1254 788 1291 multum
812 1255 975 1299 progresso
1007 1256 1074 1299 jam

75 1299 214 1337 morbo,
239 1302 270 1333 &
293 1312 367 1334 curn
389 1303 460 1335 aliis
484 1325 492 1337 ,
525 1301 655 1334 calculis
679 1302 853 1344 praesertim
878 1311 989 1333 renum
1012 1301 1074 1333 irn-

77 1342 194 1382 plicito
217 1365 229 1383 ‚
264 1344 411 1378 adnotari
436 1370 443 1377 .
478 1344 568 1377 Nam
590 1344 713 1377 diutius
737 1341 900 1387 progresso
926 1344 1042 1377 morbo
1063 1355 1079 1383 ,·

76 1384 165 1420 hunc
187 1387 272 1420 enim
295 1388 332 1420 ad
357 1399 456 1421 annos
489 1387 574 1424 fere,
599 1387 667 1420 imo
691 1387 795 1430 (quae
822 1397 869 1420 res
889 1386 954 1429 ipsa
977 1386 1076 1420 faciet

77 1438 117 1462 uc
137 1435 218 1463 tun&
239 1430 347 1465 saltem
371 1431 412 1464 ab
435 1430 528 1465 ascite
553 1431 749 1465 internoscas
773 1433 783 1467 )
807 1431 895 1467 imo,
922 1431 1075 1473 inquam,

77 1482 143 1508 non
168 1473 271 1507 solum
296 1476 335 1508 ad
360 1485 460 1508 annos
483 1483 643 1516 quatuor,
669 1483 704 1509 ut
729 1475 868 1506 Littrius
893 1477 903 1512 (
927 1476 980 1511 x)
1010 1500 1018 1513 ‚
1043 1485 1076 1506 a-

76 1517 205 1561 liique,
228 1517 266 1551 ad
291 1517 342 1551 sex
365 1517 549 1559 septemve,
572 1526 609 1549 ut
623 1517 762 1552 Laubius
785 1516 838 1558 (y
859 1519 897 1556 ),
920 1517 958 1550 ad
978 1517 1074 1558 οᾶο,

77 1570 114 1594 ut
138 1560 307 1603 Bogdanus
328 1564 343 1601 ζ
366 1572 391 1605 z
413 1564 447 1599 ),
472 1562 504 1593 &
527 1559 691 1594 Kniselius
714 1564 725 1599 (
749 1559 802 1602 a)
826 1582 835 1597 ,
860 1560 898 1593 ad
923 1570 1041 1592 novem
1065 1581 1075 1597 ,

77 1613 115 1636 ut
139 1605 298 1638 Scultetus
320 1608 331 1644 (
355 1603 374 1637 b
390 1603 431 1647 ),
453 1602 490 1636 ad
514 1601 645 1640 decem,
672 1613 708 1637 ut
732 1602 884 1637 Nuckius
907 1606 917 1642 (
941 1613 958 1635 c
980 1605 991 1641 )
1011 1625 1021 1641 ‚
1046 1606 1078 1636 δε

78 1648 137 1681 alii
161 1648 310 1681 viderunt
330 1669 342 1686 ‚
376 1656 473 1689 atque
496 1646 534 1679 ad
567 1645 617 1679 his
641 1646 745 1689 plures
768 1669 778 1684 ‚
811 1656 847 1680 ut
872 1645 964 1688 supra
987 1648 1002 1684 (
1022 1646 1079 1689 d)

76 1690 259 1725 indicatum
282 1689 324 1724 est
340 1716 349 1730 ,
373 1688 508 1732 perferri
531 1688 617 1731 posse
632 1714 640 1729 ,
663 1689 806 1727 constat5
830 1689 953 1723 diutius
975 1690 1078 1730 igitur

77 1733 241 1776 progresso
266 1733 381 1766 morbo
404 1758 415 1774 ‚
447 1743 555 1765 rarum
579 1732 622 1766 est
640 1759 648 1772 ,
682 1733 832 1775 pleraque
855 1732 893 1766 de
926 1732 1076 1767 indicatis

75 1778 172 1810 bonis
205 1776 368 1811 subsistere
390 1801 398 1809 .
431 1776 480 1809 At
504 1776 577 1809 latis
610 1775 652 1810 est
690 1777 729 1809 ad
760 1775 1041 1809 internoscendum
1065 1801 1075 1816 ,

76 1821 229 1863 pleraque
251 1820 374 1854 diutius
397 1818 487 1853 fuisse
508 1832 516 1851 :
543 1819 632 1861 quod
655 1822 685 1852 &
708 1818 746 1852 de
769 1819 839 1852 aliis
861 1830 934 1861 quae
958 1818 1075 1853 adden-

77 1862 118 1896 da
139 1863 211 1897 sunt
235 1865 383 1904 protinus
399 1888 406 1902 ,
428 1873 538 1897 verum
561 1862 603 1895 est
627 1887 634 1895 .
670 1863 760 1895 Nam
783 1872 902 1904 quarto
922 1885 935 1902 ,
970 1864 1075 1896 nullus

76 1907 203 1947 initio,
225 1906 247 1940 fi
271 1904 457 1948 Gahrliepii
479 1905 501 1946 ('
516 1916 531 1939 e
554 1909 565 1944 )
588 1906 695 1939 casum
717 1906 879 1948 excipias,
902 1905 1007 1939 nullus
1019 1904 1077 1939 nifi

79 1961 179 1992 prope
203 1958 385 1983 extremum
418 1958 545 1991 tempus
569 1970 578 1985 ‚
612 1959 670 1981 nec
693 1958 801 1981 tamen
832 1950 865 1981 in
889 1949 1042 1983 omnibus
1064 1973 1077 1990 ‚

78 1994 198 2036 pedum
224 2002 353 2027 tumor.-
379 1992 466 2025 nulla
491 2000 678 2026 caeterarum
703 1993 842 2033 partium
864 2014 876 2030 ,
903 1994 934 2024 δε
958 2004 1076 2034 corpo-

77 2039 121 2070 ris
146 2038 260 2070 macies
278 2062 287 2077 ,
311 2036 398 2070 nulla
423 2034 766 2077 spirandidifficultas,
790 2035 877 2069 nulla
892 2033 1075 2076 febricula,

77 2081 183 2114 nullus
216 2079 311 2113 dolor
336 2105 344 2113 .
377 2079 441 2114 Sed
475 2080 591 2112 morbo
629 2079 853 2122 progrediente
879 2101 888 2116 ,
932 2080 1076 2113 accedere

78 2125 266 2166 plerumque
290 2124 392 2156 solent
417 2122 484 2156 haec
506 2123 638 2163 omnia,
661 2121 835 2164 praesertim
859 2121 882 2154 {i
906 2133 978 2164 curn
997 2134 1078 2166 aqua

76 2177 222 2201 tumores
245 2166 343 2200 infint
365 2166 423 2209 qui
446 2165 482 2199 ad
507 2165 769 2209 suppurationem
793 2166 920 2199 veniant
933 2189 953 2212 ,Α
968 2167 1079 2199 &sac-

78 2222 135 2245 cus
167 2211 400 2244 exulceretur:
433 2220 619 2252 quanquam
653 2209 784 2242 summae
808 2232 817 2247 ‚
850 2208 897 2241 vel
931 2209 994 2241 {me
1027 2209 1077 2243 his

79 2253 236 2295 adicem,
260 2254 374 2286 maciei
398 2252 647 2294 descriptionem
672 2263 710 2284 ex
725 2252 946 2286 Drelincurtio
970 2249 1079 2295 (f);

63 2297 188 2331 'assidui
215 2306 321 2331 autern
336 2318 344 2331 2
368 2298 398 2329 &
423 2295 639 2329 intolerabilis
662 2319 671 2334 ,
694 2296 794 2329 noem
817 2296 999 2338 praecipue,
1022 2295 1082 2329 do-

81 2341 160 2374 loris
183 2352 222 2373 ex
248 2340 411 2374 Acholzio
434 2339 487 2415 (ξ
510 2341 520 2376 )
545 2338 715 2372 habemus,
848 2340 992 2375 Quineto
1017 2351 1083 2373 me-

80 2384 265 2418 dicamenta
289 2383 370 2417 nihil
395 2395 453 2424 pro
482 2383 595 2420 ciunt,
619 2393 676 2415 nec
700 2381 763 2414 sive
785 2392 841 2424 per
864 2382 993 2419 alvum,
1018 2382 1081 2416 sive

76 2437 135 2469 per
158 2426 289 2461 vesicam
322 2427 476 2460 deducere
498 2426 623 2458 coneris
648 2449 658 2465 ‚
693 2426 813 2458 ventris
837 2433 946 2458 tumor
968 2427 1082 2459 immi-

72 2473 205 2507 nuitur3
231 2470 283 2504 sed
306 2481 388 2512 aegre
421 2469 530 2513 potius
553 2470 636 2501 vires
660 2490 669 2505 ,
703 2468 724 2501 fi
750 2467 924 2510 praesertim
946 2471 1018 2512 quis
1043 2482 1077 2503 a-

74 2521 159 2556 crius
182 2525 311 2557 urgeat,
336 2512 543 2551 decrescunt,
567 2523 718 2545 aerumnae
741 2521 921 2554 augentur;
945 2523 981 2546 ut
1005 2514 1076 2547 nul.

72 2567 135 2600 iius
156 2559 341 2602 exemplum
366 2555 471 2599 legiffe
494 2557 698 2589 meminerim
718 2577 728 2592 ,
759 2566 833 2597 quae
856 2555 939 2589 datis
973 2567 1077 2589 reme-

72 2608 136 2643 diis
159 2605 194 2636 in
217 2605 278 2637 hoc
302 2600 449 2643 hydrope
472 2610 536 2632 non
562 2599 658 2632 modo
672 2597 778 2631 sanata
801 2597 863 2638 sit,
887 2599 937 2632 sed
953 2621 962 2636 ,
986 2599 1074 2643 quod

73 2654 109 2686 in
143 2649 239 2683 ascite
262 2645 346 2679 haud
380 2655 453 2677 raro
475 2642 640 2684 contingit
662 2665 672 2683 ‚
703 2640 741 2674 sit
766 2641 861 2676 breve
894 2643 1003 2676 saltem
1035 2642 1075 2678 ad

73 2703 206 2735 tempus
227 2688 375 2723 nonnihil
400 2688 520 2721 levata.

124 2748 173 2780 59.
198 2733 325 2769 Verum
358 2731 424 2765 haec
448 2728 535 2772 signa
568 2737 613 2775 ut·
639 2728 676 2763 ad
700 2737 876 2773 utrumque
908 2729 993 2764 hunc
1017 2728 1078 2772 hy-

78 2783 213 2823 dropem
248 2772 527 2810 internoscendum
561 2772 748 2813 adJuvent;
781 2774 827 2806 ita
860 2773 942 2807 haud
977 2773 1042 2807 scio
1067 2797 1076 2811 ,

79 2833 239 2868 quantum
269 2819 377 2853 eadem
411 2817 538 2850 valeant
571 2817 608 2849 ad
641 2814 887 2850 discernendum
921 2816 1005 2850 hunc
1037 2816 1076 2850 de

79 2881 147 2911 quo
177 2868 302 2908 agimus
326 2885 335 2900 ,
370 2873 386 2894 a
419 2860 571 2904 peculiari
613 2860 752 2900 quodam
783 2861 848 2893 alio
890 2859 1076 2901 hydropum

78 2922 195 2955 genere
220 2933 227 2940 .
262 2905 389 2940 Scilicet
421 2903 666 2941 animadverti,
701 2902 836 2936 eundern
871 2903 1042 2936 Nuckium
1066 2924 1076 2940 ‚

79 2966 155 2990 cum
193 2952 347 2995 pleraque
378 2956 635 2981 enumeratorum
679 2944 843 2987 signorum
888 2947 1041 2988 proponit
1066 2967 1076 2983 ‚

77 3009 116 3033 nt
150 2996 172 3031 fi
200 2996 290 3028 ¹'bona
322 2990 423 3026 adhuc
455 2991 516 3023 sint
541 3012 549 3027 ,
583 3001 599 3021 a
632 2988 799 3032 chirurgo
841 3001 919 3031 aqua
953 3001 968 3022 e
991 2990 1076 3032 peri-

79 3052 188 3077 tonaeo
227 3037 374 3071 eliciatur
397 3057 406 3073 ‚
442 3045 519 3067 non
539 3032 655 3066 videri'
678 3031 752 3065 satis
785 3031 963 3067 meminisse
996 3033 1076 3076 quid

79 3080 275 3120 asseverasset
309 3080 413 3119 capite
450 3077 599 3119 proximo
631 3075 791 3116 superiore
814 3075 900 3118 (h)
926 3100 933 3107 .
970 3077 1042 3117 Ego
1066 3098 1076 3114 ,

79 3129 191 3171 inquit
214 3151 225 3165 ,
259 3120 448 3166 experientia
490 3119 584 3152 didici
617 3140 626 3155 ‚
667 3119 741 3151 illas
764 3144 772 3159 ‚
813 3129 943 3161 quarum
971 3117 1076 3160 facies

80 3173 177 3207 colore
208 3175 299 3212 grato
333 3164 370 3205 esi
400 3161 483 3206 rosea
514 3183 522 3199 ‚
569 3172 633 3204 quoe
658 3160 741 3203 satis
774 3161 847 3195 bene
878 3164 1040 3195 comedunt
1062 3187 1071 3200 ,

80 3215 189 3250 bibunt
225 3232 234 3248 ‚
274 3209 381 3243 alvum
413 3207 564 3248 deponunt
586 3229 595 3244 ‚
639 3205 819 3247 urinamque
846 3204 912 3247 sine
941 3204 1074 3239 notabili

79 3256 217 3296 molestia
259 3257 425 3288 excernunt
447 3271 456 3286 .
492 3257 620 3290 quarum
659 3258 782 3289 corpora
824 3258 878 3282 nec
904 3250 1071 3290 purganti-

80 3302 138 3336 hus
162 3324 171 3338 ‚
203 3309 256 3333 nec
288 3292 450 3329 diureticis
473 3314 482 3328 ‚
516 3301 568 3324 nec
598 3290 819 3333 diaphoreticis
849 3291 984 3324 multum
1016 3303 1072 3324 au-

73 3344 215 3389 scultant
236 3355 248 3379 3
280 3340 353 3373 illas
377 3359 386 3373 ,
403 3346 407 3354 ”
420 3336 544 3376 inquam
568 3355 578 3370 ‚
610 3335 763 3368 ordinario
805 3332 916 3378 affefiu
957 3336 1040 3368 uteri
1063 3361 1071 3375 ,

79 3387 226 3422 tubarum
248 3407 259 3423 ,
291 3382 343 3415 vel
380 3379 557 3413 ovariorum
587 3377 724 3410 laborare
759 3377 923 3420 hydropico
945 3400 956 3416 ,
988 3378 1069 3420 lym-

74 3431 230 3474 phamque
266 3423 418 3468 peculiari
457 3418 579 3463 sacculo
632 3420 781 3463 inclusam
813 3443 823 3459 ,
877 3419 963 3454 nulla
1004 3431 1071 3457 arte

37 3476 39 3479 ⁴
79 3471 299 3513 (chirurgica
332 3467 430 3500 etiam
465 3463 656 3505 intelligit)
696 3464 802 3497 curari
829 3462 910 3508 poffe
943 3489 950 3496 .
994 3465 1070 3497 Cae-

76 3527 146 3552 tera
181 3524 285 3549 aurem
308 3534 316 3548 ,
351 3519 422 3552 quae
460 3518 525 3540 non
559 3508 669 3548 attigit
701 3505 787 3547 signa
808 3529 816 3544 ‚
849 3508 976 3542 ratione
1000 3508 1067 3551 ipsa

162 3556 327 3600 Morgqgni
337 3554 372 3587 de
382 3552 448 3585 Sed.
465 3553 506 3586 (φ
516 3553 602 3591 caus.
616 3549 717 3583 Morb.
730 3550 829 3583 Tom.
844 3552 890 3584 II.

1963 246 2048 291 ¹¹5

1117 311 1197 345 duce
1219 309 1314 343 facile
1337 310 1487 353 perspicis
1509 330 1519 346 ‚
1540 320 1575 342 ea
1598 316 1729 350 quoque
1751 308 1782 340 δε
1805 305 1921 340 harum
1945 307 2121 344 Partium3

1119 358 1151 388 &
1176 355 1345 396 peritonaei
1378 353 1536 395 hydropis
1559 350 1616 384 esse
1640 349 1725 392 posse
1759 351 1965 383 communia.
1991 349 2118 381 Videa-

1121 409 1191 431 mus
1228 398 1331 438 igitur
1354 395 1510 438 hydropis
1542 394 1713 437 peritonaei
1736 392 1822 435 signa
1857 393 1979 434 reliqua
2000 415 2008 423 .
2035 391 2116 423 Sunt

1120 442 1207 474 enim
1229 451 1300 482 quae
1322 451 1361 473 ex
1382 438 1524 480 inspefio
1543 460 1552 476 ‚
1586 440 1617 470 &
1640 440 1844 469 contrectato
1869 435 2039 469 abdomine
2062 432 2120 465 de-

1120 483 1289 518 sumuntur
1313 508 1320 515 .
1355 483 1557 515 Facillimum
1582 480 1652 513 sane
1687 478 1769 511 illud
1793 478 1867 512 effet
1890 477 1976 521 quod
2003 477 2119 510 memi-

1119 528 1154 560 ni
1180 528 1280 568 legere
1304 537 1318 558 a
1342 525 1526 558 Clariffimo
1549 523 1689 565 quodam
1712 521 1798 554 Viro
1822 521 2043 563 propositum,
2068 520 2120 550 vi-

1119 569 1237 604 delicet
1261 567 1324 603 hoc
1357 570 1391 601 in
1413 567 1558 609 hydrope
1595 568 1763 599 minimam
1789 563 1911 606 semper
1933 562 1992 597 esse
2015 562 2119 596 abdo-

1119 614 1214 647 minis
1237 613 1359 646 circum
1384 611 1577 645 umbilicum
1602 608 1875 651 prominentiam,
1897 608 1973 649 quia
1995 606 2043 639 ibi
2067 616 2123 648 pe-

1118 658 1294 689 ritonaeum
1317 666 1381 688 non
1414 653 1515 696 potest
1540 665 1555 685 a
1580 651 1796 686 musculorum
1822 650 2007 697 tendinibus
2032 649 2121 688 sepa-

1117 700 1203 732 rari.
1229 699 1356 732 Verum
1380 697 1411 730 se
1433 708 1479 730 res
1491 696 1581 729 aliter
1605 696 1733 729 videtur
1754 694 1905 727 obtulille
1929 691 2120 726 Hoechstet-

1118 752 1190 777 tero
1213 745 1224 781 (
1248 743 1260 774 i
1283 745 1293 780 )
1313 766 1321 780 ‚
1356 740 1582 775 Drelineurtio
1603 741 1615 777 (
1640 738 1658 777 l<
1681 741 1716 777 ),
1736 737 1873 771 Nuckio
1898 740 1907 775 (
1933 735 2004 777 l),
2037 747 2121 776 quo-

1121 797 1193 819 rum
1218 786 1340 826 primus
1366 784 1559 817 umbilicum
1592 782 1677 815 vidit
1704 782 1737 814 in
1770 780 1832 814 hoc
1857 778 1971 813 morbo
2006 787 2122 819 expan-

1114 829 1185 872 sum
1207 830 1249 861 (φ’
1267 827 1360 869 plane
1382 826 1574 865 dilatatum,
1598 825 1680 858 alter
1700 823 1871 867 prosettam
1893 846 1904 862 ,
1937 823 2051 854 tertius
2075 821 2126 853 ita.

1117 872 1365 913 prominentem,
1387 878 1423 903 ut
1442 870 1540 911 pugni
1563 867 1807 911 magnitudinem
1823 865 1923 909 facile
1939 864 2124 907 superaret.

1121 912 1242 951 Quid?
1264 913 1351 955 quod
1376 910 1498 946 rusticae
1523 912 1650 946 mulieri
1673 937 1681 951 ‚
1715 923 1731 943 a
1754 911 1807 943 Cl.
1834 908 1987 942 Brehmio
2020 911 2034 947 (
2055 917 2087 939 m
2109 909 2124 944 >

1120 957 1310 997 descriptae,
1335 956 1507 990 umbilicus
1542 966 1607 989 non
1631 953 1730 988 modo
1753 954 1791 986 ad
1815 955 1870 985 ovi
1895 952 2029 985 anserini
2055 961 2127 983 rna-

1121 1000 1326 1042 gnitudinem
1352 999 1556 1042 prominebat
1576 1024 1585 1039 ‚
1619 1006 1731 1031 verum
1754 997 1852 1030 etiam
1883 996 1995 1037 sponte
2016 992 2129 1027 disru-

1122 1052 1197 1086 ptus
1228 1054 1295 1075 eam
1319 1043 1377 1076 seri
1410 1042 1540 1084 limpidi
1564 1042 1695 1074 inodori
1731 1051 1785 1079 per
1809 1040 1962 1081 exiguum
1997 1037 2125 1070 hiatum

1122 1087 1252 1119 alternis
1275 1085 1394 1129 semper
1415 1085 1528 1119 diebus
1550 1085 1678 1125 copiam
1692 1082 1830 1123 effudit,
1854 1092 1888 1115 ut
1913 1082 2035 1124 ingenti
2049 1090 2131 1112 ven-

1121 1131 1181 1164 tris
1203 1138 1331 1163 tumore
1364 1130 1488 1171 penitus
1511 1127 1637 1161 sublato
1660 1150 1671 1167 ‚
1694 1138 1776 1167 aegra
1798 1125 2000 1158 convaluerit
2024 1148 2032 1157 .
2067 1120 2128 1155 Sed

1122 1173 1278 1216 quoniam
1302 1173 1440 1206 Amfiori
1473 1170 1557 1205 hunc
1582 1169 1762 1213 hydropem
1798 1167 1891 1202 fuisse
1925 1167 2091 1209 peritonaei
2117 1186 2129 1202 2

1123 1216 1224 1258 magis
1245 1215 1415 1258 verosimile
1438 1214 1588 1250 videtur;
1610 1224 1738 1255 aequum
1763 1211 1816 1245 hic
1840 1211 1902 1248 est,
1928 1220 1964 1244 ut
1987 1212 2129 1257 certius,

1125 1263 1156 1293 ὅ(
1179 1270 1232 1300 per
1257 1270 1447 1296 anammen,
1471 1255 1747 1301 quemadmodum
1770 1254 1837 1288 fere
1861 1254 1948 1288 soleo
1970 1277 1981 1294 ‚
2006 1254 2131 1286 conl-ir-

1126 1311 1251 1336 matum
1274 1303 1459 1344 exemplum
1483 1299 1667 1343 proferam,
1690 1300 1788 1342 idque
1811 1310 1850 1331 ex
1875 1298 1983 1331 Praecl.
1998 1295 2133 1330 Anhor-

1127 1347 1184 1380 nio
1204 1348 1218 1384 (
1240 1356 1260 1377 n
1284 1345 1317 1381 ).
1343 1344 1569 1382 Adolescenti,
1595 1345 1653 1386 qui
1678 1354 1719 1376 eo
1740 1342 1869 1377 facilius
1893 1340 2041 1374 asciticus
2064 1351 2132 1372 cre-

1126 1390 1262 1423 debatur
1284 1411 1293 1427 ,
1328 1387 1417 1431 quod
1440 1399 1504 1422 non
1529 1387 1622 1420 semel
1645 1396 1735 1420 antea
1766 1397 1807 1419 ex
1828 1384 1972 1418 anasarca
2005 1385 2136 1417 labora-

1128 1442 1239 1469 verat,
1262 1444 1336 1466 cum
1361 1432 1400 1465 ad
1423 1432 1524 1475 pugni
1548 1430 1753 1464 altitudinem
1786 1428 1972 1462 excrevisset
1996 1427 2134 1460 umbili-1'

1128 1487 1202 1513 cus,
1226 1487 1328 1517 eoque
1350 1486 1405 1517 per
1429 1475 1459 1508 se
1483 1484 1596 1515 ruptus
1619 1473 1679 1506 seri
1703 1474 1882 1515 plurimum
1907 1470 2098 1514 profudisset
2122 1492 2134 1506 ι

1129 1529 1163 1553 ut
1198 1519 1263 1561 jam
1287 1520 1403 1552 sanitas
1436 1517 1561 1552 rediisle
1586 1518 1747 1550 videretur
1768 1540 1780 1556 ‚
1803 1515 1906 1561 rursus
1929 1524 2037 1548 autem
2062 1512 2138 1556 post

1129 1562 1210 1596 duos
1253 1562 1375 1595 menses
1409 1561 1546 1595 collesto
1588 1559 1725 1593 humore
1758 1562 1881 1592 extaret
1926 1558 2099 1592 umbilicus
2121 1567 2137 1595 ‚·

1129 1617 1265 1649 eumque
1288 1605 1490 1640 effunderet,
1512 1603 1647 1637 tertium
1669 1603 1809 1644 denique
1833 1610 1944 1636 tumor
1968 1623 1977 1637 ,
2001 1602 2057 1643 qui
2084 1602 2137 1634 bis

1127 1658 1324 1689 evanuerat,
1349 1648 1505 1682 abdomen
1529 1646 1698 1685 distendit3
1723 1645 1847 1688 sedjam
1871 1645 2049 1679 tabescenti
2060 1656 2135 1687 pro-

1129 1691 1217 1726 fusus
1249 1692 1398 1725 similiter
1434 1692 1519 1724 latex
1553 1689 1700 1723 adversus
1734 1699 1875 1723 mortem
1910 1690 2032 1723 auxilio
2067 1699 2134 1721 non

1127 1735 1214 1770 fuit.
1237 1734 1396 1769 Diss'effio
1420 1735 1500 1768 nih-il
1526 1733 1586 1767 seri
1610 1734 1644 1766 in
1671 1734 1792 1766 ventris
1816 1745 1935 1770 cavea3
1960 1732 2011 1766 sed
2035 1732 2134 1775 quid-

1126 1779 1206 1822 quid
1230 1791 1269 1812 ex
1290 1779 1349 1811 illo
1373 1779 1535 1821 reliquum
1558 1786 1645 1814 erat,
1670 1777 1752 1810 inter
1762 1777 1997 1819 duplicaturamv
2012 1776 2132 1817 perito-

1127 1824 1185 1855 naei
1206 1821 1417 1864 deprehendit
1441 1844 1450 1858 ,
1486 1821 1541 1854 ubi
1565 1825 1595 1854 δε
1621 1820 1709 1853 illius
1732 1818 1839 1853 fontes
1856 1844 1864 1859 ‚
1882 1819 1991 1862 plures
2015 1819 2140 1853 videli-

1127 1876 1177 1900 cet
1200 1864 1326 1899 tubulos
1345 1864 1571 1907 lymphaticos,
1596 1874 1649 1898 ceu
1672 1862 1801 1897 nodulos
1819 1862 2014 1906 glandulosos
2036 1885 2044 1900 ,
2079 1864 2133 1906 qui

1127 1907 1291 1950 limpidam
1312 1906 1402 1951 preffi
1418 1906 1587 1951 plorabant
1608 1933 1618 1947 ‚
1652 1907 1791 1941 ostendit
1811 1931 1819 1939 .
1855 1906 1939 1946 Qae
1964 1905 2061 1941 fusius
2088 1918 2138 1941 re·-

1128 1953 1190 1984 tuli
1218 1959 1387 1993 propterea
1410 1952 1488 1993 quia
1510 1951 1572 1985 hoc
1595 1951 1678 1984 illud
1701 1962 1801 1985 unum
1824 1950 1985 1993 hydropis
2010 1952 2136 1994 perito-

1127 1996 1189 2028 naei
1209 1996 1396 2041 'exemplum
1419 1993 1464 2028 est
1487 1995 1576 2037 quod
1599 1994 1752 2029 haetenus
1776 1994 1858 2029 mihi
1881 1995 2015 2038 quidem
2039 1996 2139 2030 licuit

1127 2038 1160 2071 in
1186 2038 1275 2071 virili
1300 2039 1372 2071 sexu
1406 2040 1547 2080 reperire
1568 2066 1578 2072 .
1611 2037 1701 2072 Nam
1725 2039 1813 2081 quod
1845 2038 1908 2072 tibi
1933 2040 1966 2073 in
1993 2049 2136 2076 mentem

1129 2082 1239 2116 venire
1263 2078 1394 2115 fortasse
1417 2080 1517 2124 posset
1540 2081 1648 2115 casum
1671 2082 1791 2125 legenti
1824 2083 1941 2117 eximii
1966 2085 2043 2118 Viri
2069 2085 2108 2127 (o
2119 2089 2138 2126 )’

1127 2126 1180 2158 cui
1205 2124 1276 2168 post
1300 2124 1423 2158 febrem
1445 2135 1518 2159 cum
1531 2125 1645 2158 Colica
1670 2127 1785 2167 gravi,
1811 2125 1860 2160 his
1872 2128 2110 2163 declinanti-bus
2127 2136 2141 2170 ,’

1127 2168 1325 2215 intumuerat
1349 2177 1460 2203 venter
1483 2191 1493 2206 ,
1528 2168 1692 2203 detumuit
1715 2179 1822 2204 autern
1845 2182 1919 2206 curn
1944 2172 2056 2215 sponte
2079 2186 2137 2209 ru⁴

1128 2220 1200 2254 ptus
1226 2236 1236 2252 ‚
1267 2223 1331 2253 jam
1357 2220 1449 2245 antea
1485 2213 1672 2255 prominens
1692 2236 1704 2253 ,
1736 2214 1910 2249 umbilicus
1934 2217 2068 2256 triginta
2091 2220 2136 2252 (ἔφ’

1127 2254 1227 2304 multo
1257 2255 1393 2297 amplius
1417 2253 1514 2288 libras
1541 2257 1635 2298 puris
1656 2257 1727 2289 veri
1744 2280 1755 2296 ,
1790 2258 1833 2291 (3·-
1848 2255 2038 2302 foetidiffimi
2059 2284 2066 2297 ,
2101 2265 2135 2296 &

1132 2296 1283 2340 deinceps
1315 2310 1445 2341 quoque
1469 2309 1534 2332 non
1566 2310 1704 2341 paucum
1728 2299 1843 2334 effudit
1863 2325 1873 2341 ,
1910 2301 2075 2344 superstite
2097 2305 2137 2339 fi-

1134 2341 1214 2374 stula
1245 2341 1395 2375 umbilici
1418 2351 1492 2375 cum
1525 2342 1652 2377 duobus
1682 2343 1719 2376 ad
1754 2342 1851 2386 hujus
1885 2346 1969 2379 latus
2003 2348 2134 2383 scirrhis

1133 2384 1220 2426 quasi
1244 2383 1438 2427 glandulosis
1458 2396 1471 2425 ,·
1491 2386 1579 2427 quod
1604 2387 1706 2429 igitur
1731 2386 1881 2431 suspicari
1905 2388 2034 2424 fortasse
2059 2392 2133 2433 pos-

1134 2428 1178 2461 ses
1197 2450 1206 2464 ,
1241 2428 1443 2463 referendum
1466 2429 1525 2463 esse
1558 2429 1666 2463 casum
1689 2429 1776 2464 hunc
1809 2432 1848 2466 ad
1872 2432 2053 2476 hydropem
2077 2448 2136 2478 pe-

1132 2473 1285 2509 ritonaei3
1310 2473 1452 2512 primum
1475 2473 1653 2507 consideres
1677 2474 1775 2507 velim
1799 2497 1808 2511 ,
1840 2487 1939 2518 quam
1965 2490 1980 2510 a
2005 2479 2058 2511 tu'a
2084 2479 2134 2513 su-

1127 2514 1272 2563 spicione
1294 2514 1474 2556 discrepans
1496 2517 1612 2558 opinio
1633 2515 1734 2550 fuerit
1746 2517 1869 2552 Medici
1894 2521 1990 2562 longe
2009 2523 2137 2563 peritis.

1127 2559 1197 2591 limi
1219 2581 1228 2597 ,
1267 2569 1456 2600 quanquam
1485 2558 1691 2601 problematis
1725 2561 1800 2594 loco
1832 2574 1899 2596 rem
1938 2566 2131 2607 proposuit3

1124 2610 1197 2635 tum
1220 2601 1335 2634 deinde
1358 2600 1414 2635 etsi
1438 2603 1472 2635 in
1496 2603 1627 2636 eandem
1651 2603 1752 2637 sedem
1765 2606 1799 2637 in
1823 2618 1884 2649 qua
1909 2608 1963 2640 ille
1987 2607 2134 2653 hydrops

1124 2644 1193 2685 fit,
1227 2644 1377 2678 morbosa
1413 2647 1547 2679 materia
1582 2647 1734 2681 translata
1758 2648 1831 2682 effet
1856 2672 1866 2688 ,
1900 2662 1953 2684 aut
1976 2673 1986 2689 ,
2012 2646 2040 2685 'si
2066 2666 2136 2688 ma-

1126 2691 1195 2727 vis,
1218 2689 1265 2721 ibi
1289 2689 1444 2727 collet‘i33
1467 2701 1531 2723 non
1554 2688 1636 2724 hanc
1660 2690 1762 2725 serum
1787 2693 1850 2725 ulla
1874 2705 1912 2726 ex
1936 2704 2023 2735 parte
2043 2719 2053 2735 ,
2080 2697 2135 2733 sed

1128 2744 1188 2775 pus
1210 2733 1346 2765 omnino
1370 2744 1481 2767 verum
1505 2731 1596 2767 fuisse
1616 2759 1623 2766 .
1655 2735 1729 2776 Ego
1763 2746 1841 2768 vero
1873 2748 1911 2770 ne
1933 2738 2133 2775 Gabbrienfi

1128 2776 1261 2818 quidem
1285 2779 1348 2818 (p)
1375 2776 1567 2819 singularem
1588 2779 1622 2809 in
1638 2777 1773 2811 muliere
1786 2779 2058 2816 Observationem
2073 2797 2130 2818 au..

1128 2819 1176 2853 sus
1202 2820 1269 2854 sum
1294 2821 1379 2853 inter
1403 2820 1573 2862 peritonaei
1604 2818 1767 2863 hydropes
1792 2821 1882 2863 supra
1915 2836 2133 2861 connumera-

1127 2874 1182 2901 re·,
1206 2864 1351 2905 quamvis
1375 2874 1464 2905 aquae
1487 2864 1614 2904 copiam
1639 2874 1736 2905 prope
1759 2865 1980 2901 incredibilem
2005 2880 2069 2904 non
2094 2873 2132 2907 in

1128 2908 1252 2939 ventris
1287 2917 1368 2939 cavo
1389 2931 1396 2942 ,
1430 2905 1481 2939 sed
1514 2907 1596 2939 inter
1625 2907 1827 2946 peritonceum
1855 2930 1864 2945 ,
1900 2911 1941 2943 Θ·
1974 2915 2130 2955 musculos

1127 2948 1220 2983 fuisse
1243 2973 1254 2989 ,
1287 2948 1531 2990 deprehenderit
1556 2973 1563 2981 .
1599 2948 1716 2990 Neque
1739 2952 1826 2985 enim
1851 2952 1931 2987 mihi
1955 2956 2003 2988 ibi
2027 2959 2130 2993 secre-

1126 3001 1160 3026 ta
1184 2993 1356 3026 videbatur
1379 3015 1391 3032 ‚
1422 3004 1493 3035 quae
1527 2993 1691 3025 nonnullis
1724 2993 1880 3029 adhibitis
1913 2998 2128 3037 medicamen-

1126 3038 1169 3070 tis
1201 3037 1399 3079 hydragogis
1423 3044 1512 3069 tanta
1543 3037 1638 3077 copia
1662 3035 1763 3070 tridui
1796 3037 1899 3080 spatio
1936 3042 2033 3084 dejici
2066 3057 2127 3088 ρο-

1127 3081 1228 3113 tuerit
1243 3105 1251 3120 ‚
1276 3089 1311 3113 ut
1334 3080 1455 3111 ventris
1479 3088 1589 3111 tumor
1613 3080 1764 3114 immanis
1777 3082 1903 3124 prorsus
1927 3084 2124 3129 subsederit3

1124 3124 1214 3165 quod
1247 3125 1279 3155 in
1303 3121 1363 3156 hac
1385 3122 1517 3164 quidem
1552 3121 1711 3166 hydropis
1736 3124 1837 3167 specie
1859 3138 1922 3160 non
1947 3131 2091 3166 accidere
2113 3158 2125 3173 ‚

1125 3166 1216 3208 supra
1239 3169 1253 3204 (
1275 3177 1294 3208 q
1317 3169 1327 3204 )
1352 3164 1475 3198 dietum
1499 3165 1558 3198 est.
1589 3166 1631 3199 Et
1669 3166 1739 3201 sane
1760 3169 1788 3201 ei
1812 3170 1940 3203 mulieri
1964 3184 2038 3207 cum
2063 3175 2124 3217 hy-

1121 3209 1219 3252 drops
1241 3219 1333 3243 ortus
1358 3206 1432 3241 esset
1455 3208 1524 3250 post
1548 3209 1640 3242 lienis
1662 3198 1959 3247 inflammsstionem
1979 3239 1992 3255 ‚
2014 3217 2048 3251 id
2071 3221 2124 3252 vi-

1121 3252 1190 3286 scus
1214 3264 1313 3286 unum
1337 3263 1375 3285 ex
1399 3252 1550 3285 omnibus
1575 3252 1654 3286 male
1677 3254 1825 3288 affec-'tum
1850 3256 2020 3293 inventurn
2044 3261 2088 3296 est
2125 3270 2126 3276 ¹

1115 3294 1236 3339 finibus
1258 3298 1291 3328 in
1315 3308 1353 3328 eo
1377 3294 1533 3328 nonnullis
1556 3296 1697 3339 ulcerofis
1722 3309 1775 3338 per
1790 3298 1982 3341 interieens
2018 3286 2123 3339 mem:

1125 3340 1271 3373 bran-alas
1285 3337 1488 3371 canaliculum
1500 3340 1646 3380 quendam
1668 3339 1943 3381 constituentibus,
1961 3355 2018 3386 per
2029 3359 2119 3390 quem

1121 3393 1142 3414 a
1184 3381 1262 3414 liene
1287 3380 1432 3424 serofitar
1474 3381 1747 3423 transmittebatur
1798 3383 1881 3417 inter
1916 3389 2121 3428 peritonaeum

1121 3426 1164 3459 (φ’
1186 3423 1339 3466 musculos
1368 3423 1542 3458 abdominis
1564 3448 1571 3456 .
1607 3425 1731 3458 Verum
1754 3439 1763 3463 3
1788 3434 1824 3460 ut
1849 3427 1893 3460 ad*
1922 3431 2045 3472 {ignum
2068 3445 2120 3467 se,

1120 3469 1212 3502 deam
1236 3480 1251 3500 a
1275 3466 1451 3500 subsidente
1475 3467 1633 3501 umbilico
1657 3490 1666 3505 ,
1698 3467 1946 3510 circumjeecave
1969 3478 2120 3518 proxime

1118 3518 1207 3554 parte
1239 3510 1413 3545 deduetum
1436 3521 1448 3548 3
1495 3511 1606 3545 malim
1647 3522 1721 3545 cum
1763 3512 1895 3548 laudato
1935 3517 2118 3564 Respinge.

1626 3555 1651 3587 Ρ
1696 3566 1714 3587 2
1933 3571 1970 3594 ro
1993 3566 2072 3603 (r),

73 3653 2116 3686 ...Μ

1000 3758 1014 3788 (
1029 3758 1043 3781 b
1060 3758 1074 3786 )
1090 3759 1112 3782 8.
1130 3760 1250 3790 Adenogr.

132 3734 263 3765 (qu
305 3727 401 3760 (ν)(
443 3726 751 3757 ›(2)(u)adnso
820 3727 1059 3758 (summa.

131 3762 403 3793 (e)eiz.adn‚5o.
464 3758 668 3789 {f)adn.49.
730 3758 941 3787 (gjadn,47,

136 3792 279 3823 (mmxst.
298 3794 329 3815 Ν.
347 3793 375 3815 C.
393 3792 464 3814 Tum.
482 3790 503 3813 8.
519 3788 577 3813 ΟΜ.
594 3797 625 3816 79
696 3786 1020 3818 (η)Ερὴ,Ν,ε,(;εῃε,
1041 3788 1137 3816 mohs.
1156 3797 1250 3816 100111,
1269 3797 1289 3816 Ζ,

139 3823 280 3855 (pffiph.
298 3825 330 3847 N.
348 3823 378 3846 C.
396 3818 798 3851 Dec-3.A.5.&6-0bs.279.
858 3817 1128 3851 (q)n..58.infin.

1121 3729 1136 3756 ί
1152 3737 1169 3757 ²
1183 3729 1198 3759 ³
1213 3729 1246 3753 ³⁰¹
1261 3736 1285 3753 ‘¹'
1302 3735 1348 3791 ⁴82·
1363 3758 1376 3788 ³
1391 3728 1587 3790 eit-‘'aicnssf
1602 3739 1613 3755 ”
1628 3730 1644 3788 )(
1657 3731 1685 3786 ²15¹
1696 3740 1732 3793 ›¹¹'r
1745 3741 1785 3793 ⁵1⁰)
1800 3764 1828 3788 aa
1842 3735 1951 3796 515¹,ssst
1970 3745 2006 3770 ³⁶·

1354 3789 1391 3820 (o
1406 3789 1416 3821 2
1433 3791 1570 3817 commem.
1588 3791 1673 3818 Litter.
1691 3795 1719 3819 A.
1738 3801 1805 3825 1735·
1821 3796 1897 3824 Hebd,
1915 3807 1953 3829 37·
1970 3809 1993 3828 n.
2012 3811 2035 3827 2.
