2498 4075
585 204 806 268 Epistola
845 208 1003 259 Anat.
1041 204 1258 257 Medica
1294 205 1442 258 XtV.
1476 207 1598 258 Art.
1632 222 1711 268 25.

100 282 200 324 major
223 279 383 321 sanguinis
407 282 521 318 fluebat
544 283 633 323 copia
660 307 665 312 .
702 282 793 314 Nota
815 279 880 324 jam
902 290 990 314 antea
1016 283 1095 316 Val-

98 325 185 358 salvae
218 334 307 357 erant
331 338 400 368 quae
436 324 643 360 Nobiliffirno
667 326 752 357 Viro
785 325 988 365 contigerant
1011 348 1020 362 ,
1057 336 1095 357 ut

99 369 156 410 qui
180 368 262 399 inter
295 379 349 402 eos
373 370 474 402 fuerat
498 367 642 401 Medicos
672 369 728 410 qui
751 369 856 409 rogati
881 369 931 401 1113
966 380 1018 409 per
1039 369 1095 401 lit-

98 421 177 443 teras
202 408 329 444 consilia
353 413 519 445 miserant.
549 411 605 444 Sed
630 422 699 442 raro
723 410 758 443 fit
780 435 792 451 ‚
816 420 851 442 ut
876 411 995 443 Medici
1021 411 1094 443 mis-

101 453 130 487 sa
154 452 192 486 ab
215 456 442 495 aegrotantibus
467 454 580 494 scripta
603 455 738 496 legentes
759 478 770 493 ,
803 454 886 488 idem
908 455 1091 495 intelligant

97 496 187 539 quod
209 497 351 532 videntes
384 498 596 539 intelligerent
618 523 625 536 ‚
660 506 695 530 ut
719 506 787 530 tum
822 497 936 531 accidit
964 521 971 528 .
1005 500 1090 530 Cum

98 541 183 572 enim
216 542 362 575 Valsalva
395 540 662 574 animadvertisset
686 563 699 580 ,
731 541 979 584 quotiescunque
1009 552 1090 582 aeger

97 582 182 617 forte
204 585 421 618 conti-enabat
444 584 573 624 nasum,
598 584 757 625 sanguinis
783 584 902 618 fluxum
925 585 980 626 qui
1004 594 1093 616 antea

97 626 257 660 remifisset
277 649 285 664 ,
325 638 400 661 tunc
423 629 541 660 iterum
574 628 677 669 augeri
702 650 710 664 ,
745 629 776 659 &
799 637 873 660 cum
906 625 1093 662 meminisset

96 670 279 712 plerumque
302 670 410 704 vidiss'e
432 673 464 703 in
489 669 726 704 dissectionibus
751 670 924 711 sanguisera
949 671 1018 704 vasa
1042 682 1092 704 in-

96 724 148 747 tra
171 725 258 749 nares
281 713 370 747 valde
395 714 522 756 turgida
544 714 629 746 circa
654 725 721 746 eam
746 712 846 746 sedem
869 713 924 747 ubi
946 715 1004 747 alae
1027 714 1090 746 nasi

96 757 206 800 digito
230 757 300 800 plus
323 758 427 791 minus
450 756 624 790 transverso
647 757 687 790 ab
709 757 783 789 imis
807 757 932 791 naribus
955 769 1028 790 cum
1039 757 1090 790 os-

97 801 126 835 se
149 802 393 834 committuntur
414 813 427 839 5
463 800 610 842 suspicari
633 802 735 843 coepit
754 823 766 838 ,
796 811 834 833 ex
857 801 896 833 iis
920 799 995 833 vasis
1022 811 1092 834 tum

97 844 279 886 sanguinem
303 843 450 877 effluere.
479 847 591 887 Itaque
616 855 682 876 eam
707 843 805 878 sedem
830 842 971 877 immisso
983 844 1091 886 digito

96 887 220 930 preffit,
243 890 274 921 δι
297 890 453 922 continuo
478 887 599 928 sanguis
624 887 717 921 fluere
740 885 830 919 desiit
843 886 905 927 sic,
931 896 967 921 ut
991 898 1089 930 neque

96 931 134 964 asi
157 929 258 964 fauces
290 931 466 973 quidquam
495 931 654 972 sanguinis
686 930 836 964 deflueret
859 957 866 961 .
900 931 1006 973 Atque
1030 929 1091 963 hoc

95 974 187 1009 facili
211 975 339 1007 remedii
363 985 496 1017 genere,
520 975 638 1016 semper
660 973 760 1015 postea
784 973 991 1016 respondente
1014 995 1028 1012 ,
1049 985 1092 1005 ιε·

95 1028 149 1059 ger
172 1018 226 1059 qui
252 1017 355 1057 ipsum
378 1016 559 1057 didicerat,
583 1019 615 1050 in
640 1016 729 1050 usum
754 1025 867 1049 vocato
889 1039 901 1055 ,
925 1019 1009 1049 intra
1034 1017 1095 1048 ali-

95 1069 177 1102 quot
200 1060 326 1093 tandem
351 1060 467 1096 menses
491 1060 519 1094 16
542 1060 580 1093 ab
605 1059 845 1102 haemorrhagiae
867 1060 991 1095 recursu
1017 1068 1095 1093 tunc

96 1103 224 1146 quidem
249 1104 386 1138 liberum
410 1104 558 1146 praestitit
582 1108 635 1146 (g
658 1107 693 1142 ).

140 1157 190 1188 ες.
215 1147 305 1180 felix
329 1147 394 1181 11336
419 1147 574 1180 Valsalvae
598 1147 724 1180 curatio
745 1146 889 1187 indicat,
912 1145 1063 1180 turundas
1088 1169 1098 1185 ,

94 1189 133 1223 ad
165 1189 322 1232 sanguinis
347 1191 468 1224 fluxum
500 1189 706 1224 coercendum
738 1191 771 1222 in
804 1201 893 1223 nares
917 1189 1068 1222 immissas
1091 1214 1100 1230 ‚

95 1244 159 1265 non
185 1243 250 1266 tarn
273 1233 537 1277 arist-ringentium
555 1257 567 1273 ,
591 1233 706 1276 quibus
732 1234 840 1266 tinstae
865 1233 936 1268 sunt
960 1256 970 1271 ,
1000 1233 1100 1265 medi-

96 1286 313 1311 tamentorum
338 1278 369 1310 vi
390 1301 403 1318 ,
434 1289 531 1320 quam
561 1276 788 1318 compreffione
823 1276 889 1320 ipsa
925 1276 1098 1319 aliquando

94 1318 234 1362 prodesse
257 1319 342 1364 posse
364 1344 376 1361 ,
409 1332 519 1363 nempe
542 1332 615 1355 cum
651 1319 774 1362 sanguis
797 1331 812 1351 6
851 1319 929 1352 vasis
952 1321 1021 1352 exit
1044 1329 1098 1353 aut

93 1362 208 1398 iisdem>
230 1388 242 1403 ,
274 1373 327 1397 aut
351 1366 391 1397 iis
414 1374 496 1397 certe
519 1376 587 1407 quas
610 1362 758 1398 tui-undis
783 1373 963 1404 premantur
985 1387 991 1395 .
1027 1364 1099 1398 Me-

94 1408 199 1444 mini3
223 1417 258 1440 ut
281 1407 319 1441 de
343 1409 413 1441 aliis
436 1407 539 1440 sileam
565 1420 575 1446 3
607 1407 723 1440 Viduae
745 1406 872 1439 cuidam
897 1407 1096 1448 pauperculae

94 1450 279 1492 sanguinem
309 1463 325 1485 e
358 1451 485 1485 naribus
509 1450 578 1493 post
608 1449 865 1484 sternutationem
890 1450 988 1484 fluere
1020 1461 1095 1482 cum

93 1494 217 1536 impetu
249 1495 457 1536 incipientem
485 1521 493 1533 ,
529 1493 623 1527 horas
655 1493 735 1536 ipsas
769 1504 881 1526 novem
915 1491 1099 1535 profluxisse

93 1537 194 1570 donec
218 1549 289 1571 curn
313 1539 385 1571 illac
410 1536 493 1570 sorte
516 1536 678 1570 transirem
699 1536 946 1570 adolescentulus
962 1563 970 1576 ‚
995 1537 1099 1569 afflen-

93 1580 180 1614 tibus
202 1581 390 1615 mulieribus
415 1590 541 1624 rogatus
556 1606 564 1618 ‚
588 1580 708 1613 caeteris
732 1592 801 1622 quae
825 1579 936 1613 frustra
963 1580 1019 1612 alii
1043 1590 1099 1612 an-

93 1635 126 1658 te
148 1636 196 1656 me
219 1624 340 1657 Medici
363 1648 374 1664 ,
409 1635 483 1656 vena
510 1623 569 1664 iam
595 1623 674 1656 seeta
698 1648 706 1662 ‚
741 1624 893 1656 nonnulla
914 1623 1065 1657 dederant
1086 1647 1099 1663 ,

96 1668 187 1710 plura
213 1666 443 1702 adhibuerant,
468 1667 604 1700 laudatis
628 1690 638 1706 ,
672 1678 769 1699 unum
795 1668 917 1700 mutavi
939 1691 952 1708 ,
987 1677 1100 1708 nempe

94 1721 130 1744 ut
156 1722 213 1752 pro
235 1710 382 1744 turundis
406 1711 581 1750 mollibus,
604 1709 696 1743 faetae
720 1722 759 1743 ex
784 1719 938 1743 contorto
962 1709 1101 1742 linteolo

92 1755 364 1787 immitterentur:
389 1766 453 1796 quo
478 1752 567 1787 saepto
584 1780 591 1790 ,
616 1754 738 1795 sanguis
761 1756 918 1787 continuo
941 1753 1099 1787 substitit.

92 1799 195 1831 Erant
220 1798 268 1831 hae
291 1797 420 1840 quidem
445 1796 630 1831 madefaetae
653 1799 763 1830 urticae
787 1798 878 1830 succo
910 1801 924 1836 (
946 1809 1011 1840 quo
1035 1808 1100 1831 uno

91 1842 125 1874 in
149 1841 401 1874 0316331113ἃο
424 1840 489 1882 ipse
512 1852 638 1884 quoque
672 1841 831 1882 compesci
858 1842 1017 1875 interdum
1052 1842 1100 1873 vi-

93 1884 201 1918 deram
224 1883 532 1927 haemorrhagiam)
555 1896 657 1927 eoque
687 1883 857 1918 commisto
879 1896 952 1918 cum
976 1885 1029 1917 ovi
1056 1884 1099 1916 al-

91 1928 246 1968 humine,
269 1927 452 1969 &fuligine
474 1928 514 1960 ab
534 1927 630 1961 *aheni
653 1926 754 1961 fundo
765 1927 895 1967 derasa,
918 1932 947 1962 δε
972 1929 1005 1960 in
1028 1928 1099 1969 pul—

91 1982 196 2005 verem
219 1972 430 2004 tenuiffimum
454 1972 591 2004 contrita
621 1998 627 2003 .
665 1970 721 2004 Sed
747 1973 778 2003 ἅτ
801 1973 923 2013 priores
957 1972 1021 2003 illa:
1045 1981 1098 2004 tu-

90 2014 198 2048 rundae
222 2014 461 2048 medicamentis
474 2016 567 2049 illitae
592 2013 716 2048 fuerant
729 2015 937 2056 glutinandi,
961 2013 1097 2047 adstrin-

89 2058 248 2101 gendique
272 2059 303 2091 vi
327 2058 470 2101 praeditis
490 2070 503 2098 ;
534 2069 641 2092 verum
664 2058 706 2091 ob
739 2058 913 2091 mollitiem
938 2058 975 2091 ad
1006 2069 1097 2091 com-

90 2102 292 2144 primmdum
316 2113 380 2136 non
405 2112 486 2143 aptae
507 2126 514 2132 .
554 2104 603 2135 Ut
627 2111 661 2135 ut
684 2101 725 2134 est
745 2114 755 2140 3
781 2111 906 2135 tantum
931 2101 1094 2143 sanguinis

89 2156 128 2178 ex
149 2143 214 2187 ejus
238 2145 355 2179 Viduae
380 2145 457 2178 naso
479 2145 659 2187 prodierat,
683 2154 718 2177 ut
747 2144 903 2178 sexdecim
927 2146 997 2193 post
1027 2145 1093 2178 dies

89 2187 129 2222 ad
153 2200 202 2222 me
227 2191 368 2227 venerit5
392 2188 535 2222 adversus
558 2199 675 2221 novum
686 2188 832 2220 morbum
855 2188 1026 2221 consilium
1042 2199 1095 2228 pe-

89 2240 180 2272 tens,
203 2233 324 2265 malum
350 2232 495 2265 videlicet
518 2233 662 2272 corporis
686 2229 837 2263 habitum
860 2242 931 2264 cum
956 2231 1095 2273 palpita-

90 2276 179 2307 tione
202 2275 310 2308 cordis
325 2300 333 2314 ‚
358 2277 390 2307 &
416 2273 779 2316 spirandidifficultate,
802 2273 963 2316 utsaepius
987 2274 1067 2306 solet
1082 2297 1094 2313 ,

90 2317 318 2360 conjunetum.
342 2317 503 2350 Narrabat
528 2317 617 2351 11111111
638 2341 650 2358 ,
672 2328 747 2350 cum
771 2316 895 2359 sanguis
920 2316 1060 2351 substitit
1084 2342 1095 2358 ‚

90 2363 287 2395 anxietatem
310 2360 469 2403 quandam
493 2360 608 2395 sensisse
624 2383 632 2398 ‚
655 2372 724 2402 quae
737 2359 941 2402 postmodum
962 2372 1094 2394 evanue-

90 2413 138 2437 rat
163 2416 172 2437 :
207 2405 276 2447 post
300 2405 424 2445 aliquot
459 2414 563 2437 autern
588 2403 655 2436 dies
679 2402 870 2436 menstruum
907 2403 1090 2446 sanguinem

89 2446 263 2484 effluxisse,
288 2449 471 2490 pauciorem
497 2447 565 2479 sane
587 2458 682 2490 quam
706 2446 816 2479 soleret
839 2471 847 2485 ,
873 2458 907 2478 ac
930 2449 1058 2489 nigrum
1083 2459 1090 2480 ;

90 2493 143 2528 &‚
164 2491 252 2535 quod
276 2492 407 2523 mininie
430 2489 619 2530 displicuit,
643 2490 670 2523 se
695 2491 867 2532 plurimam
890 2493 1014 2524 urinam
1038 2503 1092 2523 ex-

86 2545 231 2568 cernere.
254 2536 365 2576 Itaque
386 2545 461 2567 cum
483 2533 557 2576 spe,
583 2545 646 2565 non
671 2533 745 2566 falsa
759 2555 768 2571 ,
794 2532 934 2576 pristinae
947 2533 1092 2568 sanitatis

89 2577 195 2610 dimisi
210 2599 231 2615 ,ff
242 2577 341 2613 modo
366 2589 433 2610 eam
457 2588 551 2620 quam
576 2575 763 2617 suadebam,
786 2576 917 2610 vivendi
942 2589 1091 2612 normam

87 2621 242 2661 servaret,
265 2633 298 2654 ac
321 2621 509 2661 nonnullis,
532 2631 601 2663 quse
624 2621 762 2654 indicavi
783 2643 791 2657 ‚
818 2621 964 2656 remediis
989 2631 1092 2655 utere-

91 2675 145 2698 tur
165 2690 174 2704 ‚
206 2663 299 2698 facile
321 2664 535 2707 parabilibus.
670 2664 729 2698 Sed
753 2661 831 2698 illuc
866 2676 901 2698 ut
924 2665 1059 2700 ¹redeam
1078 2676 1092 2706 ;

87 2719 164 2741 cum
184 2707 308 2742 vascula
341 2707 523 2751 sanguinem
545 2707 711 2742 fundentia
743 2719 806 2741 non
831 2707 951 2750 semper
973 2707 1033 2741 sint
1056 2710 1090 2741 in

88 2754 130 2786 iis
154 2751 215 2784 nasi
240 2751 360 2784 sedibus
375 2764 444 2795 quae
469 2751 615 2786 turundis
640 2751 754 2785 inditis
765 2754 937 2794 comprimi
951 2752 1090 2795 poffint,

89 2803 142 2827 aut
168 2816 176 2830 ‚
211 2795 297 2837 quod
319 2798 435 2830 certius
460 2794 531 2829 esset
550 2820 563 2836 ,
592 2794 745 2838 siquando
768 2796 802 2827 in
825 2807 859 2827 ea
893 2804 980 2838 parte
1004 2797 1092 2838 Septi

89 2837 186 2872 essent
218 2849 287 2880 quae
311 2839 344 2870 in
368 2839 569 2881 conspeeium
596 2841 722 2872 ,veniret
745 2861 755 2877 ‚
788 2838 996 2872 instrumento
1028 2851 1092 2872 non

90 2881 181 2914 valde
203 2881 291 2914 illius
312 2881 452 2915 dissimili
469 2881 555 2926 quod
580 2883 686 2915 Praecl.
702 2884 851 2916 Trewius
875 2886 889 2923 (
911 2882 931 2920 h
952 2886 965 2922 )
990 2883 1088 2916 alium

87 2926 121 2965 in
145 2923 239 2957 finem
261 2926 480 2967 excogitavit5
506 2925 678 2960 videndum
702 2925 745 2959 est
768 2926 801 2957 in
825 2926 1011 2968 graviffimis
1035 2938 1088 2958 ca-

88 2967 189 3008 sibus,
212 2979 289 3001 num
312 2980 346 3001 ea
369 2980 504 3010 premere
529 2969 722 3003 forteliceat
745 2970 866 3002 ratione
891 2970 968 3008 illa,
994 2982 1088 3012 quam

88 3012 126 3045 ad
152 3012 334 3053 sanguinem
358 3012 425 3054 post
446 3012 635 3047 excisionem
651 3013 764 3056 polypi
788 3012 1002 3047 cohibendum
1014 3015 1086 3045 Cel.

87 3055 251 3089 Heisterus
282 3059 295 3095 (
318 3056 330 3088 ι’
352 3059 364 3095 )
397 3067 412 3088 3
435 3057 487 3089 Cl.
514 3058 638 3090 Dranio
672 3065 834 3099 acceptam
854 3068 1085 3090 commemora-

89 3101 158 3137 vit,
181 3110 264 3132 nunc
288 3099 461 3141 praesertim
484 3099 611 3143 quando
633 3109 669 3134 ut
693 3100 895 3140 faciliorem,
920 3099 1084 3143 minusque

86 3142 326 3176 incommodam
347 3142 474 3176 eandem
496 3143 635 3177 redderet
655 3168 669 3186 ‚
692 3144 878 3178 allaboravit
901 3143 1083 3186 Chirurgus

87 3185 352 3228 Ingeniosiffimus
374 3186 557 3220 Goulardus
579 3190 592 3226 (
614 3188 633 3227 lz
653 3191 667 3229 >
691 3213 698 3220 .
733 3188 867 3229 Qnto
892 3198 997 3221 autem
1021 3189 1084 3220 mi-

86 3241 144 3263 nus
168 3228 350 3272 hujusmodi
375 3227 473 3263 fuerit
496 3230 624 3264 auxiliis
647 3233 758 3268 locus3
782 3239 875 3264 tanto
898 3229 1001 3273 major
1024 3242 1084 3264 666-

85 3282 226 3307 terorum
248 3285 320 3307 cura
344 3271 485 3307 habenda
507 3274 567 3306 erit
590 3286 597 3306 .-
630 3275 713 3308 inter
734 3286 804 3317 quae
837 3273 990 3317 siquando
1011 3285 1085 3316 pro-

84 3318 171 3350 xima
202 3316 379 3359 desperatio
410 3316 575 3351 Medicum
614 3327 710 3360 cogat
742 3319 840 3352 animi
872 3318 1084 3351 defecationem

85 3369 226 3399 tentare3
249 3360 377 3396 videtur
400 3362 426 3394 is
449 3361 757 3407 minus-probandus
771 3363 828 3404 qui
853 3362 1084 3404 repentinoin-

84 3403 170 3438 611110
194 3414 299 3443 metu,
322 3416 417 3448 quam
442 3405 498 3446 qui
523 3405 649 3446 inJeetis
670 3408 791 3438 circum
815 3415 901 3439 artus
926 3406 1082 3445 vinculis,

84 3459 231 3490 aegroque
255 3448 293 3482 ad
316 3447 486 3481 sedendum
506 3448 610 3480 ereeco
632 3447 665 3481 id
688 3457 812 3487 tentet5
835 3448 877 3481 fic
900 3449 985 3481 enim
1009 3450 1081 3481 vin-

84 3492 165 3525 culis
190 3491 284 3526 illico
307 3491 439 3531 solutis,
462 3502 608 3534 aegroque
629 3493 745 3526 iterum
770 3491 912 3535 jacente,
936 3492 1080 3527 auxiliis-

1987 224 2077 269 117

1145 293 1207 325 que
1243 280 1280 313 ad
1304 280 1337 313 id
1372 291 1461 315 antea
1494 282 1611 325 paratis
1644 281 1828 315 refocillato
1860 280 1987 314 facilius
2019 283 2141 324 poterit

1146 325 1243 358 animi
1269 323 1482 358 <iethet-ionem
1506 325 1616 357 tollere
1632 347 1645 363 ,
1668 336 1762 367 quarn
1786 323 1807 356 si
1832 324 1897 357 haec
1921 334 2077 356 terrorem
2100 325 2143 358 se-

1143 379 1215 401 cuta
1239 367 1332 401 esset.
1357 369 1514 400 Caeterum
1539 380 1609 410 quae
1634 367 1672 400 ad
1696 367 1947 400 servandasvires
1970 369 2004 399 in
2026 377 2141 402 contn-

1143 411 1285 445 macibus
1309 409 1548 453 haemorrhagiis
1571 411 1641 444 clare
1664 419 1793 451 oportet
1815 433 1826 449 ,
1849 409 2038 447 videndum,
2062 422 2098 444 ne
2109 423 2141 444 ea

1141 456 1202 488 iint
1226 466 1295 496 quae
1327 463 1379 486 aut
1403 464 1527 487 motum
1551 454 1709 495 sanguinis
1742 454 1875 486 incitent
1896 478 1906 494 ,
1939 464 1992 487 aut
2014 455 2143 496 copiam

1143 506 1267 541 repente
1292 507 1423 539 augeant
1444 521 1451 528 .
1486 499 1536 529 Sic
1562 497 1707 530 Valsalva
1731 495 1849 539 juscula
1868 520 1880 536 ,
1912 508 1984 531 cum
2007 509 2107 539 oryza
2130 521 2142 537 ,

1144 552 1199 575 aut
1223 539 1344 573 hordeo
1366 540 1511 574 6011166161
1535 565 1547 581 ,
1576 540 1672 574 dabat
1692 566 1700 580 ,
1723 544 1755 573 &c
1778 539 1845 573 haec
1868 539 1933 581 ipsa
1959 552 2046 582 parce
2067 564 2079 581 ,
2111 543 2143 573 &

1143 597 1198 629 per
1220 585 1324 618 vices:
1346 595 1525 626 quanquam
1550 586 1709 617 temeritas
1742 583 1911 625 aliquando
1933 582 2010 617 felix
2045 583 2109 616 fuit
2130 607 2142 622 ,

1144 640 1181 661 nt
1214 626 1355 660 sauciato
1377 628 1427 659 illi
1462 626 1623 661 sitibundo
1650 629 1767 673 Juveni
1798 625 1881 669 apud
1916 626 2142 660 Schneiderum

1145 676 1159 711 ζ
1182 672 1193 705 l
1215 676 1251 710 ),
1273 673 1305 702 &
1328 669 1531 704 Adolescenti
1555 671 1647 703 alteri
1672 695 1684 712 ,
1706 669 1743 703 de
1766 681 1833 713 quo
1857 669 1965 702 scribit
1991 671 2142 703 [owe-rus

1145 718 1158 753 ζ
1182 726 1211 747 m
1234 718 1247 754 )
1267 725 1275 745 :
1308 724 1446 755 quorum
1467 722 1598 756 uterque
1624 715 1656 746 in
1682 714 1862 747 immodico
1886 711 2045 754 sanguinis
2069 725 2143 755 pro-

1145 758 1247 791 fluvio
1271 766 1395 790 tantum
1418 757 1472 790 ille
1493 755 1668 797 cerevisiae',
1691 755 1745 790 hic
1768 756 1958 799 jusculnrum
1984 755 2072 789 avide
2095 757 2144 790 bi-

1142 802 1276 837 berunt,
1301 811 1338 832 ut
1362 801 1411 832 illi
1436 800 1596 843 sanguinis
1630 810 1730 841 guttae
1756 799 1918 843 prodirent
1943 800 2081 833 maxima
2103 811 2142 833 ex

1136 852 1230 886 farte
1253 843 1367 886 aquosae
1390 868 1402 883 ,
1435 842 1509 877 huic
1535 853 1639 879 autem
1664 845 1737 885 ipsis
1770 842 1900 885 justulis
1918 864 1931 881 ,
1964 854 2027 884 quce
2050 843 2142 876 toties

1141 886 1305 927 lxmserat,
1329 898 1419 929 quam
1443 887 1590 929 sanguini
1617 887 1806 928 similiores.
1832 887 2015 928 Utrumque
2039 896 2145 920 tamen

1144 929 1299 962 servatum
1324 932 1404 972 leges
1425 955 1432 968 ,
1465 931 1532 962 imi>
1559 929 1799 962 Adolescentem
1834 929 1939 971 postea
1974 930 2006 962 in
2035 930 2144 962 virum

1146 970 1299 1011 robustum
1315 999 1323 1013 ,
1345 978 1387 1006 C?
1410 975 1596 1015 quadratum
1620 971 1804 1016 excrevzffm
1830 982 1864 1005 ut
1878 972 2037 1013 intelligas
2051 996 2062 1012 ,
2087 972 2142 1005 ubi

1148 1016 1302 1048 necessitas
1329 1015 1458 1056 adigat,
1484 1017 1589 1051 multo
1614 1016 1708 1049 satius
1740 1015 1797 1049 esse
1819 1014 1949 1060 jusculis
1976 1016 2144 1058 aliquanto

1149 1059 1264 1101 largius
1288 1059 1371 1092 datis
1394 1082 1403 1096 ‚
1427 1060 1671 1093 circulationem
1707 1060 1820 1101 reliqui
1846 1059 2007 1101 sanguinis
2031 1081 2043 1097 ,
2078 1068 2156 1102 quo'

1149 1100 1187 1134 ad
1210 1101 1276 1144 ejus
1299 1102 1364 1134 fieri
1391 1103 1479 1143 pol-lit
1494 1126 1505 1143 ,
1528 1101 1708 1134 conservare
1728 1125 1740 1141 ,
1764 1113 1859 1144 quam
1885 1113 1953 1134 eam
1976 1100 2071 1134 sinere
2095 1104 2146 1134 ni-

1149 1146 1214 1179 mia
1246 1145 1336 1178 simul
1376 1148 1407 1178 δε
1441 1145 1675 1186 113311101·1113Ξί3
1697 1167 1708 1184 ,
1740 1148 1772 1177 δε
1804 1145 1989 1178 abstinentia
2023 1143 2143 1177 finiri.

1152 1187 1253 1223 Quod
1278 1188 1299 1221 fi
1325 1188 1411 1221 sorte
1434 1199 1554 1230 quaeras
1578 1211 1590 1228 ,
1628 1188 1683 1220 ubi
1707 1188 1930 1230 compreffioni
1967 1188 2057 1221 locus
2080 1199 2145 1221 non

1151 1230 1222 1265 esset
1240 1257 1248 1271 ‚
1272 1232 1388 1275 quibus
1413 1232 1558 1264 Valsalra
1582 1240 1723 1265 uteretur
1746 1234 1885 1264 externis
1910 1232 2040 1274 auxiliis
2058 1242 2072 1271 ,-
2105 1231 2149 1263 li..

1152 1275 1260 1308 beuter
1283 1276 1405 1308 dicam.
1434 1277 1575 1308 Primum
1600 1273 1754 1317 frigidam
1779 1287 1833 1317 per
1857 1273 2023 1318 siphonem
2047 1276 2080 1307 in
2093 1286 2147 1306 na-

1149 1330 1196 1352 res
1222 1318 1336 1360 injici,
1359 1318 1509 1360 jubebat,
1532 1329 1627 1360 quam
1651 1318 1728 1360 saepe
1753 1318 1872 1352 viderat
1894 1344 1905 1359 ,
1948 1318 1989 1351 fic
2017 1317 2148 1361 quidem

1147 1361 1317 1396 immissam
1342 1387 1349 1401 ‚
1382 1363 1452 1404 plus
1476 1373 1571 1405 quam
1595 1361 1806 1404 sperabatur,
1839 1361 2013 1404 praestitiffe
2034 1388 2040 1393 .
2078 1360 2148 1394 Ubi

1146 1418 1220 1438 vero
1243 1417 1306 1438 non
1331 1405 1405 1438 satis
1429 1405 1571 1443 fecisset3
1596 1404 1634 1437 ad
1658 1407 1724 1437 vini
1742 1405 1891 1447 spiritum
1916 1405 2147 1447 confugiebat.

1148 1451 1219 1483 Nec
1245 1460 1347 1481 tamen
1372 1448 1477 1491 legisse
1511 1458 1636 1491 poter-at
1661 1448 1974 1490 Experientiffimum
2000 1447 2149 1482 Schlich-

1152 1494 1294 1534 titinium
1317 1495 1330 1531 (
1352 1504 1370 1525 n
1394 1496 1407 1533 >
1431 1493 1618 1526 scribentem
1644 1515 1656 1531 ,
1690 1494 1757 1523 vini
1781 1491 1919 1531 alchool,
1938 1490 2078 1534 speczfici
2100 1493 2150 1524 in-

1144 1538 1210 1576 sti-ir
1235 1535 1273 1568 ab
1290 1535 1350 1577 se,
1374 1541 1416 1569 (9⁹
1439 1535 1477 1568 ab
1501 1535 1563 1568 alio
1586 1536 1709 1570 Medico
1731 1533 2011 1568 Amstelodamensi
2038 1531 2148 1578 felici-

1152 1589 1199 1613 τίν
1216 1581 1337 1622 semper
1359 1578 1535 1612 adhibitum·
1549 1576 1646 1621 fuiss&
1670 1604 1679 1617 ‚
1704 1577 1814 1611 sensim
1838 1577 2007 1621 sensimque
2019 1578 2149 1611 naribus

1153 1624 1324 1665 attrachm
1347 1644 1355 1659 ,
1387 1622 1508 1665 quippe
1533 1621 1706 1655 remedium
1739 1632 1802 1654 non
1835 1622 1940 1655 minus
1972 1621 2082 1655 efficax
2112 1620 2150 1654 ad

1151 1667 1255 1705 hanc,
1278 1676 1373 1708 quam
1397 1666 1435 1698 ad
1458 1665 1622 1698 vulnerum
1646 1664 1896 1707 haemorrhagias
1918 1664 2063 1698 sistendas
2085 1689 2092 1696 .
2118 1667 2151 1699 A

1151 1709 1268 1753 quibus
1293 1708 1329 1741 ad
1350 1709 1430 1741 hanc
1455 1710 1580 1741 narium
1591 1708 1739 1742 Valsalva
1764 1707 1987 1748 transtulerat,
2014 1718 2051 1742 ut
2074 1710 2150 1750 opi-

1151 1765 1242 1793 nor,
1274 1762 1420 1794 expertus
1445 1752 1592 1784 videlicet
1615 1777 1622 1791 ‚
1655 1761 1811 1795 quantum
1835 1753 1950 1785 valeret
1982 1764 2058 1785 cum
2081 1751 2151 1786 san-

1150 1798 1279 1839 guin-em
1303 1795 1472 1839 cogendo,
1497 1805 1565 1829 tuni
1590 1797 1763 1838 praesertim
1786 1795 1959 1830 incisarum
1985 1798 2150 1830 minorum

1151 1841 1337 1872 arteriarum
1362 1851 1416 1871 ora
1439 1839 1685 1878 contrahendo3
1710 1840 1786 1872 hinc
1810 1840 1894 1873 enim
1918 1837 1976 1873 esse
1999 1839 2150 1877 videtur,

1151 1883 1239 1926 quod
1255 1910 1264 1924 ,
1287 1882 1380 1916 dente
1403 1882 1536 1922 evulso,
1559 1882 1740 1916 cohibendo
1763 1884 1906 1925 sanguini
1919 1894 2148 1927 nonnunquam

1152 1938 1208 1969 par
1232 1938 1295 1960 non
1318 1926 1356 1958 {it
1378 1948 1387 1963 ‚
1422 1936 1496 1959 tunc
1521 1927 1676 1959 nimirum
1698 1938 1779 1960 cum*
1807 1927 1962 1959 asteriolae
1995 1927 2148 1968 disruptae

1149 1970 1294 2004 osculum
1318 1970 1541 2016 intra-alveoli
1573 1981 1687 2003 cavum
1711 1982 1774 2003 non
1799 1972 1985 2012 prominet,
2008 1970 2057 2003 sed
2082 1969 2149 2012 ipsa

1149 2023 1220 2046 tota
1244 2015 1330 2046 intra
1362 2014 1456 2055 hujus
1479 2012 1682 2047 substantiam
1714 2014 1790 2047 latet
1818 2037 1827 2053 ,
1858 2025 1922 2047 non
1947 2014 2031 2048 secus
2055 2024 2149 2057 atque

1149 2059 1235 2089 intra
1259 2069 1294 2090 os
1318 2056 1408 2089 tibiae
1443 2060 1558 2090 arteria
1580 2058 1635 2090 illa
1669 2069 1707 2090 ex
1730 2069 1790 2101 qua
1823 2057 1989 2092 molestam
2012 2059 2149 2094 haemor-

1148 2101 1295 2142 rhagiam
1322 2099 1549 2133 animadvertit
1576 2102 1699 2135 Petitus
1722 2106 1732 2141 (
1756 2113 1772 2134 ο
1796 2105 1809 2143 )
1834 2126 1841 2133 .
1875 2102 1976 2135 Vides
2009 2103 2112 2144 igitur
2135 2126 2148 2142 ‚

1148 2144 1319 2186 aliquando
1343 2143 1481 2189 incidere
1506 2143 1589 2186 posse
1613 2143 1699 2178 casus
1731 2146 1765 2178 in
1788 2145 1904 2187 quibus
1926 2157 1965 2178 ne
1989 2145 2051 2184 hoc
2073 2146 2143 2188 qui-

1147 2187 1220 2220 dem
1244 2187 1364 2221 auxilio
1383 2212 1396 2228 ,
1435 2189 1594 2231 sanguinis
1620 2199 1672 2230 per
1701 2199 1788 2222 nares
1812 2189 1937 2224 fluxum
1969 2199 2110 2222 coerceas
2136 2214 2144 2220 .

1149 2230 1251 2274 Qod
1291 2240 1381 2263 tanto
1403 2232 1505 2274 magis
1529 2230 1565 2264 de
1589 2233 1711 2265 caeteris
1733 2231 1840 2266 credes
1877 2241 1948 2266 tum
1971 2233 2109 2266 externis
2135 2254 2146 2271 ‚

1148 2284 1218 2307 tum
1242 2275 1374 2307 internis
1393 2299 1405 2315 ,
1442 2275 1497 2307 ubi
1522 2286 1560 2307 ex
1593 2275 1736 2317 utrisque
1768 2285 1818 2308 tot
1843 2276 1956 2319 legeris
1993 2275 2106 2309 frustra
2129 2289 2147 2310 a.

1145 2318 1288 2351 Medicis
1312 2329 1378 2350 non
1400 2330 1471 2351 raro
1493 2318 1665 2358 adhibita,
1689 2322 1721 2351 ὃς
1746 2320 1943 2352 nominatim
1967 2319 2004 2352 ab
2027 2320 2143 2352 Lenti-

1147 2361 1195 2392 110
1217 2364 1272 2402 (p
1294 2366 1329 2401 ),
1353 2363 1410 2404 qui
1435 2361 1602 2403 prudenter
1625 2362 1746 2396 indicat
1763 2386 1776 2403 ,
1811 2363 1906 2396 aliam
1928 2364 1961 2395 in
1985 2363 2056 2396 aliis
2080 2363 2145 2397 1116-

1145 2403 1337 2447 morrhagiae
1361 2405 1484 2439 causam
1509 2403 1565 2437 esse
1591 2405 1790 2448 spestandam
1810 2432 1818 2440 .
1949 2408 2037 2440 Cum
2060 2416 2145 2440 vete-

1144 2459 1177 2479 13
1201 2447 1373 2489 aliquando
1397 2458 1603 2481 monumenta
1627 2449 1778 2482 versarem
1801 2450 1941 2491 Patriae‚
1964 2452 2144 2486 &Provin-

1145 2491 1203 2523 ciae
1227 2502 1324 2536 meaej
1348 2493 1447 2534 reperi
1473 2492 1515 2524 A.
1545 2503 1635 2525 1200.
1660 2492 1824 2526 interitum
1856 2493 2012 2527 hominum
2036 2495 2142 2540 ingen-

1145 2543 1208 2568 tem
1225 2532 1321 2577 fmsse
1345 2545 1382 2568 ex
1398 2533 1490 2577 fluxu
1506 2535 1669 2578 sanguinis
1691 2546 1706 2568 e
1730 2535 1859 2570 naribus
1884 2536 1992 2578 spatio
2015 2548 2063 2581 24.
2087 2539 2142 2573 ho-

1144 2588 1250 2617 inrum
1273 2579 1305 2612 in
1329 2579 1459 2611 Etruria
1481 2603 1490 2618 ,
1512 2581 1554 2612 ξφ
1578 2579 1775 2620 Romana'iola
1811 2592 1818 2611 .·
1845 2583 1876 2614 δέ
1900 2580 1969 2614 sane
2003 2581 2041 2615 ad
2064 2594 2141 2617 eun-

1143 2620 1215 2653 dem
1240 2632 1378 2662 annum,
1400 2624 1544 2665 quamvis
1569 2622 1649 2656 unde
1674 2623 1782 2656 flueret
1807 2623 1953 2667 sanguis,
1977 2627 2105 2660 reticeat
2128 2651 2141 2668 ,

1144 2664 1213 2698 haec
1247 2667 1366 2708 pariter
1389 2664 1481 2699 habet
1513 2665 1722 2700 Ariminenfis
1747 2667 1930 2701 Historicus
1961 2670 2139 2704 Clementi-

1142 2710 1214 2742 nius
1239 2709 1291 2750 (q
1314 2713 1325 2748 )
1347 2721 1355 2741 :
1385 2733 1412 2750 „
1434 2711 1583 2743 obierunt
1616 2711 1758 2744 Arimini
1782 2712 1876 2745 multi
1909 2724 1948 2746 ex
1978 2711 2139 2756 sanguinis

1143 2776 1170 2792 „
1195 2752 1284 2798 fluxu
1309 2755 1393 2786 intra
1416 2752 1508 2787 horas
1532 2765 1581 2797 24.
1595 2755 1752 2788 innumeri
1775 2763 1879 2790 autem
1901 2757 2081 2797 Ravennae‚
2105 2761 2137 2791 in

1145 2819 1171 2841 ³)
1195 2795 1326 2839 aliisque
1351 2797 1497 2831 Urbibus
1522 2798 1700 2831 Provinciae
1724 2822 1750 2839 ,‚
1774 2798 1885 2833 nostrae
1909 2823 1916 2831 .
1950 2800 2043 2834 Num
2066 2812 2137 2835 cen-

1146 2843 1212 2879 163,
1236 2840 1384 2873 Medieos
1407 2843 1513 2873 omnia
1537 2853 1606 2884 quae
1629 2850 1703 2874 tunc
1727 2844 1762 2874 in
1787 2843 1843 2876 usu
1865 2851 1978 2883 erant,
1999 2843 2137 2879 adstrin-

1141 2883 1248 2926 gentia
1276 2885 1308 2916 in
1332 2885 1469 2926 primis,
1491 2895 1553 2917 non
1580 2883 1787 2918 adhibuisse?
1821 2885 1971 2921 incassum
1995 2896 2101 2921 tamen
2124 2913 2136 2930 ,

1140 2938 1177 2960 uc
1202 2925 1310 2965 vides5
1332 2929 1449 2969 quippe
1471 2927 1646 2969 epidemica
1681 2928 1770 2962 causa
1793 2930 1977 2972 incognita.
2004 2933 2055 2965 De
2079 2930 2135 2966 ad-

1140 2970 1368 3012 stringentibus
1404 2981 1509 3004 autem
1553 2970 1626 3014 ipsis
1660 2984 1730 3015 quae
1772 2972 1938 3007 admoneat
1972 2976 2135 3015 Lentilius

1140 3017 1153 3052 ζ
1177 3025 1192 3047 r
1214 3018 1252 3054 ),
1278 3013 1426 3060 attende,
1448 3013 1591 3057 illudque
1613 3026 1762 3058 praeterea
1781 3041 1794 3057 ,
1817 3028 1893 3052 num
1915 3017 1953 3051 fit
1978 3018 2133 3054 verisimi-

1140 3059 1195 3097 le,
1216 3069 1289 3091 cum
1314 3058 1529 3098 assumuntur,
1553 3066 1622 3091 tam)
1641 3061 1710 3092 cito
1732 3060 1840 3102 posse,
1865 3062 2025 3104 tantisque
2051 3064 2132 3096 viri-

1136 3102 1194 3134 bus
1218 3102 1255 3134 ad
1278 3112 1313 3133 ea
1337 3101 1532 3142 pou‘ffimum
1556 3103 1594 3136 ad
1617 3115 1687 3146 quae
1711 3113 1789 3145 opus
1813 3104 1888 3138 esset
1913 3127 1923 3142 ‚
1945 3106 2013 3139 vasa
2036 3128 2049 3144 ,
2079 3118 2131 3140 ne-

1136 3156 1196 3188 que
1220 3144 1377 3178 adstrifftis,
1398 3147 1539 3184 caeteris,
1564 3148 1743 3188 pervenire.
1768 3149 1812 3181 Et
1824 3157 1929 3181 tamen
1954 3159 2036 3182 nunc
2059 3150 2132 3191 plu-

1137 3200 1183 3221 res
1206 3188 1333 3226 videas,
1359 3198 1490 3230 urgente
1515 3190 1658 3231 periculo
1684 3213 1696 3230 ,
1727 3189 1764 3223 ad
1789 3190 1923 3234 fungum
1945 3193 2130 3228 coccineum

1139 3232 1339 3265 Melitensem
1364 3231 1523 3266 decurrere
1546 3256 1558 3272 ,
1590 3245 1685 3277 quem
1708 3245 1745 3266 ne
1778 3246 1886 3268 verum
1908 3235 2039 3277 quidem
2060 3235 2129 3270 for.

1137 3275 1210 3308 tasse
1234 3275 1349 3308 habent
1368 3299 1376 3307 .
1411 3277 1486 3319 Ego
1509 3278 1594 3309 enim
1617 3288 1655 3310 ex
1677 3283 1743 3319 qut)
1774 3289 1823 3309 me
1847 3279 1950 3320 Eques
1974 3277 2128 3313 Meliten-

1136 3318 1196 3358 fis,
1221 3321 1299 3352 civis
1314 3330 1398 3352 meus
1413 3345 1421 3358 ‚
1445 3320 1557 3353 docuit
1574 3342 1583 3357 ‚
1605 3332 1701 3363 quam
1724 3321 1841 3362 exiguo
1854 3331 2007 3364 numero,
2029 3325 2126 3367 quip-

1137 3374 1174 3404 pe
1198 3364 1230 3395 in
1255 3361 1468 3404 angustissimo
1490 3363 1621 3406 scopulo
1644 3387 1653 3402 ,
1685 3365 1709 3395 ii
1732 3362 1825 3405 fungi
1848 3364 1883 3396 in
1908 3363 2047 3408 singulos
2070 3377 2125 3398 an-

1134 3417 1191 3439 nos
1217 3408 1403 3448 proveniant
1422 3429 1434 3445 ,
1465 3409 1497 3439 86
1519 3418 1581 3450 qua
1603 3418 1675 3440 cura
1699 3430 1709 3447 ,
1738 3416 1773 3440 ut
1798 3407 1889 3442 Viris
1921 3409 2125 3452 Principibus

1134 3449 1220 3482 dono
1243 3451 1436 3489 mittantur,
1459 3449 1572 3483 servari
1597 3451 1714 3483 soleant
1734 3461 1745 3488 3
1777 3451 1955 3493 plurimum
1977 3462 2085 3485 vereor
2113 3476 2126 3494 ,

1131 3503 1168 3526 ne
1191 3495 1216 3526 ii
1240 3494 1298 3536 qui
1320 3494 1442 3526 venales
1465 3494 1625 3536 prostant,
1649 3505 1687 3527 ex
1709 3494 1774 3527 alio
1796 3495 1853 3538 qui
1877 3505 1973 3537 prope
1996 3494 2125 3538 Drepa-

2011 3550 2089 3573 num

140 3688 155 3717 (
170 3694 188 3715 g
203 3685 217 3712 )
233 3687 289 3713 Vid.
306 3687 380 3717 Epist.
395 3695 433 3717 ²5·
450 3695 475 3712 n.
492 3691 516 3712 6.

154 3717 162 3748 (
180 3716 314 3745 i)1nstit.
331 3718 399 3744 ehir.
416 3720 443 3742 P.
458 3727 480 3742 2.
499 3720 521 3743 S.
538 3726 559 3742 2.
577 3726 598 3742 c.
615 3725 655 3746 71.
673 3726 698 3742 n.
716 3726 754 3742 ιο.
815 3719 830 3748 (
845 3718 861 3743 k
881 3720 889 3747 )

141 3755 151 3777 (
170 3756 193 3771 m
209 3749 222 3779 )
238 3749 319 3774 Trast.
335 3750 363 3774 de
380 3750 458 3773 Corde
473 3757 494 3775 c.
511 3758 532 3773 ιι.
595 3750 608 3778 ζ
624 3757 640 3771 n
656 3748 669 3776 )
685 3748 740 3773 Ast.
756 3751 791 3773 N.
809 3751 838 3774 C.
856 3751 930 3773 Torn.
946 3751 970 3771 6.
989 3748 1046 3772 Obs.
1064 3757 1102 3773 20.

144 3783 185 3808 <p
205 3781 210 3805 J
226 3781 284 3808 Eph.
306 3782 339 3804 N.
357 3782 387 3804 C.
404 3781 460 3803 Dec-
479 3788 499 3810 3.
517 3782 545 3803 A.
563 3781 586 3804 8.
604 3779 709 3808 append.
727 3787 751 3804 n.
770 3787 804 3804 10.
820 3779 849 3804 ad
865 3779 923 3804 obs.
943 3786 978 3807 90·

143 3811 158 3842 ζ
171 3818 182 3835 v
197 3810 210 3840 2
227 3811 256 3835 ad
270 3812 311 3837 cit.
329 3807 389 3837 obe
404 3818 443 3839 ,90-

576 3687 589 3716 (
605 3687 619 3709 h
634 3686 648 3715 )
665 3689 806 3713 commem.
823 3687 910 3713 Litter.
930 3688 961 3711 Α.
980 3693 1045 3716 1741.
1062 3688 1140 3712 Hebd.
1159 3691 1195 3713 16.
1213 3697 1237 3713 n.
1257 3696 1278 3712 2.
1296 3688 1318 3712 86
1335 3687 1397 3712 Tab.
1416 3695 1437 3711 1,
1455 3687 1508 3718 Fig.
1525 3690 1549 3711 8.
1568 3696 1588 3716 ᾳ.

906 3720 984 3742 Mem.
1000 3719 1029 3741 de
1044 3718 1060 3742 l'
1076 3719 1149 3743 Acad.
1168 3721 1198 3743 R.
1214 3720 1253 3744 des
1270 3721 1307 3743 Sc.
1326 3721 1354 3742 Α.
1373 3726 1440 3747 1740,

1504 3721 1514 3743 (
1530 3720 1540 3742 Ι
1555 3718 1569 3747 )
1587 3722 1620 3743 De
1638 3720 1747 3744 Catari-h.
1766 3721 1785 3744 1.
1804 3728 1826 3750 3.
1843 3728 1867 3745 c.
1885 3729 1906 3751 3.

1167 3752 1176 3775 (
1193 3759 1206 3774 ο
1220 3751 1234 3779 )
1251 3752 1330 3774 Mem.
1346 3749 1375 3772 de
1392 3750 1407 3772 l’
1426 3749 1498 3773 Acad.
1518 3752 1545 3773 R.
1563 3750 1603 3773 des
1620 3751 1658 3774 Sc.
1676 3752 1705 3774 A.
1724 3758 1790 3780 1732,

1041 3780 1055 3808 (
1073 3789 1087 3809 q
1103 3780 1116 3809 3
1135 3782 1259 3806 Racconto
1277 3782 1343 3805 Istor.
1361 3780 1425 3804 della
1441 3780 1519 3805 Fond.
1536 3779 1560 3804 di
1579 3781 1677 3806 Rimino
1693 3783 1708 3805 1.
1726 3789 1748 3811 3,
