2498 4075
355 93 417 163 36

284 175 459 222 plerunque
482 184 547 209 rem
568 172 598 207 se
619 171 755 214 habere,
778 181 817 210 ut
839 173 890 210 illi
902 171 1119 210 constituunt.
1144 172 1293 213 Feciigi-

287 228 343 254 tur
364 219 400 252 in
425 217 476 252 his
501 228 578 260 quas
589 227 672 253 nunc
684 218 806 257 mitto,
822 217 957 250 Litteris
968 213 1052 249 idem
1066 213 1192 248 fortasse
1206 213 1294 257 quod

288 263 325 298 in
347 263 458 301 Foro,
479 263 513 297 &
536 257 646 292 Caufis
660 258 806 297 homines
818 261 924 293 minus
935 256 1159 294 inconfiderati
1170 258 1292 295 solent,

288 306 347 348 qui
373 314 408 342 ut
432 303 466 337 id
491 303 528 335 ab
550 301 734 336 adversariis
758 305 930 346 impetrent
953 300 1040 344 quod
1064 313 1190 344 aequum
1215 301 1257 334 est
1278 325 1292 342 ,

286 348 359 391 plus
384 347 548 389 aliquanto
570 345 732 383 interdum
757 355 891 389 petunt.
919 345 1001 378 Satis
1024 347 1110 378 enim
1130 344 1212 380 mihi
1228 344 1292 384 est,

284 401 402 434 aquam
425 388 473 422 vel
496 388 724 429 convellendo,
746 390 793 424 vel
816 387 1082 431 comprimendo,
1105 388 1151 421 vel
1168 397 1294 421 utrum-

283 445 345 476 que
366 431 457 466 simul
478 430 645 466 efficiendo
667 430 751 475 posse
773 431 936 466 interdum
959 431 1133 474 apoplexiae
1166 431 1291 465 causam

285 475 364 512 effe.
389 475 423 522 Sj
448 475 510 511 tibi
530 487 570 508 eo
591 475 729 511 arbitrio
750 475 836 519 quod
860 475 925 518 jam
947 474 1020 508 inde
1043 474 1082 507 ab
1104 475 1203 507 initio
1235 473 1292 513 (l)

289 519 438 561 permisi,
466 521 569 553 utenti
594 529 659 553 non
682 520 787 562 placet
813 521 845 551 in
870 519 1012 552 historiis
1033 529 1110 560 quas
1133 517 1254 561 protuli
1278 540 1290 556 ,

284 561 435 607 omnibus
459 571 584 596 tanturn
608 561 665 604 ipsi
688 574 774 604 aquae
798 562 957 603 tribuere,
980 571 1135 605 quantum
1158 572 1218 603 ego
1240 560 1288 592 vi-

285 606 334 639 sus
360 604 451 644 sum3
476 615 506 637 at
532 607 565 637 in
587 604 779 648 quibusdam
805 606 942 640 tribuere
964 616 1000 638 ne
1025 604 1152 636 recusa.-
1188 604 1288 636 ratio-

283 647 398 690 nesque
421 648 529 694 saltem
553 648 702 689 attende,
725 649 838 692 quibus
861 649 927 693 ipse
950 648 1128 692 rationibus
1150 645 1289 679 ostende-

283 702 316 723 re
337 701 468 725 conatus
492 694 581 731 sum,
605 703 717 734 aquam
742 702 798 725 aut
821 692 853 725 id
876 703 978 726 revera
1001 690 1106 724 fec-isse
1122 711 1130 725 ‚
1149 699 1202 722 aut
1223 701 1292 722 cer-

285 743 315 768 te
340 734 439 767 facere
463 733 615 777 potuisse.
641 736 741 775 Qod
763 736 784 768 {i
809 735 894 769 forte
925 736 967 769 iis
997 732 1177 768 rationibus
1210 732 1293 766 nihil

286 776 379 818 egisse
404 777 466 812 tibi
490 777 623 818 videor,
647 780 679 815 &
702 790 789 820 aquae
812 777 995 813 effusionem
1005 778 1139 811 omnino
1151 773 1297 810 effectum

282 819 339 853 esl'e
364 821 485 861 mavis,
509 832 603 864 quam
625 820 771 860 causam,-
796 820 890 861 vide,
914 832 951 857 ne
974 829 1006 854 te
1027 821 1171 853 invitum
1194 831 1232 852 eo
1244 830 1293 852 ra-

286 864 392 896 tiones
417 863 548 906 adigant
573 872 659 903 tuae,
686 872 722 896 ut
756 863 918 907 sanguinis
950 874 1077 906 quoque
1111 861 1295 897 effusionem

284 917 350 939 non
375 917 433 949 pro
454 906 545 939 causa
569 905 679 939 babeas
704 907 880 950 apoplexiae
902 933 909 939 .
946 905 1047 946 Qiod
1079 907 1136 949 qui
1170 906 1294 940 censue-

284 959 356 983 runt
373 972 385 989 ,
409 948 493 982 haud
519 950 591 983 satis
616 949 761 984 videntur
785 950 972 991 attendisse,
996 948 1158 984 effufiones
1170 950 1295 992 sangui—

286 994 335 1025 nis
360 1003 424 1028 non
449 992 567 1036 semper
591 993 628 1026 ab
651 992 860 1028 distentorum
881 993 1029 1027 vasorum
1051 995 1222 1036 ruptione,
1243 1004 1296 1025 ne-

284 1047 345 1079 que
368 1035 447 1069 hanc
473 1037 591 1081 semper
613 1048 631 1070 a
657 1037 800 1080 praesenti
825 1038 983 1081 sanguinis
1005 1048 1094 1070 mora
1128 1037 1261 1079 pendere
1284 1049 1295 1075 3

284 1078 433 1112 vasorum
454 1081 539 1113 enim
562 1081 679 1114 tunicae
703 1090 774 1114 tum
796 1080 834 1114 ab
857 1080 1017 1119 erohbne,
1042 1091 1077 1114 ut
1103 1081 1177 1113 alias
1199 1083 1212 1119 (
1231 1090 1262 1113 m
1282 1084 1296 1120 J

285 1121 415 1165 scripsi,
444 1124 594 1165 pertundi
617 1134 759 1167 queunt,
785 1136 854 1159 tum
879 1125 1046 1168 postquam
1082 1135 1097 1156 a
1133 1120 1296 1166 praegressa

285 1165 387 1202 Olim,
413 1166 510 1209 idque
534 1167 669 1210 saepius,
692 1180 804 1209 mora,
829 1178 882 1202 aut
905 1171 1029 1211 impetu
1053 1167 1214 1208 sanguinis
1245 1175 1295 1198 at-

284 1218 421 1245 tenuatae
446 1210 623 1251 plurimum
648 1210 719 1246 sunt
734 1235 746 1251 ,
769 1220 895 1255 repente
919 1224 934 1245 a
957 1212 1088 1254 quovis,
1111 1211 1224 1243 leviori
1246 1219 1294 1243 et-

287 1254 376 1292 iam,
398 1253 453 1294 qui
480 1253 630 1294 accedat,
653 1255 776 1296 impetu
792 1256 927 1289 omnino
951 1253 1294 1298 perrumpi.Apople—

286 1297 347 1328 xite
373 1305 571 1345 autemtqnae
594 1295 636 1329 fic
660 1296 792 1332 effusum
817 1299 999 1342 sanguinem
1021 1297 1258 1340 consequuntur
1281 1321 1295 1339 ‚

284 1348 362 1372 num
384 1351 402 1371 a
425 1339 585 1375 restitante
608 1342 641 1374 in
666 1340 741 1375 vasis
757 1365 765 1379 ‚
790 1353 827 1375 an
853 1353 869 1375 a
891 1354 964 1376 com
989 1343 1122 1374 timente
1146 1348 1232 1374 extra
1243 1352 1295 1373 va-

284 1381 526 1432 sacerebrum,
550 1382 758 1429 efficiuntur?
779 1387 876 1419 Certe
898 1387 952 1428 qui
998 1383 1182 1428 compressio
1212 1395 1295 1418 cere-

286 1424 337 1474 bri
363 1436 417 1468 per
441 1426 468 1460 se
492 1426 606 1468 poffit,
629 1433 717 1468 arte,
742 1430 855 1463 &casu
866 1428 1021 1463 ostensum
1034 1428 1212 1469 accepimus
1222 1439 1295 1461 cum

284 1480 319 1501 in
335 1467 446 1518 *brutis
470 1470 705 1511 animantibus,
726 1481 797 1506 tum
820 1474 854 1505 in
886 1472 1075 1516 quibusdam
1108 1471 1295 1507 hominibus

285 1512 406 1555 quibus
431 1512 573 1549 fortuito
596 1525 666 1557 pars
689 1516 791 1549 cranii
814 1527 877 1550 non
902 1527 995 1558 parva
1009 1515 1154 1558 adempta
1172 1513 1297 1555 suerat;

285 1567 382 1591 manu
403 1558 487 1590 enim
513 1557 551 1590 ad
573 1557 736 1593 cerebrum
760 1558 897 1602 appressa
908 1583 921 1602 ,
943 1558 1048 1594 eadem
1072 1571 1143 1603 quae
1167 1559 1199 1589 in
1221 1569 1297 1601 apo-

287 1599 414 1648 plexia,
438 1599 654 1643 symptomata
679 1601 889 1642 accedebant3
914 1614 1010 1636 manu
1031 1611 1160 1641 amota,
1193 1601 1301 1643 paula-

288 1653 349 1676 tim
372 1643 523 1691 abibant.
548 1645 594 1677 Et
618 1656 655 1678 ne
680 1646 719 1678 ab
742 1657 776 1678 ea
800 1657 869 1688 quae
893 1646 931 1679 ab
954 1645 1054 1680 effuso
1079 1645 1228 1688 sanguine
1240 1644 1301 1685 fit,

285 1687 407 1722 cerebri
433 1687 659 1730 compreffione
684 1689 888 1729 recedamus5
912 1690 993 1723 illuc-i
1015 1689 1101 1733 quod
1124 1690 1202 1730 saepe
1213 1688 1302 1721 vide-

288 1740 363 1766 runt
386 1730 568 1774 Chirurgi,
591 1733 725 1775 cogita,
747 1733 795 1765 vel
821 1734 930 1777 potius
954 1733 986 1764 in
1001 1730 1208 1775 Sepulchreto
1231 1735 1301 1772 (n)

290 1774 381 1816 lege.
408 1774 512 1808 Solam
530 1775 772 1820 compreffionem
793 1799 807 1818 ,
841 1788 859 1809 a
875 1775 1026 1819 sanguine
1050 1776 1134 1810 intra
1160 1775 1303 1817 spatium

289 1818 467 1866 meningum
482 1817 665 1860 stagnante,
689 1819 729 1858 ad
750 1818 948 1862 apoplexiam
951 1816 1132 1861 faciendam
1139 1816 1276 1863 sufficere
1291 1840 1304 1859 ,

294 1869 444 1896 evincunt
466 1861 519 1894 illi
541 1862 596 1903 qui
617 1862 760 1896 omnibus
778 1861 917 1905 sensibus
941 1864 978 1896 ff
988 1871 1073 1896 motu
1081 1862 1230 1904 privati,
1246 1859 1300 1902 so-

292 1903 323 1936 lo
346 1911 474 1945 trepano
497 1916 514 1937 a
533 1904 762 1949 praescntiffimo
786 1905 918 1940 interitu
928 1905 1216 1940 vindicantur.Ex
1226 1904 1300 1947 qui-

288 1946 347 1980 bus
370 1948 522 1991 exemplis
547 1947 609 1981 hoc
632 1959 759 1991 quoque
780 1948 931 1990 colligere
953 1947 1044 1982 simul
1069 1949 1190 1992 poteris
1212 1945 1300 1990 quod

290 1991 331 2026 iis
356 2002 515 2034 reponas,
562 1992 594 2025 ui
628 2003 644 2024 a
668 1991 892 2033 compressione
923 1991 1055 2035 quidem
1094 1990 1297 2033 apoplexiam

289 2033 486 2076 agnoscunt,
512 2034 540 2071 se
587 2034 626 2067 ab
648 2046 682 2067 ea
705 2036 807 2068 solum
831 2033 1060 2077 compreffione
1083 2046 1154 2076 quae
1176 2045 1238 2066 non
1261 2033 1299 2066 ab

294 2089 355 2112 una
381 2080 488 2120 aliqua
512 2087 626 2121 parte,
662 2077 711 2112 sed
748 2076 846 2113 ferme
879 2077 1020 2121 undique
1053 2077 1217 2111 cerebrum
1247 2088 1298 2110 ur-

293 2132 392 2163 geat„
413 2121 542 2159 Quibus
567 2124 599 2155 3<
624 2123 803 2155 anatomica
832 2120 1034 2155 adversantur
1057 2121 1220 2163 exempla,
1245 2131 1297 2152 ve-

295 2166 343 2198 lut
367 2164 432 2199 duo
456 2166 511 2197 illa
533 2176 603 2207 quae
627 2176 642 2197 a
664 2164 734 2197 Cel.
762 2165 938 2198 Swietenio
960 2167 974 2203 (
995 2175 1011 2197 o
1035 2168 1048 2206 )
1073 2164 1143 2197 sunt
1160 2175 1301 2197 comme-

293 2217 434 2243 morata.
460 2207 516 2243 Est
540 2210 625 2240 enim
649 2206 801 2249 evidens,
825 2220 842 2240 a
866 2208 1015 2250 sanguine
1039 2207 1137 2243 effuso
1158 2207 1196 2240 ad
1226 2207 1302 2240 bina

292 2252 463 2286 dumtaxat
485 2250 691 2290 cochlearia,
714 2252 782 2283 imo
806 2250 844 2284 ad
868 2262 991 2290 unum,
1014 2252 1185 2293 comprimi
1210 2249 1303 2283 undi-

293 2308 352 2339 que
377 2296 539 2328 cerebrum
563 2305 627 2326 non
651 2293 735 2335 posse
751 2318 758 2325 .
782 2293 837 2327 Ad
860 2305 893 2326 ea
915 2293 938 2326 fi
963 2296 996 2329 ὃ(
1017 2294 1160 2327 nostrum
1184 2292 1278 2327 addas
1293 2317 1305 2334 ‚

295 2338 443 2382 Epistola
467 2337 621 2380 scriptum
644 2337 804 2380 superiore
827 2340 839 2375 (
859 2347 882 2378 p
902 2341 938 2377 ),·
959 2337 1144 2378 intelliges,
1168 2335 1232 2369 duo
1249 2348 1305 2369 co·-

297 2383 437 2417 chlearia
485 2380 646 2422 sanguinis
671 2404 680 2419 ‚
723 2389 844 2420 partem
885 2380 1004 2412 cerebri
1044 2379 1273 2413 tantummodo
1297 2404 1306 2419 ‚

297 2426 394 2469 idque
426 2425 564 2458 exterius
584 2447 596 2464 ‚
629 2423 801 2466 prementis
821 2444 830 2457 ‚
863 2421 1011 2457 inducere
1046 2421 1134 2467 posse
1176 2423 1306 2465 apople-

297 2472 385 2505 xiam
410 2481 416 2503 ς
443 2480 504 2510 qua
528 2478 634 2500 autem
655 2468 778 2499 ratione
801 2465 886 2499 haud
911 2466 1029 2499 multus
1053 2465 1198 2506 sanguis,
1224 2466 1308 2498 mul-

299 2524 369 2548 tum
395 2512 506 2556 poffit‚
531 2523 569 2544 ex
593 2512 632 2545 iis
656 2508 849 2553 cognosces,
872 2520 943 2554 quae
967 2508 1062 2554 paulo
1097 2511 1186 2551 supra
1218 2511 1269 2551 (q
1295 2513 1309 2551 )

300 2558 440 2593 indicata
466 2554 537 2589 sunt
551 2579 558 2587 .

342 2613 394 2645 34.
421 2599 453 2632 Si
478 2600 578 2640 igitur
602 2597 725 2639 sanguis
748 2595 863 2630 effusus
879 2621 887 2635 ‚
910 2595 1072 2630 cerebrum
1097 2594 1269 2638 premendo
1292 2618 1304 2634 ‚

302 2644 503 2689 apoplexiam
528 2642 630 2680 facit,
656 2642 753 2672 etiarn
778 2651 856 2682 aqua
881 2638 996 2679 effusa,
1023 2650 1080 2681 pro
1105 2647 1169 2671 rata
1182 2640 1310 2681 portio-

302 2701 340 2724 ne
365 2686 466 2720 facere
491 2686 632 2728 poterit,
657 2693 710 2717 aut
733 2694 818 2717 certe
843 2683 880 2717 ad
903 2693 1122 2725 quamcunque
1134 2682 1227 2715 aliam
1239 2694 1312 2715 cau-

305 2734 368 2769 sam
383 2753 391 2767 ‚
414 2741 483 2772 quae
507 2728 573 2764 sola
597 2726 694 2762 facere
718 2738 783 2761 non
805 2724 924 2769 posset,
950 2724 1118 2770 adjuntffta,
1141 2724 1311 2767 perficere.-

305 2785 341 2812 ut
364 2774 387 2809 fi
411 2772 495 2807 forte
519 2772 666 2815 sanguini
690 2770 823 2804 necdum
849 2770 881 2803 in
904 2767 981 2802 vafis
1015 2768 1094 2802 adeo
1126 2769 1280 2802 restitanti
1301 2792 1314 2809 ,

308 2828 345 2853 ut
367 2815 485 2851 inferre
507 2816 611 2848 valeat
637 2815 860 2861 apoplexiam,
883 2810 977 2846 effusa
999 2812 1130 2859 interim
1154 2824 1231 2854 aqua
1266 2823 1314 2844 ac-

309 2860 401 2896 cedat
417 2871 426 2899 3
445 2859 504 2891 erit
529 2858 596 2892 haec
619 2858 750 2895 efluho,
781 2856 801 2889 fi
827 2857 873 2889 ita
895 2857 968 2896 vis,
990 2856 1117 2889 estestus
1148 2856 1235 2889 illius
1268 2866 1315 2887 re-

310 2903 528 2941 tardationi53
552 2900 602 2936 sed
626 2898 810 2943 compressio
833 2911 902 2941 quae
925 2899 966 2931 ab
989 2897 1085 2933 effusa
1109 2910 1187 2941 aqua
1219 2898 1314 2931 adde-

312 2960 386 2986 tur,
411 2944 502 2981 causa
525 2946 587 2977 erit
610 2945 724 2978 ultima
749 2942 928 2985 apoplexiae
955 2969 962 2974 .
1052 2943 1175 2977 Verum
1207 2953 1316 2985 quam-

311 2994 360 3025 vis
385 2988 556 3025 liberaliter
579 2988 611 3021 iu
636 2986 695 3021 hac
718 2985 937 3028 disputatione
961 2995 1068 3021 tecum
1080 2997 1194 3027 agam5
1220 2996 1256 3017 ne
1269 2994 1317 3017 ta-

314 3046 383 3070 men
409 3031 538 3073 credaS,
560 3042 609 3065 me
632 3031 666 3063 in
702 3029 832 3064 alteram
868 3037 989 3070 partem
1022 3027 1107 3062 forte
1141 3029 1318 3071 proclivio-

315 3089 403 3116 rem3
427 3074 516 3117 cujus
538 3075 583 3108 rei
605 3072 710 3108 causas
733 3073 843 3115 procul
868 3071 991 3111 habe03
1015 3083 1079 3115 quo
1101 3071 1193 3116 jure,
1217 3083 1316 3114 quave

314 3120 432 3167 injuria
455 3119 525 3163 plus
548 3129 635 3161 aquae
658 3114 823 3155 tribuisse,
844 3127 938 3158 quam
964 3127 1017 3158 par
1041 3114 1101 3155 Εἰς
1125 3114 1242 3149 omiffis
1265 3114 1318 3147 hic

317 3165 459 3209 partim,
484 3162 603 3205 partim
628 3161 728 3195 alium
750 3161 783 3194 in
807 3159 919 3193 locum
942 3158 1063 3202 rejectis
1087 3160 1207 3192 caeteris
1240 3168 1320 3200 apo-

319 3206 530 3251 plceticorum
553 3203 695 3238 historiis
718 3205 752 3237 in
776 3213 914 3246 quorum
935 3204 1044 3235 cranio
1066 3202 1157 3235 illam
1179 3202 1281 3243 reperi
1307 3225 1319 3241 ,

319 3248 479 3285 noviffime
501 3247 563 3282 tibi
585 3258 682 3281 unam
707 3245 876 3292 subjiciam
898 3247 932 3278 in
954 3257 1015 3287 qua
1038 3247 1176 3280 multum
1200 3244 1320 3277 ibidem

321 3304 407 3337 aquae
430 3292 558 3330 inveni,
582 3290 638 3324 etsi
663 3290 831 3333 apoplexia
853 3289 939 3322 nulla
952 3288 1071 3324 fuerat.
1163 3291 1209 3322 Ea
1224 3287 1322 3321 histo-

321 3339 367 3371 ria
390 3332 552 3377 exposita,
576 3334 800 3377 perpaucisque
823 3331 889 3375 ejus
904 3330 1063 3366 occasione
1074 3331 1193 3367 additis
1206 3331 1243 3364 de
1256 3343 1320 3365 uno

322 3392 361 3413 ex
383 3378 495 3413 multis
519 3376 623 3412 modis
648 3386 741 3419 atque
773 3374 949 3410 rationibus
981 3375 1099 3417 quibus
1132 3377 1165 3408 iu
1194 3374 1321 3408 cerebro

323 3433 403 3465 aqua
424 3422 633 3463 congeritur,
656 3418 707 3455 his
729 3419 792 3463 jam
814 3430 908 3464 aequo
930 3419 1163 3464 prolixioribus
1185 3419 1319 3454 Litteris

326 3465 422 3501 finem
443 3466 626 3507 imponam.

875 90 1033 145 Liber
1064 90 1104 143 l..
1138 89 1221 143 De
1257 88 1464 144 Morbis
1496 86 1703 154 Capitis

1385 178 1438 212 35.
1464 168 1615 202 SENEX
1637 172 1738 212 prope
1759 178 1857 202 annos
1879 165 2050 210 octoginta
2071 173 2164 200 natus
2186 169 2199 204 ,“
2232 165 2315 199 olim
2330 184 2343 202 2

1366 211 1430 245 uod
1452 212 1615 246 cicatrices
1639 211 1841 245 ostendebant
1853 234 1867 251 ,
1889 211 2041 244 tibiarum
2054 209 2212 242 ulceribus
2226 233 2236 249 ‚
2259 219 2343 243 nunc

1343 224 1441 290 {loedis
1465 257 1497 287 in
1521 264 1594 290 cute
1616 253 1714 289 ferme
1735 254 1878 289 universa
1902 252 2032 296 pustulis
2054 250 2183 286 affeetus
2196 275 2209 292 ,
2231 253 2265 285 in
2279 252 2345 285 Bo-

1342 297 1491 331 noniense
1515 299 1545 333 S,
1571 298 1683 331 Mariae
1704 296 1744 331 de
1766 298 1877 331 Morte
1898 296 2139 330 Nosocotnium
2161 294 2218 330 sub
2239 295 2345 329 nostis

1349 343 1481 375 initium
1505 342 1676 382 recipitur.
1702 342 1901 375 Arteriarum
1933 338 2038 383 pulsus
2071 348 2137 371 non
2167 337 2345 380 frequentes

1349 385 1399 417 illi
1422 384 1550 427 quidem
1574 394 1683 425 erant,
1707 384 1758 418 sed
1780 385 1813 417 vi
1836 395 1946 426 parum
1956 383 2068 422 firma,
2088 392 2185 423 eaque
2207 382 2347 424 inaequa-

1349 431 1392 466 li,
1416 439 1512 471 neque
1535 429 1569 460 in
1590 437 1726 471 utroque
1750 425 1885 461 brachio
1905 438 1992 469 aeque
2017 424 2180 459 manifesta
2200 449 2208 455 .
2245 425 2347 457 Luce-

1340 473 1417 507 bant
1440 471 1549 511 oculi,
1573 471 1752 514 intentique
1773 480 1863 504 erant
1879 495 1888 509 ‚
1914 473 1947 502 &
1968 468 2054 513 quafi
2065 466 2184 505 diversa
2196 475 2318 500 tuentes
2337 490 2346 499 .

1343 519 1585 557 Interrogatus,
1611 523 1724 556 negat,
1745 522 1842 555 caput
1865 513 1995 554 dolere,
2017 522 2071 547 aut
2093 522 2187 554 grave
2202 508 2348 549 effe,aut

1346 558 1601 593 somnolentum.
1630 555 1796 591 Vomuisse
1819 556 1873 598 se,
1897 558 1965 596 ait,
1989 556 2203 599 idquelingua
2218 576 2230 593 ,
2254 554 2350 585 utvi-

1343 603 1461 642 detur,
1482 601 1664 634 titubante.
1690 602 1783 634 Mens
1807 609 1913 634 tamen
1929 624 1941 641 ,
1963 600 2133 637 &seusus,
2158 594 2350 631 &movendi

1340 646 1473 679 incultas
1496 644 1658 677 constant.
1683 644 1799 679 Noetu
1810 643 1916 677 senfirn
1928 644 2056 683 gravior
2079 642 2136 677 fit:
2161 642 2268 685 itaque
2278 650 2352 672 mo-

1344 691 1425 724 ritur
1459 687 1610 731 postridie
1643 699 1758 720 mane.
1857 687 2061 721 VENTRE
2094 693 2206 728 aperto
2230 706 2242 723 ,
2279 681 2350 718 sana

1344 733 1452 765 omnia
1475 733 1602 764 inventa
1628 730 1722 769 sunt,
1746 729 1805 763 nifi
1822 730 1910 773 quod
1930 738 2017 764 erant
2028 730 2351 771 multomagisquam

1348 776 1488 815 soleant,
1511 773 1662 815 madida,
1685 773 1783 815 hepar
1807 782 1913 806 autern
1936 771 2158 811 subalbidum,
2183 768 2351 804 &durius-

1346 820 1476 859 culum,
1499 817 1626 860 ejusque
1647 815 1780 850 vesicula
1804 815 1920 850 referta
1944 815 2092 857 subnigra
2115 816 2178 849 bile
2199 836 2209 852 ‚
2241 814 2351 847 Colon

1346 862 1479 905 denique
1502 862 1706 899 intestinum3
1730 858 1752 893 fi
1774 859 1808 893 id
1832 870 1959 902 quoque
1983 858 2045 892 huc
2064 857 2168 893 censes
2187 859 2351 897 attinere3

1347 905 1385 938 ad
1408 905 1639 939 craffitudinem
1662 904 1792 948 pollicis
1815 902 1872 937 sub
1904 901 2085 938 ventriculo
2113 901 2316 935 contraitum
2339 924 2346 932 .

1347 952 1437 984 Hora
1459 958 1526 981 erat
1549 960 1567 982 a
1591 957 1695 981 morte
1718 946 1907 984 undecima,
1930 944 2061 979 cadaver
2083 955 2188 979 autem
2209 946 2242 978 in
2265 955 2353 987 aper-

1345 1002 1382 1026 to
1405 1003 1473 1024 aere
1494 990 1658 1035 jacuerat,
1681 1002 1780 1033 eoque
1803 988 2081 1032 frigid05medius
2091 989 2175 1021 enirn
2188 997 2253 1021 erat
2266 999 2353 1021 men-

1347 1035 1385 1070 fis
1408 1036 1586 1070 December
1609 1035 1650 1068 A.
1681 1044 1795 1078 1705.‚
1821 1033 1967 1067 intestina
1991 1041 2099 1065 tamen
2132 1030 2238 1064 adbuc
2270 1032 2353 1064 cale-

1348 1080 1446 1113 bant.
1530 1080 1710 1113 ‘Pulmones
1732 1076 1878 1120 undique
1900 1086 1989 1110 erant
2002 1075 2117 1118 pleurae
2129 1073 2238 1113 affixi,
2263 1086 2354 1119 aqua.

1347 1123 1422 1156 dum
1445 1122 1568 1156 finistro
1590 1123 1623 1154 in
1647 1122 1743 1155 latere
1768 1121 1974 1154 avellerentur
1989 1143 1997 1158 ,
2021 1129 2100 1161 aqua
2124 1117 2352 1163 prodiit,quae

1345 1167 1401 1200 ubi
1424 1164 1608 1209 stagnaffet,
1631 1175 1690 1207 pro
1713 1172 1801 1196 certo
1824 1175 1889 1197 non
1914 1163 2023 1205 potuit
2037 1163 2211 1205 cognosci.
2226 1163 2264 1193 In
2277 1173 2354 1194 cor-

1344 1211 1403 1250 de,
1427 1219 1463 1243 ut
1488 1209 1564 1242 alibi
1586 1218 1735 1251 quoque,
1760 1206 1884 1248 sanguis
1909 1206 2029 1240 fluidus
2050 1231 2057 1238 .
2147 1205 2266 1246 Capite
2299 1205 2355 1238 ab-

1347 1251 1458 1292 sciffo,
1481 1264 1559 1297 aqua
1582 1251 1619 1285 de
1644 1250 1787 1284 maximo
1808 1249 1911 1282 cranii
1943 1247 2103 1282 foramine
2137 1247 2318 1281 destillabat
2342 1260 2351 1282 :

1346 1301 1380 1330 ἃ
1404 1296 1474 1330 sane
1496 1297 1612 1338 ubique
1645 1295 1732 1328 intra
1762 1295 1905 1328 cranium
1937 1290 2002 1326 fuit
2021 1314 2031 1329 ,
2064 1290 2241 1332 praesertim
2276 1302 2355 1325 vero

1346 1339 1403 1374 sub
1425 1349 1494 1373 tota
1516 1340 1662 1381 meninge
1686 1338 1819 1377 Tenui,
1843 1348 1896 1380 per
1918 1346 2031 1379 quarn,
2059 1333 2213 1376 spumosa:
2244 1332 2354 1368 salivae

1347 1383 1463 1422 instar,
1487 1383 1621 1417 bullulis
1645 1379 1794 1414 videlicet
1830 1379 1937 1423 paffim
1970 1377 2110 1412 admistis
2136 1399 2145 1414 ,
2178 1377 2356 1412 transluce-

1345 1428 1401 1461 bat
1427 1452 1435 1460 .
1469 1428 1583 1462 Plexus
1628 1423 1810 1459 Choroides
1846 1422 1994 1457 vesiculas
2029 1422 2155 1465 aliquot
2187 1432 2267 1464 aqua
2303 1421 2356 1456 di-

1346 1465 1457 1509 stensas
1501 1470 1669 1506 habuere;
1713 1465 1772 1511 ipsi
1819 1475 1925 1500 tamen
1972 1465 2009 1498 ab
2042 1477 2077 1498 ea
2109 1475 2189 1508 aqua
2220 1476 2290 1508 quae
2320 1466 2357 1498 iu

1348 1514 1533 1548 ventriculis
1577 1515 1705 1546 inventa
1749 1510 1791 1544 est
1814 1536 1824 1551 ‚
1869 1510 2001 1544 minime
2048 1507 2226 1542 albicabant
2251 1532 2259 1541 .
2291 1509 2357 1541 Ce-

1355 1557 1481 1592 rebrum
1525 1557 1635 1591 laxum
1690 1564 1757 1589 erat
1796 1566 1805 1588 :
1850 1554 2025 1588 Pituitaria
2071 1551 2222 1597 glandula
2265 1551 2354 1598 quasi

1353 1601 1441 1635 nulla

1394 1647 1446 1688 36.
1472 1645 1544 1677 Sive
1568 1642 1704 1683 amplius
1729 1642 1761 1673 in
1786 1640 1849 1673 hoc
1872 1640 1981 1673 cranio
1997 1662 2010 1679 ,
2032 1650 2094 1683 pro
2119 1639 2358 1681 molecerebri,

1352 1687 1490 1730 spatium
1514 1687 1579 1721 suit
1599 1709 1612 1727 ,
1634 1683 1694 1717 five
1718 1683 1812 1727 hujus
1836 1683 1927 1723 vasa,
1951 1695 2021 1726 quae
2044 1694 2144 1726 neque
2158 1682 2286 1726 turgida
2300 1694 2359 1726 po-

1353 1732 1403 1764 tui
1427 1731 1696 1768 animadvertere,
1719 1738 1818 1770 neque
1843 1726 1933 1764 fore,
1958 1727 2143 1760 arteriarum
2177 1728 2283 1769 pulsus
2307 1728 2359 1759 in.=

1354 1773 1520 1812 dicaranv,
1544 1774 1676 1808 minime
1699 1770 1892 1814 turgebant,
1917 1770 1976 1803 live
2000 1769 2084 1803 lente
2107 1772 2242 1804 omnino
2263 1793 2275 1810 ,
2309 1775 2360 1803 at-

1354 1829 1414 1860 que
1437 1818 1592 1860 paulatim
1617 1826 1694 1858 aqua
1718 1815 1772 1846 illa
1794 1814 1928 1849 collesta
1951 1812 2076 1853 fuerat5
2101 1815 2212 1854 nulla,
2242 1823 2280 1847 ut
2311 1816 2361 1846 vi·

1350 1861 1423 1900 des,
1448 1860 1501 1894 hic
1526 1860 1589 1895 fuit
1614 1859 1803 1901 apoplexia3
1829 1869 1909 1901 aqua
1932 1866 2039 1890 tamen
2062 1857 2097 1890 in
2129 1858 2240 1891 cranio
2276 1858 2362 1890 mul-

1352 1915 1405 1937 ta.
1431 1906 1510 1941 Quo
1534 1914 1638 1938 autem
1663 1902 1730 1936 haec
1755 1899 1852 1934 modo
1874 1900 2007 1935 collec‘ta
2031 1898 2126 1942 esset,
2148 1901 2277 1935 facilius
2310 1901 2363 1933 di.

1353 1960 1476 1988 cerem,
1500 1946 1522 1980 fi
1547 1950 1581 1980 in
1605 1945 1794 1979 ventriculis
1817 1943 1989 1987 praesertim
2011 1966 2020 1982 ,
2067 1953 2102 1977 ut
2148 1956 2214 1978 non
2259 1956 2360 1987 pauca

1352 1990 1416 2025 fuit
1431 2015 1443 2032 ,
1465 1991 1506 2023 lic
1530 1991 1668 2033 plurima
1690 1986 1820 2028 fuisset,
1842 1987 2012 2031 plexusque
2036 1988 2070 2020 in
2093 1988 2160 2022 illis
2171 1988 2337 2023 decolores
2351 2012 2362 2020 .

1351 2035 1440 2067 Nam
1467 2034 1672 2068 Pituitariam
1695 2030 1879 2076 glandulam
1910 2030 2008 2073 usque
2042 2030 2120 2064 adeo
2154 2040 2360 2065 extenuatam

1350 2077 1501 2118 spectanti
1525 2076 1662 2119 suspicio
1686 2086 1750 2107 non
1776 2073 1913 2114 deesset,
1935 2075 2041 2109 minus
2065 2074 2158 2109 illam
2181 2073 2289 2107 officio
2309 2075 2366 2109 suo

1350 2119 1494 2155 functam
1516 2118 1593 2155 esse,
1616 2130 1681 2152 non
1704 2116 1789 2150 secus
1813 2127 1847 2149 ac
1871 2118 2090 2150 mammariam
2102 2118 2310 2160 glandulam,
2332 2120 2366 2152 δε
2419 2114 2420 2117 “

1352 2163 1505 2205 thymum
1519 2186 1528 2200 ‚
1552 2174 1587 2195 ac
1611 2162 1701 2195 testes
1725 2172 1762 2194 eo
1785 2160 2018 2193 contractiores
2028 2160 2175 2195 videmus
2187 2184 2200 2202 ,
2222 2172 2288 2203 quo
2299 2162 2365 2204 jam

1352 2207 1475 2240 diutius
1499 2207 1533 2238 in
1556 2215 1684 2240 munere
1707 2201 1862 2237 cessarunt
1884 2202 1961 2236 su0.
1984 2204 2032 2237 At
2057 2201 2082 2237 fi
2103 2203 2251 2239 officium
2274 2205 2363 2237 illius

1356 2249 1398 2282 est
1422 2249 1632 2284 destillantem
1654 2260 1669 2279 e
1693 2247 1879 2280 ventriculis
1904 2247 2077 2280 humorem
2103 2258 2156 2290 per
2170 2246 2368 2282 Infundibu-

1357 2295 1424 2326 lum
1450 2293 1782 2334 excipere3c111·non
1817 2292 1850 2321 δε
1882 2290 1989 2323 multo
2023 2290 2096 2332 plus
2131 2303 2218 2333 aquae
2249 2291 2284 2323 in
2318 2289 2370 2325 his

1358 2334 1464 2371 suiss‘et
1477 2359 1489 2376 ,
1511 2338 1542 2369 &
1567 2336 1601 2367 in
1624 2332 1769 2376 plexibus
1793 2332 1898 2365 multo
1922 2332 2104 2375 longioris,
2127 2342 2163 2366 ut
2187 2333 2228 2367 fic
2239 2333 2370 2376 dicam,

1357 2380 1579 2414 macerationis
1602 2374 1747 2410 indicia?
1771 2375 1854 2416 Qae
1879 2373 1950 2408 sane
1963 2374 2104 2416 indicia,
2127 2385 2164 2410 ut
2177 2388 2275 2418 neque
2288 2389 2370 2419 aqua

1358 2424 1495 2465 plurima
1510 2447 1517 2460 ‚
1542 2432 1596 2454 nec
1620 2421 1653 2452 in
1676 2418 1852 2461 Agricola,
1875 2423 1930 2450 nec
1953 2418 1988 2451 in
2013 2417 2194 2452 Stabulario
2218 2419 2368 2458 suerunt,

1358 2465 1397 2498 de
1422 2464 1538 2508 quibus
1563 2464 1652 2506 supra
1675 2465 1738 2502 (r)
1759 2460 1885 2495 dfflum
1906 2460 1970 2500 cst,
1993 2473 2067 2495 cum
2091 2464 2123 2495 in
2147 2463 2207 2495 illo
2220 2472 2323 2495 tamen
2337 2476 2371 2496 ca

1361 2508 1509 2551 glandula
1531 2519 1617 2550 aeque
1641 2516 1674 2539 ac
1698 2506 1732 2537 in
1745 2505 1822 2537 Sene
1836 2505 1873 2536 de
1896 2516 1963 2546 quo
1987 2505 2149 2548 loquimur
2167 2529 2179 2545 ,
2201 2507 2368 2539 commeta

1364 2550 1436 2585 esset
1451 2575 1463 2591 ‚
1484 2553 1517 2584 in
1541 2549 1720 2583 Stabulario
1743 2557 1848 2581 autem
1870 2549 1967 2580 etiam
1992 2550 2104 2581 vitiata
2124 2575 2130 2581 .
2167 2550 2259 2590 Quid
2293 2562 2371 2587 ergo

1364 2594 1432 2628 est?
1456 2595 1549 2629 Num
1570 2593 1667 2635 vulgo
1691 2591 1828 2625 traditus
1852 2589 1947 2634 hujus
1970 2591 2127 2633 glandulae
2159 2598 2231 2628 ulus
2263 2593 2304 2626 est
2328 2588 2372 2626 in

1363 2638 1498 2672 dubium
1521 2633 1705 2670 vocandus?
1729 2646 1768 2667 an
1793 2635 1925 2677 potius,
1947 2638 2101 2676 quoniam
2124 2638 2150 2669 is
2173 2637 2211 2669 ab
2230 2636 2370 2670 strustu-

1366 2693 1398 2714 ra
1422 2680 1508 2724 ipsa,
1533 2684 1564 2713 δε
1588 2678 1648 2714 fitu
1673 2679 1813 2721 partium
1837 2678 1995 2711 indicatur
2023 2689 2085 2711 non
2096 2679 2251 2720 obscure,
2276 2691 2374 2721 pecu-

1366 2726 1440 2759 liari
1464 2725 1568 2767 aliqua
1592 2724 1715 2756 ratione
1738 2720 1779 2754 est
1802 2723 1846 2753 ita
1871 2722 2097 2763 explicandus,
2120 2733 2154 2757 ut
2178 2735 2247 2766 qnae
2271 2726 2374 2758 nosin

1366 2769 1469 2801 tribus
1492 2770 1532 2801 iis
1557 2765 1741 2800 hominibus
1765 2763 1921 2807 glandulae
1944 2766 2024 2797 vitia
2057 2766 2338 2800 animadvertimus
2361 2791 2375 2807 ,

1365 2812 1506 2846 defluxui
1531 2810 1678 2844 humoris
1702 2808 1951 2841 ventriculorum
1974 2807 2137 2842 officerent
2161 2810 2375 2852 quidem‚sed

1369 2868 1431 2888 non
1447 2864 1602 2897 quantum
1618 2853 1709 2899 nobis
1721 2850 1833 2885 debere
1845 2849 1973 2884 officere
1986 2851 2089 2887 visum
2108 2852 2171 2886 est?
2186 2863 2221 2887 ut
2239 2863 2315 2896 puta
2329 2876 2339 2891 ,
2351 2853 2375 2887 fi

1368 2900 1426 2931 viae
1450 2907 1595 2941 praeterea
1619 2898 1679 2928 lint
1702 2904 1755 2928 aut
1779 2894 1884 2939 quales
1909 2895 2006 2928 multi
2021 2895 2079 2929 ess'e
2092 2897 2306 2936 arbitrantur,
2321 2906 2375 2930 aut

1368 2942 1436 2974 aliae
1449 2951 1644 2984 quaecunque
1657 2963 1669 2980 ,
1695 2940 1799 2972 minus
1810 2938 1873 2970 illae
1885 2938 2014 2980 quidem
2026 2939 2196 2974 manifesta:
2207 2964 2220 2980 ,
2244 2939 2293 2973 sed
2305 2942 2376 2982 plu.

1368 2997 1437 3024 res,
1459 2995 1515 3027 per
1538 2995 1613 3027 quas
1638 2993 1708 3025 pars
1735 2981 1881 3027 humoris
1907 2981 1998 3024 poffit
2023 2995 2037 3014 e
2059 2985 2243 3017 ventriculis
2268 2994 2376 3016 aman-

1369 3028 1457 3061 dari.
1486 3029 1536 3060 Sic
1559 3029 1666 3065 enim,
1689 3024 1747 3058 nisi
1770 3023 1819 3058 hae
1843 3024 1934 3057 simul
1960 3027 2018 3059 viae
2043 3026 2267 3065 obstruantur,
2300 3038 2376 3060 ven-

1369 3071 1479 3105 triculi
1505 3082 1582 3113 aqua
1606 3080 1670 3102 non
1693 3067 1961 3110 complebuntur:
1986 3069 2007 3102 si
2032 3075 2062 3103 ἃ
2088 3069 2159 3111 hae,
2184 3081 2313 3112 magnus
2326 3082 2377 3103 ce-

1370 3115 1453 3147 rebri
1466 3113 1608 3156 hydrops
1623 3112 1677 3145 fiet
1694 3114 1822 3154 ‚Iraque
1834 3119 1868 3143 ut
1886 3112 1919 3143 in
1932 3112 1992 3145 illo
2005 3111 2246 3157 hydrocephalo
2269 3114 2377 3148 occlu-

1369 3158 1414 3193 sas
1425 3157 1571 3191 existimo
1583 3179 1592 3195 ‚
1617 3157 1649 3188 in
1661 3166 1725 3198 quo
1738 3153 1943 3189 Hunauldius
1967 3156 2026 3198 (s)
2049 3168 2148 3201 neque
2160 3158 2192 3190 in
2206 3159 2377 3191 Pituitaria

1370 3201 1520 3245 glandula
1535 3226 1543 3241 ,
1554 3210 1651 3242 neque
1662 3201 1694 3232 in
1705 3197 1916 3233 Infundibulo
1926 3200 2046 3234 vitium
2060 3201 2163 3235 ullum
2174 3199 2379 3234 sensibilein-

1371 3246 1479 3284 venit,
1494 3244 1534 3277 sic
1546 3242 1665 3276 easdem
1677 3252 1801 3284 quoque
1813 3239 1987 3277 obstrtffitas
1996 3243 2184 3278 crediderim
2205 3244 2239 3276 in
2259 3255 2296 3276 eo
2317 3243 2378 3286 hy—

1371 3287 1564 3331 drocephalo
1577 3287 1685 3329 inquo
1698 3284 1850 3327 glandulae
1865 3286 2051 3326 pituitariae
2072 3286 2193 3321 nullum
2214 3286 2385 3329 ‘vestigium'

1374 3331 1462 3371 fuit,
1484 3331 1560 3364 sicut
1585 3329 1678 3362 habes
1702 3332 1734 3361 in
1760 3328 1968 3370 Sepulchreto
1991 3333 2072 3371 (t),
2097 3330 2266 3375 multoque
2281 3332 2379 3366 etiam

1374 3377 1473 3416 magis
1497 3375 1530 3407 in
1555 3373 1654 3405 altero
1679 3373 1710 3404 in
1734 3383 1819 3415 quo,
1842 3381 1878 3405 ut
1890 3371 2009 3407 ibidem
2031 3375 2097 3413 (u)
2120 3373 2225 3416 leges,
2240 3372 2380 3416 illaflac-

1373 3419 1441 3451 sida
1456 3443 1463 3455 ,
1488 3418 1528 3450 ΘΝ
1544 3416 1629 3457 finis
1652 3425 1785 3457 magna,
1809 3426 1864 3448 nec
1887 3416 1992 3450 multo
2016 3417 2121 3450 minus
2143 3417 2177 3449 in
2201 3418 2322 3456 tertio,
2347 3420 2380 3450 &

1373 3470 1487 3504 quarto
1519 3459 1567 3492 ibi
1600 3459 1718 3502 pariter
1750 3459 1838 3501 (x)
1871 3458 2032 3504 descripto
2053 3480 2063 3497 ,
2093 3468 2148 3493 aut
2181 3471 2380 3495 commemo-

2245 3513 2314 3538 rato
2328 3525 2338 3541 7

391 3640 494 3672 (1)n.
514 3649 537 3666 1.
599 3643 614 3671 (
629 3650 652 3665 m
668 3643 677 3673 )
696 3642 768 3671 Epist.
786 3651 806 3673 3.
824 3650 847 3667 n.
866 3651 887 3672 3.
949 3644 963 3671 ζ
978 3640 1019 3670 n)
1037 3643 1055 3665 Ι.
1076 3647 1095 3665 1.
1114 3645 1138 3665 S.
1157 3648 1180 3664 ι.
1198 3638 1255 3663 Obs.
1273 3646 1295 3668 9,
1314 3639 1340 3662 in
1359 3638 1437 3662 schol.

391 3674 405 3700 (
421 3681 436 3702 q
452 3673 466 3700 )
484 3681 507 3696 n.
526 3680 561 3701 3²·
625 3672 662 3699 (r
676 3672 690 3698 )
706 3681 729 3696 n.
747 3677 783 3697 ²6.
802 3673 823 3696 ἃ
844 3681 879 3699 19.
941 3672 1008 3702 (s)
1024 3671 1139 3695 Memoir.
1157 3671 1186 3695 de
1203 3670 1301 3693 l’Acad.
1319 3671 1350 3692 R.
1367 3670 1405 3694 des
1422 3670 1458 3693 Sc.
1477 3670 1508 3692 A.
1525 3675 1591 3695 1740-

393 3703 408 3733 (
422 3711 437 3727 u
456 3706 463 3732 l
480 3703 573 3727 Obs.8.
592 3701 646 3727 Vid.
665 3708 746 3727 tamen
761 3703 789 3728 de
807 3709 904 3733 utraque
922 3702 965 3727 hae
983 3701 1155 3727 Observatione
1173 3700 1244 3731 Epist.
1264 3708 1297 3725 ιι.
1315 3707 1330 3724 n
1356 3709 1381 3729 4-

1499 3638 1553 3667 (ο)
1570 3638 1713 3660 Commeat.
1730 3636 1754 3660 in
1773 3637 1860 3661 Boerh.
1877 3637 1939 3665 Aph.
1958 3637 2063 3667 §.1010-
2082 3645 2092 3659 ε
2104 3656 2112 3664 .
2128 3638 2180 3667 8:4-
2242 3637 2292 3669 (p)
2307 3645 2333 3663 n.
2346 3645 2383 3668 14.

1651 3667 1665 3695 (
1682 3667 1792 3695 t)l.1.
1807 3670 1832 3692 S.
1850 3672 1886 3693 16.
1904 3666 1963 3692 Obs.
1983 3676 2006 3697 7.

1444 3702 1450 3730 (
1470 3708 1483 3722 a>
1501 3699 1513 3727 )
1529 3698 1560 3723 cit
1589 3698 1649 3722 sifi.
1662 3701 1697 3723 ³6.
1717 3698 1741 3721 in
1760 3697 1844 3722 Addit.
1861 3697 1917 3723 Obs.
1928 3705 1961 3722 n..
1980 3699 2004 3725 βε
2019 3697 2045 3723 in
2063 3696 2143 3722 Schol-
2161 3697 2329 3724 adeandemin
2338 3698 2382 3724 fin.
