2498 4075
400 240 574 321 Epist?
605 254 767 309 Anat.
808 253 1023 307 Medica
1055 248 1248 303 xLiv.
1288 246 1402 298 Art.
1435 246 1478 298 8.
1510 262 1555 308 9.
1587 245 1642 297 <sc
1673 259 1745 296 10.

57 330 186 365 scentiae
210 331 357 375 reliquiis
380 332 478 367 habui
510 328 613 363 carnis
635 333 800 372 qnondam
831 329 1023 363 luxuriantis
1047 341 1056 362 ε

57 375 172 409 deinde
195 373 251 408 etsi
276 378 311 408 in
336 376 487 410 Prostatae
509 372 668 414 glandulae
683 400 691 414 ,
713 374 936 407 &carunculae
961 371 1057 414 ipsius

57 418 186 455 colore,
210 421 239 451 &
265 418 433 453 substantia
458 416 598 450 nil-vitii
613 416 822 450 animadverti
841 427 852 454 ;
873 416 1058 449 osculorum

60 469 166 495 tamen
191 472 247 504 per
270 464 341 504 qu‘ae
365 461 468 496 semen
492 460 525 493 in
550 459 714 494 urethram
738 460 921 494 extruditur
940 483 947 497 ,
981 458 1058 491 fini-

58 505 156 539 strum
180 506 342 546 deletum,
366 514 420 539 aut
445 512 530 539 certe
552 505 776 545 obcaecatum,
800 504 969 537 dexterum
1003 513 1057 535 au-

61 555 125 582 tem
149 548 225 582 adeo
249 550 436 591 angustum,
462 549 517 582 vix
540 557 575 580 ut
601 547 757 586 viderim,
783 546 1059 589 tenuiffimamque

60 590 157 626 setam
182 593 371 626 immiserim
395 604 403 624 :
442 600 516 624 tuni
539 591 711 624 Seminales
737 591 885 625 vesiculas
910 592 955 624 ita
987 590 1059 623 stri-

60 635 171 678 gostis,
195 634 277 669 nihil
312 645 346 669 ut
379 635 544 669 continere
575 635 804 678 intelligeres,·
834 634 921 678 quod
955 631 1058 675 reapse

59 680 206 713 constitit
238 679 388 712 omnibus
410 700 420 716 ,
453 689 527 712 curn
549 689 599 711 eas
631 679 678 711 vel
713 678 822 720 saepius
853 676 1026 717 premendo
1047 698 1058 714 ,

59 733 99 755 ne
126 732 179 764 per
202 722 370 756 dexterum
393 721 523 764 quidem
546 722 585 754 de
607 733 673 763 quo
697 721 795 755 modo
826 721 950 755 dicium
984 720 1025 753 est
1047 743 1060 761 ,

58 764 206 799 osculum
230 764 410 807 quidquam
434 766 554 801 exivit;
581 774 615 797 in
638 765 908 798 testiculistamen
931 764 1059 798 nullum

59 808 148 850 quod
171 809 204 842 in
238 808 339 843 sensus
372 809 549 842 incurreret
566 834 573 847 2
596 818 800 850 compertum
833 808 875 840 est
909 809 1025 841 vitium
1050 820 1058 838 :

58 851 197 894 denique
211 860 245 884 ut
256 854 430 890 omittam,
457 853 512 885 vix
524 851 655 894 aliquod
680 850 771 885 fnisse
791 852 943 894 Cowperi
968 852 1059 892 glan-

59 894 208 928 dularum
233 896 418 935 indicium‚·
441 894 568 936 possunt
592 898 704 934 enim,
729 904 764 928 ut
787 895 863 928 alias
888 895 937 937 (t
959 897 972 934 )
1002 895 1060 928 do-

60 937 143 978 cui‘,
166 950 183 971 a
208 941 396 980 primordiis
427 935 526 972 deesse
550 951 557 973 :
596 949 743 972 meorum
775 939 1028 972 canaliculorum
1049 960 1062 977 ,

61 990 176 1025 praeter
199 991 321 1020 unum,
346 993 481 1024 eumque
505 982 690 1022 angustum,
712 984 743 1015 &
767 982 914 1020 brevem,
939 982 1064 1015 nullum

61 1023 190 1068 prorsus
213 1022 408 1068 apparuisses
433 1034 467 1058 ut
490 1036 561 1059 eum
587 1025 752 1060 madorem
774 1035 870 1068 quem
895 1025 934 1058 ab
956 1024 1029 1067 ipsis
1053 1047 1063 1063 ,

61 1078 126 1101 non
150 1067 275 1109 solum,
300 1074 350 1102 sed
376 1067 573 1111 potissimum
604 1070 759 1103 deducere
791 1068 943 1102 consuevi
969 1093 977 1106 ,
1010 1067 1064 1103 hic

61 1113 201 1146 maxima
225 1123 262 1146 ex
286 1122 375 1154 parte
399 1123 414 1145 a
439 1113 583 1147 minimis
605 1114 695 1152 illis,
719 1122 792 1147 ante
816 1123 872 1145 nos
897 1112 1063 1155 vulgatis,

61 1164 208 1196 repetere
219 1166 383 1197 oporteret
398 1165 688 1198 :quorumtarnen
713 1166 843 1189 neutros
865 1155 1064 1194 Eustachium

63 1198 139 1231 olim
161 1197 419 1244 perspellos-jam
454 1197 612 1243 habuzffe,
646 1199 703 1233 etsi
737 1201 938 1234 contrarium
972 1209 1063 1239 egre-

60 1242 133 1289 gius
147 1264 154 1277 ,
177 1241 398 1287 humanusque
415 1242 549 1286 Juvenis
559 1242 675 1277 diserte
701 1241 838 1277 affirmet
852 1266 860 1280 ‚
886 1241 1065 1285 tabulasque

61 1295 128 1327 ejus
151 1285 232 1318 hoc.
259 1296 345 1326 ajat,
370 1287 492 1321 docere,
517 1285 538 1318 fi
564 1288 675 1321 tandiu
700 1297 809 1329 perges
835 1285 916 1318 mihi
938 1285 1066 1320 credere

61 1328 164 1362 donec
189 1328 392 1361 Tabularum
416 1339 487 1370 quae
511 1328 544 1362 id
577 1331 736 1369 doceant,
760 1332 883 1363 numeri
917 1330 1067 1364 indicen-

62 1382 114 1406 tur
139 1396 148 1414 ‚
179 1383 243 1405 non
280 1372 397 1406 dubito
428 1382 509 1415 quin
543 1372 643 1417 longo
674 1383 821 1417 tempore
855 1371 893 1406 fis
926 1373 1069 1407 creditu-

61 1426 136 1450 rus.

105 1459 134 1491 8.
159 1458 336 1493 Miraberis
361 1458 466 1494 forsan
492 1462 525 1494 in
549 1459 721 1505 propositis
744 1460 1035 1496 Observationibus
1059 1482 1070 1498 ,

60 1512 135 1551 curn
162 1500 297 1544 praesens
319 1500 393 1549 esset
413 1504 612 1547 gonorrhoea
626 1527 635 1542 ‚
660 1516 724 1538 non
739 1506 827 1546 plura
838 1504 930 1537 nobis
952 1515 1068 1538 occur-

61 1544 134 1579 risse
156 1558 227 1588 quae
252 1550 288 1579 ad
314 1547 497 1589 praesentem
521 1550 654 1590 quidem
678 1547 787 1582 referri
814 1546 935 1588 possent
970 1559 1067 1590 qnam

60 1589 197 1623 urethrae
223 1589 409 1629 madorem,
434 1602 669 1635 nonnunquam
692 1603 765 1625 euni
792 1593 907 1624 rubore
930 1591 1068 1632 conjun-

62 1633 151 1666 etum
168 1655 177 1670 ‚
199 1631 361 1674 quand03
404 1643 440 1673 ut
476 1636 631 1669 Terranei
668 1640 678 1675 (
704 1645 723 1667 u
747 1640 760 1675 )
793 1634 1067 1668 observationem

62 1677 254 1722 mittamuS,
277 1676 417 1710 urethrae.¹
439 1679 560 1711 omnino
584 1676 827 1721 inflammatione
859 1677 1036 1719 livescentis
1058 1702 1068 1719 ,

57 1719 334 1762 glandutarumque
358 1721 391 1752 in
417 1732 449 1754 ea
473 1719 743 1763 dzssJegatarum.
768 1732 838 1764 quae
863 1723 991 1754 minimi
1008 1733 1067 1754 no-

61 1764 111 1795 bis
134 1764 302 1797 canaliculi
338 1762 430 1801 snnt‚
453 1764 651 1798 immodicam
687 1764 959 1804 extumescentiam
985 1777 997 1804 ,·
1031 1765 1066 1797 in

59 1805 119 1845 liae
142 1808 207 1848 ipsa
234 1809 359 1849 prima,
383 1806 495 1849 quade
518 1808 686 1850 loquimur
709 1835 715 1846 ‚
741 1806 878 1842 urethrae
894 1817 984 1848 parte
997 1809 1066 1841 Ve-

59 1849 156 1883 salius
175 1852 188 1887 (
205 1854 246 1888 x)
272 1848 420 1883 fossulam
446 1861 517 1892 quae
541 1850 627 1884 irstra
639 1852 787 1893 glandem
810 1851 870 1885 est,
892 1849 1068 1892 plurimum

57 1895 92 1926 in
119 1893 179 1925 hoc
204 1894 321 1927 morbo
343 1894 497 1927 ulceribus
521 1894 683 1937 infestari.
706 1894 848 1936 scripsit,
872 1893 1067 1928 confirman-

59 1936 150 1970 tibus
175 1936 282 1978 paffim
308 1939 402 1974 alxis,
427 1940 457 1969 &
483 1948 678 1971 nominatim
703 1938 754 1971 (Ἰ,
782 1937 934 1971 Astrucio
955 1940 1010 1980 (y
1034 1940 1068 1977 )‚

57 1982 93 2014 in
116 1990 151 2012 ea
176 1978 289 2013 fossula
314 1987 506 2021 comp-ertum
531 1978 585 2024 effe
607 1981 851 2015 exulcerationes
869 1991 984 2023 graves
1003 1980 1053 2022 ple

59 2033 188 2064 rumque
211 2022 308 2056 latere
331 2024 362 2055 in
382 2022 582 2065 gonorrhoea.
613 2026 737 2066 Nempe
762 2023 824 2058 hoc
860 2023 964 2066 ipsum
1000 2032 1068 2057 erat

59 2078 98 2100 ex
121 2068 160 2099 iis
193 2077 293 2100 unum
327 2077 399 2108 qnae
424 2061 489 2108 ips-e
513 2071 643 2109 quoque
669 2068 749 2102 mihi
775 2079 839 2100 non
862 2066 1033 2101 occurrisse
1058 2088 1068 2102 ‚

65 2110 208 2144 mirabar
223 2110 399 2150 praesertim
423 2121 497 2143 cum
521 2112 622 2144 toties
646 2111 800 2152 ejusmodi
815 2121 977 2152 aegrornni
992 2122 1069 2151 que-

60 2155 141 2188 relas
178 2153 359 2187 audiverim
395 2151 432 2185 de
468 2154 583 2187 acerbo
627 2154 741 2188 dolore
786 2155 832 2186 ibi
875 2152 1035 2195 insigniter
1059 2173 1069 2187 ¹

62 2198 134 2230 dum
160 2196 284 2228 urinam
319 2195 470 2234 reddunt,
498 2206 672 2238 torquente
691 2222 699 2236 ‚
734 2198 776 2230 ut'
804 2196 925 2228 Vesalii
962 2197 1067 2228 verbis

60 2250 157 2277 utar;
182 2239 312 2280 quando
331 2239 514 2273 Terraneus
539 2241 598 2283 (z
619 2243 632 2278 )
656 2252 720 2274 non
746 2249 781 2273 ut
805 2240 882 2275 alii,
907 2241 937 2272 s&
960 2240 994 2272 in
1019 2238 1069 2271 his

61 2284 229 2318 As'trucius
264 2281 351 2324 (a)
374 2303 382 2319 ‚
417 2283 565 2316 dolorem
598 2283 681 2317 inter
723 2283 895 2326 mejendum
939 2293 1066 2318 acrem,

63 2337 274 2367 urenteiuque
297 2335 554 2364 commemorat,
587 2328 656 2360 imo
690 2336 767 2361 tunc
796 2325 978 2368 plerumque
1009 2327 1070 2358 ‘m'x

61 2370 204 2412 pez-cipi,
227 2370 294 2408 ait,
318 2367 370 2401 sed
393 2369 546 2411 aegrojam
560 2370 685 2404 cimicia
697 2369 848 2414 cessante,
866 2377 923 2410 per
947 2379 1069 2401 omnem

63 2413 195 2446 urezlirae
217 2412 343 2446 dacium
366 2413 484 2445 acriter
504 2414 666 2446 admodum
678 2423 763 2446 urere
777 2437 785 2452 ‚
807 2411 941 2445 maxime
965 2412 1068 2453 quain

62 2456 205 2499 glandem
229 2454 356 2496 desinit.
383 2455 492 2498 Qem
517 2455 754 2498 egorrdoloreni
788 2455 844 2497 qui
878 2454 1069 2487 miffioneffi

66 2499 297 2541 consequitur,
321 2508 385 2530 non
413 2508 579 2541 propterea
603 2500 788 2538 imminuo;
812 2497 862 2530 sed
885 2497 923 2531 de
950 2510 988 2532 eo
1012 2499 1069 2539 qui

66 2544 244 2577 comitatur
259 2563 268 2579 ‚
293 2543 512 2584 querimonias
536 2544 692 2576 maximas
704 2540 856 2577 audivisse
880 2552 950 2578 nie,
973 2541 1070 2579 dico,

64 2597 102 2622 nt
126 2590 158 2620 in
186 2586 308 2628 aliquos
320 2596 551 2627 nonnunquam
575 2586 743 2620 inciderim
761 2609 773 2625 ‚
798 2584 825 2618 se
858 2585 978 2617 lotium
1002 2583 1073 2618 red-

65 2631 191 2665 dituros
216 2639 391 2670 negantes,
417 2629 473 2662 nisi
486 2639 677 2673 opportuno
690 2631 845 2671 quopiam
870 2628 1073 2661 auxiliotor-

67 2684 210 2708 mentum
234 2684 300 2715 quo
324 2682 400 2706 tunc
426 2676 666 2711 cruciarentur,
691 2674 851 2706 levarem.
877 2670 1007 2708 Quibus
1030 2670 1075 2704 est

71 2730 87 2750 a
112 2729 160 2749 me
185 2717 258 2749 satis
281 2714 401 2754 factum
420 2741 430 2756 ,
454 2728 528 2752 curn
561 2719 659 2751 urinae
693 2717 902 2751 acrimoniam
935 2726 1001 2757 quo
1034 2714 1073 2748 ad

20 2763 32 2766 ”
67 2759 134 2801 ejus
157 2757 226 2792 fieri
252 2758 607 2801 possetyfffiinuendo,
634 2772 704 2794 tum
738 2759 915 2802 praesertirn
949 2758 1076 2791 ratione

71 2803 157 2838 haud
182 2800 391 2835 itafd‘iffirnili'
418 2814 514 2847 atque
551 2805 709 2837 Arantius
741 2802 830 2845 (b)
862 2811 943 2843 quos
979 2801 1075 2834 dolor

69 2844 348 2893 haemorrhoidum
370 2847 450 2881 male
472 2846 610 2881 habebat
633 2870 646 2887 ,
678 2847 798 2880 minori
835 2847 980 2878 cruciatu
1015 2845 1076 2877 alvi

29 2893 273 2924 f‘excrementa
296 2889 433 2930 dejicere
455 2890 567 2925 docuit
600 2892 678 2924 dum
702 2889 792 2931 super
826 2890 967 2921 lasanum
992 2886 1077 2921 sede-

71 2942 165 2971 rent,
191 2933 333 2974 t'epentis
354 2931 507 2974 hydraelei
532 2935 686 2977 plenum,
711 2932 804 2975 cujus
823 2932 910 2965 soto
938 2942 1002 2964 non
1029 2932 1077 2964 so-

72 2978 139 3011 lnm
161 2976 308 3014 clausus,
343 2975 396 3009 sed
431 2988 507 3010 mox
540 2979 637 3010 etiam
671 2980 703 3009 in
737 2976 919 3018 dejiciendo
953 2985 1078 3016 apertus

76 3031 153 3056 anus
176 3021 350 3065 leniretur.
375 3020 506 3061 Nempe
528 3024 558 3054 ἅ.
585 3031 645 3063 ego
669 3022 703 3053 in
730 3021 866 3054 vitream
893 3018 1053 3052 matellam
1069 3044 1078 3059 ,

73 3063 186 3106 tepido
211 3063 528 3104 laefiteierniplenam‚
551 3065 719 3098 demittere
731 3063 804 3096 illos
829 3074 939 3105 penem
962 3061 1081 3101 docui,

75 3110 106 3141 &
140 3118 212 3140 cum
235 3106 381 3139 dolorem
404 3118 442 3140 eo
466 3106 538 3142 fotu
565 3107 723 3151 paulisper
758 3104 975 3148 mitigass'ent„
1002 3107 1080 3139 tunc

76 3154 164 3184 intra
189 3150 293 3192 ipsum
328 3150 377 3183 lac
402 3150 523 3184 servato
548 3163 650 3193 pene,
673 3152 798 3184 urinam
831 3150 966 3187 sensim,
989 3151 1019 3182 &
1043 3147 1083 3181 fi-

77 3207 117 3228 ne
142 3203 257 3227 conatu
282 3194 451 3226 emittere.
477 3194 662 3227 Fuerunt&
685 3194 802 3237 quibus
826 3205 898 3227 cum
925 3203 981 3234 pro
1005 3193 1085 3225 laete

77 3242 93 3278 (
114 3236 206 3279 cujus
228 3235 314 3270 hunc
338 3236 429 3270 usum
452 3236 519 3269 vidi
535 3238 636 3278 postea
650 3236 749 3271 etiam
774 3237 816 3270 abv
841 3237 1085 3275 ltiolanow),

79 3292 116 3316 ut
138 3280 244 3314 brev-is
275 3290 405 3322 quoque
439 3278 551 3313 fistuiae
590 3281 744 3322 plumbeae
768 3306 776 3320 ,
810 3291 862 3314 aut
897 3289 1049 3322 argenteae
1075 3304 1084 3318 ,

80 3336 179 3367 quam
202 3322 369 3358 Fabricius
394 3322 491 3357 noster
518 3328 529 3363 (
552 3325 571 3357 d
594 3328 604 3362 )
630 3327 890 3367 excogitaverat,
915 3323 1085 3355 immiffio-

80 3379 154 3401 nem
166 3369 416 3405 commemorari
438 3369 451 3406 )
475 3364 624 3405 fuerunt,
647 3368 802 3411 iuquam,
826 3370 858 3400 {v
881 3366 1084 3409 quibuscum

81 3424 142 3455 pro
163 3411 241 3444 laute
263 3412 372 3444 oleum
395 3409 480 3443 forte
503 3409 576 3443 esset
601 3410 636 3445 ad
661 3423 772 3445 manus
796 3423 832 3444 ex
858 3412 915 3443 lini
953 3410 1081 3442 semini-

79 3457 140 3488 bus
164 3464 270 3487 reeens
296 3446 502 3500 expisessum‚
526 3453 587 3487 hoc
600 3455 650 3487 uti
661 3456 802 3497 placuit.
828 3454 986 3495 Magnum
1000 3453 1083 3486 utri-

80 3510 142 3541 que
176 3497 247 3530 iude
271 3497 412 3531 levamen
438 3496 465 3528 se
489 3496 644 3537 retulisse,
671 3496 921 3531 confirmavere:
945 3496 977 3530 hi
1003 3495 1081 3528 alte-

82 3544 109 3576 ri
132 3540 212 3575 illud
235 3543 334 3574 etiam
357 3539 525 3579 addidere,
550 3551 625 3574 cum
648 3540 811 3575 tumidum
834 3540 932 3578 esset,
955 3539 1081 3573 dolens-

1944 254 2034 302 ι97

1110 337 1176 369 que
1188 324 1410 367 praeputium,
1433 335 1471 357 eo
1493 335 1581 358 more
1593 321 1739 359 servato,
1761 320 1847 352 intra
1869 324 1971 350 unum
1985 339 1994 354 ‚
2017 314 2105 365 haud

1112 370 1272 413 amplius,
1295 366 1380 400 diem
1404 367 1555 411 praeputii
1579 374 1760 399 tumorem,
1786 361 1995 407 dolorem-que
2010 357 2107 407 abiis-

1110 415 1160 447 se.
1185 412 1244 445 Sed
1268 411 1336 445 haec
1359 410 1465 444 obiter
1480 425 1489 443 z
1512 420 1602 454 quae,
1627 405 1713 441 casus
1735 406 1980 447 distinguendo,
2001 402 2032 433 &
2047 400 2107 433 ali-

1108 456 1189 500 quid
1212 457 1247 488 in
1270 455 1350 488 laete
1374 465 1433 496 pro
1466 465 1498 487 re
1533 452 1684 487 idoneum
1715 447 1920 492 incoquendo
1936 466 1949 484 ,
1968 443 2108 495 ‚reddere

1109 501 1232 543 poteris
1257 497 1411 532 utiliora.
1437 498 1518 530 lut:
1531 503 1747 529 revertamur.
1772 487 2036 527 EtfivVesalius,
2059 495 2109 520 at-

1109 555 1171 586 que
1196 543 1337 576 aliivera
1348 542 1511 581 dixerint;
1534 550 1599 572 non
1622 547 1733 573 omnes
1744 545 1851 570 tamen
1877 531 2084 581 gonorrhoeae
2099 554 2108 570 ,

1111 598 1213 628 neque
1239 589 1381 627 semper,
1405 584 1512 618 eadem
1536 581 1714 617 acrimonia
1738 578 1830 615 sunt.
1854 576 1954 610 Cursus
1976 575 2109 627 quidem

1108 631 1208 670 tulit,
1229 629 1327 672 idque
1351 638 1451 661 unum
1476 627 1659 660 mirandum
1682 622 1744 660 est,
1767 632 1931 670 nunquam
1955 615 2109 668 mih-inis‘i

1110 674 1212 710 leves,
1237 682 1290 706 aut
1316 671 1440 704 meliori
1465 679 1572 705 earum
1594 667 1782 709 temporein
1804 662 2113 711 diffeRionibusoc-

1109 715 1240 750 currisse
1256 741 1263 749 .
1290 719 1375 757 Saepe
1400 723 1506 748 tamen
1529 714 1562 746 in
1587 724 1622 746 ea
1645 710 1778 752 vestigia
1801 708 1901 742 incidi
1923 717 1997 748 quae
2036 705 2112 755 satis

1110 759 1313 794 ostenderent
1330 782 1338 796 ,
1359 770 1439 801 quas
1462 756 1512 790 vel
1536 758 1569 789 in
1584 755 1641 790 hac
1654 757 1758 797 prima
1771 752 1909 786 urethrae
1933 758 2021 791 parte
2034 745 2114 796 fuis-

1111 803 1175 836 sem
1200 805 1389 836 inventurus
1412 801 1573 842 laefiones,
1597 799 1620 833 fi
1643 808 1717 833 cum
1741 796 1803 830 iilae
1828 800 1979 837 urgerent
2010 790 2115 831 olim,

1109 845 1316 880 dissecuissem
1332 869 1340 877 .
1830 882 1838 889 .
1899 882 1904 888 .

1156 902 1186 930 9·
1212 889 1332 932 Legisti
1366 889 1450 922 enim
1475 887 1571 930 paulo
1604 893 1678 919 ante
1710 886 1796 924 (e)
1827 891 1861 915 in
1894 879 1953 929 illo
1982 879 2121 929 Juvenev

1113 944 1211 976 quem
1236 933 1355 972 vetusta
1378 931 1574 975 gonorrhoea
1600 931 1682 962 male
1705 928 1877 963 habuerat,
1903 935 1958 957 vix
1991 933 2118 972 unum,

1115 988 1252 1019 eumque
1276 977 1442 1018 angustum
1460 1000 1468 1014 ‚
1490 976 1521 1008 ἃ
1552 973 1682 1007 brevem
1702 997 1710 1012 ‚
1744 980 1890 1003 meorum
1922 966 2118 1001 canaliculo-

1117 1032 1189 1054 rnm
1213 1019 1305 1053 fuisse
1331 1018 1551 1060 superstitem.
1578 1018 1648 1049 Vix
1673 1024 1754 1049 unus
1777 1014 1896 1056 pariter
1920 1012 1953 1043 in
1976 1008 2118 1052 quodam

1116 1062 1234 1105 Bajulo
1260 1063 1432 1104 apparuit,
1455 1071 1550 1104 quem
1574 1071 1613 1093 ex
1644 1059 1715 1093 casu
1750 1056 1790 1090 ab
1821 1056 1888 1089 alto
1920 1063 2120 1101 mortuum)

1116 1109 1174 1141 ubi
1201 1109 1239 1141 de
1267 1106 1462 1140 Vulneribus
1479 1130 1487 1145 ‚
1512 1102 1699 1144 letibusque
1720 1097 1806 1142 (f)
1830 1107 1939 1141 agetur
1963 1118 1972 1133 ‚
2004 1095 2121 1145 deseri-

1118 1154 1215 1191 bam,
1240 1148 1333 1191 cujus
1357 1147 1484 1182 urethra
1508 1158 1568 1189 qua
1594 1147 1685 1179 alteri
1710 1145 1804 1178 lateri
1837 1152 1965 1190 coronae
1997 1138 2122 1182 glandis

1119 1193 1328 1238 respondebat
1345 1218 1352 1231 ‚
1377 1193 1493 1226 veteris
1518 1188 1655 1223 laefionis
1680 1186 1824 1222 servabat
1848 1183 2027 1233 indicium.
2052 1181 2124 1215 Ne-

1119 1251 1180 1282 que
1203 1249 1268 1272 uno
1292 1237 1396 1278 plures
1420 1237 1452 1268 iri
1479 1235 1650 1275 peregrino
1674 1232 1751 1266 Sene
1783 1230 1927 1271 reliquos
1950 1224 2042 1260 fuiffe
2073 1236 2125 1258 ca-

1119 1283 1299 1318 naliculos,
1323 1279 1433 1312 vidisti
1460 1275 1606 1318 Epistola
1642 1277 1751 1309 XLII.
1779 1278 1831 1316 (g
1853 1275 1863 1310 )
1882 1294 1890 1309 ‚
1924 1280 1999 1305 cum
2035 1269 2125 1313 glans

1119 1324 1308 1361 cicatricosa
1330 1347 1342 1363 ,
1376 1325 1406 1355 &
1444 1320 1573 1354 uretbra
1607 1319 1699 1353 valde
1734 1315 1919 1355 εοῐιπεθεᾶ,
1941 1311 2021 1359 quid
2043 1313 2126 1345 olim
2151 1352 2153 1357 ,
2187 1315 2213 1327 ⁰

1121 1366 1318 1413 praeceffisset
1338 1366 1444 1399 morbi
1460 1389 1467 1402 ,
1493 1363 1694 1398 indicarent:
1718 1363 1786 1396 imo
1813 1371 1850 1393 ne
1873 1359 1974 1393 ununi
1995 1356 2128 1406 quidem

1124 1413 1262 1456 amplius
1284 1407 1490 1452 superfuisse,
1512 1406 1657 1441 indidem
1680 1408 1694 1445 (
1718 1405 1738 1439 h
1760 1410 1774 1445 )
1797 1403 1881 1437 nosti
1903 1405 1937 1435 in
1957 1400 2129 1450 juvenem

1122 1468 1191 1500 qno
1213 1455 1269 1488 illa
1291 1453 1400 1487 eadem
1425 1452 1545 1485 indicia
1570 1462 1634 1483 non
1659 1450 1786 1483 deerant
1813 1463 1821 1486 ;
1840 1457 1898 1497 ⁴rie
1921 1444 2001 1488 quid
2023 1445 2130 1493 dicam

1119 1502 1163 1535 'de
1185 1500 1273 1532 Viro
1297 1497 1374 1530 alibi
1399 1500 1409 1534 (
1433 1495 1479 1537 i)
1504 1493 1713 1527 describendo
1728 1518 1737 1526 .
1762 1491 1862 1525 Nihil
1877 1498 1983 1523 autem
2010 1497 2076 1521 ver1
2089 1484 2130 1519 fi-

1120 1544 1230 1577 militis
1254 1541 1320 1577 est,
1344 1550 1442 1583 quam
1465 1539 1504 1573 ab
1527 1535 1791 1570 inflammatione
1806 1559 1815 1574 ‚
1838 1537 1868 1567 δι
1893 1531 2132 1580 exulceratione

1120 1590 1155 1621 in
1180 1585 1363 1619 canaliculis
1386 1582 1514 1616 demum
1547 1590 1641 1615 orta,
1666 1590 1777 1613 tenues
1805 1577 2023 1612 membraneos
2047 1572 2133 1616 1pso-

1120 1643 1193 1665 runi
1217 1631 1354 1671 parietes
1378 1626 1515 1659 alterurn
1538 1625 1576 1658 ad
1588 1623 1724 1656 alterum
1749 1620 1930 1660 adhaefiffe,
1953 1627 2134 1659 cavumque

1122 1677 1341 1714 interceptum
1365 1669 1406 1703 sic
1432 1668 1582 1711 periisse.-
1603 1665 1792 1701 suisseenim
1818 1663 1921 1712 inilla
1945 1660 2052 1694 eadem
2064 1671 2135 1693 ure-

1122 1718 1206 1751 thrae
1231 1725 1319 1757 parte
1343 1713 1616 1748 exulcerationes,
1641 1710 1828 1745 coarctatio
1863 1707 1984 1739 ibidem
2010 1727 2018 1742 ‚
2048 1704 2135 1754 *quin

1121 1763 1220 1795 etiam
1245 1761 1276 1791 in
1302 1759 1368 1799 ipsa
1393 1755 1645 1791 canaliculorum
1658 1754 1723 1787 sede
1749 1751 1946 1786 luxuriantis
1969 1758 2072 1798 carnis
2083 1759 2138 1780 ex-

1123 1804 1296 1841 crescentia
1319 1798 1635 1834 commonstrabant.
1661 1796 1763 1833 Quod
1797 1797 1820 1831 fi
1846 1796 1957 1843 gravia
1980 1792 2138 1842 quidem,

1125 1848 1173 1882 sed
1199 1857 1253 1880 aut
1278 1857 1342 1877 non
1367 1844 1445 1877 adeo
1468 1842 1581 1885 gravia
1606 1865 1613 1879 ,
1651 1851 1706 1875 aut
1730 1850 1794 1874 non
1827 1838 1980 1872 omnibus
2016 1835 2138 1869 canali-

1123 1893 1205 1925 culis
1230 1889 1413 1923 communia
1448 1885 1569 1919 fuerint
1593 1885 1649 1918 illa
1684 1884 1785 1921 vitia3
1810 1892 1864 1915 aut
1901 1890 2014 1914 omnes
2036 1902 2047 1919 ,
2082 1888 2138 1912 aut

1125 1934 1274 1968 nonnulli
1301 1939 1457 1973 poterunt
1481 1930 1539 1963 esic
1553 1928 1734 1972 superstites
1750 1952 1757 1959 .
1784 1926 1837 1960 Sic
1863 1925 1898 1957 in
1922 1922 2062 1967 quodam
2074 1923 2152 1966 Vi„

1125 1989 1163 2011 ro
1185 1988 1280 2020 quem
1307 1975 1363 2008 sub
1388 1973 1590 2007 Novembris
1615 1972 1712 2005 finem
1736 1972 1777 2004 A.
1808 1969 1900 2011 1718.
1925 1970 1960 2001 in
1985 1966 2139 2017 Nosoco-

1124 2022 1194 2054 mio
1216 2017 1426 2054 diss‘ecabam‚
1451 2028 1524 2051 cum
1559 2013 1732 2058 praegressae
1754 2023 1894 2047 venerere
1919 2011 1980 2046 luis
2013 2009 2138 2043 indicia

1125 2066 1158 2097 in
1183 2066 1288 2106 primo
1307 2063 1450 2095 urinario
1473 2068 1580 2093 meatu
1604 2055 1831 2097 offendissem;
1854 2064 1972 2098 paucos
1982 2053 2137 2104 quidem,

1128 2106 1379 2142 sedmnonnullos
1403 2114 1511 2138 tamen
1535 2103 1645 2137 restare
1671 2101 1776 2137 adhuc
1798 2099 1996 2146 canaliculos
2033 2097 2101 2132 vidi
2127 2119 2139 2136 ‚

1128 2162 1193 2184 non
1218 2151 1304 2184 secus
1329 2158 1424 2190 atque
1459 2148 1493 2180 in
1519 2148 1647 2185 Lanio,
1671 2147 1754 2189 qui,
1780 2155 1815 2179 ut
1841 2142 1948 2185 scripsi
1981 2140 2019 2191 ad
2039 2150 2071 2175 te
2093 2141 2139 2174 E-

1129 2193 1245 2235 pistola
1272 2192 1374 2224 VIlI.
1399 2195 1412 2230 (
1434 2191 1452 2231 k
1473 2194 1511 2231 ),
1535 2190 1571 2224 in
1604 2190 1767 2231 praeputio
1790 2185 1955 2223 ulcuscula
1973 2196 2039 2234 ’.m
2066 2195 2141 2218 ure-

1124 2238 1199 2270 thra
1225 2236 1394 2269 cicatrices
1408 2234 1570 2274 habebat,
1592 2232 1685 2267 fuisse
1710 2242 1908 2275 perpaucOS,
1934 2229 2058 2271 legisti>
2082 2240 2137 2262 ne·

1125 2292 1187 2323 que
1211 2291 1277 2312 uno
1301 2289 1356 2313 aut
1380 2279 1483 2311 altero
1508 2278 1661 2319 pluresin
1685 2276 1790 2309 nobili
1813 2275 1923 2311 Viro,
1947 2284 2044 2314 quem
2069 2274 2136 2306 lues

1125 2335 1255 2357 venerea
1281 2332 1344 2354 non
1370 2321 1465 2354 semel
1490 2320 1657 2357 affecerat,
1682 2320 1850 2353 XXVIII.
1877 2316 2023 2359 Epistola
2054 2314 2104 2355 <Vl
2120 2327 2142 2362 ⁷)

1120 2366 1321 2400 memoravi.
1346 2366 1472 2399 Omnes
1496 2374 1603 2398 autem
1619 2361 1711 2397 fuisse
1726 2361 1861 2397 memini
1885 2363 1918 2393 in
1944 2360 2129 2393 Stabulario

1126 2415 1139 2450 (
1163 2421 1194 2443 m
1217 2414 1252 2448 )‚
1278 2408 1540 2451 cujus-alioquin
1565 2407 1732 2441 urethram
1749 2408 1857 2440 trium¹
1875 2404 2007 2439 circiter
2032 2404 2139 2438 abex-

1126 2457 1211 2486 timo
1234 2451 1365 2486 orificio
1389 2451 1572 2494 digitorum
1598 2449 1853 2484 transversorum
1887 2448 2061 2482 intervallo
2096 2449 2138 2480 li-

1127 2499 1194 2529 neis
1217 2496 1339 2530 duabus
1363 2496 1479 2528 albidis
1510 2496 1701 2537 inaequalem
1724 2493 1919 2535 deprehendi
1941 2514 1949 2528 ‚
1986 2491 2138 2525 videlicet

1130 2549 1184 2573 aut
1208 2541 1422 2580 cicatricum,
1447 2548 1500 2571 aut
1532 2538 1822 2572 excrescentiarum
1856 2534 2000 2578 vestigiis
2024 2536 2141 2569 ὓῖί

1130 2593 1237 2616 tamen
1263 2584 1422 2616 attentius
1443 2582 1493 2615 illi
1515 2582 1555 2615 ab
1579 2581 1689 2624 aliquo
1712 2580 1933 2622 inspecientnr
1956 2579 2137 2622 quisae-pius

1131 2626 1170 2659 sit
1194 2630 1226 2659 in
1250 2637 1384 2661 eorum,
1408 2637 1482 2659 cum
1508 2625 1678 2659 secundnm
1701 2634 1849 2657 naturam
1874 2623 1966 2662 sunt,
1989 2632 2139 2656 contem-

1131 2670 1275 2712 platione
1313 2669 1480 2709 versatus,
1502 2668 1609 2702 nescio
1642 2669 1718 2711 quid
1755 2677 1831 2701 tune
1866 2668 2044 2708 percipitur
2077 2667 2138 2700 ali-

1133 2713 1263 2756 quando
1278 2737 1286 2751 ,
1311 2712 1392 2747 unde
1418 2713 1542 2755 aliquid
1565 2712 1626 2745 esse
1652 2711 1774 2753 passos,
1797 2711 2023 2753 intelligatur,
2048 2710 2138 2744 velut

1135 2756 1216 2790 mihi
1248 2758 1282 2789 in
1315 2769 1353 2789 eo
1376 2756 1415 2790 de
1449 2768 1514 2797 quo
1548 2767 1624 2789 mox
1650 2755 1815 2801 scribam,
1839 2753 2010 2793 accidisse,
2034 2753 2135 2796 fedol.

1132 2801 1181 2834 Ut
1205 2801 1244 2833 iis
1268 2809 1373 2834 autem
1396 2800 1513 2842 quibus
1536 2799 1568 2832 hi
1593 2809 1726 2839 majores
1748 2809 1858 2831 omnes
1881 2796 2137 2836 oblitterantuffi

1131 2842 1230 2877 deeffe
1254 2853 1384 2877 tanturn
1409 2844 1532 2876 constat
1555 2852 1713 2884 quantum
1738 2841 1896 2875 secernere
1920 2842 2022 2874 iidem
2060 2841 2138 2875 soles

1133 2888 1208 2920 bant
1234 2886 1380 2921 humoris
1402 2886 1439 2919 ad
1466 2886 1602 2919 uretlira:
1627 2886 1760 2927 parietes
1784 2883 1929 2920 adversus
1952 2885 2026 2917 lotii
2058 2887 2137 2918 acri.

1133 2933 1278 2964 moniam
1302 2929 1511 2966 illiniendos3
1536 2929 1577 2962 sic
1601 2930 1730 2961 rationi·
1747 2929 1926 2962 consonum
1957 2929 2000 2963 est
2021 2953 2029 2968 ,
2063 2931 2137 2963 illos

1134 2986 1199 3018 prae
1222 2975 1349 3007 caeteris
1364 2996 1373 3012 ‚
1399 2972 1456 3005 nisi
1483 2973 1612 3006 uretlira
1636 2982 1706 3005 tota
1738 2973 1927 3006 occalluerit
1943 2998 1952 3013 ,
1975 2972 2136 3006 obnoxios

1135 3017 1206 3051 fieri
1241 3019 1274 3050 in
1300 3015 1459 3059 posterum
1484 3017 1606 3049 ardoris
1630 3014 1731 3049 sensui
1768 3017 1806 3048 ab
1831 3016 1942 3050 eodem
1977 3017 2081 3053 lotio,
2105 3019 2136 3049 δε

1138 3061 1159 3094 fi
1189 3060 1251 3094 hoc
1277 3061 1377 3093 acrius
1402 3060 1463 3097 sit,
1487 3061 1582 3093 etiam
1598 3059 1758 3093 erosioni:
1783 3060 1925 3102 reliquos
1950 3068 2058 3093 autern
2077 3071 2137 3103 pro

1138 3116 1273 3139 numero
1296 3102 1479 3137 amissorum
1502 3103 1776 3142 canaliculurum,
1802 3113 1856 3137 aut
1880 3116 1939 3146 pro
1970 3114 2052 3136 noxa
2084 3116 2138 3136 ca-

1137 3149 1287 3182 naliculis
1310 3148 1398 3180 illata
1415 3167 1424 3183 ‚
1447 3148 1628 3188 levioribus¹
1645 3148 1797 3188 quidem,
1823 3146 1874 3179 sed
1910 3146 2049 3188 ejusdem
2082 3158 2137 3188 ge-

1138 3193 1244 3228 neris,
1266 3193 1383 3224 tentari
1411 3191 1585 3224 molestiis.
1611 3190 1669 3225 Sed
1694 3190 1755 3224 hoc
1787 3190 1859 3223 satis
1892 3189 1929 3222 fit
1962 3188 2102 3231 attigisse
2127 3215 2135 3222 .

1137 3235 1189 3270 Ad
1215 3234 1247 3267 id
1271 3234 1359 3277 quod
1385 3233 1482 3266 modo
1507 3234 1733 3274 indicabatur,
1757 3235 1940 3266 veniamus.
1964 3255 1967 3257 -

1185 3288 1233 3312 io.
1260 3278 1567 3311 ASTHMATICI
1591 3278 1645 3319 qni
1670 3279 1703 3310 in
1729 3276 1930 3309 Nosocomio
1952 3274 2133 3320 decesserat,

1137 3323 1281 3362 qua-dam
1303 3322 1334 3352 in
1361 3320 1573 3362 Gymnasium
1599 3322 1709 3353 Partes
1730 3319 1827 3352 illatae
1862 3319 1933 3351 sunt
1953 3341 1963 3357 ‚
1996 3331 2070 3354 cum
2104 3322 2137 3359 in

1137 3367 1225 3398 virili
1250 3365 1349 3397 altero
1374 3365 1525 3397 cadavere
1549 3366 1737 3397 Anatomen
1770 3362 1928 3395 traderem
1962 3364 2003 3396 A.
2044 3366 2136 3405 1746.

1132 3406 1233 3449 Juvat
1256 3409 1341 3441 enini
1367 3406 1505 3449 ejusdem
1531 3409 1637 3440 Partes
1660 3418 1697 3438 ex
1722 3417 1784 3439 non
1811 3416 1898 3446 uno,
1922 3415 1997 3439 cum
2029 3407 2105 3440 licet
2130 3430 2139 3445 ‚

1133 3450 1269 3493 c'orpore
1284 3474 1291 3488 ‚
1317 3450 1454 3492 aliasque
1479 3451 1571 3484 aliter
1586 3449 1730 3483 differatis
1753 3448 1936 3481 ostendere:
1962 3450 2048 3491 quod
2064 3461 2139 3483 tunc

1134 3494 1237 3528 facere
1261 3493 1380 3528 ferebat
1408 3495 1530 3527 animus
1553 3495 1585 3525 in
1612 3492 1756 3526 veficulis
1777 3492 1984 3526 seminalibus
1999 3513 2009 3529 ‚
2030 3495 2061 3526 δέ
2085 3505 2141 3536 pe..

1133 3549 1190 3572 ne.
1322 3536 1567 3571 VESICULAE
1591 3534 1646 3571 etsi
1669 3534 1791 3569 cellulis
1813 3537 1898 3569 intus
1918 3544 2009 3570 erant
2031 3534 2144 3571 humi-

2023 3580 2095 3620 dis;

176 3780 186 3796 t
231 3772 328 3797 Adi-ers.
346 3774 421 3796 Anat.
435 3778 459 3800 4.
476 3771 589 3797 Animad.
611 3779 646 3801 ¹5-

153 3803 161 3823 (
180 3810 191 3826 ,κ
238 3806 271 3826 De
288 3803 374 3827 Μηνὶ).
392 3803 480 3826 Vener.
500 3802 516 3826 l.
537 3810 548 3832 3
574 3810 596 3827 c.
615 3810 637 3827 1.
655 3804 678 3832 §.
697 3808 718 3826 2.

155 3838 164 3863 ς
179 3842 190 3856 c
205 3833 217 3843 *
234 3833 397 3863 Anthropogt.
415 3833 432 3856 l.
452 3841 475 3856 2.
493 3840 514 3856 c.
534 3840 570 3861 30.

155 3867 193 3894 (ε’
236 3871 315 3893 n‚40.
378 3862 550 3893 (ΗΠ-39-

782 3801 788 3828 (
807 3811 824 3830 z
841 3803 853 3829 3
871 3806 917 3827 loe.
938 3803 971 3825 cit

610 3864 618 3893 (
640 3864 650 3887 i
667 3866 675 3892 )
690 3863 765 3892 Epist.
784 3871 823 3893 50.
840 3871 866 3888 n.
886 3872 922 3893 30.

707 3770 716 3799 (
733 3780 749 3796 u
765 3772 779 3802 )
796 3774 834 3797 De
850 3772 964 3797 Glandul.
984 3771 1032 3801 post
1048 3778 1068 3794 c.
1088 3780 1108 3800 ς.
1125 3770 1185 3795 Obf.
1205 3780 1226 3802 ς,
1349 3770 1363 3800 )

1038 3803 1059 3834 >(
1074 3805 1113 3831 a)
1132 3809 1152 3825 c.
1171 3802 1213 3826 cit.
1233 3801 1255 3831 §.
1272 3808 1293 3829 3.
1357 3801 1371 3830 (

633 3837 643 3859 (
661 3832 676 3855 d
692 3832 706 3859 )
723 3835 757 3857 De
775 3833 882 3863 Chirurg.
903 3832 1170 3893 Oper'(ul{”)dg,p}g{⁵
1187 3833 1291 3859 (ΣΙ-Λιταῖς
1363 3833 1377 3861 (

1289 3772 1332 3800 (x

1381 3773 1415 3795 De
1431 3778 1496 3798 corp.
1513 3771 1581 3795 hum.
1599 3770 1660 3794 fabr.
1678 3772 1703 3795 S.
1724 3780 1745 3801 5.
1763 3779 1785 3795 c.
1805 3778 1841 3799 14.

1389 3801 1433 3830 ci)
1452 3804 1486 3826 De
1502 3804 1604 3826 Tumor.
1623 3809 1644 3830 p.
1663 3809 1686 3825 n.
1705 3808 1728 3824 c.
1745 3805 1785 3827 60.

1393 3841 1404 3856 e
1419 3833 1434 3862 )
1451 3833 1535 3861 supra,
1553 3841 1575 3856 n.
1592 3841 1613 3860 7.
1676 3832 1690 3859 (
1703 3831 1742 3861 f)
1761 3832 1832 3862 Epist.
1849 3839 1883 3861 53.
1901 3841 1922 3857 ι.
1938 3841 1979 3864 37.

1218 3863 1372 3891 (l)n.6.
1433 3863 1744 3893 (m)Epist4.n.19.-
