2498 4075
319 168 508 212 philonium
532 167 643 201 datum
668 164 711 199 est
734 189 741 197 .
779 162 984 198 Praeterierat
1003 187 1020 211 ,³
1051 176 1125 198 cum
1151 166 1300 200 Valsalva
1323 189 1333 205 ,

320 214 438 248 nedum
464 224 536 246 cum
562 210 702 243 seniores
728 208 872 244 Medici,
898 208 1045 240 accersiti
1071 211 1291 244 advenerunt.

364 269 395 300 4.
423 258 513 290 Nam
539 254 629 297 quod
652 254 703 285 illi
728 263 766 285 ex
791 254 830 285 iis
856 251 954 293 signis
979 252 1063 284 unde
1090 253 1244 287 Valsalva
1281 254 1334 286 vi-

318 301 410 334 fium
436 300 544 333 morbi
569 298 601 329 vi
626 320 634 335 ‚
669 295 879 337 insuperabili
904 294 971 336 jam
994 293 1077 328 facia
1102 318 1113 334 ‚
1139 296 1299 341 Juvenem
1323 321 1334 337 ,

317 343 504 388 oppressum
528 339 586 383 ipsi
621 339 828 373 convulsione
863 339 967 371 adhuc
1002 338 1133 372 solubili
1167 341 1332 374 existima-

315 399 418 426 runt3
442 397 554 426 nempe
579 396 666 418 venae
690 384 840 418 sectionis
863 383 970 416 exitus
995 384 1061 416 utri
1086 394 1198 416 verum
1224 386 1332 426 pervi-

314 430 432 467 dissent
455 453 467 471 ‚
502 428 642 463 ostendit
668 452 675 458 .
810 425 937 466 Negari
964 426 1079 467 utique
1104 438 1168 460 non
1195 427 1297 470 potest
1319 450 1330 466 ‚

312 485 449 518 ¹magnas
472 476 507 506 in
532 472 594 506 hoc
619 470 737 504 morbo
761 470 841 512 saepe
866 469 1085 503 convulsionis
1111 469 1170 504 effe
1194 482 1298 512 partes
1323 496 1333 510 ‚

315 531 355 553 eo
381 528 488 552 autem
513 515 650 558 majores
677 540 683 553 ‚
719 526 786 557 quo
811 515 918 546 acrior
942 512 987 547 est
1012 512 1107 546 dolor
1132 536 1141 550 ‚
1180 513 1240 548 five
1277 514 1332 548 hic

313 561 559 596 convulfionem
591 568 721 593 moveat
747 582 757 598 ,
804 556 866 590 five
914 569 931 590 a
964 557 1172 590 convulsione
1203 569 1334 592 movea-

312 617 369 641 tur
393 630 402 644 ‚
437 607 468 638 δι’
514 616 583 647 quo
613 605 693 635 item
732 602 829 634 citius
870 599 910 633 ad
958 599 1109 633 lethalem
1156 603 1335 636 terminum

309 651 455 685 decurrit
487 673 494 680 .
543 649 596 681 Sic
639 645 793 687 intelligo
814 667 826 684 ‚
871 655 927 678 cur
970 643 1186 678 Boerhaavius
1230 650 1242 685 (
1275 658 1291 678 c
1322 649 1335 685 )

312 688 389 729 cum
436 691 635 734 exquisitum
678 689 910 723 intestinorum
957 686 1082 720 sensum
1134 689 1175 721 ab
1220 691 1335 732 ingen-

311 740 342 772 ti
385 748 523 772 numero
569 735 764 778 papillarum
809 742 1001 764 nervearum
1046 731 1180 765 deduxit
1204 756 1216 772 ,
1263 743 1333 767 tum

311 781 383 817 haec
404 782 565 815 continuo
590 777 740 820 subjiciat
767 789 776 807 ε
813 786 908 817 quare
932 773 1072 808 homines
1094 775 1256 810 celerrime
1275 787 1333 819 pe-

310 831 402 859 reunt
425 823 463 857 ab
487 820 733 865 inflammatione
751 848 758 859 ,
781 818 824 851 (ἐν
848 819 1060 852 excoriatione
1083 819 1298 859 intestinorum
1321 844 1334 861 ‚

311 870 356 902 Θ
375 866 402 908 Ji
419 868 544 911 summa
568 864 684 898 doloris
701 861 746 904 sii
767 861 986 901 vehementia,
1013 863 1098 896 intra
1121 864 1246 897 unicam
1280 864 1335 897 ho—

310 923 380 947 ram
403 911 556 945 hominem
578 906 801 950 validiffimum
825 907 987 939 interimit
1011 933 1016 939 .
1053 906 1113 940 Sed
1139 910 1170 940 &
1194 907 1273 949 saepe
1300 910 1333 941 in

310 955 495 990 vehementi
521 951 749 986 intestinorum
776 949 890 983 dolore
914 950 1082 984 manifesta
1113 951 1334 986 convulsionis

307 1001 434 1034 indicia
459 998 506 1031 vel
533 997 637 1037 magis
661 1006 759 1038 quani
785 996 817 1026 in
845 994 948 1026 Laelio
973 998 984 1034 (
1009 996 1028 1027 d
1049 997 1089 1034 )‚
1114 995 1143 1028 se
1168 996 1332 1036 produnt.

309 1046 388 1082 Sic3
415 1055 450 1076 ne
474 1040 650 1076 horrendas
675 1036 900 1072 convulfiones
925 1037 981 1071 hic
1016 1049 1194 1072 memorem
1219 1066 1225 1077 ,
1259 1051 1332 1082 quae

309 1090 346 1122 in
370 1086 615 1121 Observatione
640 1087 649 1123 (
674 1094 688 1116 e
714 1085 724 1121 )
751 1092 983 1125 proponuntur
1005 1105 1018 1122 ,
1043 1081 1106 1114 five
1132 1082 1334 1125 symptoma-

308 1142 345 1166 ta
368 1155 377 1170 ‚
414 1131 478 1165 five
502 1127 725 1162 dissefiionem
751 1126 871 1168 speeies
894 1149 908 1166 ,
941 1124 1006 1159 huc
1030 1127 1188 1159 attinente
1213 1138 1222 1164 5
1256 1128 1297 1160 sic
1322 1148 1332 1163 ‚

308 1176 445 1218 inquam
470 1198 482 1215 ,
517 1173 652 1206 memini
676 1172 711 1203 i'n
738 1171 846 1203 Patria
870 1180 940 1202 mea
963 1171 1117 1211 grandem
1143 1181 1221 1203 natu
1243 1194 1252 1209 ‚
1280 1170 1332 1204 sed

309 1221 436 1254 viribus
456 1218 561 1251 firmis
585 1216 764 1256 Virginem
786 1237 812 1259 ,ι
828 1213 957 1246 cuidam
985 1214 1105 1246 ventris
1128 1213 1236 1247 dolori
1270 1215 1333 1247 ob-

306 1266 443 1299 noxiam
467 1284 478 1301 ,
512 1272 608 1303 quem
643 1260 748 1291 lenior
783 1267 851 1298 ejus
884 1255 1038 1290 Medicus
1060 1258 1219 1292 Colicurn
1245 1256 1331 1298 esse,

304 1318 371 1341 non
390 1305 564 1341 dubitabat
589 1329 596 1341 ,
622 1313 697 1335 cum
722 1300 780 1333 sUb
804 1298 902 1332 finem
929 1302 971 1333 A.
1001 1311 1095 1342 1709.
1120 1302 1252 1340 eodeni,
1280 1302 1332 1335 sed

307 1353 464 1393 graviore
491 1374 500 1389 ,
534 1345 686 1391 prehensa
712 1342 787 1378 esset
810 1367 819 1380 ,
855 1343 954 1377 nullis
977 1354 1089 1377 tamen
1113 1367 1123 1382 ‚
1160 1344 1223 1378 five
1258 1346 1333 1387 pul-

307 1390 361 1431 sus
385 1420 397 1436 ‚
431 1396 496 1428 five
520 1393 629 1425 urinas
654 1414 667 1431 ‚
699 1389 763 1422 sive
788 1388 850 1422 alia
877 1386 1035 1430 spectares
1058 1410 1068 1425 ²
1092 1391 1333 1422 comitantibus

306 1440 409 1475 febris
442 1438 574 1470 indiciis
602 1458 611 1473 ‚
645 1444 784 1474 cumque
820 1444 874 1473 per
906 1431 1081 1471 clysterem
1119 1436 1177 1475 qui
1212 1432 1333 1467 biliosa

307 1484 462 1519 eduxerat
486 1507 492 1520 ‚
517 1479 609 1513 valde
634 1476 705 1511 effer
731 1477 837 1509 levata
863 1499 872 1512 ‚
907 1478 1091 1517 morboque
1115 1478 1150 1509 in
1174 1476 1241 1511 dies
1265 1489 1334 1510 ma-

308 1530 360 1572 gis
386 1552 394 1565 ‚
431 1523 599 1568 magisque
625 1519 773 1558 remisso,
798 1531 814 1552 a
840 1519 973 1552 Medico
998 1522 1136 1562 amplius
1160 1532 1224 1553 non
1251 1522 1337 1554 invi-

307 1573 456 1608 {eretum
483 1567 616 1603 memini
640 1567 766 1608 igitur,
791 1574 865 1597 cum
888 1563 1072 1597 domesticae
1096 1564 1244 1598 mulieres
1262 1566 1337 1598 loco

308 1616 466 1650 enematis
488 1611 578 1656 quod
603 1611 736 1643 alternis
760 1608 876 1641 diebus
901 1606 938 1640 ad
965 1606 1129 1647 vesperam
1165 1608 1335 1649 injicieba-

305 1670 363 1695 tui·
386 1685 395 1700 ‚
432 1656 688 1700 suppositorium
712 1663 752 1685 ex
777 1651 870 1684 melle
895 1650 1084 1684 indidissent
1109 1674 1118 1688 ‚
1145 1653 1251 1685 {latim
1277 1653 1329 1685 ani

307 1705 423 1739 dolore
447 1711 516 1735 tam
541 1699 644 1731 atroci
670 1704 857 1736 correptam
880 1692 939 1727 esse
963 1717 972 1732 ,
1010 1704 1046 1727 ut
1081 1706 1174 1729 mane
1198 1698 1328 1729 inveni-

305 1751 334 1785 ri
361 1747 469 1790 pulsus
493 1755 557 1777 non
584 1740 708 1784 possent
735 1752 742 1771 ;
779 1736 871 1772 fuisse
897 1747 1008 1785 autem
1042 1750 1080 1771 eo
1113 1750 1189 1772 cum
1211 1739 1326 1773 dolore

305 1803 434 1828 tantam
468 1787 736 1822 constrictionem
771 1784 821 1815 ani
859 1784 1073 1823 conjunstam
1098 1804 1108 1819 ‚
1141 1791 1178 1816 ut
1200 1782 1327 1825 clysma

306 1839 396 1874 nulla
421 1836 546 1868 ratione
581 1835 761 1863 immittere
785 1827 898 1860 liceret
925 1840 935 1858 ι
972 1837 1050 1858 niox
1084 1837 1164 1859 vero
1197 1838 1272 1859 curn
1298 1830 1327 1861 ei

301 1878 528 1919 contraffioni
553 1899 562 1914 ,
596 1876 627 1906 δέ
652 1872 759 1906 dolori
786 1882 842 1914 per
865 1869 1069 1903 emollientia
1093 1869 1242 1912 anodyna
1265 1883 1331 1904 me-

305 1929 377 1963 cleri
402 1923 564 1958 studerent
589 1940 598 1956 ‚
638 1925 767 1959 repente
793 1912 938 1956 ejusdem
969 1915 1069 1955 partis
1092 1914 1329 1948 relaxationem

307 1983 376 2007 non
410 1968 499 2002 secus
536 1975 571 1997 ac
605 1961 683 2004 saepe
717 1959 798 1992 solet
833 1959 868 1991 in
902 1957 1111 1990 cadaveribus
1136 1983 1145 1996 ‚
1179 1958 1330 1998 superve-

306 2012 387 2051 niffe
407 2035 418 2052 ‚
457 2014 487 2044 &
522 2010 606 2042 circa
645 2003 814 2038 meridiem
836 2024 849 2041 ,
882 2001 987 2043 ipsam
1012 2010 1154 2034 mortem
1179 2025 1186 2032 .
1220 2002 1330 2048 Igitur

310 2059 362 2095 fac
385 2081 395 2097 ,
431 2054 490 2089 esse
524 2048 773 2085 convulsionem
799 2072 807 2080 .
853 2044 947 2078 Num
982 2046 1135 2086 sanguine
1183 2045 1295 2077 emisso
1320 2067 1333 2085 ‚

309 2102 408 2139 facile
440 2095 572 2132 tolles?
606 2091 700 2133 Qid
724 2114 733 2129 ,
770 2088 793 2123 si
828 2101 863 2122 ea
890 2087 983 2122 causa
1016 2099 1133 2120 nervos
1167 2088 1331 2121 convellat

310 2159 385 2191 quae
417 2139 606 2187 perdifficile
640 2136 730 2171 vinci
765 2133 861 2177 poffit
887 2155 897 2172 ‚
932 2141 988 2165 aut
1013 2129 1034 2164 fi
1058 2130 1145 2181 sorte
1180 2132 1217 2165 ad
1249 2140 1333 2182 tem-

311 2203 373 2236 pus
405 2185 627 2221 brevissimum
658 2179 749 2212 vinci
773 2200 782 2215 ‚
829 2188 907 2209 mox
932 2198 940 2213 ‚
986 2185 1023 2208 ut
1058 2186 1092 2207 in
1129 2177 1331 2209 convulsivis

313 2232 485 2271 affectibuS
517 2226 655 2271 persaepe
680 2223 718 2256 fit
744 2248 753 2262 ,
786 2219 1011 2254 vehementius
1034 2218 1204 2261 insurgat?
1231 2221 1333 2253 Acci-

338 2292 353 2313 e
382 2276 464 2319 quid
490 2297 498 2312 ‚
532 2284 582 2307 me
617 2270 752 2310 degente
780 2265 937 2299 Bononiae,
962 2288 972 2303 ,
1006 2263 1181 2296 acciderit.
1206 2264 1333 2297 Mona-

312 2293 393 2358 {Jhus
418 2327 484 2353 erat
510 2341 519 2355 ,
551 2315 645 2349 senex
668 2310 805 2353 quidem
829 2334 838 2348 ‚
873 2307 928 2341 sed
951 2318 1051 2349 quam
1075 2306 1329 2341 robustisiimus.

309 2368 412 2403 Hunc
438 2362 527 2396 nulla
551 2371 590 2392 ex
614 2353 782 2390 manifesta
807 2350 902 2385 causa
929 2376 939 2391 ,
972 2349 1033 2383 nisi
1059 2349 1144 2382 forte
1163 2362 1207 2396 ex
1228 2349 1334 2394 frigo-

314 2424 349 2449 re
416 2411 446 2440 &
480 2407 588 2439 labore
614 2426 624 2441 ,
656 2397 779 2431 ventris
813 2395 909 2428 dolor
940 2393 980 2426 de
1022 2393 1205 2435 improviso
1240 2395 1333 2427 inva-

316 2437 501 2490 djt’tantus
524 2471 536 2489 ‚
571 2455 606 2479 ut
639 2441 807 2476 hominem
841 2449 898 2470 nec
921 2437 1000 2470 stare
1036 2436 1111 2469 loco
1147 2436 1228 2470 sinat
1252 2460 1263 2477 ,
1301 2441 1332 2470 &

316 2501 458 2535 clamare
483 2499 581 2530 cogat
606 2513 614 2521 .
652 2483 778 2519 Frustra
803 2481 913 2515 oleum
939 2479 1188 2521 amygdalinum
1221 2483 1335 2514 datum

317 2543 361 2579 est
385 2566 393 2579 ²
429 2530 545 2572 fmsts}
571 2529 692 2573 injecta
718 2534 862 2561 encmata
878 2551 888 2567 ,
912 2522 1027 2570 frustra
1064 2522 1193 2573 sanguis
1217 2537 1232 2557 e
1258 2525 1336 2567 pede

317 2585 450 2622 missus.
477 2579 585 2614 Nullo
607 2574 732 2608 auxilio
745 2569 928 2613 quidquam
949 2575 1084 2610 juvante
1099 2595 1107 2608 ‚
1132 2577 1218 2600 intra
1242 2568 1336 2602 horas

315 2630 402 2667 haud
429 2626 565 2667 amphus
577 2617 773 2654 duodecim,
797 2624 872 2648 cum
891 2612 1002 2646 dentes
1013 2610 1065 2643 bis
1079 2613 1282 2661 terve-inter
1305 2612 1336 2645 se

316 2671 482 2711 conififfet
507 2690 515 2704 ‚
548 2672 697 2699 mortuus
719 2658 763 2692 est
786 2682 792 2688 .
828 2656 912 2689 Non
936 2654 1082 2688 adversus
1109 2654 1335 2704 utilislimum‚

319 2721 344 2755 fi
380 2712 565 2757 tempestive
600 2706 700 2740 utaris
725 2728 733 2740 ,
768 2701 932 2735 auxilium
957 2721 967 2737 ,
1014 2698 1178 2741 sanguinis
1214 2700 1334 2734 millio-

319 2774 396 2797 nem
429 2758 497 2793 haec
534 2752 640 2788 scribo
666 2771 676 2781 0
706 2746 767 2781 Sed
791 2744 873 2788 quid
906 2745 976 2778 cito
1008 2743 1150 2776 accidere
1185 2743 1234 2776 vel
1268 2745 1338 2785 post

320 2807 405 2842 hanc
439 2805 474 2837 in
512 2797 636 2832 morbis
669 2787 904 2834 ejusdemmodi
936 2785 1032 2830 poffit
1056 2810 1069 2826 ,
1112 2786 1169 2820 ubi
1216 2798 1338 2829 praevau

321 2853 409 2886 leant
443 2841 668 2880 convulsiones
703 2831 940 2868 violentiffimae
967 2855 977 2870 ‚
1010 2831 1170 2864 admoneo
1195 2853 1205 2868 ,
1239 2841 1277 2864 ut
1308 2834 1340 2864 &

321 2895 403 2929 scias
438 2888 533 2932 ipse.
571 2887 601 2917 &
638 2889 709 2913 ante
743 2878 857 2911 docere
894 2876 976 2909 alios
1009 2885 1105 2916 queas
1132 2897 1142 2912 ‚
1177 2885 1243 2907 non
1276 2873 1337 2922 esse

319 2922 442 2973 {emese
467 2914 622 2965 mutinum
647 2921 805 2956 auxilium
829 2918 1028 2961 culpandum
1053 2941 1062 2956 ,
1102 2919 1122 2951 si
1158 2916 1246 2952 forte
1268 2930 1334 2959 ejus

317 2982 415 3017 usum
454 2967 616 3010 conf‘inuo
651 2976 755 3000 exitus
790 2962 909 2998 infelix
942 2962 1158 3006 consequatur
1193 2987 1201 2995 .
1236 2963 1333 3000 Quo-

317 3027 408 3061 niam
443 3029 522 3053 vero
558 3038 567 3054 ,
610 3009 772 3056 quidquid
813 3018 1012 3049 praemoneas
1038 3029 1046 3043 ‚
1095 3006 1204 3047 turpis
1251 3006 1333 3039 sem-

348 3081 379 3103 es
413 3061 497 3108 apud
530 3056 697 3104 plerosque
722 3053 887 3087 calamitas
911 3052 955 3084 est
980 3072 990 3087 ,
1024 3050 1045 3083 si
1070 3052 1135 3083 cita
1158 3061 1244 3082 mors
1277 3061 1334 3082 au-

319 3081 441 3148 {ilium
474 3113 630 3147 magnum
664 3098 831 3140 excipiam
866 3095 1026 3137 intelligis
1051 3095 1143 3131 sane,
1169 3104 1227 3127 cur
1254 3093 1338 3126 Val-

318 3157 407 3192 salva
430 3148 591 3194 ejusmodi
614 3141 833 3180 remediorum
857 3138 950 3173 usum
973 3142 1006 3172 in
1029 3137 1080 3172 his
1101 3137 1227 3171 morbis
1249 3148 1338 3171 vere-

324 3210 519 3286 rezurQid
542 3245 620 3274 vero
646 3253 654 3269 ‚
687 3229 709 3263 fi
734 3227 897 3263 cadaveris
928 3224 1078 3259 disseffio
1101 3235 1233 3259 ornnem
1259 3224 1332 3258 Me-

320 3289 396 3324 dico
420 3280 659 3318 excusationem
684 3274 800 3316 eripiat
824 3271 838 3306 ?
874 3270 981 3304 Potest
1015 3271 1100 3303 enim
1133 3268 1300 3302 convulfio
1322 3293 1332 3307 ‚

319 3344 359 3368 ut
381 3312 445 3364 nori
471 3314 693 3359 redeatieam
716 3327 824 3351 tamen
848 3339 861 3357 ‚
891 3315 1073 3356 intercepto
1095 3313 1128 3346 in
1151 3312 1333 3347 constriffls

321 3374 459 3412 vasculis
483 3370 635 3405 sanguine
660 3388 669 3400 ,
703 3362 862 3396 intestinis
885 3369 1001 3392 noxam
1026 3361 1093 3392 cito
1118 3382 1124 3393 1
1161 3360 1195 3406 &b
1215 3367 1330 3407 praeter

320 3423 512 3464 opinionem
537 3405 680 3445 intulisse
704 3432 715 3449 ,
748 3416 813 3448 qua
859 3401 1016 3447 praesente
1039 3424 1051 3442 ,
1084 3400 1213 3443 sanguis
1248 3410 1328 3436 mit-

322 3560 759 3577 Μ

867 3650 878 3678 (,
893 3647 909 3673 d
926 3645 936 3677 )
952 3646 981 3671 de
997 3654 1045 3676 quo
1062 3647 1128 3677 supra
1146 3655 1169 3672 n.
1185 3654 1208 3671 ι.

372 3655 392 3684 ί
405 3662 417 3678 e
433 3654 441 3679 i
459 3653 565 3679 Praelect.
581 3653 609 3678 ad
628 3652 697 3676 Instit
726 3651 747 3683 §-
767 3656 806 3679 ⁹¹·
965 3679 970 3683 ¹

930 3678 946 3709 (
960 3686 969 3703 ι
986 3678 1000 3708 )
1016 3686 1039 3704 n.
1056 3687 1098 3708 70·
1115 3679 1146 3704 ad
1162 3678 1207 3704 fin.

380 3684 536 3716 (E)n·4·
598 3684 709 3713 (h)n.
729 3678 869 3711 19.&seq.

1270 3648 1309 3673 (e
1324 3647 1338 3678 2
1355 3647 1416 3679 Eph.
1434 3649 1467 3676 N.
1485 3648 1517 3674 C.
1533 3649 1593 3672 Dec.
1610 3654 1632 3678 3.
1649 3647 1681 3673 Δ.
1698 3655 1725 3678 7.
1738 3649 1761 3680 ὃς
1778 3649 1802 3675 8.
1821 3646 1954 3678 01)ί“.,ι4ς.

940 80 1102 139 Liber
1135 86 1226 140 ΙΙΙ.
1260 85 1347 139 De
1379 85 1592 140 Morbis
1627 87 1843 141 Ventris

1388 168 1414 198 ti
1437 176 1574 208 nequeat
1608 166 1669 199 sine
1700 168 1796 210 culpa
1821 191 1828 197 .
1863 161 1988 202 Vidisti
2012 164 2046 197 in
2071 163 2177 199 Laelio
2209 175 2308 208 quam
2331 164 2402 200 cito

1387 209 1537 242 intestina
1562 220 1626 242 non
1651 209 1751 243 modo
1774 209 2067 255 inflammationem
2094 234 2102 248 ‚
2133 208 2185 243 sed
2206 212 2237 242 δε
2261 211 2400 244 livorem

1385 251 1636 287 contraxissent.
1664 255 1739 287 Pars
1763 254 1852 287 nulla
1877 252 2009 285 sortasse
2042 252 2173 286 facilius
2196 274 2206 290 ,
2239 256 2269 285 δε
2301 254 2400 287 citius

1384 308 1482 338 quam
1507 296 1659 330 intestina
1682 319 1695 336 ,
1728 296 1810 330 nihil
1834 295 1995 338 ejusmodi
2021 295 2200 338 suspicante
2223 297 2361 330 Medico
2385 318 2401 336 ‚

1386 340 1454 372 abit
1479 341 1511 372 in
1537 351 1778 382 grangraenam,
1804 343 1835 374 &
1860 341 1952 381 nigra
1976 339 2013 372 fit
2039 363 2046 370 .
2073 338 2174 379 Qiod
2198 340 2253 372 etsi
2277 340 2401 382 produ-

1384 384 1445 416 etis
1470 384 1547 416 alibi
1572 384 1736 420 historiis,
1764 393 1819 418 aut
1844 387 1879 416 in
1904 385 1964 416 hac
1989 382 2133 425 Epistola
2160 380 2245 425 (f)
2278 384 2401 425 produ-

1383 427 1495 460 cendis
1521 427 1572 460 vel
1596 431 1705 470 aptius
1731 427 1901 462 monstrare
1927 425 2048 469 possem
2073 438 2083 464 3
2121 425 2174 459 hic
2199 435 2306 460 tamen
2332 427 2401 469 pla-

1385 482 1436 503 cet
1462 470 1764 504 Observationibus
1786 471 1909 505 duabus
1931 469 2096 504 ostendere
2121 493 2131 508 ‚
2165 480 2304 512 quarum
2336 468 2402 503 sin-

1386 514 1476 556 gulas
1499 515 1538 547 ab
1562 513 1696 556 fingulis
1719 514 1974 555 Praeceptoribus
1999 515 2107 556 accepi
2142 515 2220 547 meis
2242 536 2255 553 ,
2286 513 2401 547 eodem

1388 558 1569 633 yflfflva'
1593 562 1625 591 ὃς
1654 558 1785 603 Jacobo
1818 559 1955 593 Sandrio
1978 583 1987 591 .
2023 559 2119 592 Hanc
2142 559 2247 600 igitur
2271 567 2288 589 a
2318 557 2401 590 Val-

1405 613 1419 633 a
1438 612 1474 634 va
1500 625 1506 634 .

1431 647 1462 676 6.
1489 646 1580 678 VIR
1603 653 1672 678 erat
1695 646 1754 689 qui
1781 645 1820 679 ab
1842 646 1970 688 aliquot
1993 644 2106 689 saltem
2131 644 2293 679 mensibus
2315 655 2401 686 quo-

1387 688 1467 722 tidie
1491 686 1570 722 hora
1597 702 1612 722 a
1636 689 1712 722 cibo
1736 690 1870 732 quincta
1892 712 1905 728 ,
1938 700 1976 722 an
2001 689 2087 724 sexta
2122 690 2245 723 ventris
2276 689 2403 723 dolori-

1387 733 1447 765 bus
1472 734 1686 775 capiebatur,
1710 731 1797 776 quasi
1823 742 1874 766 tot
1897 732 2048 775 dentibus
2071 736 2265 769 laceraretur
2289 757 2297 765 .
2322 732 2402 765 Huc

1385 775 1575 809 accesserant
1600 775 1698 810 flavae
1723 781 1867 811 materiae
1901 776 2011 811 fluxus
2032 801 2043 816 ,
2075 782 2108 812 δι
2139 779 2256 812 macies
2280 798 2290 814 ‚
2325 787 2402 810 cum

1384 829 1516 864 repente
1542 821 1712 863 apoplexia
1735 822 1877 861 invasit,
1900 820 1979 854 levis
2002 821 2156 863 quidem,
2182 824 2213 855 &
2235 831 2309 863 quae
2334 819 2405 862 post

1384 864 1471 898 diem
1497 875 1598 897 unum
1634 874 1690 898 aut
1725 865 1865 898 alterum
1888 865 2016 897 remitti
2039 865 2106 899 visa
2138 866 2214 905 est,
2251 865 2403 898 manibus

1386 908 1530 950 aliquam
1556 908 1710 942 movendi
1735 907 1927 943 facultatem
1958 909 2225 950 recuperantibus
2249 930 2258 945 ‚
2294 917 2403 941 mente

1387 961 1494 985 autem
1520 952 1617 995 paulo
1643 954 1749 985 minus
1773 952 1921 994 oppressa
1945 973 1955 989 ‚
1990 961 2098 985 tamen
2120 952 2258 996 quinffl‘o
2280 951 2334 985 die
2356 952 2403 984 le-

1385 994 1501 1029 thalis.
1637 997 1913 1030 CADAVERE
1939 995 2137 1040 perlustrato
2160 1020 2170 1035 ,
2192 994 2266 1029 sana
2289 995 2402 1028 omnia

1385 1049 1520 1072 inventa
1556 1038 1629 1073 sunt
1655 1062 1664 1076 ‚
1708 1040 1730 1073 si
1766 1040 1934 1075 cerebrum
1959 1062 1970 1078 ‚
2007 1042 2040 1073 &
2070 1040 2176 1074 Ileum
2212 1038 2403 1072 intestinum

1385 1084 1525 1125 excipias
1545 1105 1555 1114 .
1589 1085 1628 1116 In
1653 1084 1742 1117 illius
1767 1087 1856 1118 enirn
1879 1083 2071 1117 ventriculis
2104 1084 2211 1118 serum
2242 1080 2311 1115 fuit
2333 1093 2401 1116 non

1384 1139 1524 1171 paucum
1539 1149 1550 1166 ,
1575 1138 1592 1159 a
1614 1138 1680 1170 quo
1704 1126 1890 1162 Choroides
1915 1128 2026 1171 plexus
2050 1127 2216 1169 pallebant
2232 1151 2241 1157 .
2263 1125 2304 1159 In
2329 1126 2402 1160 Ileo

1385 1181 1493 1205 autem
1518 1171 1638 1212 septem
1663 1196 1672 1211 ,
1705 1182 1745 1203 an
1768 1173 1844 1205 οᾶο
1870 1173 2035 1205 annularia
2059 1169 2160 1213 spatia
2184 1195 2193 1211 ‚
2227 1181 2327 1213 eaque
2351 1171 2405 1203 ni-

1384 1216 1547 1258 gricantia
1573 1227 1581 1245 ε
1616 1214 1735 1258 quibus
1759 1215 1792 1247 in
1818 1214 1929 1257 spatiis
1954 1215 2115 1257 glandulae
2137 1215 2253 1248 ciceris
2278 1215 2407 1256 magni-

1385 1260 1498 1292 tudine
1515 1283 1523 1297 ,
1550 1260 1686 1292 materia
1711 1258 1782 1292 alba
1806 1260 1967 1302 pleraeque
1991 1260 2156 1301 oppletae.
2178 1259 2243 1291 Hae
2267 1258 2406 1299 glandu-

1384 1302 1422 1335 lae
1448 1315 1513 1336 non
1536 1302 1681 1336 colleffitae
1705 1311 1795 1337 erant
1819 1304 1852 1336 in
1879 1314 2031 1340 acervos,
2057 1313 2162 1344 neque
2186 1303 2326 1334 interius
2351 1302 2408 1334 lo-

1385 1356 1464 1380 catae
1481 1373 1490 1388 ‚
1515 1346 1566 1380 secl
1589 1345 1731 1387 disjeci*ae
1748 1369 1757 1383 ‚
1781 1348 1934 1390 interque
1957 1345 2102 1380 intestini
2127 1347 2254 1380 tunicas
2277 1355 2406 1379 extror-

1385 1389 1454 1423 sum
1480 1393 1592 1433 potius
1616 1391 1868 1433 prominebant.

1429 1445 1461 1476 7.
1492 1435 1687 1477 Apoplexiae
1711 1436 1803 1469 causa
1831 1461 1839 1475 ‚
1875 1436 1997 1478 quippe
2020 1432 2087 1467 huc
2119 1443 2188 1468 non
2211 1434 2371 1468 attinente
2397 1458 2408 1474 ,

1387 1476 1523 1519 seposita
1547 1503 1555 1518 ‚
1590 1479 1745 1512 dolorum
1779 1477 1908 1512 causam
1942 1476 2096 1522 quotidie
2118 1487 2209 1511 certa
2241 1476 2324 1511 hora
2347 1477 2407 1512 illa

1387 1524 1632 1556 recurrentium
1658 1523 1770 1560 vides³
1794 1524 1954 1557 nimirum
1977 1522 2148 1562 glandulas
2171 1522 2205 1555 in
2230 1521 2301 1555 Ileo
2335 1533 2408 1554 am-

1389 1565 1550 1608 plificatas
1572 1588 1583 1604 ,
1620 1565 1684 1599 sive
1718 1566 1784 1599 illae
1808 1590 1817 1605 ‚
1848 1565 1940 1608 quod
1976 1564 2131 1599 Valsalva
2154 1588 2167 1605 ,
2200 1566 2407 1608 quarundam

1389 1611 1527 1644 aliarum
1553 1609 1705 1651 exemplo
1727 1609 1861 1643 edoctus
1886 1632 1896 1647 ‚
1928 1607 2078 1642 censebat
2103 1631 2112 1646 ‚
2146 1608 2279 1643 cibariae
2304 1619 2408 1642 mate-

1385 1655 1443 1686 riae
1468 1665 1525 1695 per
1553 1654 1659 1686 Ileum
1683 1652 1849 1686 devolutae
1875 1652 2064 1694 preffionem
2087 1650 2172 1685 ferre
2195 1652 2260 1685 fine
2291 1652 2407 1687 dolore

1383 1706 1449 1728 non
1476 1706 1628 1738 poterant
1654 1709 1663 1734 ς
1698 1695 1763 1728 sive
1788 1697 1830 1728 ab
1854 1707 1945 1728 novo
1984 1695 2087 1738 chylo
2119 1707 2230 1729 earum
2254 1697 2289 1729 in
2315 1706 2408 1738 parte

1380 1739 1620 1773 obstructarum
1655 1738 1817 1780 angustias
1849 1739 1984 1773 eluetari
2027 1749 2211 1781 nequeunte
2242 1739 2411 1776 distende-

1381 1783 1525 1816 bantur.-
1549 1783 1640 1826 quod
1665 1786 1695 1816 δι
1719 1781 1861 1824 ipsarum
1887 1792 2030 1822 natura,
2053 1793 2127 1826 quae
2151 1781 2315 1817 Valsalvae
2340 1795 2409 1818 non

1380 1828 1427 1860 ita
1452 1826 1612 1861 diffimili‘s
1637 1826 1702 1859 visa
1725 1825 1769 1859 est
1793 1837 1904 1860 earum
1927 1837 2000 1869 quae
2025 1828 2060 1859 in
2085 1824 2281 1860 mesenterio
2306 1826 2406 1868 sunt,

1382 1871 1572 1908 indicabat,
1600 1873 1630 1903 &
1654 1870 1724 1903 alba
1748 1870 1805 1903 illa
1829 1881 1894 1912 qua
1919 1870 2082 1913 pleraeque
2108 1868 2370 1905 infarciebantur
2392 1895 2408 1913 ,

1381 1914 1519 1946 materia
1543 1914 1768 1957 quadantenus
1791 1913 2031 1947 confirmabat.
2054 1914 2225 1948 Caeterum
2248 1915 2303 1948 hic
2328 1926 2412 1958 prae-

1381 1957 1494 1990 sertim
1520 1957 1670 1991 attendas
1695 1958 1793 1991 velim
1810 1979 1820 1994 ‚
1845 1968 1947 1999 quam
1969 1956 2067 1992 facile
2090 1980 2100 1994 ‚
2138 1960 2171 1991 &
2204 1969 2305 2001 quam
2339 1961 2411 1994 cito

1384 2012 1420 2033 ea
1445 2000 1546 2042 spatia
1581 2002 1693 2034 omnia
1727 2002 1761 2033 in
1794 2002 1914 2043 quibus
1942 2008 2034 2033 erant
2069 2001 2134 2034 illae
2159 2026 2169 2041 ,
2201 2003 2412 2044 nigredinem

1384 2045 1547 2076 traxerint
1565 2067 1571 2075 .
1595 2044 1658 2077 Sed
1682 2044 1838 2078 inertiam
1860 2067 1872 2084 ‚
1909 2045 2021 2086 inquis
2042 2066 2053 2082 2
2077 2042 2238 2079 fibrarum
2260 2046 2411 2081 intestini

1385 2087 1557 2130 apoplexia
1583 2095 1718 2121 auxerat
1742 2111 1752 2127 ‚
1783 2099 1850 2130 quo
1874 2089 1983 2121 minus
2008 2099 2064 2131 per
2101 2090 2220 2123 vitiata
2244 2090 2410 2132 glandulis

1384 2143 1419 2164 ea
1443 2130 1547 2174 spatia
1570 2129 1762 2173 sanguinem
1787 2130 1915 2174 possent
1940 2142 2154 2173 promovere.
2180 2134 2297 2167 Fateor
2320 2146 2331 2176 ,·
2357 2135 2411 2170 sed

1381 2186 1448 2208 non
1474 2184 1647 2217 propterea
1660 2178 1791 2208 vitiatas
1818 2174 1896 2208 alias
1920 2185 2026 2218 partes
2049 2187 2209 2220 occupare
2234 2188 2411 2220 gangraena

1383 2219 1463 2251 folet
1489 2228 1556 2251 tam
1580 2221 1651 2252 cito
1672 2230 1748 2252 cum
1774 2218 1899 2252 accedit
1922 2220 2113 2261 apoplexia.
2141 2222 2225 2260 Quae
2238 2221 2327 2257 nulla
2339 2235 2410 2257 cei-:-

1383 2272 1416 2295 te
1442 2260 1638 2304 praecesserat
1662 2264 1697 2296 in
1723 2263 1965 2296 Observatione
1988 2264 2111 2307 altera,
2132 2275 2231 2310 quam
2255 2266 2411 2303 Sandrius

1383 2307 1501 2341 habuit
1527 2306 1564 2339 ad
1589 2305 1676 2339 hunc
1699 2307 1856 2340 modum.

1427 2351 1455 2383 8.
1484 2349 1531 2383 N.
1557 2349 1883 2383 CUPELLINIUS
1906 2349 2189 2386 Colicalaborans
2211 2352 2410 2396 affeffione,

1384 2405 1461 2428 cum
1486 2394 1593 2426 sedens
1629 2393 1840 2429 emulfionem
1873 2393 2002 2428 biberet
2024 2417 2037 2434 ‚
2070 2394 2213 2430 adstanti
2245 2396 2373 2432 famulo
2394 2422 2409 2440 ,

1386 2450 1463 2479 cape
1478 2463 1487 2477 ‚
1511 2438 1620 2479 inquit
1645 2447 1777 2477 repente
1792 2460 1801 2475 ,
1825 2436 1983 2479 cyathum
2007 2440 2178 2482 porrigens
2212 2451 2311 2482 quern
2338 2455 2409 2476 ma-

1387 2493 1431 2515 nu
1455 2481 1605 2521 tenebat,
1630 2483 1659 2514 δι
1683 2481 1746 2515 hoc
1771 2481 1881 2515 dicens
1905 2503 1915 2518 ‚
1952 2482 2130 2517 retrorsum
2161 2485 2282 2518 cecidit
2317 2497 2409 2520 mor.

1388 2536 1487 2559 tuu8.
1618 2525 1853 2559 CORPORE
1877 2533 1951 2557 toto
1976 2525 2128 2560 consecto
2153 2550 2162 2566 ‚
2196 2528 2281 2562 nihil
2315 2530 2408 2565 aliud

1387 2570 1464 2603 vitii
1489 2577 1655 2611 repertum
1679 2569 1741 2608 est,
1765 2580 1864 2611 quam
1888 2568 2032 2602 intestini
2054 2571 2134 2604 Coli
2158 2569 2406 2613 inflammatio,

1387 2625 1460 2657 quae
1486 2613 1523 2646 ad
1549 2611 1752 2655 nigredinem
1777 2612 1932 2654 vergebat
1948 2637 1955 2645 .

1433 2669 1462 2697 9.
1490 2657 1542 2690 Ex
1564 2654 1624 2690 hac
1649 2656 1890 2689 observatione
1915 2666 1986 2689 tum
2008 2657 2096 2698 quod
2124 2658 2279 2702 proposui
2302 2685 2313 2702 ‚
2354 2662 2409 2695 in-

1390 2701 1537 2743 telligis,
1562 2709 1633 2733 tum
1658 2702 1755 2734 etiam
1778 2710 1851 2741 quae
1876 2697 1973 2733 facile
1997 2711 2080 2734 noxa
2105 2703 2139 2734 in
2173 2704 2285 2737 eodem
2319 2707 2407 2740 inte-

1389 2744 1474 2778 stino
1498 2741 1557 2777 esse
1591 2742 1692 2786 posset
1728 2747 1761 2777 in
1787 2744 1931 2785 Virgine
1962 2755 2093 2786 quoque
2117 2747 2330 2783 Forolivienfi
2363 2749 2405 2785 de

1388 2799 1452 2831 qua
1478 2788 1576 2830 paulo
1599 2798 1672 2822 ante
1695 2788 1750 2831 (g
1774 2790 1784 2825 )
1819 2787 1943 2821 dictum
1967 2787 2011 2820 est
2036 2812 2043 2820 ,
2080 2789 2155 2825 Nec
2189 2800 2221 2824 te
2254 2803 2404 2828 moretur

1389 2831 1479 2875 quod
1504 2831 1591 2865 nulla
1617 2835 1734 2874 praevia
1758 2829 1880 2865 fuerint
1905 2830 2004 2864 febris
2028 2832 2172 2872 indicia3
2195 2838 2404 2880 quandoqui-

1387 2877 1461 2909 dem
1485 2876 1518 2908 in
1544 2874 1594 2909 liis
1617 2874 1693 2918 ipsis
1717 2877 1853 2908 Litteris
1875 2877 1889 2913 (
1912 2873 1933 2907 h
1954 2879 1968 2915 )
1993 2874 2091 2909 visuri
2116 2879 2248 2920 sumna,
2271 2893 2310 2914 an
2337 2881 2402 2917 sine

1387 2918 1721 2959 febre‘inflammatio
1745 2918 1806 2952 esse
1831 2918 1946 2960 point,
1974 2920 2041 2951 imo
2066 2932 2103 2953 ari
2127 2921 2192 2955 fine
2215 2920 2403 2959 inflamma-

1387 2966 1479 2997 tione
1505 2962 1668 3006 sphacelus
1691 2989 1700 2996 .
1735 2964 1864 2996 Verum
1889 2963 1949 2995 alia
1976 2972 2070 2996 antea
2104 2969 2302 3007 expedienda
2327 2971 2404 3005 sunt

1384 3019 1456 3047 quze
1480 3008 1518 3041 ad
1542 3009 1739 3041 celeritatem
1766 3006 1907 3048 spectant
1930 3018 1993 3049 qua
2018 3007 2325 3048 intestinalethalem
2349 3016 2403 3048 in-

1385 3050 1651 3086 flammationem
1675 3051 1888 3091 concipiunt.

1434 3107 1480 3129 10.
1507 3095 1692 3129 SERVUS
1716 3093 1849 3136 quidam
1873 3105 1889 3127 a
1913 3094 2048 3135 pedibus
2070 3118 2081 3133 ‚
2113 3106 2228 3141 nempe
2249 3100 2277 3134 is
2301 3113 2399 3145 quem

1390 3140 1535 3182 Epistola
1557 3140 1651 3172 etiam
1675 3138 1875 3171 Anatomica
1898 3138 1974 3171 XV.
2001 3139 2050 3181 (i
2069 3143 2085 3181 )
2108 3148 2364 3179 commemoravi
2386 3170 2398 3185 ‚

1389 3183 1450 3216 alia
1474 3183 1512 3217 de
1537 3196 1575 3216 eo
1599 3182 1737 3215 scribens
1762 3204 1771 3219 ‚
1806 3192 1875 3223 quae
1901 3181 1954 3215 liic
1988 3185 2124 3218 minime
2156 3186 2361 3223 iterabuntur
2385 3214 2399 3229 ,

1385 3226 1504 3261 statura
1528 3227 1677 3260 breviore
1701 3250 1709 3265 ,
1734 3224 1989 3273 habitquingui
2010 3249 2023 3266 ,
2054 3239 2130 3262 curn
2152 3228 2304 3266 famulari
2329 3245 2396 3267 am..

1385 3271 1469 3312 plius
1493 3282 1559 3304 non
1584 3269 1710 3313 postet,
1736 3280 1833 3302 annos
1856 3280 1922 3310 jam
1945 3271 2071 3312 aliquot
2094 3275 2321 3315 mendicabat,
2344 3279 2397 3310 vi-

1385 3326 1513 3358 noque,
1540 3326 1612 3347 cum
1638 3322 1787 3356 poterat,
1813 3315 1967 3348 utebatur
1993 3316 2090 3356 paulo
2124 3318 2255 3354 uberius
2280 3345 2287 3352 ,
2323 3321 2394 3354 Ita-

1384 3370 1446 3400 que
1491 3361 1589 3392 etiam
1633 3357 1795 3400 postremo
1840 3358 1916 3391 vitae
1962 3358 2015 3393 die
2059 3370 2132 3394 curn
2165 3363 2302 3397 domum
2341 3376 2392 3398 re-

1380 3402 1488 3436 diisset
1510 3428 1520 3444 ,
1567 3412 1601 3435 ac
1645 3402 1728 3436 male
1773 3400 1890 3435 habere
1931 3401 1960 3436 se
1983 3425 1990 3441 2
2040 3405 2160 3440 diceret
2190 3420 2201 3445 ς
2233 3407 2316 3441 nihil
2353 3418 2391 3444 ut

2317 3450 2348 3485 se

2015 3648 2125 3679 (fin.
2144 3649 2278 3678 16.&18.
