2498 4075
412 204 565 270 Epist.
602 204 763 257 Anat.
800 202 1016 256 Medica
1052 201 1218 256 XLV.
1256 175 1721 271 Art.21.22.&23.

32 289 143 322 omnia
165 287 198 319 in
223 284 391 328 hystericis
416 283 556 327 semper,
582 282 733 325 pleraque
757 294 864 318 autem
887 287 919 317 in
956 283 1037 317 viri⁴

34 332 74 365 lis
96 332 185 364 sexus
207 329 252 370 hy
278 326 504 363 ochondriaci's
528 337 692 368 nunquam
716 327 814 362 essent
840 327 1046 362 animadver-·

35 373 81 413 sa,
110 373 158 406 vel
182 384 269 414 quai
293 384 326 405 ea
349 382 420 414 quae
444 371 549 404 multo
572 372 602 402 &
628 369 762 411 saepius,
787 374 818 404 &
852 372 981 414 gravius
1005 372 1039 403 in

36 415 248 455 mulieribuS,
269 426 366 458 quam
390 416 422 446 in
446 416 524 447 viris
546 414 762 454 contingunt,
790 424 843 448 aut
867 426 931 448 non
943 414 1047 446 essent¹

36 460 173 503 ejusdem
196 460 341 501 generis,
365 460 396 491 &
420 458 520 499 gradu
544 457 771 490 tantummodo
803 458 1014 500 discrepantia
1030 478 1038 492 ,

37 515 91 539 aut
114 502 281 537 nervosum
306 501 475 534 mulierum
490 498 644 542 systema,
668 499 1051 544 &corpus,&vivendi·

35 547 194 583 rationem
207 569 216 583 ‚
239 557 273 579 ac
284 546 431 578 virorum
445 544 526 576 inter
539 543 568 575 se
580 545 845 584 comparantibus
860 555 924 578 non
937 555 1038 586 appa-

34 600 139 630 reret,
162 601 218 623 cur
241 587 358 622 eaedem
380 585 481 619 causae
495 586 597 619 multo
612 585 780 620 &facilius
795 610 803 625 ,
817 588 970 628 &saepius
984 608 994 627 ,
1007 589 1037 618 &

36 636 138 670 acrius
162 634 195 666 in
220 633 349 665 illarum
373 640 488 662 nervos
513 630 674 668 debeant,
697 642 793 672 quam
817 632 850 663 in
884 630 1001 664 horum
1027 656 1035 669 ,

35 689 128 722 agere
146 701 153 709 .
180 676 252 710 Nec
277 687 352 707 vero
377 674 442 706 haec
467 675 637 714 attigimus
661 673 747 715 quod
782 675 876 707 nobis
911 675 1035 715 placeat

0 724 1 727 ’
36 733 111 756 cum
133 730 300 762 quoquam
326 718 496 755 altercari,·
519 718 586 749 imo
612 727 712 757 vero,
736 728 774 751 ne
798 718 854 750 alii
889 718 975 749 inter
1008 717 1038 749 se

37 766 250 799 altercentur-
274 762 367 804 Quin
391 759 412 792 fi
436 772 470 792 ea
495 771 566 802 quae
591 759 685 801 supra
710 762 724 799 (
746 759 765 792 b
787 765 800 800 )
823 761 1004 802 scripsimus
1031 781 1040 796 2

39 809 181 849 relegas,
205 816 270 847 quo
292 807 386 839 simus
409 804 520 835 animo
543 805 578 835 in
602 803 661 837 hac
683 804 902 836 controversia
926 828 935 842 ‚
975 814 1044 844 per-

40 852 153 889 spicies
176 872 186 889 ‚
221 851 252 880 δι
274 846 421 890 quamvis
446 846 689 882 {ciamussnon
714 848 746 878 in
770 849 892 881 cunffis
904 858 973 889 quae
986 846 1043 887 hy-

39 895 159 928 stericae
182 892 359 929 dicuntur,
383 899 510 923 uterum
529 915 538 929 ‚
562 898 616 921 aut
640 889 708 931 ejus
734 891 826 926 tubas
846 914 858 930 ,
891 893 921 923 &
957 889 1045 922 testes

39 935 285 980 inquirentibus
313 933 519 966 Anatomicis
543 933 661 965 vitium
696 933 828 973 prodere
852 947 861 971 ς
893 933 964 966 illas
997 942 1046 964 ta-

42 991 114 1015 men
139 980 172 1011 in
197 979 317 1021 quibus
340 978 546 1010 irritamenta
572 976 610 1008 ab
623 976 672 1009 his
696 977 842 1016 partibus
865 978 1048 1018 incipiant,

45 1037 61 1058 a
87 1023 180 1056 nobis
205 1022 336 1063 proprie
360 1018 532 1061 hystericas
557 1020 736 1060 appellari.
766 1021 880 1063 Itaque
913 1019 934 1052 si
970 1018 1049 1061 quid

42 1067 203 1101 hvslericil
220 1065 252 1097 in
277 1076 310 1097 ea
336 1063 420 1096 forte
444 1063 552 1097 Vidua
576 1074 673 1107 quam
720 1063 863 1105 Epistola
906 1060 1051 1108 descripsi

45 1105 189 1143 XXXV.
212 1110 226 1146 (
248 1119 263 1140 c
287 1110 299 1147 )
324 1105 433 1142 fuisse,
457 1106 597 1142 dixeris,
624 1105 790 1140 menstruis
812 1107 963 1140 oetavum
985 1116 1052 1147 Jam

44 1152 185 1186 mensem
209 1161 354 1185 carente,
378 1162 433 1185 nec
458 1149 521 1182 sine
544 1148 632 1185 sensu
657 1149 830 1192 aliquando
854 1149 1052 1192 adjugulum

44 1197 247 1231 ascendentis
264 1192 428 1235 cujusdam
454 1194 523 1230 rei,
548 1195 582 1225 in
607 1194 690 1226 uteri
716 1204 822 1227 autern
846 1193 971 1226 summo
997 1204 1052 1233 pa-

45 1242 126 1274 riete
151 1238 355 1281 purulentam
381 1235 538 1279 pustulam
562 1235 721 1274 habente,
747 1240 977 1280 materiamque
1001 1237 1052 1267 in-

44 1295 94 1318 tra
117 1282 212 1316 tubas
236 1281 354 1314 coloris
377 1292 415 1313 ex
437 1291 553 1314 carneo
577 1279 801 1320 flavescentis;
825 1281 886 1314 tibi
902 1305 910 1318 ‚
935 1290 1051 1322 quam-

38 1321 96 1360 =vis
119 1322 249 1358 fortasse
273 1322 415 1364 possem,
440 1334 505 1355 non
531 1322 734 1366 refragabor.
763 1326 836 1360 Imo
868 1326 944 1357 duas
990 1322 1052 1356 huc

46 1370 158 1403 addam
181 1367 387 1403 foeminarum
413 1367 576 1406 historias,
599 1379 677 1408 quas
693 1392 700 1404 .
725 1377 760 1401 ut
784 1368 883 1408 ipsae,
921 1368 1048 1400 caeteri-

44 1419 108 1456 que
130 1412 323 1449 credebant,
347 1421 409 1453 ego
432 1421 561 1453 quoque
585 1409 758 1452 hystericas
791 1410 883 1444 fuisse
901 1433 914 1450 ,
950 1409 1050 1443 assen-

47 1459 132 1490 tiar:
157 1456 180 1489 fi
205 1457 292 1500 prius
315 1454 453 1487 totidem
498 1464 575 1495 quas
624 1454 835 1503 Sepulchreto
882 1453 1016 1495 adjicias
1041 1477 1051 1491 ,

46 1509 367 1533 commemoravero.
393 1497 505 1533 Altera
530 1499 583 1530 Ci.
608 1498 737 1539 Mayeri
763 1502 772 1536 (
797 1498 817 1530 d
837 1502 850 1539 )
874 1497 918 1531 est
940 1499 972 1530 in
986 1507 1058 1530 mu-

45 1545 145 1584 liere,
167 1553 259 1582 curus
283 1551 392 1576 uterus
415 1551 545 1582 magnus
560 1563 567 1577 ‚
589 1541 762 1584 totusque,
787 1541 1058 1583 fingulariexem-

47 1588 104 1630 plo
115 1585 135 1628 ,'
150 1589 190 1620 in,
207 1581 324 1620 osseam
350 1584 559 1619 substantiam
583 1594 727 1622 mutatus
745 1609 754 1625 ,
778 1593 814 1617 ut
839 1585 953 1618 malleo
989 1583 1058 1616 fue-

48 1631 93 1662 rit
118 1628 372 1671 diffringendus,
395 1630 482 1660 intra
506 1626 595 1660 suum
621 1639 735 1661 cavum
759 1651 772 1668 ,
806 1628 843 1661 ad
890 1629 1057 1661 internum

47 1673 193 1709 ‚osculum
218 1671 388 1705 aretiffime
411 1670 602 1710 occlusum,
625 1682 682 1713 pus
706 1672 894 1707 continebat
909 1669 1056 1703 laclifor-

48 1728 120 1755 me,
145 1715 242 1758 paulo
265 1713 412 1752 crassius,
436 1724 500 1749 non
527 1713 705 1753 foetidum,
731 1716 764 1747 in
790 1724 901 1757 centro
926 1714 962 1746 ad
976 1714 1055 1746 viri-

9 1760 12 1763 *
47 1760 86 1794 de
111 1759 290 1795 inclinans.
317 1758 360 1791 Ea
385 1757 521 1792 foemina
546 1758 585 1790 ab
608 1760 666 1791 illo
690 1768 838 1799 tempore
872 1771 937 1801 quo
971 1758 1054 1790 uteri

48 1813 212 1842 tumorem
230 1803 337 1844 coepit
362 1800 640 1838 animadvertere,
665 1803 704 1835 ab
727 1801 889 1845 hysterica
923 1800 1061 1844 passione

48 1847 150 1882 libera
174 1846 259 1883 fuit5
286 1853 321 1882 ut
346 1844 438 1887 poffis
464 1844 637 1886 suspicari.
660 1857 699 1878 ex
722 1857 761 1878 eo
783 1845 871 1888 quod
895 1844 1062 1879 uterusir-

51 1891 146 1923 ritari
171 1889 309 1930 amplius
333 1899 398 1921 non
422 1889 557 1930 potuit,
581 1889 674 1931 illam
701 1888 871 1930 passionem
904 1884 1025 1921 desiisse
1048 1911 1056 1918 .

180 1932 333 1967 Historia
358 1932 457 1964 altera
483 1943 497 1963 a
523 1931 780 1966 C1.He1wichio
806 1937 815 1972 (
841 1932 889 1974 e)
915 1932 977 1969 est,
1001 1932 1060 1973 qui

49 1976 194 2010 mulieris
219 1984 311 2009 utero
335 1976 503 2013 exterius,
526 1983 681 2020 tanquam
706 1986 761 2018 per
786 1975 970 2018 pediculum
1004 1985 1059 2007 an-

49 2030 144 2053 nexas
169 2019 294 2053 invenit
318 2017 544 2052 excrescentias
568 2028 711 2060 quatuor
746 2030 838 2052 cavas
861 2041 871 2057 ,
910 2017 1060 2061 ‘ejusdem

49 2074 123 2097 cum
147 2062 205 2095 illo
229 2071 390 2101 textum,
413 2072 451 2095 ex
474 2062 590 2094 ovatio
615 2072 725 2095 autem
750 2064 850 2097 altero
874 2063 1061 2104 prominen-

50 2116 117 2140 tem
141 2105 321 2144 sacculum,
344 2107 428 2146 qui,
451 2104 592 2144 incisus,
626 2108 796 2140 materiam
843 2107 1059 2148 nigricantem

50 2149 264 2193 gelatinosam
288 2148 326 2184 ad
351 2149 546 2183 semunciam
568 2159 641 2182 cum
664 2151 788 2192 impetu
812 2150 915 2182 emisit
939 2175 947 2183 .
983 2149 1060 2181 Mu-

50 2196 135 2233 lier,
160 2202 196 2226 ut
239 2192 328 2225 idem
373 2192 438 2225 alio
459 2190 649 2234 exposuerat
672 2193 745 2226 loco
767 2191 851 2235 (f)
870 2218 879 2233 ,
923 2204 961 2225 ex
993 2192 1058 2224 illis

50 2236 219 2272 evidenter
243 2234 347 2270 fuerat
362 2260 370 2275 ‚
393 2246 473 2277 quas
496 2236 642 2270 convenit
664 2236 747 2269 inter
770 2247 873 2269 omnes
895 2234 1032 2269 Medicas
1048 2258 1058 2273 ,

51 2281 137 2314 uteri
160 2278 388 2314 affefflonibus
411 2277 471 2312 effe
495 2277 652 2312 obnoxias
667 2301 675 2315 ‚
692 2279 760 2321 sive
784 2278 839 2312 has
849 2290 996 2321 apnoeas,
1015 2277 1060 2319 fi-

51 2334 90 2356 νε
105 2320 327 2367 suffocationes
350 2321 422 2363 quis
445 2322 632 2362 vocaverit,
649 2321 716 2364 five
740 2323 836 2357 etiam
872 2321 1061 2356 contracho-

51 2376 104 2400 nes
127 2366 263 2407 quceci'am
287 2364 498 2406 corztz‘gerz'nt3
525 2364 692 2399 utGaleni
716 2364 770 2407 (g
792 2369 805 2406 )
831 2367 938 2400 verbis
963 2373 1037 2397 utar
1053 2390 1061 2398 .

52 2413 83 2442 A
109 2410 231 2451 marito
254 2409 349 2441 enim·
367 2407 527 2453 sejunffita‚
547 2409 581 2440 in
606 2420 676 2441 eam
699 2410 894 2443 naturalium
920 2409 1062 2451 prurigi-

54 2463 130 2486 nem
155 2450 333 2489 inciderat,
359 2460 396 2483 ut
420 2461 437 2482 a
470 2451 579 2484 surore
604 2454 732 2486 uterino
765 2464 878 2493 parum
912 2450 1025 2485 abesset
1049 2475 1062 2492 ‚

52 2497 236 2538 mirumque
258 2505 323 2527 non
346 2492 468 2532 fuerit,
492 2492 513 2526 si
540 2493 653 2536 spasmi
665 2496 838 2530 horribiles
850 2495 1061 2535 accesserint,

52 2538 163 2572 fauces
187 2537 437 2583 praecludentes‚
469 2549 602 2580 eamque
647 2538 788 2581 spirandi
835 2539 1061 2573 difficultatem

53 2580 247 2621 afferentes,
271 2591 307 2616 ut
332 2582 365 2613 in
393 2579 619 2615 suffocationis
643 2583 819 2625 periculum
845 2582 926 2625 saepe
959 2582 1057 2615 addu-

51 2635 183 2664 cerent,
206 2637 269 2667 qua
291 2626 431 2667 denique
452 2625 623 2668 inopinato
656 2625 802 2660 confeeta
848 2627 889 2660 est
914 2639 922 2660 :
965 2624 1059 2665 cuius

52 2668 276 2702 suffocationis
299 2667 449 2702 effecfftum
474 2669 583 2710 potius
606 2681 702 2712 quam
728 2670 851 2704 causam
875 2693 887 2711 ,
932 2668 1025 2703 fuisse
1049 2694 1058 2709 ‚

52 2712 159 2746 credes
182 2711 356 2746 secundum
379 2721 413 2744 ea
437 2722 509 2753 quae
522 2712 597 2746 alias
620 2716 634 2752 (
655 2713 675 2746 h
697 2718 710 2755 )
734 2714 937 2756 stripfimus,
960 2713 1058 2754 poly-

53 2765 112 2798 pos
133 2756 167 2788 in
190 2754 330 2796 eiusdem
354 2754 498 2788 mulieris
519 2756 616 2789 corde
638 2759 803 2790 inventos.
829 2756 887 2790 Sed
918 2755 982 2797 jam
1020 2755 1057 2788 ad

52 2799 130 2832 duas
153 2809 231 2840 quas
254 2799 351 2840 paulo
374 2807 445 2833 ante
468 2799 696 2842 promisimus,
720 2800 984 2835 Observationes
1009 2810 1063 2833 ve-

52 2853 200 2878 mamus.

98 2895 148 2919 21.
173 2884 503 2921 MERETRICEM
516 2885 741 2928 juvenculam,
765 2886 1023 2930 pinguiusculam
1047 2909 1056 2923 ‚

53 2929 226 2975 bibacemh,
262 2938 334 2970 quae
355 2929 436 2962 olim
474 2939 638 2973 pepererat
664 2955 673 2970 ,
719 2942 804 2965 nunc
852 2932 1057 2973 posteaquam

52 2971 176 3008 menses
198 2982 263 3012 jam
286 2979 426 3013 quatuor
449 2972 576 3016 sanguis
594 2980 638 3006 'ex
661 2983 753 3008 utero
784 2986 849 3010 non
886 2974 1058 3016 responde—

53 3026 125 3053 rat,
150 3014 316 3057 hystericis
341 3012 566 3053 affefflonibus
583 3041 594 3057 ‚
617 3018 734 3053 deinde
756 3020 856 3052 etiam
879 3019 986 3051 mania
1009 3017 1055 3050 la-

53 3060 244 3095 borantem,
269 3068 308 3091 ex
329 3059 560 3094 universalibus
583 3062 845 3096 convulfionibus
870 3070 1054 3101 mortuam,

52 3103 88 3139 in
111 3101 317 3141 NosocomiQ
343 3101 404 3133 hoc
428 3102 508 3150 secui
534 3105 590 3138 sub
613 3104 884 3148 Februariis-inem
899 3107 1053 3148 A-1717.

183 3144 431 3181 VENTER
474 3157 564 3188 Jecur
597 3148 711 3182 habuit
746 3161 783 3182 eo
807 3149 937 3186 col'ore,
963 3160 1056 3190 quo,

55 3189 179 3223 elixum
194 3213 204 3229 ‚
227 3186 289 3222 est:
315 3187 390 3220 bilis
413 3197 516 3225 tamen
540 3203 612 3232 quae
635 3205 674 3225 ex
698 3191 763 3233 ejus
796 3193 931 3235 vesicula
947 3192 1055 3234 ,exsu-

55 3232 186 3267 daverat
201 3253 211 3269 ,
235 3240 350 3263 croceo
372 3231 480 3266 colore
503 3235 697 3269 vividiffimo
722 3237 868 3277 proxima
902 3233 1055 3269 iniecerat

54 3275 224 3312 intestina·
249 3272 358 3310 Testes
382 3275 463 3315 albi,
486 3276 581 3316 duri,
607 3278 753 3313 scirrhosi
780 3302 789 3316 ‚
828 3290 922 3321 aequo
955 3278 1055 3320 majo-

55 3330 127 3359 res,
150 3320 182 3351 &
206 3318 318 3358 suopte
342 3318 480 3360 pondere
503 3321 591 3362 quasi
617 3333 699 3362 pone
744 3332 875 3356 uterum
921 3324 1016 3355 trac‘ti
1042 3349 1050 3356 .

55 3362 192 3395 Uterini
216 3360 308 3397 fundi
332 3363 467 3396 interior
490 3362 585 3397 facies
609 3365 856 3407 sanguinolento
879 3366 964 3406 quasi
989 3378 1060 3400 mu-

55 3417 95 3439 co
140 3415 204 3446 non
250 3404 336 3440 secus
358 3405 459 3439 oblita
484 3405 654 3443 videbatur
671 3431 679 3445 ,
707 3422 741 3442 ac
765 3409 787 3441 si
813 3411 965 3443 menstrua
992 3409 1059 3451 jam

55 3448 119 3489 jam
143 3448 316 3486 instarent,
338 3458 393 3482 aut
418 3453 601 3491 nuperrime
627 3450 814 3486 fluxissent:
840 3463 989 3494 praeterea
1022 3457 1055 3487 i'n

55 3491 111 3527 illa
132 3491 200 3535 ipsa
224 3490 306 3527 facie
328 3504 367 3526 ex
390 3492 562 3527 substantia
587 3498 668 3529 uteri
694 3498 848 3540 parvula,
873 3501 903 3531 &
920 3509 1057 3540 perpau-

1946 217 2043 264 207

1089 293 1125 316 ca
1148 282 1377 323 prominebant
1400 281 1588 319 tubercula,
1613 290 1824 316 verrucarum
1848 279 1985 319 similia.
2014 284 2099 316 Ure-

1089 324 1163 358 thra
1188 334 1317 367 aperta,
1341 336 1412 366 quae
1435 325 1554 360 crebris
1576 326 1831 360 canaliculorum
1855 323 1985 358 suorum
2008 324 2100 358 oscu-

1091 370 1129 402 lis
1153 377 1220 401 erat
1244 368 1392 411 pertusa,
1416 379 1456 402 ex
1480 368 1597 403 horum
1619 369 1803 406 nonnullis,
1830 367 1945 401 leviter
1956 371 2100 410 compri-

1092 410 1232 450 mendo,
1255 411 1359 445 albam
1385 411 1571 455 lentamque
1598 415 1765 446 materiam
1787 411 1910 453 dabat,
1933 421 2025 451 quae,
2048 412 2099 444 ni-

1090 455 1111 488 si
1139 456 1187 487 ibi
1211 455 1280 487 sana
1304 454 1433 488 fuissent
1457 457 1589 496 omnia,
1616 466 1673 497 pus
1698 455 1824 492 videri,
1846 455 2099 497 &gonorrhoeae

1090 498 1258 532 virulenta:
1282 497 1496 540 suspicionem
1521 510 1650 532 movere
1695 499 1868 543 potuisset.
2004 497 2102 534 Tho-

1087 553 1193 576 racem
1217 541 1386 583 pluribus,
1409 553 1489 584 quas
1512 542 1565 577 hic
1589 554 1769 578 memorare
1793 541 1915 575 necesse
1938 552 2005 582 nom
2031 540 2095 581 est,

1087 585 1367 619 observationibus
1391 594 1588 627 occupatus,
1615 599 1679 620 non
1724 587 1883 621 reseravi.
2016 587 2100 618 Cra-

1086 631 1181 664 nium
1206 628 1382 662 reseratum
1407 627 1535 666 fuerat3
1562 629 1613 664 sed
1637 631 1677 664 ab
1701 630 1742 663 iis
1767 628 2023 672 quicrederent,
2048 639 2098 662 me

1088 672 1256 705 cerebrum
1283 683 1346 704 non
1370 670 1429 705 esse
1452 671 1681 710 diffeetumm,
1705 671 1770 706 hoc
1795 672 1941 710 sectum,
1967 684 2017 705 me
2042 673 2101 705 ab-

1090 716 1198 754 sente,
1221 727 1368 758 aegreque
1392 714 1537 754 serente,-
1561 728 1646 750 eram
1670 717 1756 750 enim
1780 716 1824 748 ob
1850 718 1992 748 maniam
2015 737 2029 754 ,
2068 717 2101 748 δε

1094 757 1315 794 convulsiones
1338 758 1510 800 diligenter
1533 759 1753 802 inspesturus.
1778 758 1877 792 Nihil
1912 758 2004 791 fuisse
2049 759 2104 791 ad·

1095 803 1265 836 notatione
1290 803 1426 843 dignum
1452 802 1588 836 relatum
1614 803 1658 837 est
1682 813 1795 846 praeter
1811 801 2099 844 polyposas,quas

1095 850 1125 879 δι
1151 844 1215 886 ipse
1239 846 1271 877 in
1291 847 1430 887 iisquae
1454 844 1539 878 forte
1564 846 1774 889 supererant,
1797 847 1865 880 vidi
1887 868 1897 884 ,
1943 846 1978 879 in
2023 842 2104 878 vasis

1097 888 1286 930 sanguifeiis
1309 890 1533 922 concretiones
1546 913 1553 921 .

1141 942 1189 965 22.
1215 932 1325 972 Hepar
1347 933 1435 974 quasi
1460 931 1611 972 costum,
1635 934 1667 966 in
1694 931 1881 976 hydropicis
1904 931 2107 966 animadver-

1102 974 1194 1013 sum,
1216 974 1313 1008 habes
1337 975 1399 1009 hoc
1424 976 1490 1007 ΙΙΙ.
1518 976 1715 1018 Sepulchreti
1740 977 1825 1009 libro
1848 976 1997 1010 sectione
2012 976 2104 1008 XIX.

1104 1023 1114 1058 (
1138 1019 1149 1051 i
1172 1019 1373 1061 >firmique
1397 1021 1429 1053 in
1445 1016 1687 1053 Additamentis
1710 1021 1748 1053 ad
1771 1020 1950 1053 senionem
1976 1020 2108 1054 XXIII.

1104 1067 1117 1101 (
1140 1060 1158 1101 l<
1179 1065 1192 1101 )
1217 1074 1226 1092 :
1260 1061 1309 1094 sed
1332 1065 1363 1094 δι
1385 1062 1418 1094 in
1442 1061 1630 1097 cachefficis
1653 1065 1841 1100 dumtaxat,
1865 1065 2012 1096 Sectione
2036 1063 2111 1095 XX.

1104 1109 1117 1144 (
1139 1104 1150 1137 l
1174 1108 1184 1143 )
1208 1104 1284 1137 Huc
1309 1115 1361 1136 eos
1385 1105 1463 1138 adde
1485 1106 1517 1137 in
1542 1107 1659 1146 quibus
1683 1107 1834 1140 cachexia
1851 1105 2039 1148 propediem
2065 1104 2111 1137 es-

1106 1150 1149 1182 set
1176 1146 1342 1182 manifesto
1366 1146 1394 1179 se
1420 1148 1589 1189 proditura
1605 1175 1613 1188 ,
1637 1162 1702 1192 quo
1727 1151 1885 1192 pertinere
1908 1149 2022 1183 censeo
2066 1150 2112 1182 la-

1103 1202 1230 1226 tomum
1246 1214 1254 1228 ‚
1278 1193 1308 1224 δέ
1332 1190 1497 1233 bajulum,
1523 1204 1663 1234 quorum
1688 1194 1781 1229 illum
1805 1206 1820 1226 a
1842 1193 1973 1235 Jacobo
1998 1191 2113 1234 Sylvio

1103 1236 1205 1271 olim,
1228 1235 1313 1270 hunc
1338 1246 1414 1267 vero
1447 1247 1462 1267 a
1498 1246 1548 1268 me
1594 1236 1712 1271 sectum
1760 1237 1904 1280 Epistola
1951 1235 2111 1270 XXXVI.

1103 1283 1114 1318 (
1139 1290 1170 1312 m
1192 1283 1231 1319 ),
1254 1280 1286 1311 &
1310 1280 1374 1311 Ill.
1401 1281 1414 1317 (
1436 1288 1455 1309 n
1477 1281 1486 1316 )
1513 1282 1710 1314 memoravi.
1737 1280 1825 1315 Huic
1849 1290 1979 1322 quoque
2005 1279 2113 1312 scorto

1103 1322 1183 1364 quid
1208 1323 1418 1361 immineret,
1444 1321 1616 1365 suppreffio
1640 1322 1793 1357 mensium
1818 1324 2006 1358 indicabat.

1104 1365 1182 1402 Sed,
1207 1377 1245 1398 ne
1269 1365 1466 1407 aptoposito
1489 1367 1617 1409 longius
1642 1369 1754 1401 abeam
1773 1393 1782 1408 ,
1807 1368 1845 1401 ad
1869 1366 1931 1400 hoc
1955 1366 2020 1401 illae
2044 1373 2118 1400 ute-

1103 1411 1131 1442 ri
1155 1408 1242 1451 quasi
1265 1419 1427 1445 verrucae,
1452 1411 1481 1441 &
1507 1412 1634 1444 testium
1669 1411 1725 1444 illa
1771 1411 1963 1445 constitutio
1985 1434 1998 1450 ,
2042 1420 2116 1452 quae

1108 1451 1293 1496 praegressos
1317 1454 1348 1485 iti
1372 1451 1446 1493 ipsis
1469 1454 1601 1486 morbos
1626 1454 1875 1497 significabant,
1898 1463 1934 1488 ut
1958 1453 2120 1496 conjicere

1111 1508 1165 1538 per
1189 1506 1219 1528 te
1243 1504 1355 1536 potes,
1380 1497 1582 1533 attinebant.
1609 1499 1734 1532 Verum
1760 1501 1793 1532 in
1818 1500 1968 1540 proxima
2004 1496 2139 1537 mulie!

1113 1552 1145 1572 re
1191 1539 1366 1572 earundem
1420 1542 1561 1580 partium
1607 1542 1700 1574 vitia
1733 1541 1861 1576 fuerant
1918 1540 2117 1580 manifestio-

1110 1595 1142 1620 ra
1156 1608 1163 1615 ·
1271 1616 1274 1619 ⁴

1154 1637 1204 1675 23..
1229 1625 1441 1676 FrffiMINA
1466 1637 1534 1662 erat
1557 1629 1707 1663 Veneriis
1731 1640 1831 1664 annos
1854 1639 1927 1663 nata
1975 1628 2015 1663 ad
2039 1640 2121 1672 qua-

1107 1670 1282 1718 draginta,-
1306 1669 1427 1705 infimae
1452 1671 1566 1710 sortis,
1589 1674 1777 1714 impudica,
1802 1675 1880 1707 vino
1902 1673 2032 1710 dedita,
2058 1673 2120 1706 s’ta-

1109 1723 1182 1748 tura
1227 1712 1307 1755 Justa
1329 1738 1355 1753 ‚.
1383 1712 1459 1748 sano
1481 1738 1491 1752 ,
1537 1720 1569 1749 ὃς
1613 1717 1729 1759 pingui
1773 1719 1920 1759 corporis
1966 1717 2086 1750 habitu
2113 1742 2121 1750 .

1117 1758 1274 1790 Obnoxia
1300 1756 1366 1790 haec
1389 1767 1456 1790 erat
1481 1760 1529 1792 vel
1551 1760 1636 1795 leves
1660 1762 1704 1795 ob
1727 1761 1833 1795 causas
1849 1761 1959 1795 timori
1976 1786 1985 1801 ‚
2009 1772 2049 1794 ex
2084 1772 2126 1794 uo

1116 1802 1298 1837 tremebat,
1319 1803 1349 1832 82
1372 1800 1461 1842 qua'fi
1486 1804 1597 1836 animo
1620 1805 1851 1845 linquebatur.
1880 1804 2044 1838 Vomebat
2083 1815 2127 1837 ae—

1116 1855 1178 1887 pe,
1202 1854 1236 1878 ut
1263 1842 1343 1892 nihil
1370 1843 1464 1878 solidi
1491 1847 1556 1879 cibi
1580 1849 1755 1886 retineret,
1790 1848 1909 1891 piscem
1943 1857 2054 1882 autem>
2085 1858 2126 1883 ne

1115 1887 1237 1929 gustare
1261 1887 1393 1929 quidem
1441 1888 1540 1929 posset
1559 1915 1566 1923 .
1590 1892 1680 1925 Cum
1703 1892 1742 1926 de
1764 1891 1886 1925 morbis
1910 1891 1979 1934 ejus
2002 1891 2125 1926 caeteris

1115 1942 1153 1963 ex
1178 1931 1393 1965 familiaribus
1424 1931 1614 1974 fingillatim
1647 1946 1897 1978 quaereremur,
1942 1936 2126 1969 constanter

1113 1973 1374 2016 respondebant,
1400 1985 1565 2018 nunquam
1589 1977 1627 2011 de
1651 1980 1780 2021 capite,
1802 1990 1968 2022 nunquam
1991 1979 2030 2013 de
2051 1989 2125 2011 cor-

1112 2018 1173 2056 de,
1197 2028 1232 2051 ut
1258 2027 1336 2067 puta
1358 2018 1395 2050 de
1418 2019 1485 2060 ejus
1510 2020 1691 2055 vehementi
1705 2022 1908 2065 pulsatione,
1933 2022 2127 2065 palpitatio-

1112 2072 1179 2110 ne,
1203 2071 1257 2094 aut
1282 2063 1345 2094 alio
1371 2061 1486 2097 affeetu
1510 2065 1737 2107 conquestam,
1761 2078 1818 2100 nec
1841 2078 1985 2110 unquam
2001 2090 2013 2107 ,
2035 2064 2126 2109 quod

1114 2103 1253 2142 scii-ent,
1279 2104 1419 2139 thoracis
1444 2108 1766 2144 inflammationibus
1800 2110 1897 2144 fuisse
1930 2118 2090 2143 tentatam
2115 2121 2123 2143 :

1111 2159 1183 2198 qua}
1206 2159 1261 2198 cur
1286 2160 1349 2198 non
1374 2148 1558 2192 praefuisse,
1584 2152 1958 2194 adnotemus‚-sestione
1982 2154 2123 2196 perltha

1114 2192 1209 2224 sacile
1235 2192 1420 2238 intelliges.
1448 2195 1608 2228 Morbum
1632 2197 1672 2230 de
1696 2210 1762 2240 quo
1787 2199 1879 2232 unice
1914 2206 2125 2239 quereretur,

1116 2232 1323 2279 affectiones,
1348 2236 1475 2277 ajebant
1490 2264 1500 2278 ‚
1524 2239 1619 2272 fuisse
1644 2243 1754 2281 uteri,
1777 2252 1875 2284 quem
1900 2240 1958 2274 fibi
1981 2239 2048 2275 huc·
2082 2241 2124 2273 il—

1113 2278 1164 2311 luc
1189 2289 1244 2320 per
1267 2288 1412 2324 ventrem
1436 2290 1512 2315 tunc
1536 2286 1687 2323 moveri,
1710 2287 1741 2318 δε
1765 2286 1803 2319 ad
1828 2285 1940 2319 fauces,
1959 2283 2124 2320 ascendere

1113 2333 1186 2355 cum
1211 2321 1436 2356 suffocationis
1460 2327 1626 2359 interdum
1639 2326 1727 2360 sensu
1742 2352 1755 2368 ,
1779 2328 2005 2368 asseverabat,
2029 2339 2125 2370 aquo

1114 2374 1221 2415 tainen
1248 2365 1334 2400 sensu
1357 2369 1668 2414 cito-liberabatur.
1695 2372 1773 2414 Ipsis
1798 2371 1954 2405 Kalendis
1996 2372 2124 2416 Janua-

1114 2419 1173 2459 riis
1197 2410 1238 2441 A.
1266 2420 1358 2451 1709.
1383 2414 1566 2459 vespertino
1590 2423 1736 2457 tempore
1761 2415 2033 2458 costassibiquafi
2046 2427 2127 2450 con-

1115 2452 1241 2490 cidere,
1266 2453 1374 2493 questa
1400 2454 1465 2495 est,
1488 2457 1663 2501 Juffitque‚
1690 2459 1913 2493 mulierculam
1938 2459 2116 2499 advocari,

1115 2507 1208 2537 quae,
1235 2505 1268 2527 ut
1294 2497 1407 2539 vulgus
1431 2499 1602 2541 credebat,
1627 2502 1768 2535 relevare
1793 2502 1911 2536 sciret.
1936 2502 2004 2536 Sub
2027 2515 2124 2538 auro-

1115 2550 1183 2589 ram
1205 2550 1279 2571 cum
1308 2540 1336 2572 se
1359 2542 1541 2584 graviffima
1567 2544 1725 2585 hysterica
1749 2545 1920 2586 affectione
1963 2549 2085 2589 corripi
2107 2572 2122 2588 ,‚

1113 2581 1264 2629 dixissent,
1293 2593 1484 2632 uterumque
1508 2587 1569 2621 huc
1594 2588 1671 2621 illue
1695 2590 1925 2628 oberrantem,
1951 2590 1989 2624 ad
2013 2590 2120 2625 fauces

1112 2637 1177 2668 Jam
1202 2625 1372 2660 ascendisse
1387 2652 1399 2668 ,
1423 2641 1524 2671 eoque
1548 2632 1576 2664 se
1601 2631 1776 2673 suffocari;
1797 2635 1881 2666 intra
1910 2645 2121 2675 unam,aut,

1110 2671 1290 2708 summum,
1316 2670 1450 2705 alteram
1474 2673 1588 2709 horam
1611 2675 1654 2708 est
1682 2687 1827 2712 mortua,
1866 2677 1954 2710 nulla
2001 2678 2039 2712 ad
2084 2690 2127 2712 os

1110 2713 1243 2755 spuma,
1270 2724 1374 2763 neque
1395 2717 1492 2756 ullis,
1517 2721 1572 2761 qui
1599 2717 1656 2751 sub
1678 2721 1789 2753 oculos
1812 2720 2006 2755 adstantium
2030 2722 2123 2756 cade-

1116 2766 1187 2790 rent
1199 2781 1210 2796 ,
1231 2758 1426 2792 convulsivis
1451 2764 1594 2795 motibus
1607 2764 1727 2803 agitata
1741 2773 1751 2797 .’
1884 2765 2122 2799 CADAVER

1114 2812 1188 2834 cum
1213 2800 1382 2849 ex-officio
1405 2804 1507 2836 secare
1529 2805 1658 2839 deberet
1691 2807 1882 2840 Santorinus
1906 2829 1916 2846 ‚
1962 2809 2121 2851 certisque

1114 2844 1153 2877 de
1177 2847 1296 2882 causis,
1322 2845 1355 2878 i'd
1375 2846 1463 2888 quod
1488 2848 1665 2889 prudenter
1689 2850 1875 2890 maluisset,
1899 2849 2029 2887 differre
2053 2863 2117 2885 non

1115 2887 1243 2929 posset,
1268 2900 1284 2921 a
1309 2900 1359 2921 me
1383 2900 1469 2926 uno,
1494 2893 1550 2933 qui
1575 2892 1613 2924 ab
1636 2891 1793 2933 ejusmodi
1818 2905 1993 2936 corporum
2018 2895 2117 2929 disse-

1113 2932 1277 2969 &ionibus
1293 2954 1304 2969 ,
1329 2932 1474 2978 non-nisi
1499 2937 1581 2975 justo
1606 2936 1773 2977 interjeeto
1796 2947 1941 2979 tempore
1958 2964 1975 2981 s,
2007 2951 2118 2983 perpe-

1108 2985 1167 3008 tuo
1191 2975 1319 3024 refugi,
1344 2986 1500 3017 majorem
1523 2980 1555 3011 in
1580 2979 1713 3013 modum
1738 2992 1792 3023 per
1818 2982 1996 3019 amicitiam
2020 2985 2117 3016 etiarn

1106 3027 1205 3061 atque
1228 3028 1325 3051 etiam
1350 3021 1541 3058 contendit,
1567 3032 1602 3056 ut
1627 3021 1717 3057 simul
1743 3024 1807 3057 esse
1833 3026 1945 3059 vellem
1970 3052 1978 3066 ,
2012 3039 2115 3070 eoque

1107 3063 1201 3104 pacto
1228 3064 1394 3102 exoravit,
1417 3074 1454 3096 ut
1478 3065 1547 3105 plus
1572 3069 1730 3108 temporis
1776 3069 1981 3111 inquisitioni
2026 3070 2119 3104 dare-

1108 3117 1198 3144 mus,
1225 3116 1263 3154 an
1288 3106 1393 3148 reapse
1419 3109 1532 3140 mulier
1558 3120 1685 3143 mortua
1711 3110 1817 3149 esset,
1842 3125 1939 3155 quam
1962 3126 2001 3147 ex
2023 3114 2117 3155 cujus

1108 3152 1209 3191 partis
1233 3153 1319 3182 vitio
1335 3175 1352 3194 ,Υ
1368 3152 1515 3186 Quorum
1540 3152 1620 3185 illud
1644 3164 1735 3188 tanto
1772 3156 1966 3198 diligentius
1999 3157 2118 3199 praesti-

1106 3196 1223 3227 timus,
1248 3194 1335 3235 quod
1359 3194 1470 3227 oculos
1493 3205 1557 3228 non
1582 3196 1660 3230 adeo
1685 3198 1852 3238 turbidos,
1876 3210 2115 3241 corpusautem

1106 3237 1191 3270 nihil
1211 3235 1309 3269 ferme
1334 3236 1502 3278 rigidum,
1524 3241 1553 3271 δε
1577 3240 1699 3274 decima
1724 3253 1741 3275 a
1776 3253 1879 3275 morte
1914 3243 1994 3278 hora
2026 3245 2112 3278 circa

1106 3280 1271 3313 thoracem
1296 3282 1390 3313 etiam
1414 3289 1484 3313 turn
1509 3282 1634 3319 calens,
1658 3296 1697 3317 eo
1719 3287 1793 3318 anni
1818 3295 1964 3328 tempore
1989 3288 2115 3320 inveni-

1105 3334 1194 3356 mus.
1223 3323 1339 3366 ltaque
1362 3335 1472 3356 eorum
1497 3336 1654 3360 memores
1678 3338 1747 3369 quae
1772 3329 1916 3363 Galenus
1961 3333 1971 3369 (
1996 3330 2046 3371 ο)
2070 3343 2109 3365 ex

1111 3366 1285 3400 Heraclide
1311 3368 1472 3404 Pontico,
1498 3381 1537 3401 ex
1561 3370 1694 3411 aliisque
1719 3370 1832 3413 priscis
1859 3372 1998 3406 Medicis
2021 3385 2113 3406 coni-

1110 3421 1364 3456 memoraverat,
1391 3409 1475 3444 nihil
1500 3424 1609 3445 eorum
1635 3425 1705 3455 quae
1731 3423 1832 3453 tunc,
1855 3426 1909 3450 aut
1934 3416 2040 3458 postca
2078 3420 2113 3451 in

1107 3453 1263 3493 ejusmodi
1289 3455 1567 3495 explorationibus
1591 3454 1660 3489 sieri
1685 3458 1916 3493 consueverunt
1941 3484 1950 3498 ,
1983 3470 2114 3502 praeter-

1106 3498 1273 3536 misimus,
1296 3499 1451 3532 nimirum
1486 3508 1603 3540 carptae
1649 3499 1730 3536 lanae
1775 3499 1974 3543 flocculum,
2011 3508 2116 3538 tenuis

1986 3558 2069 3582 cerei

113 3724 156 3784 {J
169 3725 181 3784 ,³
195 3733 300 3780 {alsia
319 3726 509 3782 cfinss.),f¹'&¹⁶2'.
528 3726 1035 3789 cassisafflmlnff‘y'&352221'153323
1049 3734 1116 3795 {32⁶7
1135 3738 1243 3797 ³⁰¹<¹³Zst=
1256 3746 1330 3796 ‘lt-‘psai
1349 3736 1395 3796 „f
1410 3746 1422 3761 ²
1437 3737 1587 3797 ³('‘}¹'l¹·0¹{,¹s1
1604 3742 1631 3799 ξ·
1646 3742 1728 3800 {²¹1¹}ss
1739 3740 1806 3796 ³055.
1817 3750 1840 3769 ‘⁴'
1857 3742 1918 3805 (ἕως
1937 3750 1989 3772 ¹⁴²'

112 3786 126 3812 (
141 3784 157 3808 le
176 3786 184 3816 )
201 3787 260 3812 ΘΜ.
277 3788 314 3810 86.
377 3789 391 3815 ζ
408 3787 417 3809 l
435 3788 443 3816 )
459 3788 517 3813 ΟΜ.
535 3797 555 3814 2„
568 3788 598 3837 ᾇ.
617 3797 636 3813 ι.
700 3791 751 3819 (m
769 3791 818 3821 )*n.
834 3800 872 3821 ²7·
935 3795 949 3823 (
964 3801 981 3816 η
995 3794 1008 3822 )
1024 3803 1049 3819 ri.
1065 3803 1086 3823 4.
1107 3797 1130 3821 ἀ
1149 3805 1172 3827 5.
1235 3801 1273 3828 (a
1290 3799 1303 3826 )
1320 3807 1341 3823 c.
1361 3807 1385 3827 5.
1400 3798 1467 3828 supra
1482 3792 1512 3824 aci
1529 3809 1554 3825 n.
1573 3809 1610 3825 zo.
1628 3802 1671 3826 cit.
1719 3790 1727 3801 Σ
1823 3781 1845 3801 4·
1885 3793 1889 3797 ¹
1923 3782 1943 3799 Ι.
