2498 4075
315 267 417 302 secum
444 266 596 301 adduxit.
621 267 716 301 Brevi
739 268 844 311 spatio
866 277 995 308 uterque
1019 269 1160 309 primum
1183 292 1196 309 ,
1229 268 1320 302 dein..

309 310 348 343 de
372 313 471 344 etiam
493 311 678 348 vehemens,
703 315 759 355 qui
784 313 824 344 iis
845 309 1049 348 successerat,
1081 312 1174 345 dolor
1203 313 1318 354 capitis

312 353 435 387 sedatus
458 352 517 386 est.
542 355 663 388 Verum
687 354 836 397 postridie
861 353 966 387 eadem
989 364 1050 396 qua
1081 355 1254 397 vertigines
1270 356 1319 389 in-

310 406 460 439 gruerant
484 395 586 437 hora,
610 400 701 431 ornni
735 396 964 440 propemodum
994 396 1100 431 amissa
1130 398 1284 431 sentiendi
1304 419 1319 439 ,›

310 443 343 473 &
369 439 520 473 movendi
542 440 692 475 facultate
715 443 749 474 in
773 440 887 474 finistra
912 448 1000 482 parte
1022 443 1168 483 corporis
1188 465 1197 481 ,
1230 442 1315 484 quafi

309 481 424 516 somno
447 482 612 525 profundo
635 484 759 526 sopitus
781 483 865 525 jacet
888 507 896 514 .
928 484 1096 518 Naturalis
1134 495 1238 517 tarnen
1272 484 1315 519 est

308 526 496 569 respirati05
515 527 621 570 pulsus
645 537 749 561 autem
772 526 918 570 frequens
930 551 940 566 ‚
953 538 1084 568 magnus
1097 551 1106 564 ,
1121 527 1311 561 vehemens:

309 573 341 604 &
364 581 557 612 quamquam
580 569 692 604 sinistri
717 579 803 605 artus
822 569 1177 611 incassumirritantur5
1199 570 1311 604 iisdem

308 623 413 646 tamen
437 615 647 646 irritamentis
669 613 707 646 ad
735 614 875 655 plantam
900 614 988 656 pedis
1020 613 1143 646 dexteri
1165 636 1174 650 ‚
1206 616 1238 647 δε
1269 615 1310 647 iis

306 668 376 699 quae
401 656 520 693 solent,
547 656 584 689 ad
607 668 693 690 nares
719 655 893 694 adhibitis,
918 658 1030 689 leviter
1052 657 1210 690 excitatur
1229 680 1242 697 ,
1274 667 1311 691 ut

305 699 451 742 quaedam
474 699 626 738 nutibus,
649 700 801 733 nonnulla
824 700 921 733 etiam
945 700 1048 732 verbis
1072 709 1251 742 opportune
1271 699 1312 732 fi—

305 742 458 784 gnificet.
497 743 627 777 Habent
661 752 766 776 autem
800 742 866 776 haec
897 744 1095 775 irritamenta
1128 741 1307 777 feliciorem

304 784 471 819 successum
497 785 670 826 praesertim
693 786 763 827 post
787 786 948 828 sanguinis
971 785 1129 819 miffiones
1154 799 1163 818 :
1196 790 1307 829 praeci-

303 839 364 870 pue
385 840 460 861 vero
493 828 582 861 sexto
619 829 657 861 ab
692 829 858 870 apoplexia
891 828 943 861 die
977 840 1051 862 cum
1085 828 1167 863 secta
1199 829 1271 863 esset
1293 854 1307 870 ,

302 874 477 912 imperante
501 870 672 912 Valsalva‚
696 872 943 917 venaJutzularis
966 872 1121 910 dextera3
1145 872 1234 906 horis
1245 874 1308 906 cir-

299 916 379 948 citer
406 913 474 956 post
496 923 656 955 quatuor,
678 915 894 958 expergefafti
918 916 1035 948 interni
1060 915 1185 957 sensus,
1208 919 1240 950 δε
1256 916 1307 950 lo-

299 957 390 998 quela
414 955 452 990 ad
474 955 585 990 horam
609 969 728 997 unam,
752 970 851 1001 eoque
885 959 1022 1001 amplius
1057 958 1200 993 restituta
1232 960 1274 993 est
1297 984 1305 992 .

300 1001 485 1044 Eademque
508 1003 684 1043 excitatio,
707 1000 759 1035 sed
782 1001 978 1035 manifestior
994 1026 1006 1042 ,
1028 1006 1062 1036 δε
1084 1003 1210 1045 longius
1233 1015 1310 1045 pro-

299 1045 422 1081 tracta„
446 1042 555 1077 eadem
578 1044 664 1088 quasi
688 1043 767 1079 hora
792 1045 900 1080 habita
924 1045 967 1080 est
991 1047 1085 1080 noete
1107 1046 1304 1089 insequenti.

298 1090 421 1121 Verum
445 1089 601 1121 excitatio
623 1088 692 1122 haec
714 1089 875 1123 noviffima
901 1088 985 1123 fuit:
1010 1089 1084 1122 inde
1106 1091 1192 1123 enim
1224 1101 1305 1132 aeger

299 1131 409 1164 sensim
432 1131 591 1165 declinans
612 1154 621 1168 ‚
646 1135 678 1168 &
710 1133 904 1166 convulsivis
939 1133 1082 1166 motibus
1115 1144 1170 1174 per
1203 1134 1304 1166 inter-

297 1175 379 1208 valla
402 1186 568 1218 correptus
590 1175 718 1209 dextera
742 1177 776 1209 in
800 1186 888 1218 parte
905 1199 913 1213 ,
948 1176 1125 1218 praesertim
1157 1177 1190 1209 in
1227 1176 1303 1218 pede

296 1229 330 1251 ac
353 1229 471 1257 manu,
496 1222 527 1252 &
551 1220 585 1252 in
607 1228 677 1252 tota
712 1229 856 1261 praeterea
880 1218 983 1257 facie,
1010 1221 1043 1252 in
1066 1219 1239 1262 primisque
1263 1220 1303 1253 ad

294 1263 428 1302 oculos,
453 1262 486 1293 in
511 1262 642 1305 ipsoque
665 1264 763 1295 etiam
788 1261 913 1296 fortasse
934 1262 1053 1301 corde,
1086 1274 1161 1296 nam
1196 1262 1301 1304 pulsus

294 1304 374 1347 saepe
397 1304 509 1338 eodem
532 1314 676 1347 tempore
698 1307 833 1339 omnino
856 1305 1021 1339 deficiebat
1042 1317 1053 1344 ς
1088 1306 1139 1340 his
1171 1305 1301 1341 tandem

292 1350 374 1382 circa
399 1349 532 1382 initium
555 1349 618 1381 diei
642 1349 760 1384 decimi
786 1348 987 1383 redeuntibus
1005 1373 1017 1390 ,
1049 1350 1153 1383 vivere
1176 1348 1268 1383 defiit
1289 1375 1297 1383 .

382 1393 436 1425 iN
460 1393 689 1433 VENTRE,
711 1396 744 1426 ἃ
768 1392 919 1427 Thorace
942 1395 1071 1427 inventa
1096 1393 1167 1427 sunt
1190 1396 1299 1427 omnia

292 1435 466 1470 secundum
488 1445 633 1469 naturam
656 1436 848 1471 constituta.
874 1437 1051 1470 Cei-ebrum
1082 1448 1159 1470 vero
1191 1437 1298 1471 flacci-

294 1479 366 1514 dius
390 1478 477 1513 fuit:
500 1482 533 1512 δε
556 1481 589 1511 in
613 1478 735 1513 sinistro
759 1479 890 1523 quidem
912 1480 1094 1514 ventriculo
1119 1492 1182 1514 non
1213 1481 1300 1514 rnul-

296 1532 366 1556 tum
392 1522 474 1561 seri,
499 1532 530 1555 at
553 1524 586 1555 in
610 1521 744 1556 dextero
768 1525 877 1558 uncias
901 1524 977 1557 duas
1001 1522 1138 1564 habuit,
1170 1526 1203 1557 <Sc
1236 1523 1299 1557 hoc

292 1567 454 1609 amplius,
489 1565 651 1607 sanguinis
682 1568 872 1609 coagulati.
906 1568 1075 1601 Laceratus
1107 1576 1211 1601 autem
1243 1566 1298 1600 hic

291 1619 358 1642 erat
382 1611 493 1652 plexus
516 1610 720 1649 Choroides,
745 1613 777 1643 &
799 1611 969 1644 ventriculi
996 1611 1128 1652 parietes
1161 1611 1194 1643 in
1226 1610 1297 1652 ipso

289 1654 383 1686 latere
407 1662 539 1686 externo
563 1652 735 1696 posteriora
760 1654 862 1688 versus
876 1678 889 1695 ,
922 1653 961 1688 ad
997 1652 1151 1697 profundi
1182 1654 1296 1687 ulceris

291 1696 539 1730 similitudinem
561 1706 649 1729 erant
673 1695 811 1730 corrofi.

336 1752 381 1773 io.
411 1741 504 1774 Plura
529 1741 561 1772 in
586 1740 790 1781 Amplili‘imo
813 1739 877 1775 hoc
888 1743 975 1775 Viro
997 1750 1212 1775 convenerunt
1227 1753 1297 1783 quae

291 1786 333 1819 ad
355 1784 557 1827 apoplexiam
581 1782 806 1825 disponerent,
828 1784 929 1821 studia
943 1809 953 1824 ,
977 1797 1086 1828 graves
1109 1787 1299 1828 occupatio-

287 1840 361 1866 nes,
384 1837 490 1867 curae,
515 1825 660 1861 arthritis
683 1826 771 1871 ipsa,
794 1839 863 1871 quae
888 1829 965 1872 saepe
988 1828 1199 1869 calculosam,
1223 1829 1299 1861 alias

293 1872 527 1914 apoplec‘ticam
552 1882 677 1913 quoque
703 1871 773 1916 post
796 1872 824 1905 se
852 1871 954 1906 trahit
970 1872 1188 1906 affeetionem.
1214 1873 1300 1915 Lege

293 1915 331 1949 sis
355 1917 440 1948 inter
462 1923 591 1948 caeteras
616 1916 693 1948 Viri
718 1917 878 1957 Principis
904 1941 916 1957 ,
946 1918 1087 1958 itemque
1118 1916 1261 1949 Comitis
1284 1939 1297 1955 ‚

296 1957 464 2000 utriuscme
497 1957 696 2000 podagrici,
727 1959 890 2003 utriusque
924 1960 1114 2002 apopletstici
1148 1958 1297 1992 historias

291 2006 383 2044 (n),
408 2004 439 2035 δε
463 2012 579 2042 praeter
601 2002 694 2044 cystis
719 2003 855 2036 calculos
890 2004 924 2036 in
965 2009 1101 2044 utroque
1121 2025 1134 2042 ,
1167 2002 1297 2035 alterius

291 2045 453 2079 Laterales
475 2044 591 2077 cerebri
617 2047 812 2080 ventriculos
835 2046 925 2087 sero,
949 2046 1077 2080 alterius
1101 2068 1114 2086 ,
1144 2046 1200 2088 qui
1235 2044 1297 2079 huc

286 2089 484 2133 potissimum
510 2090 646 2126 attinet,
671 2101 778 2123 cruore
803 2087 903 2122 effuso
927 2090 1078 2123 scatentes
1102 2088 1297 2122 animadver-

292 2143 342 2166 te.
368 2132 550 2166 Cardinalis
575 2133 778 2174 apoplexiam
802 2134 1056 2174 praenunciarant
1082 2132 1172 2174 plura
1194 2143 1232 2165 ex
1254 2131 1294 2165 fi-

290 2178 362 2220 gnis
388 2176 454 2209 illis
476 2174 703 2209 communibus
725 2186 797 2219 quae
821 2176 954 2219 collegit
991 2175 1114 2208 Caelius
1144 2176 1294 2209 Aurelia-

288 2232 346 2266 nus
369 2223 414 2260 (o)
439 2220 518 2251 olim
543 2218 678 2261 quidem
700 2218 877 2253 convulfivi
902 2230 1076 2258 manuum,
1101 2218 1196 2252 faciei
1221 2243 1230 2257 ,
1262 2222 1295 2252 δε

289 2265 432 2298 saucium
455 2264 577 2301 etiam,
601 2273 637 2296 ut
649 2274 709 2304 ego
720 2263 862 2304 opinor,
888 2272 1178 2303 motu51prOX1me
1190 2272 1296 2295 autem

289 2310 413 2340 iteratae
437 2306 631 2347 vertigines,
655 2317 733 2348 quas
756 2306 941 2347 proclivitas
965 2305 1002 2339 ad
1026 2305 1192 2344 somnum,
1216 2318 1297 2339 moe-

289 2350 397 2390 stitia,
420 2347 646 2392 vehemensque
672 2349 786 2390 capitis
808 2347 902 2381 dolor
923 2349 1194 2391 consequebantur
1208 2362 1214 2382 :
1228 2360 1298 2392 quae

289 2397 337 2428 ita
360 2392 527 2426 instantem
549 2391 752 2429 indicarunt,
778 2400 812 2424 ut
838 2391 1009 2424 noviffirnae
1032 2392 1205 2432 vertigines
1239 2402 1300 2432 pro

291 2440 409 2471 leviore
431 2436 574 2476 quodam
600 2434 799 2477 apopleetico
814 2432 1231 2476 paroxysmoquadantenus
1241 2434 1299 2467 ha-

291 2483 362 2517 beri
386 2478 522 2522 poffint,
545 2480 664 2520 quippe
688 2489 781 2520 quem
805 2479 932 2520 gravior
955 2476 1105 2520 postridie
1116 2479 1239 2520 excepit
1250 2489 1299 2510 ea-

292 2526 363 2559 dem
392 2523 491 2556 hora.
518 2524 547 2555 A
574 2521 720 2564 sanguine
745 2521 828 2554 hunc
853 2520 932 2560 effe,
956 2520 1180 2562 poteratillius
1203 2522 1296 2562 copia

294 2566 469 2610 significare
495 2590 505 2605 ‚
539 2563 719 2598 rubicundo
742 2565 848 2597 colore
884 2564 1000 2597 ostensa
1025 2586 1033 2601 ‚
1065 2567 1095 2596 ὃζ
1129 2563 1299 2611 Γεπςῖἃᾶἰο

295 2613 397 2645 ventis
421 2608 606 2642 australibus
630 2607 784 2648 indutfta,
809 2606 884 2641 vafis
909 2607 947 2639 ab
971 2616 1062 2640 aetate
1086 2607 1153 2649 ipsa
1174 2619 1238 2650 jam
1253 2610 1297 2639 ri-

294 2654 492 2693 gescentibus
517 2685 519 2689 ,
544 2664 619 2685 mox
645 2665 659 2684 a
683 2652 794 2685 bruma
820 2652 971 2690 ardiatis,
996 2653 1027 2683 δε
1059 2649 1103 2682 ob
1134 2660 1298 2693 utramque

295 2699 375 2733 hanc
399 2697 521 2730 causam
545 2696 738 2738 disruptioni
764 2695 858 2728 facile
880 2694 1051 2727 obnoxiis.
1084 2694 1157 2727 Nec
1192 2703 1298 2727 tamen

296 2744 394 2776 fortis
420 2741 537 2773 initio,
563 2743 593 2773 δε
620 2737 781 2782 progressu
805 2738 869 2772 fuit
894 2737 1082 2780 apoplexia,
1104 2747 1140 2770 ut
1166 2737 1299 2779 respira-

297 2788 346 2819 tis>
368 2783 651 2818 commonstravit,
676 2785 707 2815 ὃς
732 2782 886 2815 sentiendi
924 2778 1133 2823 movendique
1166 2779 1301 2815 facultas

298 2841 334 2861 ne
360 2831 390 2860 {n
416 2827 538 2860 sinistro
560 2825 690 2868 quidem
713 2827 858 2866 corporis
882 2825 978 2857 latere
999 2826 1135 2870 omnino
1159 2823 1304 2864 sublata,

299 2875 331 2905 ἃ
357 2869 447 2904 lervel
464 2894 474 2909 ,
497 2872 634 2902 iterum.
662 2869 773 2909 saepius
797 2880 869 2901 curn
892 2867 1170 2901 internislensibus
1181 2867 1306 2901 restitu-

298 2926 332 2948 ta
356 2914 507 2957 loquela,
530 2913 630 2945 donec
654 2912 845 2944 laceratione
867 2913 899 2944 in
925 2911 1051 2943 cerebro
1073 2910 1307 2951 aneta,&san-

300 2960 396 3002 guine
421 2958 521 2998 magis
544 2953 663 2993 effuso,
686 2953 816 2988 lethalis
840 2956 1004 2997 apoplexia
1031 2953 1113 2987 faeta
1137 2954 1197 2987 est.
1236 2955 1307 2986 Nec

303 3002 428 3043 proluit
445 3024 454 3038 ,
478 2999 620 3040 quamvis
642 2996 747 3030 statim
771 2999 809 3031 ab
844 2998 914 3039 ipso
947 2999 1044 3030 initio
1078 2997 1107 3029 se
1142 2997 1277 3039 prodens
1296 3021 1308 3036 ,

301 3043 406 3087 pulsus
432 3041 557 3075 febrilis
573 3067 580 3077 ,
608 3045 638 3074 ὃ(
663 3039 788 3074 fortaffe
812 3040 908 3074 febris
931 3064 939 3078 ,
972 3051 1065 3082 quam
1090 3039 1309 3082 syptomatum

301 3088 408 3120 eadem
433 3087 509 3120 liora
534 3095 760 3126 nonnunquam
784 3085 948 3118 observata
974 3083 1127 3123 rtmiffio,
1160 3086 1189 3116 δι’
1222 3084 1310 3115 dein-

304 3132 342 3162 de
366 3128 502 3162 intensio
526 3127 789 3164 subii-:dicabant3
825 3130 895 3160 imo
927 3127 1125 3160 vehementer
1158 3125 1266 3160 obfuit
1296 3150 1308 3166 ‚

303 3173 453 3215 sanguine
479 3172 625 3204 videlicet
650 3173 775 3212 magis,
798 3173 830 3204 δε
855 3172 1009 3204 valentius
1022 3173 1173 3212 agitato,
1189 3170 1309 3212 impul-

302 3217 418 3258 soque:
443 3225 479 3248 ut
504 3216 587 3247 inter
612 3214 713 3247 multa
737 3226 770 3246 ac
796 3216 882 3247 varia
905 3226 973 3257 quae
987 3215 1024 3246 ab
1035 3215 1245 3256 Hippocratis
1258 3215 1311 3246 In-

304 3260 520 3301 terpretibus,
545 3258 675 3299 aliisque
700 3269 772 3290 cum
797 3259 958 3298 antiquis,
981 3266 1050 3290 turn
1086 3257 1311 3291 recentioribus

301 3302 442 3338 Medicis
465 3302 502 3333 de
526 3299 610 3332 febre
636 3300 751 3333 tradita
775 3300 847 3334 sunt
872 3300 1104 3343 superveniente
1115 3300 1309 3342 apoplexiae,

306 3358 400 3388 quarn
426 3357 478 3385 per
501 3344 602 3385 ipsam
628 3343 756 3384 quidem
781 3344 927 3377 rariffime
952 3343 1053 3381 solvi,
1080 3343 1215 3376 affirmat
1239 3344 1307 3375 Ex-

304 3388 541 3431 perientillimus
570 3386 766 3420 Werlhofius
791 3391 881 3431 (p),
905 3387 957 3420 hic
983 3387 1061 3420 illud
1087 3389 1119 3419 in
1134 3386 1307 3428 primislo-

305 3444 378 3464 cuin
404 3431 513 3463 habere
540 3427 706 3465 videatur,
730 3434 873 3472 quamvis
897 3430 1040 3463 inserosa
1054 3429 1150 3473 prosit
1165 3430 1307 3471 aliquan-

305 3475 368 3515 do,
392 3476 424 3507 in
448 3474 613 3516 sanguinea
638 3474 747 3515 potius
769 3474 888 3508 obesse.
916 3473 973 3507 Sed
984 3483 1108 3514 contra,
1119 3474 1309 3512 utilitatem,

905 203 1062 258 Liber
1094 203 1132 256 1.
1166 198 1250 257 De
1288 202 1492 257 Morbis
1524 200 1730 269 capitis

1366 278 1464 312 quarn
1486 268 1619 311 potuit,
1639 276 1725 301 certe
1747 264 1895 309 praestitit
1918 262 2077 308 sanguinis
2099 264 2222 306 missio,
2246 268 2284 301 ab
2300 269 2365 317 Jug

1367 311 1474 353 gulari
1499 309 1674 353 praesertim
1696 320 1774 342 vena
1788 332 1800 349 ,
1821 321 1916 353 eaque
1926 308 2077 347 dextera,
2100 317 2136 342 ut
2160 310 2236 343 scite
2262 312 2290 345 is
2312 313 2371 356 qui

1368 354 1515 388 Bononia
1538 353 1702 386 advolarat
1725 352 1871 387 Valsalva
1896 351 2066 386 secundum
2088 351 2323 389 observationes
2332 357 2368 392 in

1367 397 1600 439 hemiplefficis
1624 396 1765 431 instituit
1788 395 1855 430 suas
1878 400 1948 438 (q),
1968 406 2044 438 quas
2066 397 2099 428 &
2122 404 2267 430 anatome
2290 408 2369 432 tunc

1367 439 1585 475 confirmavit.
1611 440 1710 474 Noxa
1733 440 1818 473 enim
1841 448 1908 472 erat
1930 440 1965 472 in
1989 437 2108 472 cerebri
2135 447 2223 479 parte
2255 442 2371 476 dexte-

1368 497 1420 523 ra,
1442 495 1515 516 cum
1537 481 1655 517 sinistra
1674 484 1821 523 corporis
1844 481 1916 515 esset
1939 481 2098 515 resoluta:
2121 481 2156 514 id
2178 482 2265 524 quod
2287 484 2371 518 inse-

1364 526 1533 569 quentibus
1557 527 1652 559 etiarn
1675 526 1916 560 diffeecionibus
1939 526 2104 560 inventurn
2129 525 2213 567 leges
2229 551 2237 559 .
2263 528 2303 560 In
2327 528 2374 561 se-

1361 572 1465 604 «itione
1498 578 1601 603 autem
1630 570 1797 614 Jugularis
1831 580 1916 602 venae
1949 568 2032 603 illud
2064 579 2190 611 quoque
2227 569 2370 605 attendas

1362 614 1482 652 velim,
1502 609 1613 647 cavisse
1638 612 1816 647 Valsalvam
1830 635 1843 652 ,
1865 623 1907 659 ne
1925 610 1983 645 sibi
2007 610 2107 655 objici
2132 611 2259 646 fortasse
2291 613 2368 656 pos-

1363 657 1430 690 sent
1452 668 1521 699 quae
1544 656 1657 690 multis
1668 656 1828 689 interdum
1852 655 2074 697 objiciuntur,
2098 654 2159 688 isto
2182 656 2216 688 in
2232 657 2364 698 apople-

1363 700 1456 733 &icis
1480 700 1600 732 auxilio
1622 700 1809 733 utentibus.
1835 699 1965 731 Scilicet
1986 698 2204 740 respirationis
2226 699 2368 736 difficul-

1363 752 1462 776 tatem
1485 741 1641 784 ejusrnodi
1664 744 1756 785 :egris
1779 753 1833 783 per
1857 741 1885 774 se
1907 743 2060 779 noxiam,
2084 742 2204 787 quippe
2221 741 2369 777 redituro

1358 799 1374 819 e
1396 786 1524 819 cerebro
1547 785 1691 829 sanguini
1714 784 1911 824 obstantem,
1933 796 1997 817 non
2020 783 2080 819 effe
2102 786 2217 828 injeda
2240 788 2365 820 circum

1357 830 1478 864 collum
1503 827 1598 862 fascia
1621 828 1796 871 augendam
1810 851 1822 867 ,
1845 836 1901 861 aut
1923 826 1947 862 si
1968 839 2001 861 ea
2026 830 2152 861 ratione
2174 840 2269 872 quam
2293 831 2366 864 lau-

1357 873 1411 906 dat
1433 873 1503 906 Cel.
1528 872 1692 906 Heisterus
1714 875 1806 912 (r),
1828 872 1930 905 laxior
1953 870 2071 914 injec‘ra
2093 871 2191 905 fascia
2214 874 2261 906 ita
2273 873 2368 907 deor-

1358 916 1427 951 sum
1449 916 1595 950 trahatur
1618 914 1657 949 ad
1691 916 1799 958 pestus
1818 939 1830 956 ‚
1861 924 1895 947 ut
1929 916 2076 948 arteriam
2106 914 2262 957 Asperam
2300 927 2367 950 non

1361 968 1508 1002 premat,
1525 959 1693 1005 Jugulares
1715 970 1806 993 venas
1828 967 1972 1001 premat3
1995 956 2076 991 hanc
2098 958 2199 1001 ipsam
2237 960 2367 1003 preffio-

1361 1014 1434 1036 nem
1457 1002 1600 1046 regressui
1624 1003 1785 1044 sanguinis
1808 1001 1951 1035 officere.-
1977 1000 2110 1035 modum
2134 1012 2239 1036 autem
2262 1005 2367 1045 aqui-

1362 1045 1494 1079 busdam
1519 1045 1581 1080 hoc
1605 1055 1747 1087 tempore
1770 1044 1963 1087 probatum,
1985 1057 2079 1088 quern
2103 1045 2185 1078 olim
2210 1047 2367 1089 Berenga-

1357 1090 1424 1123 rius
1445 1088 1611 1131 Carpenfis
1633 1090 1700 1131 (f)
1719 1087 1942 1131 descripserat,
1969 1099 2005 1120 ne
2031 1100 2067 1122 ue
2091 1089 2125 1120 in
2159 1090 2366 1131 apopleffico

1356 1132 1462 1167 locum
1488 1131 1626 1172 habere,
1649 1132 1879 1172 &libabei-et,
1901 1142 1971 1165 tum
1995 1144 2015 1163 o
2059 1131 2267 1175 compressam
2292 1135 2365 1167 ani-

1355 1188 1441 1209 mam
1464 1174 1664 1208 descendenti
1686 1188 1701 1208 e
1722 1175 1850 1208 cerebro
1874 1174 2018 1217 sanguini
2041 1174 2232 1210 obfuturum
2246 1199 2258 1216 ,
2291 1186 2365 1212 tum

1356 1219 1399 1253 ob
1423 1230 1539 1253 zonam
1562 1231 1623 1264 qua
1655 1229 1765 1252 venter
1796 1217 2004 1261 constrigitur
2024 1241 2037 1258 ,
2067 1216 2255 1253 effeeturum
2280 1244 2292 1260 ,
2324 1229 2366 1255 ut:

1353 1263 1458 1297 multo
1482 1264 1553 1303 plus
1579 1263 1734 1304 sanguinis
1759 1261 1894 1295 ferretur
1916 1260 1954 1308 ad
1986 1260 2147 1295 cerebrum
2170 1287 2177 1293 .
2214 1263 2366 1297 Valsalva,

1351 1308 1452 1348 igitur
1470 1306 1658 1351 Jugularem
1681 1317 1792 1339 venam
1815 1303 1916 1337 incidi
1938 1303 2021 1351 Juffit
2044 1305 2244 1347 apopleetico
2262 1330 2272 1347 ,
2295 1317 2365 1340 non

1353 1350 1454 1383 modo
1478 1350 1654 1382 naturalem
1680 1349 1921 1392 respirationem
1946 1348 2105 1387 iervanti,
2126 1358 2237 1383 verum
2261 1351 2363 1385 etiam

1351 1394 1561 1426 imminutam
1586 1393 1747 1435 prioribus
1769 1402 1918 1425 venarum
1943 1390 2138 1438 sestionibus
2149 1394 2279 1436 copiam
2293 1392 2365 1427 san-

1349 1438 1457 1479 guinis
1483 1435 1638 1475 habent15
1662 1446 1699 1469 ut
1721 1437 1826 1470 minus
1851 1435 1984 1477 periculi
2007 1446 2070 1477 jam
2103 1433 2176 1469 esset
2207 1448 2225 1470 a
2253 1438 2364 1482 Jugu-

1350 1481 1424 1514 laris
1446 1479 1896 1523 compreffionecquamquam
1919 1489 1952 1511 ea
1975 1477 2146 1512 dumtaxat
2168 1491 2239 1522 quae
2252 1481 2364 1523 digito

1350 1523 1408 1564 fit,
1433 1524 1509 1557 alias
1532 1523 1588 1557 ess'e
1611 1522 1702 1557 usum
1725 1523 1813 1563 scio)
1836 1532 1935 1565 quam
1958 1520 2021 1563 spei
2047 1521 2086 1554 ab
2108 1521 2260 1556 incisione
2280 1547 2293 1564 ,
2327 1526 2364 1558 &

1350 1568 1455 1601 minus
1480 1578 1607 1610 quoque
1628 1566 1862 1606 metuendum,
1884 1576 1921 1597 ne
1945 1564 1982 1597 ad
2007 1563 2227 1601 cohibendum
2273 1566 2361 1601 ostea!

1348 1610 1532 1654 sanguinem
1557 1610 1690 1643 arctiore
1713 1609 1809 1643 fascia
1833 1619 1913 1651 opus
1936 1605 2028 1641 esset.
2055 1609 2146 1642 Nam
2178 1621 2242 1653 quo
2302 1610 2363 1644 alii

1348 1663 1497 1698 praeterea
1520 1653 1702 1696 objiciunt,
1725 1664 1778 1695 per
1798 1652 1964 1697 Jugularis
1987 1661 2073 1685 venae
2097 1651 2270 1688 seffionem
2293 1652 2363 1689 san-

1348 1698 1480 1740 guinem
1503 1697 1631 1740 quidem
1654 1696 1832 1730 immediate
1855 1707 1871 1727 e
1893 1695 2020 1727 cerebro
2041 1693 2178 1734 deduci,
2202 1695 2251 1732 sed
2283 1706 2362 1730 tan-

1349 1752 1386 1775 to
1405 1741 1476 1784 plus
1500 1741 1663 1783 sanguinis
1686 1738 1729 1772 ob
1753 1738 1788 1771 id
1812 1737 1917 1780 ipsum
1948 1736 2086 1771 convehi
2119 1738 2159 1772 ad
2194 1740 2362 1775 cerebrum

1350 1796 1405 1827 per
1427 1785 1571 1817 arteriam
1595 1782 1808 1820 Carotidem3
1832 1780 1981 1814 Valsalva
2011 1791 2097 1815 certe
2118 1805 2130 1821 ,
2161 1792 2199 1816 ut·
2229 1785 2363 1818 minime

1349 1828 1537 1870 ignorabat,
1561 1828 1738 1861 Externam
1753 1852 1763 1866 ‚
1786 1836 1857 1868 quae
1882 1825 1915 1857 in
1937 1824 2025 1857 collo
2048 1825 2227 1866 inciditur,
2249 1838 2363 1861 venam

1345 1871 1535 1918 Jugularem
1560 1881 1625 1903 non
1648 1881 1718 1903 eam
1739 1866 1796 1902 effe
1809 1893 1818 1908 ,
1839 1866 2137 1911 quaeirnmediatee
2152 1870 2281 1904 cerebro
2292 1870 2364 1903 san-

1349 1917 1478 1958 guinem
1502 1912 1642 1954 revehit,
1665 1913 1715 1947 sed
1739 1914 1924 1950 Internam5
1949 1910 2066 1954 sciebat
2087 1923 2213 1955 quoque
2233 1939 2245 1954 ,
2281 1913 2364 1947 huie

1347 1958 1481 2000 quidem
1502 1969 1589 1990 venae
1609 1981 1622 1998 ,
1646 1967 1711 1990 non
1735 1956 1785 1989 illi
1799 1979 1811 1995 ,
1835 1957 1997 1987 Internam
2019 1954 2203 1998 respondere
2226 1957 2363 1991 Caroti-

1349 2001 1446 2041 dem,
1471 2013 1542 2044 quae
1566 1999 1604 2034 ad
1628 2001 1792 2033 cerebrum
1815 1997 2000 2040 sanguinem
2023 1998 2175 2040 adducit,
2198 2001 2249 2034 illi
2282 2011 2362 2033 vero

1349 2046 1524 2078 EXternam
1548 2044 1757 2086 respondere,
1779 2053 1849 2085 quae
1873 2053 1978 2083 partes
2002 2042 2095 2076 alluit
2126 2046 2242 2084 capitis
2272 2053 2362 2077 extra

1350 2087 1510 2120 cerebrum
1534 2085 1630 2119 fitas:
1657 2087 1694 2119 ad
1718 2097 1794 2128 quas
1819 2093 1878 2124 ut,
1901 2096 1978 2117 vena
2000 2086 2056 2118 illa
2081 2085 2223 2121 Externa
2256 2086 2362 2127 sec‘ta,

1351 2133 1453 2174 magis
1476 2128 1645 2163 resistentia
1666 2130 1844 2164 minuitur,
1868 2126 2004 2171 ideoque
2029 2129 2099 2171 plus
2123 2128 2283 2173 sanguinis
2297 2128 2363 2163 fer-

1346 2184 1399 2208 tur
1422 2186 1475 2217 per
1499 2175 1679 2207 Externam
1700 2170 1913 2211 Carotidem‚
1936 2170 1977 2205 fic
1999 2173 2105 2205 minus
2127 2172 2170 2206 est
2200 2173 2287 2216 quod
2322 2173 2362 2207 ad

1346 2217 1509 2251 cerebrum
1532 2215 1651 2250 feratur
1673 2227 1728 2256 per
1740 2218 1922 2248 Inter-nam.
1946 2215 2064 2258 Neque
2087 2215 2141 2249 hic
2163 2226 2295 2256 vereor,
2318 2227 2359 2249 ne

1348 2259 1435 2294 forte
1456 2261 1566 2299 dicas,
1588 2258 1739 2302 quasdam
1761 2267 1870 2291 tamen
1894 2259 1979 2291 inter
2001 2260 2177 2293 Externam
2200 2263 2232 2294 δε
2257 2262 2362 2293 Inter-

1350 2316 1423 2337 nam
1441 2304 1629 2350 Jugularem
1652 2312 1765 2336 venam
1787 2299 1844 2334 eise
1866 2303 2197 2342 communicationem
2221 2303 2261 2336 sic
2273 2303 2362 2336 enim

1349 2347 1459 2388 vides,
1481 2357 1545 2380 non
1568 2345 1648 2379 effici
1672 2355 1709 2380 ut
1732 2341 1916 2377 immediate
1940 2344 2066 2387 sanguis
2078 2347 2253 2387 ecerebro,
2277 2347 2361 2380 mul-

1351 2400 1451 2433 toque
1474 2391 1579 2423 minus
1602 2399 1638 2422 ut
1663 2398 1751 2421 tanta
1776 2399 1814 2423 ex
1838 2397 1876 2418 eo
1898 2386 2061 2429 sanguinis
2084 2390 2178 2430 copia
2211 2388 2361 2422 detraha-

1352 2443 1428 2473 tur,
1450 2442 1567 2475 quanta
1592 2443 1646 2474 per
1668 2430 1825 2470 incisam,
1848 2428 1871 2461 fi
1896 2430 2031 2470 liceret,
2049 2431 2241 2476 Jugularem
2253 2434 2360 2465 Inter-

1348 2488 1422 2510 nam
1444 2475 1683 2516 detraheretur,
1706 2476 1824 2517 quippe
1846 2484 1916 2515 quae
1952 2472 2019 2515 ipsa
2051 2474 2180 2515 quidem
2213 2478 2246 2508 δε
2279 2486 2359 2508 con-

1350 2521 1492 2553 tinuatio
1516 2518 1557 2552 est
1593 2526 1704 2552 eorum
1738 2516 1872 2564 sinuum·
1894 2519 1928 2550 in
1962 2528 2043 2560 quos
2074 2517 2206 2551 venosus
2238 2519 2360 2551 cerebri

1350 2564 1476 2606 sanguis
1498 2563 1705 2602 corrivatur,
1738 2564 1771 2593 &
1807 2561 1924 2601 majori
1955 2559 2090 2602 praedita
2125 2561 2167 2594 est
2200 2561 2360 2597 diametro

1349 2618 1444 2649 quam
1469 2607 1611 2640 Externa
1633 2629 1646 2645 ,
1669 2603 1787 2638 nedum
1820 2614 1915 2645 quam
1949 2605 2036 2645 parvi
2071 2604 2170 2647 aliqui
2205 2606 2359 2639 Externa?

1349 2650 1488 2689 surculi,
1509 2660 1591 2692 quos
1613 2661 1686 2682 curn
1708 2649 1749 2680 iis
1769 2647 2002 2680 communicare
2028 2647 2178 2689 Sinibus,
2201 2649 2289 2681 ultro
2312 2648 2362 2682 as-

1353 2693 1537 2732 firmamus,
1561 2694 1644 2725 inter
1668 2691 1744 2725 istos
1767 2690 1907 2724 surculos
1930 2690 2032 2732 ipsam
2056 2690 2252 2734 aliquando,
2273 2690 2297 2724 fi
2312 2693 2361 2725 ita

1355 2738 1424 2777 vis,
1448 2736 1667 2778 Occipitalem
1690 2745 1800 2767 venam
1825 2731 2009 2766 referentes.
2038 2734 2112 2776 Qa
2135 2747 2173 2768 ex
2195 2745 2272 2767 vena
2285 2746 2360 2778 pro-

1355 2791 1427 2823 pter
1461 2791 1529 2812 eam
1561 2778 1782 2812 immediatam
1813 2778 2140 2811 communicationem
2175 2777 2360 2820 sanguinem

1356 2820 1518 2856 detrahere
1543 2824 1575 2855 in
1598 2823 1709 2854 multis
1732 2820 1861 2863 quidem
1884 2819 2004 2852 cerebri
2036 2819 2255 2855 affeelionibus
2278 2845 2290 2861 ,
2325 2825 2360 2855 &

1358 2866 1524 2908 speciatim
1549 2868 1581 2898 in
1604 2865 1788 2898 contumaci
1812 2862 1951 2905 quodam
1975 2874 2010 2896 ac
2042 2863 2223 2905 perdifficili
2267 2864 2362 2906 sopo-

1360 2909 1433 2942 roso
1457 2909 1570 2942 morbo
1602 2920 1617 2940 a
1641 2920 1690 2941 me
1721 2907 1975 2940 commendatam
2008 2906 2064 2940 effe
2087 2931 2099 2947 ‚
2143 2917 2178 2941 ut
2211 2908 2359 2942 laudatus

1361 2954 1467 2996 inquit
1509 2952 1672 2986 Heisterus
1716 2954 1730 2990 (
1753 2958 1766 2982 t
1788 2954 1802 2990 ᾖ
1846 2951 1985 2982 invenies
2029 2952 2042 2989 (
2064 2961 2084 2983 u
2107 2954 2118 2989 )
2154 2975 2166 2991 ,
2210 2962 2272 2987 non
2316 2949 2360 2984 fic

1362 3006 1468 3029 tamen
1493 3019 1502 3033 ‚
1550 3005 1585 3029 ut
1609 2993 1763 3039 ejusmodi
1797 3004 1850 3033 per
1883 2992 2098 3027 cucurbitulas
2129 2992 2359 3028 detractionem

1364 3039 1522 3081 sanguinis
1546 3051 1619 3072 cum
1642 3037 1736 3081 hujus
1771 3035 1910 3068 missione
1942 3048 1979 3068 ex
2015 3038 2104 3070 venis
2126 3036 2280 3077 brachii,
2304 3047 2359 3071 aut

1361 3094 1400 3115 ex
1418 3083 1569 3126 Jugulari
1594 3084 1627 3114 in
1650 3080 1816 3124 sanguinea
1840 3079 2006 3120 apoplexia
2029 3079 2147 3125 strenue
2170 3090 2360 3122 oppugnan-

1360 3126 1400 3168 da
1431 3136 1645 3168 compararem
1680 3147 1690 3163 ,
1731 3122 2000 3165 quemadmodum
2032 3123 2156 3156 sorrasse
2188 3124 2287 3166 aliqui
2322 3136 2361 3157 ex

1361 3168 1551 3203 Hoffmanni
1577 3172 1645 3208 (x)
1668 3167 1804 3200 lestione
1828 3165 2051 3199 existimabunt
2064 3190 2071 3197 .
2085 3168 2245 3200 Caeterum
2261 3165 2362 3200 Hoff·

1362 3224 1493 3246 mannus
1517 3213 1599 3247 reete
1633 3210 1709 3244 fecit
1725 3235 1735 3251 ‚
1758 3208 1845 3252 quod
1869 3208 1931 3241 hoc
1961 3220 2086 3252 quoque
2117 3209 2228 3257 auxilii
2261 3221 2358 3252 genus

1366 3256 1428 3289 suis
1460 3255 1505 3289 ibi
1536 3264 1783 3288 commemorare
1812 3252 1984 3286 leetoribus
2009 3263 2073 3286 non
2096 3253 2204 3286 omisit
2228 3278 2240 3294 ,
2262 3266 2278 3286 a
2301 3255 2360 3286 So-

1364 3310 1443 3331 rano
1465 3323 1478 3339 ,
1522 3308 1557 3332 ut
1581 3297 1682 3341 postea
1705 3295 1916 3329 animadverti
1941 3298 1995 3338 (y
2019 3299 2033 3336 )
2053 3319 2067 3336 ,
2097 3296 2128 3328 in
2151 3296 2282 3338 querelis
2305 3308 2358 3329 cci-

1362 3343 1443 3383 pitis
1466 3366 1477 3381 ,
1525 3345 1556 3374 δε
1602 3342 1641 3375 ab
1684 3339 1787 3373 nobili
1835 3339 1967 3372 Medico
2011 3338 2157 3381 Ingraffia
2200 3340 2232 3372 in
2275 3350 2361 3373 cere-

1361 3384 1411 3418 bri
1435 3384 1594 3426 affee‘libus
1619 3384 1730 3418 calidis
1756 3382 1846 3415 valde
1878 3382 2048 3424 probatum
2070 3406 2082 3421 ,
2125 3383 2159 3415 in
2205 3381 2271 3424 ipsa
2305 3394 2356 3415 au-

1363 3436 1428 3460 tem
1448 3425 1616 3470 agioplexia
1629 3426 1801 3469 aliquando
1812 3425 2011 3458 necessarium
2025 3449 2036 3464 ,
2059 3424 2152 3459 ficati
2165 3437 2203 3458 ex
2216 3425 2358 3458 indicata

1363 3483 1378 3504 a
1402 3482 1450 3507 me
1474 3471 1556 3504 olim
1580 3472 1695 3504 Zacuti
1707 3468 1937 3502 observatione
1950 3468 2120 3512 cognosces
2134 3493 2141 3500 .
2165 3469 2361 3510 Apopieeti-

2243 3522 2318 3544 cum

430 3695 437 3722 )
454 3696 517 3724 Eph.
537 3696 568 3718 N.
588 3697 616 3718 C.
637 3696 709 3720 Cent.
727 3705 751 3726 4.
769 3696 828 3722 obs.
848 3700 898 3726 169.

427 3726 441 3754 )
456 3725 584 3758 Trastpie
600 3727 663 3749 Aure
679 3733 731 3756 ας.
751 3735 773 3751 n.
784 3728 806 3751 8.
870 3727 878 3753 (
896 3737 906 3752 r
922 3728 936 3756 )
955 3728 1029 3758 instit.
1048 3729 1161 3756 Chirurg.
1178 3728 1236 3751 1².2.
1253 3729 1278 3752 S.
1290 3735 1299 3752 1

424 3757 439 3814 Ξ
453 3755 515 3780 Sect.
532 3762 574 3780 eit.
592 3763 611 3780 e.
623 3765 645 3785 5.
660 3764 714 3779 n.2-
778 3758 792 3787 ζ
807 3766 823 3781 u
838 3758 853 3787 )
869 3758 930 3783 Λᾶν.
947 3760 1021 3783 Anat.
1039 3760 1082 3784 Vl.
1098 3757 1213 3783 Animad.
1231 3759 1267 3787 83.

365 3697 378 3724 (
397 3704 412 3719 n

367 3727 382 3755 (
398 3734 412 3755 q

368 3758 382 3785 (
398 3764 408 3778 t

366 3787 410 3817 (y
456 3786 528 3815 Epist.
547 3788 650 3815 Anat.4.
670 3793 737 3811 n.u.

961 3699 972 3723 (
988 3706 1000 3721 ο
1014 3698 1028 3726 )
1045 3699 1116 3723 Acut.
1132 3696 1216 3722 Morb.
1233 3699 1253 3722 1,
1268 3704 1289 3726 3.
1305 3703 1325 3721 c.
1342 3705 1363 3727 ς.

1424 3693 1466 3726 (ρ
1480 3695 1494 3724 )
1511 3693 1567 3719 Vid.
1585 3695 1724 3719 Commerc.
1742 3693 1829 3718 Litter.
1848 3694 1878 3717 A.
1896 3699 1965 3721 1734.
1981 3689 2064 3724 ffibd:
2076 3698 2113 3720 49.
2131 3690 2156 3715 in
2172 3691 2214 3715 fin.

1400 3733 1424 3750 n.
1436 3734 1456 3750 1.
1516 3725 1529 3754 (
1544 3724 1586 3753 s)
1604 3724 1693 3754 isagog.
1710 3724 1735 3748 in
1750 3726 1825 3748 Anat.
1842 3723 1883 3748 ubi
1899 3724 1928 3747 de
1946 3723 2016 3746 Anat.
2033 3721 2134 3750 aliqum.
2151 3728 2211 3751 part.
2228 3721 2302 3747 colli.

1302 3744 1311 3754 ’
1326 3734 1405 3789 ἵζ’)
1419 3755 1511 3782 Medic.
1527 3757 1585 3780 Rat.
1601 3756 1633 3779 Τ.
1643 3763 1666 3785 4·
1684 3756 1744 3783 Ra,
1761 3756 1815 3780 S.2.
1829 3761 1851 3779 c.
1862 3762 1887 3783 7·
1908 3752 1979 3778 Thes.
1993 3753 2099 3782 Therap.
2116 3751 2141 3783 §-
2158 3760 2181 3782 3·
