2498 4075
388 122 483 175 228

322 214 394 247 quae
418 202 591 244 diligenter
615 194 794 232 scribatur,
817 190 904 235 quod
929 190 1014 223 mola
1035 187 1126 238 simul
1153 189 1250 230 ejeeta
1263 187 1303 220 est
1319 211 1330 227 ,

325 258 426 287 eaque
448 239 670 288 praecefferant
695 249 788 279 quae,
815 245 850 269 ut
874 236 906 266 in
930 232 1167 266 Observatione
1190 231 1328 280 quadam

327 288 502 324 Schacheri
528 288 580 329 (q
603 286 615 322 )
638 292 712 314 cum
733 280 794 314 hac
818 277 1037 321 quadantenus
1081 284 1293 308 conveniente
1316 296 1326 312 ,

326 333 516 379 opinionem
542 337 623 361 verae
647 323 851 366 graviditatis
875 317 1110 362 propemodum
1137 319 1293 368 ‘tollerent
1319 341 1340 358 „-

456 374 609 405 Matrona
631 366 766 404 habitu‚
791 368 822 399 δε
845 363 959 397 statura
984 361 1241 411 medio-criased
1264 372 1326 402 qua

327 420 449 454 nullam
473 415 568 449 facile
590 411 724 445 memini
746 420 819 451 quae
851 407 921 449 plus
955 405 1116 447 sanguinis
1148 414 1293 446 gigneret
1317 425 1328 442 ‚

326 462 408 500 felix
430 460 573 503 plurium
597 455 776 489 liberorum
802 459 903 483 mater
917 469 930 485 „
959 458 1191 497 nonnunquam
1222 457 1330 482 tamen

327 508 424 539 etiarn
449 498 676 536 abortionibus
701 495 865 530 obnoxia,
890 503 964 525 cum
991 491 1061 531 post
1084 492 1236 525 ultimum
1260 501 1330 531 par-

326 559 398 583 tum
422 544 518 589 quem
541 543 690 576 immanis
714 537 896 572 lochiorum
920 536 1013 577 copia
1038 543 1105 566 erat
1137 533 1306 573 consecuta
1324 559 1332 572 ‚

325 589 449 627 tristius
471 588 629 630 hyemem
653 580 865 617 traduxiffet3
889 577 1005 621 Aprili
1029 576 1133 610 mense
1156 588 1194 609 ex
1206 581 1333 610 conlue-

331 636 374 668 tis
398 633 457 669 fibi
481 631 637 669 indiciis,
672 637 747 660 cum
781 621 1015 671 menstruorum
1047 619 1227 658 emanfione
1258 631 1335 654 cou-

328 678 468 722 junffis,
493 674 522 709 se
547 672 652 711 rursus
675 667 874 715 concepisse³
897 665 1043 714 censuit.
1068 664 1184 698 Secuta
1207 664 1248 697 est
1282 675 1337 712 ap·-

331 722 452 765 petitus
477 719 627 755 ciborum
651 723 737 747 tanta
761 710 898 753 dejecho
922 733 932 750 ,
975 719 1032 740 vix
1063 717 1112 756 *ut
1159 708 1340 755 vespertino

331 765 500 798 dumtaxat
524 769 673 800 tempore
697 755 903 791 comederet,
922 751 1106 800 'praesertim
1139 762 1213 783 cum
1246 749 1341 796 quid-

357 800 411 841 uid
435 816 525 840 mane
549 803 707 839 sumeret,
732 799 861 831 vomitu
883 796 1092 836 rejiceretur.
1117 795 1196 827 Huc
1219 793 1342 842 accessit

329 862 415 884 circa
439 849 517 885 Idus
539 846 654 889 Junias
678 842 842 885 sanguinis
886 850 925 877 ex
969 849 1062 872 utero
1107 836 1305 886 profluvium
1334 860 1342 869 .

330 885 495 928 'Adversus
518 892 590 933 qhae
613 888 717 926 mala,
741 895 832 927 aegrae
857 892 922 914 non
947 882 1076 924 prorsus
1090 880 1243 921 insolita,
1266 890 1339 914 curn

331 938 408 971 alias
431 934 499 976 post
522 932 623 967 multa
647 927 804 964 incassum
828 924 974 958 adhibita
998 947 1007 962 ‚
1050 936 1140 968 aquae
1164 924 1339 972 Nucerinae

329 979 401 1016 usus
424 976 616 1021 profuisset,
641 985 725 1008 nunc
749 970 885 1009 minime
909 967 1053 1012 profuit.
1080 969 1139 1000 Ob
1158 966 1230 1017 'haec
1248 967 1341 1012 Julio

330 1025 463 1063 circiter
490 1019 598 1055 medio
621 1018 661 1051 ab
684 1027 771 1058 aegra
794 1012 959 1052 advocor,
981 1023 1068 1045 venae
1092 1011 1262 1045 seetionem
1289 1009 1341 1042 su-

331 1078 388 1112 pra
413 1077 512 1109 quam
536 1062 601 1097 dici
627 1060 741 1105 possit,
768 1056 878 1100 perosa
894 1080 901 1087 .
928 1056 1044 1097 Itaque
1067 1068 1101 1089 ea
1126 1055 1235 1088 saltem
1269 1066 1340 1096 quae

329 1110 536 1154 pertinaciter
560 1117 627 1139 non
650 1102 828 1138 recusaret,
850 1099 1066 1148 commendo,
1090 1109 1126 1132 ut
1149 1108 1227 1140 puta
1251 1100 1342 1147 usum

328 1153 540 1196 gelatinarum
564 1161 602 1184 ex
627 1147 722 1182 vituli
745 1143 919 1184 cruribus,
942 1142 1060 1176 coralia
1106 1145 1139 1174 in
1184 1141 1340 1182 pollinem

331 1196 479 1235 redacta,
507 1193 718 1236 cydonitem‚
741 1192 773 1227 &
793 1198 897 1230 pauca
921 1186 982 1220 alia
1005 1184 1043 1218 de
1068 1184 1131 1221 hoc
1143 1195 1342 1233 generequae

333 1241 468 1282 utrique
493 1238 578 1271 malo
601 1237 650 1268 ita
675 1229 943 1269 adversarentur,
967 1238 1002 1261 ut
1035 1227 1207 1270 sanguinis⁴
1233 1237 1342 1261 tamen

331 1274 457 1317 cursum
481 1282 642 1314 violenter
665 1276 817 1315 ,cohibere
840 1283 906 1307 non
930 1270 1070 1315 possent.
1085 1272 1275 1312 Utrumque
1294 1274 1342 1303 in.

329 1336 417 1360 terea
445 1324 601 1368 perstabat
626 1322 745 1354 malurn
762 1340 771 1355 ,
797 1317 837 1350 sic
861 1326 970 1350 tamen
987 1340 994 1354 ‚
1020 1325 1054 1349 ut
1078 1326 1143 1348 non
1166 1314 1343 1349 difficulter

332 1369 490 1403 ferretur.
517 1365 681 1411 Qotidie
705 1364 792 1398 enim
818 1371 911 1394 mane
936 1358 1088 1401 surgebat
1111 1359 1249 1396 mulier,
1284 1360 1343 1392 sta,

329 1413 387 1448 bat
407 1436 416 1451 ,
439 1411 566 1446 sedebat
581 1433 593 1451 ‚
616 1405 826 1444 ambulabat,
847 1403 945 1444 rheda
969 1405 1086 1440 etiam,
1114 1414 1188 1437 cum
1213 1402 1308 1435 vellet
1333 1424 1342 1438 ,

331 1459 437 1492 miuus
461 1453 677 1498 probantibus
701 1451 818 1488 nobis,
842 1458 900 1490 per
923 1445 1035 1484 urbem
1060 1444 1256 1485 vehebatur,
1286 1457 1342 1479 nec

329 1501 512 1543 quidquam
537 1498 601 1532 fere
618 1494 781 1539 'prodibat
807 1490 969 1533 sanguinis
985 1515 992 1522 .
1018 1489 1133 1523 Noetu
1158 1490 1348 1529 dumtaxat,

331 1556 407 1578 cum
431 1543 497 1577 sive
521 1542 652 1583 supina,
678 1538 742 1576 sive
765 1538 799 1568 in
822 1535 907 1568 latus
932 1533 1092 1567 sinistrum
1116 1534 1248 1567 cubaret
1271 1545 1282 1572 5
1314 1534 1348 1566 in

330 1588 503 1622 dexterum
529 1586 618 1618 enim
644 1580 728 1616 baud
753 1587 912 1622 poterat‚·
934 1576 1135 1618 profluebat,
1173 1577 1237 1611 five
1270 1577 1347 1610 lefti

331 1632 427 1664 calor
453 1638 618 1664 moveret,
645 1625 707 1658 sive
731 1633 796 1657 non
820 1621 953 1664 jacentis
977 1622 1058 1654 uteri
1081 1620 1191 1657 osculo
1223 1620 1348 1662 aliquid,

330 1675 360 1708 se
386 1682 565 1716 opponeret
589 1669 676 1714 quod
701 1666 842 1709 operiret
866 1687 878 1704 ,
914 1673 968 1698 aut
1013 1664 1099 1707 quasi
1125 1664 1310 1700 ‘obturaret
1336 1688 1344 1700 q

334 1719 454 1751 Praeter
478 1716 511 1749 id
536 1714 624 1757 quod
649 1712 748 1745 noCtu
771 1708 967 1746 effluxerat,
992 1718 1108 1750 magna
1133 1717 1200 1741 erat
1216 1718 1349 1741 concie-2

333 1764 360 1796 ti
387 1760 554 1802 sanguinis
579 1756 672 1799 copia
696 1765 769 1795 qua?
794 1761 867 1784 cum
891 1752 1035 1792 primum
1060 1750 1225 1792 surgeret,
1258 1751 1348 1797 exci-

335 1805 453 1842 debat.
481 1805 570 1835 Inter
594 1801 661 1833 haec
687 1796 725 1831 ad
749 1803 878 1829 caeteras
900 1794 1049 1827 moeroris
1072 1795 1177 1827 causas
1202 1794 1347 1836 gravissi-

334 1860 387 1882 ma
411 1847 559 1891 quaedam
583 1855 656 1878 cum
682 1840 852 1883 repentino
875 1847 998 1870 terrore
1042 1836 1165 1870 acceffit
1207 1848 1247 1869 ex
1291 1847 1348 1869 nec

333 1893 475 1925 opinato
499 1890 578 1928 Viti,
600 1885 812 1921 infortunio,
835 1881 923 1923 quod
948 1890 983 1913 ut
1014 1881 1156 1928 ‘Civitas
1200 1879 1348 1913 universa

333 1923 643 1969 commiseratione,
667 1930 712 1961 ita
738 1928 839 1960 Uxor*
858 1923 1059 1972 lachrymis,
1084 1926 1115 1957 δε
1139 1923 1270 1965 planetu
1294 1934 1349 1956 ex-

335 1980 445 2022 cepit.
471 1979 516 2010 Et
542 1988 574 2009 ea
600 1974 731 2018 quidem
754 1981 825 2012 quae
851 1969 953 2010 prima
977 1966 1186 2016 lnsecutaeest
1210 1990 1219 2007 ,
1252 1967 1348 1999 nocffoe

334 2014 589 2065 sanguis'ferme
612 2015 749 2051 omnino
774 2012 940 2051 substitit.
967 2012 1014 2044 At
1038 2011 1197 2051 proXimis
1222 2010 1271 2042 vel
1295 2008 1349 2043 fu.

333 2066 395 2100 fius
418 2056 666 2106 effluxitssJam
691 2068 756 2093 non
782 2066 847 2089 erat
872 2053 1037 2098 quispiam
1060 2055 1117 2096 qui
1149 2062 1240 2103 tanta
1265 2077 1274 2092 ,
1317 2055 1350 2084 &

336 2119 404 2143 tarn
428 2107 538 2145 crebra
562 2104 722 2148 sanguinis
744 2098 896 2134 effusione
920 2097 1058 2146 spetPtata
1072 2118 1083 2135 ,
1104 2097 1270 2147 gravidam
1283 2107 1353 2130 cre«.

334 2146 612 2192 deret'effeposs'e
637 2146 828 2185 mulierem,
853 2142 903 2175 sed
927 2152 965 2174 ne
991 2139 1059 2182 ipsa
1083 2139 1217 2182 quidem
1241 2139 1351 2181 crede-

336 2198 391 2231 bat
417 2187 571 2239 amplius.
591 2187 685 2226 'Mihi
711 2197 839 2226 tamen,
862 2185 1020 2233 quamv-is·
1035 2183 1138 2217 senior
1155 2206 1168 2223 ,
1194 2183 1352 2233 ausculta-

337 2242 393 2275 bat
420 2239 565 2276 Medicus
591 2236 670 2277 saepe
693 2230 892 2267 inculcanti,
917 2230 1080 2270 Jud1c1um
1104 2227 1229 2265 adhuc,
1256 2238 1291 2260 ut
1316 2237 1351 2259 in

339 2284 471 2319 muliere
496 2292 567 2324 quae
594 2272 747 2321 sanguine
771 2273 849 2308 adeo
873 2271 1074 2310 abundaret,
1096 2269 1155 2305 esse
1190 2269 1349 2304 sustinen-

338 2329 434 2362 dum:
457 2324 685 2365 conceptionis
709 2319 804 2352 solita
827 2316 949 2349 indicia
982 2316 1092 2348 omnia
1135 2312 1314 2356 praecessisse
1337 2323 1350 2354 ,-

343 2364 525 2406 abortionis
549 2368 580 2399 in
605 2363 707 2399 effuso
731 2361 905 2403 sanguine,
933 2368 1078 2408 accurate
1101 2357 1222 2401 semper
1246 2356 1349 2407 inspe-

341 2410 578 2453 ‹Sto-,vestigia
602 2407 735 2443 necdum
761 2406 825 2438 ulla
848 2400 1027 2451 apparuisse·
1052 2416 1058 2433 :
1093 2402 1178 2434 lente
1223 2402 1357 2449 quidem

344 2469 474 2494 uterum
497 2451 729 2490 intumescere5
755 2458 867 2486 verum
893 2448 1067 2490 ltparcius
1092 2445 1357 2485 taudemsanguis

345 2502 509 2537 efflueret,
533 2497 631 2531 citius
655 2489 785 2528 fortasse
809 2500 887 2521 tunc
912 2489 942 2521 ie
976 2489 1134 2521 elaturum
1163 2512 1169 2519 .
1204 2488 1356 2534 Dandarn

343 2537 452 2589 igiturv
473 2535 625 2585 operam,
651 2547 687 2571 ut
713 2535 783 2577 ejus
807 2531 944 2566 effluxus
970 2533 1099 2573 parcior
1143 2530 1232 2564 fieret
1259 2542 1269 2568 3
1314 2532 1357 2563 {10

346 2589 433 2624 enim
460 2584 607 2620 mulieris
630 2591 760 2623 quoque
788 2578 870 2609 vires
902 2573 1019 2610 servari
1067 2573 1193 2608 facilius
1239 2572 1323 2615 posse
1345 2596 1358 2611 „

346 2642 484 2676 quarum
509 2626 612 2671 lapsus
636 2624 702 2666 jam
726 2619 916 2662 incipientis
938 2629 1029 2651 crura
1053 2617 1212 2654 indicium
1236 2617 1357 2649 dabant

348 2687 416 2710 non
439 2684 529 2715 aeque
553 2670 645 2704 firma
669 2678 763 2707 atque
788 2663 937 2697 haetenus
962 2660 1106 2698 fuerant,
1131 2664 1163 2693 &
1186 2661 1291 2694 minus
1306 2671 1358 2692 ro-

351 2720 420 2753 seus
441 2727 538 2759 quam
561 2722 675 2751 antea,
699 2708 793 2747 faciei
817 2706 1026 2739 color.Cum
1051 2705 1193 2746 aliaquae
1204 2716 1237 2737 ea
1251 2713 1358 2736 mente

349 2761 560 2799 exhibuerat,
587 2756 693 2790 minus
715 2749 965 2794 responderent3
988 2747 1061 2782 dare
1085 2749 1188 2790 coepit
1213 2756 1358 2781 veterem

352 2806 498 2840 rosarum
520 2799 728 2840 conservam,
751 2805 786 2828 ut
811 2801 950 2830 vocant,
977 2792 1196 2839 vitriolatam‚
1221 2801 1306 2833 qua,
1329 2794 1358 2822 ὅ(

350 2848 555 2883 confeffione
577 2842 757 2878 alkerme53
780 2836 820 2872 fic
845 2837 930 2871 enim
954 2837 1133 2878 appellant3
1158 2835 1220 2867 s1ne
1245 2833 1356 2882 odori-

351 2895 411 2927 bus
433 2888 616 2931 excipiebat
639 2883 774 2920 contusa
800 2882 902 2914 citrea
926 2877 1066 2916 semina,
1089 2881 1119 2911 δε
1142 2879 1174 2911 in
1199 2877 1267 2911 boli
1291 2876 1361 2909 sor-

357 2947 443 2971 mam
467 2931 653 2974 redigebat.
679 2929 755 2962 Hoc
780 2924 857 2958 bolo
881 2925 911 2956 &
954 2922 1151 2956 ventriculus
1196 2921 1362 2969 aliquanto

354 2979 469 3014 melius
493 2976 523 3009 se
548 2974 663 3007 habere
686 2970 836 3011 incepit,
860 2969 890 3000 δέ
915 2965 1076 3013 sanguinis
1111 2965 1218 2999 multo
1252 2974 1358 3012 minus

356 3020 538 3069 profluere.
564 3018 663 3050 Tunc
686 3024 783 3049 vero-2
807 3020 903 3045 tertia
937 3021 1002 3052 Jam
1048 3020 1119 3052 pars
1164 3015 1360 3051 praeterierat

356 3058 493 3108 Augusti
518 3060 650 3097 rnenfiss
674 3069 738 3091 non
763 3056 867 3089 solum
890 3063 1013 3087 tumere
1046 3062 1213 3095 coeperant
1256 3062 1359 3083 mam.

360 3121 444 3148 mae,
467 3114 504 3140 ut
528 3102 751 3145 injprioribus
775 3098 857 3132 uteri
881 3097 1137 3139 gestationibus,
1169 3095 1220 3129 sed
1263 3096 1361 3143 etiarn

359 3153 456 3187 altius
472 3143 510 3185 *se
535 3146 703 3184 attollere.
727 3144 794 3177 Hic
817 3143 936 3174 iterum
961 3141 1102 3179 mulier,
1125 3140 1295 3181 caeterique
1327 3148 1361 3170 in

360 3194 539 3239 depositam
562 3188 767 3233 graviditatis
790 3185 982 3224 opinionem
1009 3185 1128 3217 redire.
1154 3183 1233 3216 Erat
1257 3191 1363 3230 tamen

359 3239 486 3272 insoliti
509 3234 658 3277 aliquid,
679 3229 767 3274 quod
790 3228 897 3266 illius,
922 3238 1091 3269 meumque
1114 3227 1260 3260 turbaret
1295 3235 1363 3258 ani-

362 3292 473 3318 mum,
498 3279 607 3313 creber
631 3279 664 3309 in
690 3283 783 3307 utero
804 3272 1020 3318 punfflonum
1046 3270 1170 3304 sensus.
1195 3270 1279 3306 Quae
1314 3279 1363 3301 me

363 3337 411 3359 res
435 3325 561 3358 movit,
588 3330 623 3353 ut
647 3328 790 3352 ventrem
814 3325 909 3347 manu
953 3314 1141 3354 diligentius
1185 3312 1365 3346 contreeta-

366 3379 452 3402 rem.
476 3364 577 3406 Qod
601 3363 677 3397 dum
702 3360 864 3398 facerem,
889 3359 990 3399 magis
1011 3358 1182 3399 aliquanto
1215 3355 1367 3388 turbatus

366 3412 456 3450 sum,
481 3419 611 3447 uterum
635 3405 836 3452 percipiens,
859 3412 925 3439 non
948 3400 1142 3438 umbilicum
1164 3397 1269 3436 versus
1293 3409 1368 3433 acu-

902 112 1056 165 Liber
1090 110 1183 163 111.
1217 110 1302 164 De
1336 110 1544 163 Morbis
1579 108 1791 173 Ventris

1381 189 1561 225 minatum,
1588 187 1641 221 sed
1665 189 1698 220 in
1723 188 1935 223 transversum
1967 196 2104 232 utroque
2137 190 2235 224 latere
2268 189 2369 230 magis

1379 231 1567 268 extensum,
1593 242 1672 271 nec,
1696 232 1717 266 fi
1742 233 1836 273 paulo
1860 233 1974 266 fortius
1997 242 2194 274 premerem,
2216 233 2279 266 fine
2311 235 2372 266 do-

1380 277 1447 307 lore
1470 272 1503 306 id
1525 272 1699 313 ferentem,
1725 276 1898 316 praesertim
1924 277 1963 309 ad
1985 277 2149 310 dexteram
2171 276 2298 309 iliacam
2321 288 2370 310 re-

1379 319 1527 359 gionem.
1554 317 1659 349 Vultu
1684 320 1834 359 quidem,
1859 328 1893 352 ut
1904 318 2078 354 debebam,
2103 330 2168 352 non
2193 319 2291 352 modo
2305 331 2380 363 ver-x

1379 362 1449 397 bis,
1477 359 1558 401 apud
1583 360 1746 397 mulierem
1771 361 1984 404 suspicionem
2016 361 2208 396 dissimulavi
2239 374 2340 398 meam
2365 391 2374 399 .

1379 404 1474 436 Hanc
1498 402 1630 436 Medico
1655 413 1780 443 tamen,
1803 407 1833 436 &
1858 406 1943 438 Viro
1989 416 2064 438 mox
2087 408 2195 447 aperui
2217 430 2226 445 ‚
2275 410 2377 442 vereri

1382 459 1454 486 me,
1479 446 1613 485 dicens,
1637 458 1674 479 ne
1698 457 1812 488 praeter
1837 446 1953 481 foetum
1979 450 2063 482 mola
2087 448 2239 485 subesse'tz
2265 461 2377 485 necta-

1382 500 1453 523 men
1478 499 1643 531 propterea
1667 489 1723 523 nisi
1748 490 1781 523 id
1804 491 1891 532 quod
1915 492 2091 533 agebatur,
2114 493 2293 534 agendmm
2326 507 2382 528 ne-

1381 545 1444 575 que
1469 534 1554 566 enim
1580 532 1635 566 ubi
1661 533 1753 566 molae
1777 532 1916 576 suspicio
1940 535 2034 572 esset,
2057 539 2089 569 &
2110 535 2212 578 majus
2234 538 2267 570 in
2290 538 2377 577 dies,

1386 588 1453 617 quo
1478 577 1584 609 minus
1609 575 1770 618 sanguinis
1791 579 1918 617 exiret,
1940 581 2023 611 uteri
2046 581 2275 615 incrementum
2298 604 2308 619 ‚
2341 584 2382 617 iis

1387 618 1448 661 esse
1470 620 1578 652 locum
1601 631 1672 662 quae
1696 620 1899 654 vehementer
1923 621 2153 664 adstringerent
2174 649 2183 664 ‚
2208 624 2385 666 praesertim

1390 672 1464 697 cum
1488 662 1612 704 sanguis
1636 663 1802 699 nonnullis
1822 663 1954 704 quidem
1978 666 2126 699 nofiibus
2148 665 2232 702 haud
2257 669 2300 701 ita
2314 681 2386 711 par-

1390 718 1445 743 ce,
1470 704 1631 749 plerisque
1655 716 1761 739 tamen
1788 705 1862 739 satis
1887 707 2010 741 modice
2033 707 2097 751 jam
2122 710 2265 754 prodiret
2289 724 2296 746 ς
2327 724 2386 747 nec

1392 760 1508 783 contra
1532 749 1588 782 ubi
1612 749 1707 782 facile
1732 747 1933 792 profluvium
1957 751 2061 785 redire
2085 752 2208 793 posset,
2231 754 2389 797 simulque

1393 805 1466 826 cum
1489 793 1599 833 mola,
1623 792 1723 826 foetus
1747 791 1803 825 esle
1826 792 2024 833 crederetur,
2050 796 2087 829 ad
2112 796 2284 838 pellentia,
2305 801 2388 831 nein

1394 837 1468 869 solis
1490 836 1620 879 quidem
1644 836 1739 870 molis
1761 835 1882 878 semper
1906 846 1995 874 tuta,
2028 838 2258 874 decurrendum
2282 855 2291 878 3
2337 841 2391 876 sed

1389 879 1611 918 observando,
1634 883 1663 913 ἃ
1690 890 1749 922 pro
1772 890 1805 913 re
1829 888 1902 912 nata
1926 881 2120 916 moderando
2143 883 2305 925 sanguinis
2327 884 2392 919 flu.-

1392 935 1491 964 xum,
1514 924 1623 965 quiete
1647 932 1798 965 praeterea
1820 925 1850 955 &
1875 924 1996 961 animi,
2021 928 2052 958 ὃς
2076 929 2219 969 corporis
2246 950 2254 965 ,
2292 928 2389 971 aptis.

1393 979 1455 1009 que
1480 966 1641 1007 alimentis
1664 967 1809 999 mulieris
1833 966 1916 1002 vires
1940 967 1978 999 ad
2001 967 2173 1010 cujuslibet
2196 973 2305 1005 eni-xus
2339 984 2391 1005 ca-

1393 1011 1463 1045 sum
1487 1009 1546 1044 esse
1569 1008 1817 1043 conservandas.
1842 1010 1924 1043 Haec
1946 1011 2050 1051 igitur
2072 1013 2148 1046 dum
2182 1023 2302 1048 attente
2336 1016 2392 1050 fie-

1396 1063 1486 1092 rent,
1512 1053 1581 1095 post
1604 1053 1669 1087 dies
1693 1063 1758 1085 non
1781 1054 1827 1085 ita
1852 1054 1969 1086 multos
1985 1080 1993 1093 ,
2028 1055 2103 1088 XV.
2138 1057 2213 1090 Kal.
2247 1059 2392 1101 Septem-

1392 1098 1481 1136 bris,
1503 1096 1657 1135 mulieri,
1680 1095 1758 1129 dum
1781 1094 1866 1129 sorte
1893 1095 2006 1137 staret,
2029 1109 2117 1141 aquae
2131 1110 2259 1141 repente
2272 1113 2312 1137 ex
2323 1112 2396 1136 ute·

1395 1152 1431 1174 ro
1454 1147 1673 1182 proruperunt
1695 1150 1796 1181 neque
1818 1141 1935 1178 odore,
1961 1152 2061 1183 neque
2084 1153 2118 1175 re
2140 1144 2199 1176 alia
2224 1145 2315 1182 abiis
2325 1157 2399 1188 quae

1394 1184 1649 1225 parturientibus
1674 1184 1801 1225 prodire
1827 1182 1952 1222 solent,
1979 1184 2036 1217 nisi
2060 1184 2260 1228 fortecopia
2298 1190 2395 1230 paulo

1394 1227 1534 1269 majori,
1555 1226 1788 1269 discrepantes,
1812 1227 1939 1260 Vocata
1962 1228 2118 1263 continuo
2142 1231 2310 1264 Obstetrix
2321 1244 2398 1267 curn

1395 1272 1536 1314 proximi
1562 1280 1669 1312 partus
1691 1270 1779 1303 nulla
1803 1279 1952 1312 praeterea
1975 1273 2097 1305 videret
2131 1274 2251 1309 indicia
2276 1300 2288 1315 ,
2329 1278 2401 1311 imo

1395 1315 1481 1348 uteri
1506 1313 1652 1354 osculum
1674 1312 1839 1346 occlusum
1862 1313 1973 1355 digito
1993 1316 2188 1357 perciperem
2212 1317 2279 1352 haec
2304 1320 2400 1354 nobis

1396 1358 1521 1392 curavit
1546 1356 1776 1399 fignificanda:
1799 1359 1858 1399 qui
1881 1359 1941 1390 nifi
1966 1359 2041 1392 novi
2065 1370 2229 1401 appareret
2254 1361 2402 1404 aliquid,

1396 1404 1515 1435 interea
1540 1400 1767 1442 quiescendum
1792 1399 1874 1438 esse,
1899 1400 2270 1444 respondimus.Unus,
2295 1407 2399 1446 alter,

1399 1448 1430 1479 δι’
1454 1446 1569 1478 tertius
1589 1444 1654 1487 jam
1677 1445 1743 1477 dies
1766 1442 1808 1477 fic
1831 1453 1922 1477 erant
1945 1447 2072 1482 exaesi,
2103 1458 2153 1480 me
2198 1459 2264 1482 non
2310 1449 2402 1484 valde

1401 1491 1555 1527 mirante,
1579 1490 1700 1531 quippe
1728 1498 1868 1521 memore
1884 1510 1894 1525 ‚
1917 1499 1982 1523 non
2007 1490 2104 1523 modo
2128 1491 2210 1532 apud
2233 1491 2403 1527 Har-veum

1401 1533 1451 1579 (r
1468 1533 1505 1575 )‚
1532 1541 1647 1573 totque
1672 1532 1751 1567 alios
1775 1531 1900 1573 legisse,
1926 1542 2037 1564 verum
2063 1534 2161 1567 etiarn
2184 1536 2217 1568 in
2241 1534 2325 1570 Cive
2358 1536 2406 1570 al-
2441 1558 2442 1561 =

1398 1588 1468 1609 tera
1494 1586 1561 1611 mea
1585 1574 1779 1613 nobilissima
1804 1585 1962 1616 aquarum
1985 1574 2143 1610 effluxum
2177 1578 2284 1612 multo
2331 1589 2404 1615 aute

1399 1630 1581 1657 extremum
1605 1618 1790 1660 gestationis
1815 1618 1923 1653 vidisse
1938 1644 1947 1658 ‚
1971 1617 2058 1652 {elici
2083 1619 2299 1657 nihilominus
2331 1635 2406 1666 par-

1401 1674 1436 1696 tu
1460 1666 1526 1695 'non
1549 1672 1621 1698 ante
1643 1661 1826 1704 legitimum
1849 1671 1973 1704 tempus
1996 1662 2196 1704 consecutos,
2227 1676 2308 1707 aegre
2353 1676 2405 1700 ta-

1402 1718 1474 1742 men
1499 1705 1551 1740 bic
1576 1704 1715 1742 ferente,
1739 1705 1797 1739 ubi
1819 1703 1938 1738 foetum
1963 1716 2064 1747 neque
2088 1707 2275 1749 robustum,
2299 1721 2405 1752 neque

1401 1750 1505 1783 solum
1530 1748 1616 1786 effe,
1641 1747 1877 1783 existimarem.
1902 1747 1969 1781 Die
1994 1759 2102 1782 autem
2134 1761 2253 1792 quarto
2276 1774 2285 1789 ,
2330 1763 2405 1788 cum

1399 1803 1511 1828 venter
1533 1791 1653 1835 qui-ab
1677 1801 1831 1833 aquarum
1856 1793 1944 1824 exitu
1968 1791 2193 1833 detumuerat2
2208 1796 2325 1828 iterum
2335 1808 2404 1829 co:-

1401 1836 1492 1881 pisset
1516 1845 1665 1874 tumere,
1688 1834 1915 1875 ingruentibus
1940 1844 2047 1875 partus
2081 1836 2252 1871 doloribus
2275 1861 2288 1878 ,
2320 1838 2407 1872 mola

1400 1881 1564 1926 primum,
1586 1878 1700 1912 deinde
1724 1877 1822 1924 sce-tus
1845 1887 1991 1913 mortuus
2014 1877 2130 1920 ejeAEtus
2154 1880 2218 1921 est,
2242 1882 2407 1916 novissime

1402 1933 1507 1957 autem
1522 1947 1529 1961 ‚
1552 1924 1655 1955 tribus
1677 1921 1856 1963 interJectis
1880 1920 1992 1960 horis,
2015 1933 2072 1955 nec
2092 1922 2160 1957 sine
2194 1924 2407 1964 difficultate,

1401 1970 1432 2003 ὃ(
1457 1977 1570 2008 magna
1595 1966 1755 2007 sanguinis
1780 1963 1964 2006 profusione
1990 1986 1999 2000 ,
2034 1966 2185 2001 Secundae
2231 1969 2374 2002 exierunt
2399 1994 2408 2001 .

1400 2010 1536 2044 Servata
1560 2007 1604 2043 est
1629 2018 1731 2041 mater
1746 2029 1756 2044 ,
1779 2018 1850 2049 quae
1874 2009 2120 2049 undetrigefimo
2142 2010 2213 2052 post
2229 2022 2312 2045 anno
2324 2012 2411 2047 obiit

1403 2064 1443 2086 ex
1470 2054 1613 2094 maligno
1637 2053 1764 2091 ulcere,
1788 2059 1825 2082 ut
1849 2053 2049 2091 accepimus,
2071 2055 2105 2086 in
2129 2062 2244 2096 utero,
2268 2066 2306 2087 an
2320 2057 2411 2098 vagi-

1403 2107 1467 2132 na,
1494 2095 1546 2129 sed
1570 2094 1739 2138 postremis
1762 2093 1827 2128 illis
1851 2095 1940 2131 arinis
1962 2095 2104 2129 oborto.
2128 2097 2225 2133 Certe
2260 2110 2297 2131 eo
2332 2107 2414 2132 tem.

1404 2150 1482 2184 pore
1505 2150 1573 2181 quo
1598 2137 1718 2172 foetum
1741 2136 1839 2170 illum
1859 2137 2011 2178 gerebat,
2034 2141 2065 2171 ὃ(
2089 2151 2126 2173 eo
2140 2141 2225 2182 quod
2239 2142 2408 2183 pretinm,

1405 2187 1435 2215 ἃ
1460 2184 1609 2225 deinceps
1633 2181 1706 2215 satis
1729 2181 1785 2215 diu
1809 2179 1989 2214 insecutum
2013 2182 2080 2224 est,
2105 2183 2190 2216 nihil
2212 2183 2317 2218 fuerat
2349 2197 2412 2218 un·-

1405 2226 1444 2261 de
1467 2227 1574 2265 uteri,
1598 2234 1650 2259 aut
1675 2227 1798 2266 vaginae
1823 2225 2096 2260 exulcerationem
2120 2226 2190 2270 jure
2221 2227 2322 2271 posses
2357 2228 2408 2262 su-

1401 2270 1540 2313 spicari,
1564 2269 1703 2311 indeque
1718 2268 1883 2310 sanguinis
1906 2268 1974 2301 illas
1998 2268 2163 2303 effusiones
2186 2281 2351 2313 repetere,
2378 2280 2416 2308 ut

1403 2313 1506 2356 posses
1530 2314 1562 2345 in
1586 2310 1724 2350 foemina
1747 2337 1757 2352 ‚
1802 2311 1842 2344 ab
1887 2312 2040 2353 Raygero
2087 2313 2168 2356 (s)
2214 2313 2375 2357 descripta
2398 2337 2410 2353 ,

1406 2358 1526 2399 quippe
1549 2367 1621 2397 quae
1644 2367 1717 2391 cum
1741 2353 1943 2388 acerbissimis
1966 2355 2178 2396 lumborum,
2224 2360 2254 2390 ἃ
2299 2359 2412 2400 ingui-

1408 2411 1487 2434 num
1511 2398 1681 2433 doloribus
1704 2400 1880 2433 immanem
1915 2399 2057 2441 primum
2091 2402 2177 2432 uteri
2211 2400 2412 2435 haemorrha-

1408 2444 1496 2485 giam
1519 2440 1602 2485 passa
1627 2442 1668 2475 est
1693 2442 1765 2482 sex,
1790 2442 1950 2485 septemve
1976 2452 2048 2476 ante
2073 2453 2204 2485 partum
2238 2443 2416 2479 bebdoma-

1408 2487 1478 2526 dis,
1503 2485 1572 2528 post
1596 2487 1800 2527 puerperium
1821 2493 1929 2520 autem
1952 2485 2158 2527 profluvium
2173 2512 2181 2526 ‚
2216 2499 2281 2529 quo
2328 2490 2416 2522 intra

1409 2540 1582 2572 perpaucos
1606 2528 1725 2561 menses
1748 2528 1893 2562 confeeta
1918 2529 1981 2568 cst,
2005 2528 2199 2565 foetidiffimi
2222 2532 2415 2571 nigricantis

1410 2558 1577 2607 liumoris.
1603 2571 1702 2607 Quod
1726 2571 1747 2604 si
1772 2571 1917 2604 nostrum
1944 2583 2016 2604 cuni
2044 2574 2218 2613 propositis
2264 2586 2280 2606 a
2328 2574 2416 2608 Phil.

1406 2617 1534 2665 jacobo
1558 2615 1764 2648 Hartmanno
1787 2618 1797 2653 (
1822 2621 1836 2646 t
1857 2617 1891 2653 ),
1915 2617 1945 2647 &a
1968 2627 1983 2646 a
2006 2615 2058 2646 Cl.
2084 2616 2310 2650 Gutermanno
2336 2622 2347 2657 (
2371 2621 2416 2658 u)

1411 2660 1532 2693 casibus
1556 2659 1619 2692 tibi
1644 2658 1766 2699 placeat
1790 2656 1961 2696 conferre3
1985 2669 2048 2704 non
2073 2657 2205 2693 difficile
2227 2661 2415 2703 intelliges,

1411 2704 1565 2740 abortus,
1590 2703 1708 2744 pariter
1731 2713 1804 2737 curn
1828 2701 1914 2734 mola
1937 2702 2127 2742 conjunctos
2146 2726 2154 2740 ,
2182 2713 2304 2746 quanta
2328 2726 2338 2740 ,
2382 2707 2415 2738 &

1410 2746 1566 2788 quamdiu
1589 2745 1734 2786 profusio
1758 2746 1919 2785 sanguinis
1942 2743 2153 2787 praecefferit‚
2179 2758 2281 2789 neque
2307 2757 2416 2781 tamen

1411 2790 1464 2827 hic
1489 2789 1528 2822 ab
1553 2799 1664 2830 aperto
1708 2791 1742 2823 in
1768 2789 1883 2830 vagina
1909 2788 2090 2828 [anguifero
2113 2789 2207 2829 vase,
2231 2791 2354 2824 nedum
2378 2791 2419 2824 ab

1412 2835 1523 2871 uteri,
1545 2841 1599 2866 aut
1624 2833 1745 2873 vaginae
1770 2833 2031 2871 exulceratione,
2067 2831 2220 2866 <reduetus
2252 2835 2291 2866 sit
2316 2858 2327 2875 ,
2361 2843 2418 2868 aut

1413 2876 1528 2910 deduci
1550 2876 1718 2909 debuerit.
1853 2876 1911 2908 Sed
1934 2885 2046 2909 caetera
2071 2888 2142 2917 quae
2179 2878 2217 2910 ad
2263 2878 2416 2913 abortum

1416 2922 1577 2955 attinent,
1601 2931 1618 2950 a
1642 2920 1735 2954 nobis
1780 2919 1974 2961 descriptum
1997 2942 2007 2959 ‚
2043 2919 2283 2961 persequamur.

1412 2964 1573 3003 MOLA,
1598 2963 1686 2999 eloto
1709 2964 1768 3005 qui.
1791 2961 1961 2996 adhaeserat
1978 2986 1985 2999 ‚
2011 2962 2189 3005 sanguine,
2218 2964 2301 2999 haud
2334 2965 2420 2998 cras-

1413 3008 1475 3042 sior
1498 3009 1627 3040 inventa
1651 3006 1695 3039 est
1719 3007 1831 3048 digitis
1854 3005 2036 3040 transversis
2070 3007 2196 3040 duobus
2221 3030 2230 3044 ‚
2266 3008 2419 3050 aliquan-

1412 3061 1449 3084 to
1473 3060 1580 3083 autem
1604 3050 1734 3092 longior
1757 3072 1767 3087 ‚
1801 3049 1946 3090 fedaque
1971 3073 1979 3087 ‚
2029 3049 2181 3084 nonnihil
2217 3050 2385 3093 spongiosa
2407 3074 2420 3091 ,

1412 3098 1444 3130 ὃς
1466 3093 1553 3136 quasi
1582 3104 1692 3126 carnea
1715 3094 1863 3135 apparuit
1888 3117 1894 3124 .
1946 3093 2096 3126 Secundae
2139 3092 2225 3126 nihil
2272 3095 2421 3128 ostende-

1413 3146 1488 3171 runt
1510 3136 1583 3169 vitii
1607 3161 1616 3169 .
1639 3138 1748 3170 Foetus
1771 3137 1827 3178 qui
1855 3137 2008 3178 sequioris
2033 3145 2099 3171 erat
2132 3137 2222 3170 sexus
2249 3163 2257 3177 ,
2302 3150 2419 3173 novem

1413 3181 1536 3222 digitos
1560 3180 1753 3213 transversos
1776 3180 1980 3222 longitudine
2005 3191 2069 3213 non
2092 3186 2239 3223 aequabat
2264 3207 2274 3214 .
2308 3183 2419 3224 Caput

1414 3221 1600 3258 universum
1626 3245 1634 3260 ,
1668 3225 1699 3255 ὃς
1723 3222 1844 3258 collum
1870 3235 1884 3255 a
1909 3235 2022 3265 magna
2040 3223 2129 3265 quasi
2176 3223 2382 3266 sugillatione
2406 3246 2416 3262 ,

1416 3268 1479 3301 {ine
1524 3266 1593 3299 ullo
1636 3275 1742 3299 tamen
1787 3264 1906 3300 foetore
1942 3291 1950 3305 ,
1995 3267 2177 3308 nigricabat
2204 3292 2211 3300 .
2257 3271 2382 3301 Caetera
2411 3291 2421 3305 ,

1415 3313 1513 3345 etiarn
1557 3310 1694 3342 interius
1717 3332 1725 3347 ‚
1771 3308 1854 3342 nihil
1900 3320 2013 3351 praeter
2038 3320 2185 3344 naturam
2208 3333 2218 3348 ‚
2254 3320 2414 3354 quantum

1417 3355 1526 3388 videre
1549 3355 1663 3394 potui,
1687 3352 1869 3386 habebant.
1897 3354 2013 3395 Inepta
2038 3355 2122 3386 enim
2148 3356 2320 3389 mulierum
2346 3364 2417 3386 mo-

1417 3399 1551 3435 tofitate
1584 3417 1596 3435 ,
1642 3396 1696 3428 vix
1738 3396 1833 3430 licuit
1878 3407 2023 3432 ventrem
2067 3399 2187 3439 aperire
2219 3420 2229 3435 ,
2274 3399 2307 3430 in
2351 3408 2418 3445 quo

2253 3449 2377 3475 ventri-

368 3557 1428 3584 W

487 3653 603 3712 {grener-
621 3649 650 3675 de
665 3647 831 3676 Hamorrhag.
848 3633 971 3672 &ravidan

430 3653 476 3715 {J
575 3702 577 3706 >
596 3682 629 3708 N.
645 3681 675 3705 C.
691 3682 749 3705 Duc.
764 3687 786 3708 3·
804 3680 833 3702 Λ.
852 3686 871 3707 3.
888 3676 947 3705 Qbs.
966 3682 1016 3706 ης.

1031 3647 1046 3677 ζ
1060 3655 1072 3671 r
1086 3646 1100 3674 )
1117 3645 1142 3669 in
1158 3643 1280 3669 Additam.
1295 3644 1325 3666 ad
1341 3644 1446 3667 Exercit.
1461 3643 1491 3667 de
1506 3644 1617 3667 Generat.
1635 3641 1675 3665 ubi
1692 3640 1720 3665 de
1738 3642 1811 3675 Uter„
1823 3642 1925 3666 Humor.

1081 3676 1088 3706 (
1104 3681 1115 3699 t
1130 3677 1142 3704 )
1159 3678 1217 3700 Dec.
1233 3675 1286 3699 ead.
1304 3676 1332 3698 A.
1347 3682 1368 3702 4,
1386 3673 1443 3698 obs.
1462 3675 1499 3702 84.

1560 3672 1574 3701 (
1589 3681 1604 3697 u
1620 3676 1630 3699 λ
1647 3673 1698 3697 Ast.
1719 3674 1753 3697 N·
1770 3674 1798 3700 C.
1815 3674 1887 3696 Toni.
1909 3680 1929 3700 3.
1945 3671 2005 3697 Obs.
2021 3673 2060 3702 78.
