2498 4075
351 236 572 306 Epistola
610 240 769 292 Anat.
806 237 1021 291 Medica
1057 237 1204 290 XIII.
1240 234 1359 289 Art.
1397 250 1470 289 12.
1508 250 1580 302 13-
1615 235 1670 287 &
1708 249 1785 298 14.

1949 251 2033 285 131

59 317 145 352 rebri
165 339 174 354 ‚
207 317 252 352 ά·
273 327 409 351 marcore
435 326 603 351 nervorum
625 318 796 358 opticorum
814 341 824 357 ,
855 321 869 357 <
891 317 911 351 h
932 318 946 358 )
969 314 1055 357 Visus
1105 315 1265 360 juvimus.
1292 313 1434 356 Utrique
1446 310 1548 355 gravis
1569 310 1653 345 ictus
1663 309 1779 350 capitis
1802 305 1893 342 causa
1917 306 2020 342 fuerat
2035 319 2102 341 ma-

61 359 209 394 debilt'tas
243 361 275 394 in
309 372 368 395 uno
401 360 489 394 oculo
520 358 559 392 ab
598 361 814 394 extenuatione
845 362 934 394 nervi
965 359 1055 393 illius
1106 362 1213 394 lorum
1235 357 1402 390 omnium:
1429 357 1557 399 utrique
1579 353 1682 396 postea
1701 374 1711 389 ‚
1736 363 1790 384 nec
1814 350 1884 401 post
1906 351 2001 384 breve
2024 359 2105 401 tem-

62 402 191 444 νῖΥονίἰ,
216 403 234 446 (
252 404 265 436 i
285 407 298 443 )
320 404 411 437 Oculi
432 403 535 436 dextri
556 414 674 436 marcor
694 404 737 436 &
760 405 937 437 extenuatio
960 402 998 436 ab
1019 413 1056 435 ce·
1106 402 1195 446 poris
1218 399 1417 433 intervallum
1432 423 1442 438 ‚
1466 407 1593 441 repente
1615 394 1783 445 amaurosis
1805 393 1966 437 utnusque
1989 394 2073 428 oculi
2087 418 2110 451 ‚³

61 453 129 479 tate
150 446 297 484 ineunte,
320 446 356 479 cb
377 454 506 479 nervum
528 445 672 481 dextrum
694 445 985 490 tenuioremfimstro
1008 445 1055 479 ul·
1106 456 1182 479 cum
1194 442 1473 485 Byzantiiefffflt,
1498 440 1672 475 acciderat:
1699 447 1826 481 utrique
1836 437 1964 472 demum
1976 461 1988 478 ,
2008 448 2109 479 cum,

64 496 115 521 tra
137 488 399 528 conjunctionem
420 486 504 530 quasi
528 488 561 519 in
586 490 626 523 iis
649 500 718 531 quae
742 490 849 529 primo
868 513 881 530 ,
905 492 935 522 &
960 489 1058 520 tertio

62 532 136 565 loco
159 542 338 565 memoratae
363 531 453 569 sunt,
479 531 559 563 ultra
581 532 842 574 conjunctionem
866 542 928 565 non
952 529 1059 565 fuisset

63 576 271 616 extenuatio,
295 584 330 609 ut
351 583 434 606 certe
456 573 542 614 fuit,·
565 574 634 608 sunt
656 576 742 609 enim
763 575 826 608 illae
849 574 966 609 eaedem
984 585 1062 617 quas

64 617 154 660 supra
178 621 191 657 (
213 618 231 659 Ις
250 622 265 660 )
288 630 324 651 ex
347 616 513 651 Rolfincio
535 640 547 656 ,
569 621 601 651 &
623 618 806 659 Caesalpino
830 618 1025 653 laudavimus
1049 640 1059 656 ,

62 660 105 694 ad
127 673 263 703 quorum
288 659 483 703 propositum
497 684 506 699 ‚
528 661 621 695 aliter
640 661 663 695 fi
689 659 794 695 fuisset
817 664 830 701 (
852 661 864 694 l
885 666 898 701 )
923 685 935 701 ,
958 661 1061 693 neuti-

62 715 157 746 quam
181 703 327 746 profeelo
349 702 564 738 attinuiss‘ent.
590 704 648 738 Sed
673 707 704 737 &
726 704 914 738 illumoculi
939 715 1060 737 marco-

63 758 130 780 rem
152 749 224 790 quis
246 759 303 789 pro
325 757 413 780 certo
425 747 560 781 affirmat
585 748 622 782 ab
636 748 721 780 nervi
745 749 969 783 extenuatione
980 746 1061 782 fuis-

64 789 93 823 se
117 789 343 834 repetendump
368 791 596 827 Bartiiolinus.
622 793 668 824 At
692 790 836 823 Vesalius
852 817 860 830 ,
883 790 972 832 cujus
993 800 1062 821 ver.

64 834 127 874 ba3
151 833 236 876 quasi
261 835 390 869 alteram
419 835 578 877 quandam
601 833 721 869 Vesalii
745 834 1013 867 Observationem
1034 834 1061 865 is

66 876 237 915 retulissem
262 889 338 912 mox
359 877 494 910 seorsum
517 880 530 915 (
551 888 582 910 m
603 881 639 920 )„
663 888 719 911 nec
743 878 851 910 omnia
863 886 967 910 tamen
991 888 1061 918 quae

65 919 105 956 ad
128 921 216 954 illam
239 922 398 959 attinent,
422 919 656 962 subjiciuntur,
677 919 760 953 nihil
776 919 949 964 ejusmodi.
976 920 1067 955 Quin

65 963 286 1005 Caesalpinus‚
309 967 342 998 &
365 963 543 998 Rollincius
566 975 738 998 marcorem
761 963 847 997 oculi
882 975 918 995 ne
942 973 1067 995 memo-

65 1016 137 1040 rant
159 1009 309 1049 quidem.
333 1007 409 1041 Huc
431 1006 511 1040 adde
534 1018 599 1040 non
621 1006 767 1040 diflimile
789 1004 943 1040 Rolfincii
976 1009 989 1044 (
1012 1016 1030 1037 n
1053 1008 1066 1046 )

66 1049 229 1085 silentium
252 1052 285 1083 in
309 1050 371 1083 alia
393 1048 529 1085 foemina
552 1073 564 1089 ,
598 1051 652 1084 cui
675 1051 782 1084 dexter
802 1059 915 1082 nervus
946 1049 1066 1090 opticus

67 1092 138 1127 tabe
152 1091 264 1137 fuerat
286 1092 505 1135 consumptus,
529 1102 564 1126 ut
588 1093 654 1136 ejus
678 1094 796 1127 tunicae
827 1091 1033 1125 coalescerent
1054 1114 1066 1130 ,

64 1137 109 1170 ἵν
131 1137 163 1169 in
185 1136 239 1170 illo
262 1136 348 1170 oculo
371 1138 466 1169 etiam
490 1144 557 1170 erat
588 1136 676 1180 visus
698 1135 827 1169 abolitio
847 1159 859 1177 ,
890 1146 985 1178 quam
1008 1134 1067 1168 ob·

67 1177 279 1213 servationem
303 1181 426 1212 Patavii
452 1179 602 1213 habuerat
621 1204 629 1211 .
656 1182 728 1213 Imo
751 1178 828 1212 adde
849 1190 945 1222 quam
968 1179 1066 1211 tertio

67 1223 143 1256 loco
166 1224 263 1265 paulo
288 1232 358 1255 ante
383 1234 421 1255 ex
447 1222 654 1266 Sepulchreto
676 1223 887 1256 indicavimus
905 1246 919 1263 ,
943 1221 1066 1254 Patavii

66 1276 194 1309 quoque
218 1266 361 1300 habitam
384 1265 422 1299 ab
445 1267 586 1300 Sculteto
607 1288 617 1303 ‚
640 1268 673 1300 &
695 1268 729 1300 in
751 1266 881 1301 muliere
901 1292 907 1298 .
942 1265 1067 1299 Diserte

67 1310 153 1342 enim
178 1309 259 1344 mihi
286 1309 413 1343 videtur
446 1320 557 1352 negare
579 1309 751 1343 oculorum
784 1310 1037 1343 extenuationem
1061 1332 1069 1342 .

66 1353 199 1393 Nervis
221 1354 358 1396 opticis,
381 1353 512 1395 inquit,
528 1351 639 1396 sensim
663 1351 920 1396 marcescentibus
941 1354 955 1392 (
978 1361 1071 1400 appa-

69 1394 180 1430 rebant
202 1398 284 1431 enim
308 1396 358 1429 bic
378 1395 471 1437 duplo
494 1397 626 1431 minores
649 1406 741 1437 quam
763 1397 795 1430 in
818 1394 891 1429 aliis
912 1404 1071 1435 reperiun-

67 1447 121 1473 tur
142 1441 156 1478 >
179 1439 390 1481 Amaurosis,
405 1439 461 1484 scu
484 1444 583 1473 Gutta
606 1441 739 1478 Serena,
762 1438 863 1481 illaefis
885 1438 1016 1479 undique
1040 1448 1071 1471 o-

70 1481 154 1516 culis
177 1482 302 1516 inaucta
319 1480 391 1524 suit
406 1495 416 1514 .·
438 1481 510 1516 bene
533 1482 614 1516 enim
636 1479 734 1515 adhuc
753 1480 993 1518 nutriebantur,
1018 1490 1071 1513 ve-

70 1524 144 1561 nis,
166 1527 209 1558 &
233 1526 362 1561 arteriis
386 1526 445 1559 rite
469 1523 643 1564 constitutis
663 1548 672 1558 .
696 1526 742 1558 Et
764 1535 820 1557 nos
844 1525 963 1566 pariter
985 1526 1000 1562 (
1021 1535 1036 1555 o
1057 1526 1072 1564 )

69 1568 104 1601 in
126 1578 204 1601 cane
227 1569 260 1600 in
283 1579 351 1610 quo
373 1568 451 1601 alter
474 1578 584 1602 nervus
615 1575 681 1599 erat
703 1567 856 1610 gracilior
877 1592 885 1606 ,
917 1577 1035 1600 caecum
1059 1589 1072 1606 ‚

67 1611 126 1653 qui
150 1609 359 1654 respondebat
375 1637 383 1650 ‚
405 1611 536 1644 oculum
560 1609 699 1644 vidimus
721 1610 861 1644 naturali
880 1610 1071 1653 magnitudi-

67 1665 129 1694 ne,
150 1655 192 1687 (9‘
213 1652 409 1695 plenitudine
427 1654 596 1695 practicam
623 1679 632 1693 ‚
664 1654 792 1695 qualem
815 1655 847 1686 in
880 1652 1069 1687 hominibus

66 1708 197 1739 quoque
218 1695 406 1736 Amaur0fi‚
429 1706 464 1729 ut
488 1696 635 1736 videtur,
658 1694 778 1732 affectis
796 1696 1017 1737 CheseldenO,
1041 1699 1073 1729 &

69 1740 241 1772 Santorino
264 1738 452 1776 occurrisse,
477 1741 573 1782 paulo
597 1748 667 1772 ante
687 1744 742 1782 (p
763 1744 778 1782 )
800 1740 976 1774 indicatum
998 1738 1040 1772 est
1063 1763 1071 1771 .

68 1780 185 1822 Quid?
206 1780 296 1825 quod
319 1782 501 1817 Rolfincius
522 1786 536 1824 (
559 1794 578 1825 q
599 1787 613 1823 )
638 1792 673 1817 ut
697 1782 862 1823 ostendat,
885 1784 924 1818 ab
939 1784 1072 1825 Opticis

66 1827 171 1860 nervis
196 1827 327 1859 minime
349 1826 461 1860 oculos
473 1826 613 1865 nutriri5
637 1825 708 1865 his,
734 1828 866 1870 inquit,
890 1826 1072 1866 obsz‘rutiis,

67 1869 146 1902 unde
179 1868 260 1903 oculi
283 1870 421 1902 nutritio
443 1874 454 1902 ?
486 1870 632 1903 Videmus
654 1878 758 1905 autem
788 1871 821 1903 in
840 1877 936 1913 gutta
963 1869 1072 1911 serena

67 1912 198 1946 auctum
218 1914 328 1954 potius
352 1912 493 1951 oculum,
518 1923 609 1955 quam
619 1913 840 1947 imminutum.
869 1913 953 1951 Quae
964 1914 1073 1945 omnia

67 1966 144 1989 cum
169 1954 391 1997 perpendet-353
413 1957 519 1989 minus
541 1956 621 1989 Abr.
635 1957 759 1990 Vatero
785 1959 798 1996 (
821 1969 836 1989 r
857 1960 870 1997 )
895 1955 1073 1989 adversabe-

66 2001 111 2032 ris
134 1999 367 2036 contendenti,
390 2000 537 2042 quamvis
561 2010 599 2032 ex
623 2010 684 2033 una
708 1999 876 2034 dumtaxat
899 1997 1074 2033 Cheselde-

66 2043 101 2075 ni
124 2041 366 2082 observatione,
388 2040 582 2085 manifestum
606 2040 661 2086 effe
682 2067 694 2083 ,
727 2043 903 2085 atrophiam
927 2041 1010 2076 oculi
1041 2044 1074 2075 in

70 2086 176 2118 altero
199 2084 314 2127 Vesalii
338 2085 497 2128 exemplo,
520 2096 578 2118 non
600 2099 619 2118 a
641 2087 731 2119 nervi
741 2088 839 2129 optici
931 2084 1073 2120 contabe-

61 2128 185 2172 scentia
209 2151 218 2165 ,
237 2127 294 2172 sed
316 2138 353 2162 ex
375 2127 439 2161 alia
461 2127 552 2170 causa
572 2152 582 2167 ,
618 2130 765 2171 originem
789 2128 914 2173 traxisse
938 2156 943 2160 .
980 2129 1074 2169 Qin

67 2171 166 2214 siquis
191 2171 277 2204 dicat
291 2194 302 2209 ,
325 2182 363 2204 ne
377 2172 555 2205 caecitatem
568 2172 701 2215 quidem
719 2193 728 2208 ‚
751 2183 825 2204 cum
849 2173 1074 2204 extenuatione

67 2214 133 2257 ejus
158 2216 244 2249 nervi
268 2214 492 2256 conjunctam,
516 2214 620 2248 abhac
644 2214 763 2256 semper
773 2215 829 2247 effe
852 2214 1074 2258 repetendam3

67 2256 118 2293 sed
142 2257 306 2291 interdum
338 2258 438 2291 *otius
462 2258 542 2290 hanc
564 2258 617 2290 illi
642 2256 802 2291 succedere
826 2259 874 2290 vel
896 2258 971 2301 quia
995 2258 1077 2290 aluo

67 2301 124 2335 diu
147 2299 262 2334 cessans
285 2313 305 2333 o
341 2301 395 2333 cio
418 2302 445 2332 is
469 2312 600 2341 nervus,
626 2309 659 2333 ut
682 2301 773 2343 plerae
799 2312 835 2333 ue
859 2301 928 2334 aliae
952 2311 1078 2343 partes,

67 2343 300 2384 contabescat,
322 2344 372 2376 vel
397 2344 471 2385 quia
495 2355 533 2377 ex
555 2352 782 2385 corruptoocu
796 2355 818 2375 o
843 2345 946 2386 pravis
957 2343 1076 2377 humo-

70 2386 163 2421 ribus
181 2412 191 2427 ,
213 2397 267 2429 per
289 2385 433 2424 vascula,
459 2397 589 2420 nervum
613 2386 716 2429 ipsum
742 2388 828 2419 intus
851 2397 1001 2430 extraque
1023 2399 1078 2420 co-

68 2431 220 2465 mitantia
244 2428 476 2469 redeuntibus,
499 2429 700 2467 oblaedatur3
725 2430 753 2462 is
766 2430 834 2462 sane
857 2429 991 2463 refutari
1012 2441 1077 2464 non

69 2475 194 2518 poterit
211 2499 218 2506 .
245 2474 334 2506 Nam
359 2473 529 2515 quomodo
552 2482 606 2506 aut
630 2472 721 2506 fimul
746 2483 818 2506 cum
850 2475 938 2507 oculi
962 2485 1074 2508 corru-

70 2519 183 2561 ptione
207 2528 276 2561 quae
300 2515 338 2548 ab
360 2517 497 2549 externis
520 2515 617 2550 caulis
640 2518 796 2558 inceperit
817 2539 826 2555 ,
859 2516 887 2549 se
913 2519 998 2550 nervi
1023 2530 1077 2551 ex-

68 2562 213 2595 tenuatio
236 2560 329 2593 aliter
350 2558 527 2604 conjungat
549 2582 557 2596 ,
594 2569 646 2593 aut
670 2559 737 2593 hoec
760 2561 792 2592 in
817 2558 1012 2594 adolescente
1036 2563 1076 2594 il-

68 2604 104 2637 lo
126 2602 168 2637 sic
193 2602 268 2637 latis
293 2601 388 2637 fuerit
413 2615 429 2634 a
452 2602 584 2636 Vesalio
615 2604 697 2645 (s)
731 2602 948 2638 animadversa
978 2627 988 2643 ‚
1023 2605 1074 2639 cui

69 2649 200 2681 oculum
238 2656 310 2679 ante
333 2657 450 2680 annum
471 2655 591 2680 eruerat
615 2645 785 2680 carnifex?
809 2647 897 2681 Illud
921 2658 1074 2691 praetereo

67 2691 155 2734 quod
178 2690 254 2724 alias
276 2693 290 2731 <
312 2696 326 2722 t
347 2694 360 2731 )
384 2689 619 2723 Observatione
641 2690 765 2732 duplici
788 2689 971 2733 ostendam,
995 2703 1074 2725 non-

69 2745 231 2778 nunquam
255 2734 417 2767 extenuari
441 2744 570 2766 nervum
594 2735 756 2777 Opticum
776 2758 788 2775 ,
811 2745 867 2767 nec
889 2735 1077 2777 responden-

68 2787 135 2811 tem
158 2777 316 2815 oculum3
340 2775 428 2819 quod
452 2777 604 2818 mireris;
638 2788 757 2811 caecum
782 2776 850 2810 fieri
872 2802 879 2809 .
915 2780 1002 2821 Saepe
1026 2788 1075 2811 ta-

70 2832 140 2855 men
164 2822 230 2862 ipla
263 2821 350 2852 nervi
373 2821 558 2855 extenuatio
578 2844 590 2860 ,
622 2830 676 2854 aut
699 2820 780 2855 illud
813 2822 923 2863 potius
954 2824 1074 2855 vitium

70 2865 158 2898 nervi
171 2863 257 2906 quod
281 2865 465 2897 extenuatio
478 2863 684 2906 consequitur
697 2887 706 2903 ,
729 2866 884 2899 caecitatis
906 2865 995 2899 causa
1007 2864 1050 2899 est
1062 2888 1072 2904 ,

70 2917 107 2958 ut
144 2908 181 2983 ἔτι
203 2906 373 2942 Amaurofi
397 2931 409 2949 ‚
444 2906 483 2941 de
505 2918 567 2951 qua
603 2918 700 2950 pauca
733 2907 846 2942 restant
879 2908 944 2942 huc
974 2908 1072 2951 subji-

69 2961 140 2985 cien
166 2962 201 2983 a.
308 2960 311 2964 ¹

118 3004 166 3027 12.
190 2994 300 3036 Atque
331 3002 368 3027 ut
391 2993 471 3028 illud
504 2994 694 3029 omittamus
718 3020 728 3036 ,
764 2995 849 3039 sequi
884 2996 1071 3031 amaurofim

72 3048 147 3071 cum
173 3037 291 3078 Optici
315 3039 400 3070 nervi
423 3047 698 3080 corrumpuntur5
722 3049 795 3072 nam
818 3042 851 3073 δε
874 3050 928 3081 per
951 3039 980 3073 se
1005 3051 1070 3074 ma-

71 3079 221 3115 nifestum
244 3079 307 3118 est,
330 3083 363 3113 δε
382 3091 454 3114 cum
479 3081 550 3116 aliis
572 3082 605 3114 in
629 3082 837 3124 Sepulchreto
860 3082 1071 3117 Observatio-

70 3125 165 3158 nibus
187 3127 201 3162 (
223 3133 242 3157 u
260 3124 303 3167 ),
327 3133 397 3156 tum
422 3125 597 3166 praesertim
618 3125 745 3158 XXIII.
760 3124 991 3161 confirmatur.-
1014 3137 1068 3161 aut

69 3178 144 3201 curn
165 3167 216 3200 illi
236 3191 249 3208 ,
282 3178 428 3200 eorumve
452 3168 605 3201 Thalami
639 3170 725 3211 puris
747 3170 924 3203 acrimonia
947 3172 1067 3213 percel-

71 3212 182 3244 luntur
202 3235 211 3250 ‚
235 3209 324 3253 quod
347 3211 504 3243 Brunneri
526 3215 540 3251 (
561 3211 616 3252 x)
640 3234 652 3251 ‚
683 3214 716 3245 ἃ
740 3213 856 3246 Laubii
880 3217 933 3256 (y
957 3217 971 3254 )
995 3215 1068 3248 Ob-

69 3254 260 3287 servationes
281 3252 528 3286 commonstrant
545 3266 559 3296 ;
579 3255 748 3290 amaurofis
770 3259 866 3290 etiam
890 3257 1031 3300 sequitur
1056 3280 1065 3295 ‚

69 3309 144 3331 cum
167 3307 221 3331 aut
245 3298 333 3331 nervi
355 3294 413 3340 ipfi
436 3295 651 3331 distrahuntur
665 3322 674 3336 ,
701 3309 755 3333 aut
776 3301 897 3334 cerebri
921 3301 1066 3343 quaedam

69 3350 171 3384 partes
194 3352 263 3383 quae
297 3339 369 3383 ipfis
394 3338 588 3375 subserviunt
609 3363 619 3379 ‚
656 3342 857 3377 vehementer
880 3345 1072 3382 concutiun-

69 3393 123 3418 tur
148 3407 156 3415 .
198 3382 299 3426 Qod
323 3383 446 3418 factum
478 3394 542 3416 non
568 3383 750 3423 dubitamus
774 3389 807 3422 in
841 3387 964 3422 duobus
988 3400 1068 3430 quos

67 3427 125 3471 ipfi
147 3426 286 3462 vidimus
301 3451 315 3470 ,
332 3429 364 3461 δι’
386 3424 520 3460 confilio
542 3449 555 3467 ,
586 3438 650 3470 quo
671 3430 709 3463 ad
734 3429 800 3473 ejus
822 3430 890 3465 fieri
922 3433 1033 3475 potuit
1054 3457 1069 3475 ,

1109 498 1252 530 tempore
1275 484 1463 528 interjecto,
1486 487 1520 518 in
1545 485 1682 517 Patriam
1705 481 1784 515 alter
1807 481 1998 531 Bergomum
2025 503 2035 518 ‚
2059 481 2110 532 ald

1111 543 1159 566 ter
1190 530 1394 563 Licinianum
1417 526 1594 563 seceffiffent
1615 550 1628 568 ‚
1659 527 1737 558 vitae
1768 523 1862 557 finem
1897 524 2010 558 attulit
2034 547 2043 561 ,
2075 535 2086 556 ι

1111 573 1202 622 quod
1218 574 1304 606 dieta
1314 570 1483 605 confirmat
1496 596 1507 612 ,
1531 570 1697 613 apoplexia
1712 592 1720 600 .
1745 567 1837 600 Alter
1852 568 1877 600 is
1902 569 2008 610 Eques
2021 566 2108 624 fuit:

1111 629 1201 661 cujus
1226 617 1264 649 ab
1297 626 1357 648 una
1379 615 1548 657 eademque
1581 610 1713 656 paralysi
1736 611 1770 643 in
1803 609 1931 644 diverfis
1953 610 2072 643 dexteri
2098 632 2108 662 i

1112 661 1286 702 finisti-ique
1310 659 1397 691 oculi
1429 658 1577 691 musculis
1600 654 1731 690 effeetus
1762 653 1927 702 oppositos
1949 655 2111 703 explicav—

1109 710 1122 745 (
1144 718 1168 748 z
1191 708 1224 744 ),
1245 706 1355 736 AEneas
1379 701 1515 735 Suardus
1537 701 1678 738 Comes,
1700 698 1794 746 Alter
1804 696 1957 746 Medicus
1975 697 2091 730 Dostis

1111 748 1229 784 limus,
1252 757 1345 788 quern
1368 744 1430 778 tibi
1441 745 1517 779 alias
1541 748 1557 784 c
1577 755 1595 777 a
1616 747 1630 785 )
1653 740 1801 779 laudavi,
1824 742 2007 775 Francucus
2028 742 2109 783 Spo·

1112 793 1192 825 letus
1215 793 1228 830 (
1250 789 1269 823 b
1293 792 1324 829 ).

1160 845 1206 876 ¹3·
1231 834 1348 866 Praeter
1370 843 1419 865 eas
1431 843 1506 875 quas
1518 830 1668 864 haetenus
1679 827 1968 868 consideravimus,
1991 826 2114 876 Aman-

1119 877 1198 911 rolis
1218 875 1347 915 causas,
1371 876 1437 908 noli
1462 874 1648 917 expediare,
1672 880 1707 906 ut
1731 882 1799 904 eam
1821 882 1950 915 quoque
1974 868 2028 903 hic
2044 880 2114 919 per-

1119 919 1290 963 pendamus
1312 930 1381 961 quae
1406 920 1500 951 XVI.
1525 916 1764 951 Observatione
1791 914 1948 948 §aetionis
1962 912 2056 963 liujus
2080 924 2113 945 in
2152 940 2159 948 .

1119 961 1327 1006 Sepulchreto
1360 961 1519 1004 propofita
1554 959 1596 992 est
1619 972 1656 992 ex
1688 956 1853 992 Rolfincio
1872 982 1881 991 .
1914 957 2006 995 A-libi
2030 958 2043 995 (
2065 967 2080 990 c
2103 960 2114 995 )
2134 956 2283 987 ‘'w-ww»

1115 1006 1193 1049 quid
1217 1005 1282 1047 ipse
1306 1004 1410 1047 postea
1432 1004 1469 1037 de
1492 1005 1542 1037 sua
1567 1004 1622 1035 illa
1646 1001 1901 1040 Observatione,
1923 999 2000 1042 quid
2026 999 2082 1032 alii
2103 1021 2118 1039 ,

1117 1049 1195 1093 quid
1219 1059 1276 1082 nos
1300 1048 1534 1084 censuerimus,
1560 1046 1737 1080 indicatum
1759 1045 1802 1079 est
1825 1067 1835 1082 ,
1869 1054 1941 1076 curn
1965 1042 2117 1076 videlicet

1117 1093 1237 1126 nostras
1259 1099 1399 1128 vetere55
1425 1093 1539 1123 nam&
1565 1099 1676 1121 novam
1699 1088 1838 1129 aliquam
1849 1085 2004 1134 habemus
2027 1086 2117 1124 (ὣς

1116 1135 1260 1171 dissoluti
1285 1136 1319 1167 in
1343 1145 1455 1175 aquam
1480 1133 1602 1166 inventi
1625 1130 1814 1172 Crystallini
1835 1153 1847 1170 ,
1870 1133 1902 1161 &
1926 1127 2119 1172 Vitreinbu-

1116 1180 1216 1214 moris
1239 1189 1303 1210 non
1337 1178 1522 1210 reticuimus
1544 1200 1551 1206 .
1589 1175 1752 1210 Caeterum
1774 1182 1970 1216 quaecunque
1992 1171 2132 1219 tandem-

1116 1235 1197 1257 verae
1220 1218 1391 1255 amaurosis
1412 1220 1502 1254 causa
1526 1218 1564 1253 sit
1587 1241 1595 1255 ,
1633 1228 1708 1250 curn
1732 1218 1765 1250 in
1800 1215 1857 1250 hac
1882 1214 1993 1249 debeat
2017 1215 2122 1257 inlpe-

1119 1265 1282 1301 crantibus
1308 1264 1391 1296 reete
1413 1263 1606 1297 constitutus
1629 1260 1741 1295 oculus
1765 1269 1912 1303 apparere
1938 1282 1950 1299 ,
1981 1268 2122 1307 quapro-

1121 1320 1191 1353 pter
1213 1308 1254 1341 ab
1277 1308 1370 1343 aliis,
1395 1317 1431 1340 ut
1454 1306 1660 1344 dicebamus,
1682 1304 1788 1340 Gutta
1803 1305 1939 1342 Serena,
1961 1301 2001 1334 ab
2025 1301 2123 1351 aliis,

1121 1363 1156 1389 ut
1180 1364 1197 1385 a
1219 1351 1383 1385 Rolfincio
1406 1352 1440 1383 in
1463 1362 1496 1383 ea
1521 1348 1756 1382 Observatione
1776 1371 1789 1387 ,
1821 1346 1992 1380 Cataracta
2016 1345 2124 1386 Nigra

1122 1397 1283 1429 vocitatur
1304 1408 1312 1431 ;
1345 1395 1483 1427 maxime
1503 1401 1724 1436 opportunum
1760 1390 1802 1423 est
1824 1391 1864 1423 iis
1887 1390 1943 1433 qui
1967 1389 2061 1421 certis
2082 1386 2125 1437 'de

1124 1438 1220 1473 causis
1244 1436 1407 1472 interdum
1428 1436 1543 1471 audent
1567 1433 1716 1469 morbum
1738 1434 1883 1468 simulare
1898 1458 1906 1472 ,
1932 1431 1993 1465 hoc
2018 1431 2122 1474 potii-

1123 1481 1238 1517 fimum
1269 1491 1436 1524 correptos
1459 1480 1486 1514 se
1511 1478 1626 1521 fingere
1649 1500 1662 1517 ,
1694 1480 1727 1511 &
1752 1475 1889 1511 Medicis
1922 1477 2027 1524 etiam.
2043 1497 2055 1514 ‚
2086 1481 2126 1507 ut

1122 1536 1347 1568 nonnunquam
1370 1524 1461 1563 vidi,
1484 1523 1591 1564 magni
1615 1524 1648 1554 in
1672 1521 1785 1562 vulgus
1808 1521 1951 1553 nominis
1972 1542 1985 1558 ,
2018 1527 2126 1559 impo-

1123 1580 1213 1602 nere.
1236 1569 1388 1602 Attamen
1411 1567 1465 1601 ubi
1490 1564 1611 1600 fraudis
1636 1563 1774 1605 suspicio
1798 1563 1840 1597 est
1859 1586 1872 1603 ,
1904 1573 2001 1596 nemo
2023 1559 2127 1609 potest

1120 1612 1252 1654 decipi,
1277 1609 1335 1644 nili
1358 1611 1415 1654 qui
1438 1609 1522 1644 forte
1546 1617 1708 1650 nunquam
1731 1618 1806 1640 cum
1818 1606 1925 1640 Plinio
1947 1608 1961 1646 (
1982 1615 1997 1639 e
2019 1608 2128 1654 ).an1-

1121 1655 1350 1695 madverterit,
1373 1664 1469 1696 quam
1492 1653 1553 1686 rari
1576 1650 1636 1684 sint
1658 1651 1715 1695 qui
1739 1658 1845 1683 contra
1860 1649 2130 1696 comminationem

1122 1699 1261 1741 aliquam
1284 1708 1342 1731 non
1365 1698 1569 1732 conniveant,
1595 1702 1773 1736 quantaeque
1794 1692 1849 1726 hoc
1872 1691 2070 1736 difficultatis
2086 1690 2131 1732 fit

1122 1741 1258 1775 homini.
1286 1741 1377 1781 Qin
1401 1739 1483 1773 mihi
1507 1741 1540 1772 in
1564 1737 1742 1772 illiusmodi
1768 1734 1949 1770 simulatore
1979 1745 2052 1768 curn
2076 1733 2130 1767 su-

1123 1784 1298 1826 spicionem
1323 1793 1471 1821 auderent
1496 1781 1625 1823 pupillae
1651 1791 1705 1813 nec
1730 1779 1898 1819 dilatam,
1930 1790 1986 1812 nec
2011 1779 2131 1811 immo-

1124 1837 1184 1867 tae,
1208 1829 1341 1860 memini
1364 1823 1440 1860 satis
1465 1825 1553 1859 fuisse
1576 1823 1717 1865 digitos,
1741 1823 1827 1866 quali
1852 1834 1904 1868 per
1927 1821 2054 1856 causam
2079 1820 2133 1853 di·-

1124 1872 1276 1914 ligentius
1290 1871 1419 1904 oculum
1432 1867 1642 1908 observandi,
1666 1868 1761 1900 tacite
1778 1866 1814 1900 ad
1839 1867 2003 1910 palpebras
2016 1864 2134 1899 admo-

1124 1925 1216 1954 vere3
1241 1914 1295 1948 has
1320 1915 1427 1950 enim,
1451 1922 1623 1954 antequam
1646 1920 1831 1953 tangerem,
1854 1912 1965 1953 planus
1979 1910 2035 1943 ille
2051 1918 2134 1942 con-

1124 1960 1218 1992 tinuo
1241 1956 1400 1997 occlusit,
1423 1956 1572 1999 suamque
1598 1964 1642 1987 ita
1666 1953 1810 1987 fraudem
1836 1956 1958 1988 invitus
1984 1953 2134 1996 aperuit.

1126 2002 1234 2043 Qam
1267 2000 1394 2034 facilem
1417 1999 1493 2033 adeo
1527 1999 1717 2041 obviamque
1752 2000 1911 2033 rationem
1948 1999 2047 2030 miror
2080 1997 2131 2039 Ῐο.

1124 2045 1220 2086 Bapt.
1246 2045 1436 2078 Silvaticum
1460 2046 1493 2076 in
1529 2044 1677 2085 alioquin
1701 2042 1777 2075 utili
1813 2042 1929 2075 libello
1964 2035 2099 2076 omisisse
2123 2063 2136 2080 ,

1124 2090 1181 2130 qui
1205 2088 1240 2120 de
1263 2088 1304 2120 iis
1327 2088 1382 2129 qui
1403 2086 1545 2121 morbum
1562 2085 1738 2129 simulant,
1760 2085 2014 2128 deprehendendis
2025 2085 2137 2119 inscri-

1124 2131 1236 2170 bitur,
1260 2129 1315 2163 ubi
1338 2126 1586 2172 (f)fimulata
1600 2128 1747 2172 sensuum
1766 2129 1909 2171 privatio
1932 2139 1992 2171 qua
2014 2130 2136 2163 ratione

1123 2174 1214 2217 possit
1237 2174 1360 2217 detegi,
1385 2172 1541 2207 ostendit.
1567 2173 1655 2205 Nam
1679 2173 1791 2207 oculos
1813 2173 1944 2215 quidem
1968 2171 2106 2216 objicere
2123 2194 2134 2211 ,

1127 2216 1215 2259 quod
1238 2217 1302 2258 ipse
1325 2217 1450 2251 videtur
1474 2216 1635 2254 indicare,
1659 2216 1807 2249 maximis
1823 2215 2062 2258 splendoribus,
2086 2215 2137 2249 ob

1127 2259 1163 2292 id
1186 2259 1292 2303 ipsum
1314 2260 1528 2302 periculosum
1552 2258 1593 2292 est
1617 2260 1871 2300 experimentum
1893 2283 1907 2300 ,
1935 2259 2025 2303 quod
2048 2261 2101 2295 his
2126 2282 2140 2299 ,

1129 2304 1175 2335 ait
1190 2326 1206 2343 .,
1240 2302 1341 2337 visum
1363 2313 1422 2336 non
1445 2300 1583 2344 infestari
1605 2303 1691 2336 modo
1709 2325 1718 2340 ‚
1750 2302 1805 2345 sed
1825 2304 1922 2336 etiam
1945 2302 2103 2346 corrumpi
2126 2331 2138 2340 .

1128 2348 1203 2388 Ego
1225 2357 1300 2379 vero
1323 2346 1430 2379 eadem
1455 2347 1509 2379 illa
1545 2347 1668 2379 ratione
1689 2344 1924 2388 deprehendisse
1949 2356 2097 2388 praeterea
2124 2373 2137 2391 ‚

1129 2391 1290 2430 memini,
1314 2389 1470 2433 quendam
1495 2388 1600 2422 nescio
1622 2400 1700 2433 quas
1723 2389 1903 2423 accessiones
1926 2388 2101 2433 fingentem
2124 2416 2135 2432 ‚

1129 2435 1165 2465 in
1188 2433 1303 2476 quibus
1326 2435 1416 2467 omni
1442 2444 1515 2466 cum
1539 2432 1687 2465 movendi
1709 2456 1721 2472 ‚
1757 2442 1826 2466 tum
1852 2432 2009 2467 sentiendi
2036 2436 2139 2471 facul-

1129 2485 1194 2509 tate
1217 2475 1246 2509 se
1270 2477 1433 2518 privatum
1457 2474 1633 2509 necessariis
1658 2475 1787 2518 postea,
1813 2475 2010 2520 Medicisque
2033 2491 2138 2514 narra-

1128 2520 1182 2552 bat
1197 2544 1205 2557 ‚
1230 2522 1262 2552 Sc
1286 2519 1392 2561 aspera
1415 2520 1569 2553 nonnulla
1594 2519 1632 2553 ad
1657 2518 1761 2560 ipsum
1779 2520 1986 2555 excitandum
2010 2525 2134 2558 auxilia

1128 2562 1377 2605 pertinaciffimo
1398 2572 1476 2596 tunc
1500 2562 1627 2597 filentio
1652 2561 1806 2597 ferentem
1827 2588 1833 2595 .
1867 2566 1954 2599 Cum
1979 2569 2065 2601 enim
2100 2569 2135 2603 in

1128 2618 1189 2640 una
1211 2617 1250 2638 ex
1272 2605 1334 2640 suis
1357 2606 1423 2640 illis
1447 2606 1667 2640 acceffionibus
1689 2616 1814 2649 apertos
1837 2608 1950 2642 oculos
1974 2608 2064 2645 forte
2076 2613 2137 2647 ser-

1125 2659 1306 2692 varet,ego
1334 2661 1439 2684 autem
1449 2651 1499 2684 his
1523 2649 1871 2692 digitosintentarem3
1897 2652 2011 2695 illico,
2034 2658 2136 2699 prius.

1126 2705 1224 2736 quam
1248 2694 1463 2737 attingerem,
1486 2693 1639 2727 metando
1661 2718 1674 2734 ,
1708 2697 1739 2727 &
1774 2694 1879 2728 videre
1902 2695 1931 2729 se
1948 2720 1961 2738 ,
1996 2702 2027 2732 δε
2064 2709 2136 2735 mo-

1127 2748 1198 2813 }iere
1237 2736 1321 2779 poffe
1345 2737 1508 2781 palpebras
1532 2759 1543 2775 ‚
1575 2736 1729 2772 omnibus
1760 2739 1818 2781 qui
1849 2739 1980 2774 aderant
2002 2764 2014 2781 ,
2045 2748 2135 2787 pate.

1145 2790 1207 2814 ecit
1221 2804 1229 2813 .

1173 2835 1222 2868 14.
1248 2825 1399 2867 Longum
1423 2824 1460 2858 de
1485 2824 1656 2859 Amaurofi
1680 2824 1856 2860 sermonem
1878 2826 1997 2867 habui,
2022 2830 2082 2865 sive
2092 2831 2134 2866 de

1123 2869 1294 2901 Cataracta
1318 2868 1424 2909 Nigra
1438 2893 1445 2899 .
1471 2869 1570 2902 Nunc
1594 2868 1693 2911 paulo
1716 2869 1894 2905 breviorem
1916 2871 1955 2905 de
1978 2872 2132 2909 Suffusio..

1126 2922 1189 2952 ne,
1210 2910 1271 2944 five
1294 2911 1333 2945 de
1366 2923 1400 2944 ea
1425 2912 1596 2945 Cataracta
1616 2934 1628 2951 ,
1661 2923 1730 2954 quae
1752 2912 1799 2955 ob
1833 2915 1965 2957 pupillae
1989 2917 2023 2950 in
2063 2918 2132 2962 ipsa

1125 2955 1269 2988 colorem
1303 2955 1401 2997 longe
1421 2956 1521 2989 alium
1555 2966 1589 2988 ac
1613 2955 1702 2997 niger
1723 2956 1780 2989 ille
1801 2959 1858 3000 qui
1893 2958 1935 2992 est
1959 2959 2132 2997 secundum

1125 3008 1270 3032 naturam
1289 3020 1298 3035 ‚
1333 2996 1523 3039 simpliciter
1543 2999 1711 3032 Cataracta
1734 2998 1855 3035 dicitur
1873 3025 1887 3042 ,
1918 3003 2013 3050 paulo
2032 3028 2046 3046 ,
2080 3006 2132 3040 in..

1123 3053 1243 3084 quarn,
1267 3040 1443 3074 breviorem
1465 3041 1590 3075 habebo
1609 3067 1617 3075 .
1642 3042 1733 3076 Nam
1756 3044 1843 3086 quod
1866 3044 1961 3089 hujus
1986 3049 2091 3082 morbi
2116 3074 2130 3091 ,

1122 3085 1268 3127 quamvis
1291 3086 1462 3119 Cataratfta
1487 3086 1641 3128 appellati
1665 3110 1675 3126 ,
1706 3087 1798 3120 causa
1822 3099 1887 3121 non
1923 3088 1962 3123 sit
1985 3102 2125 3135 praeceps

1121 3128 1206 3161 craffi
1230 3127 1375 3161 humoris
1399 3129 1432 3160 in
1458 3129 1612 3167 oculum,
1638 3141 1654 3162 a
1676 3130 1804 3163 cerebro
1827 3133 2001 3174 praesertim
2026 3159 2036 3173 ‚
2069 3136 2128 3169 de-

1120 3172 1247 3211 fluxus,
1270 3171 1540 3213 quemadmodum
1564 3173 1701 3216 Plempii
1724 3174 1826 3209 verbis
1849 3177 1882 3208 in
1908 3176 2120 3218 Sepulchreto

1118 3217 1207 3258 (g)
1231 3216 1439 3249 contenditur
1459 3238 1470 3254 ,
1504 3219 1536 3249 δε
1558 3215 1637 3259 quid
1671 3218 1737 3250 veri
1757 3217 1795 3252 de
1828 3220 2006 3254 Cataractae
2029 3222 2120 3263 sede,

1118 3261 1150 3291 &
1174 3269 1284 3293 natura
1307 3258 1346 3291 sit
1371 3283 1384 3299 ,
1421 3267 1475 3293 aut
1502 3270 1566 3292 non
1601 3257 1640 3292 fit
1663 3271 1737 3294 cum
1760 3263 1795 3294 in
1817 3262 1956 3304 Plempii
1987 3262 2085 3300 dietis
2107 3291 2122 3309 ,

1122 3311 1193 3336 tum
1215 3304 1248 3336 in
1272 3303 1312 3335 iis
1335 3314 1405 3345 quae
1428 3314 1467 3336 ex
1489 3303 1632 3344 pluribus
1654 3305 1687 3336 in
1712 3305 1856 3337 Sefflone
1878 3305 1934 3339 ista
1948 3306 2120 3348 proferun-

1124 3355 1200 3386 tur,
1223 3345 1516 3380 Observationibus
1541 3372 1550 3386 ‚
1576 3347 1650 3380 satis
1673 3359 1710 3379 ex
1733 3347 1870 3381 aliorum
1894 3350 2030 3394 Scriptis
2048 3376 2061 3393 ,
2084 3356 2117 3387 δε

1124 3390 1203 3423 meis
1225 3400 1351 3432 quoque
1374 3392 1387 3428 (
1409 3388 1429 3421 h
1451 3393 1464 3429 )
1488 3389 1628 3432 intelligi
1653 3389 1771 3431 potest.
1798 3391 1859 3424 Sed
1882 3395 1914 3425 &
1937 3403 2024 3428 antea
2056 3397 2122 3439 (i)

1122 3431 1269 3476 quaedam
1301 3430 1425 3466 fuerant
1457 3445 1472 3466 a
1505 3444 1555 3466 me
1585 3432 1725 3467 indicata
1749 3459 1759 3475 ,
1791 3445 1831 3468 ex
1851 3436 1966 3479 quibus
1996 3447 2122 3479 pateret

1983 3492 2083 3525 quan-

66 3562 2127 3593 „amm—mm

129 3643 351 3679 (b)Qbs.¹⁷·
414 3646 630 3677 (i20bss26.
689 3652 765 3682 (k)

127 3675 143 3704 (
156 3683 171 3698 η
186 3674 202 3735 ἶ
217 3676 283 3730 Diae.
298 3675 328 3700 de
343 3678 419 3710 Gutta
435 3679 522 3712 Serena
537 3685 558 3702 c.
574 3687 601 3707 4-
661 3681 675 3710 (
688 3690 702 3706 o
717 3683 732 3712 )
748 3682 822 3712 Epist.
839 3684 913 3706 Anat.
932 3685 969 3708 18.
987 3690 1011 3707 n.
1027 3692 1068 3714 40·

127 3706 173 3794 {2
214 3707 275 3765 {az
288 3707 619 3764 ‘ib'ffdffffiilffldoussd‘ss
637 3710 705 3772 ²³²⁶(
713 3721 736 3742 ⁹·
797 3712 841 3742 ‘s
850 3712 862 3742 '
878 3712 945 3742 “¹¹³'‘
956 3730 966 3742 ’
980 3721 1003 3737 ¹¹·

159 3765 173 3789 b
187 3736 272 3796 ὲνίά.
289 3767 402 3802 Giornale
418 3769 555 3794 de’Letter.
573 3770 598 3794 d'
612 3748 689 3796 iiam
703 3750 737 3797 '1²⁷
752 3743 792 3797 iz.
808 3775 862 3798 Art.
883 3780 918 3803 ¹3·

131 3796 148 3826 ζ
160 3804 171 3831 9
185 3797 201 3825 )
218 3799 306 3822 Naxur.
325 3799 385 3822 Hist.
403 3799 419 3822 Ι.
439 3807 474 3824 ιι.
491 3806 511 3834 q.
530 3808 566 3829 37.
628 3802 642 3831 (
655 3801 672 3831 Ι
687 3802 695 3832 )
712 3811 733 3827 c.
751 3811 788 3829 n.

130 3826 145 3855 ζ
157 3833 166 3849 ¹
182 3827 196 3857 2
212 3828 309 3853 Advers.
327 3831 400 3854 Anat.
419 3833 442 3854 6.
460 3832 573 3856 Anumd.
589 3840 630 3862 75.

786 3659 811 3676 n.
832 3660 857 3681 7.
919 3651 982 3683 (ι)
1004 3651 1061 3677 Vid.
1084 3652 1159 3682 Epist.
1185 3654 1259 3680 Anat.
1286 3656 1324 3678 16.
1352 3661 1376 3678 n.
1400 3661 1438 3684 ¹4·

781 3743 888 3768 Earund.
904 3745 975 3768 Ceut.
992 3752 1016 3772 7.
1033 3743 1091 3769 obt
1112 3752 1151 3773 39·

980 3775 994 3803 (
1009 3782 1021 3798 c
1038 3775 1047 3805 J
1062 3773 1136 3804 Epist.
1153 3777 1229 3800 Anat.»
1249 3779 1282 3801 18.
1300 3785 1323 3800 n¹
1342 3778 1381 3806 38.
1398 3785 1435 3809 39.

850 3804 865 3833 (
878 3812 897 3835 g
913 3806 923 3836 )
937 3805 998 3830 See’c.
1018 3806 1062 3830 hac
1080 3806 1117 3831 18.
1134 3806 1207 3831 Schol
1231 3807 1260 3831 ad
1277 3807 1333 3832 obs.
1351 3815 1391 3833 ιο.

1471 3657 1584 3690 ,(ηι)
1606 3656 1667 3682 obs.
1688 3660 1728 3682 26.
1755 3657 1779 3688 §.
1802 3666 1824 3683 2.

1132 3684 1173 3714 (p
1188 3684 1203 3713 2
1218 3693 1245 3720 ri..
1265 3692 1299 3709 ro.
1360 3685 1401 3716 (q
1417 3687 1431 3715 )
1448 3686 1512 3716 Disp.
1529 3688 1571 3712 eit.
1587 3695 1608 3712 e.
1627 3696 1653 3718 3.-

1119 3714 1135 3744 (
1149 3721 1160 3738 r
1174 3713 1185 3745 )
1201 3716 1274 3744 Epist.
1293 3717 1329 3745 56.
1348 3723 1370 3739 n.
1386 3724 1424 3740 21.
1442 3718 1465 3741 81
1482 3718 1557 3747 Epist.
1572 3721 1610 3747 63-
1629 3727 1654 3743 n.
1671 3719 1694 3742 8.

1213 3748 1227 3775 C
1241 3755 1259 3775 z
1278 3747 1284 3774 j
1300 3745 1372 3775 Epist.
1388 3748 1463 3774 Anat.
1482 3751 1519 3774 ¹8.
1536 3756 1561 3773 n·
1577 3752 1603 3773 6.
1758 3721 1773 3749 (
1787 3728 1803 3744 u
1819 3719 1833 3748 )
1848 3720 1910 3745 SeC't.
1927 3720 1988 3752 hac,
2008 3729 2045 3753 ¹3·
2063 3730 2101 3753 242

1619 3780 1623 3784 Ι
1681 3749 1695 3778 (
1710 3756 1725 3773 a
1740 3748 1754 3778 )
1770 3749 1930 3781 Epist-sum.
1949 3754 1971 3777 8.
1989 3761 2015 3778 n.
2034 3760 2057 3784 ς.

1495 3783 1507 3806 (
1521 3779 1538 3803 d
1553 3783 1563 3806 2
1580 3779 1653 3808 Epist.
1669 3782 1706 3808 ⁶3·
1724 3787 1750 3803 n.
1767 3784 1791 3805 6.

1454 3810 1465 3835 <
1480 3811 1495 3835 h
1511 3811 1524 3839 )
1544 3810 1616 3840 Epist.
1633 3812 1705 3835 Anat.
1724 3812 1760 3836 18.
1777 3813 1799 3835 δι
1816 3819 1855 3840 ¹9.

2258 927 2280 945 ἢ,
