2498 4075
507 291 733 356 Epistola
772 291 932 344 Anat.
966 289 1179 344 Medica
1215 288 1332 342 Vll.
1367 290 1486 343 Art.
1522 304 1597 342 12.

66 363 239 405 postridie,
261 365 409 407 stertens,
432 369 559 412 supinus
582 392 595 409 ‚
626 376 760 410 totoque
792 380 927 411 corpore
959 367 1070 401 sudore

68 406 196 442 madens
215 431 228 448 ,
262 409 303 443 est
337 421 481 446 mortuus
504 437 510 444 .
645 412 917 446 CADAVERIS
950 409 1069 452 facies,

67 449 212 489 humeri,
238 454 270 484 δε
293 452 421 488 brachia
444 466 507 488 non
531 454 615 488 secus
638 462 731 496 atque
754 455 787 486 in
811 455 952 488 ietericis
971 478 983 494 ‚
1015 455 1069 487 fla-

67 495 201 527 vebant:
227 506 338 530 caetera
362 509 510 541 quoque5
534 497 586 530 sed
610 498 736 530 minus:
760 498 816 530 ilia
849 508 955 531 autem
980 506 1067 530 erant

67 534 240 571 sublivida.
375 543 494 575 Ventre
514 552 645 583 aperto,
668 540 945 574 animadvertimus
957 551 1066 572 omen-

65 589 137 613 tum
160 581 391 622 breviffimum,
418 584 599 627 sursumque
623 584 792 617 1·etrac0tum
813 596 820 617 :
852 585 945 617 lienis
977 584 1064 616 tuni-

67 634 160 665 cam,
182 636 244 667 qua
267 627 368 659 imum
392 628 497 669 gibbae
523 627 618 660 faciei
642 627 790 660 vestiebat
813 650 825 667 ,
859 626 1062 671 praeduram:

65 666 165 709 hepar
189 679 263 701 vero
286 680 361 702 cum
383 669 626 714 diaphragmate
649 678 719 703 tota
742 680 881 703 convexa
904 669 985 703 facie
996 681 1073 703 con-

66 718 200 748 natum,
225 710 247 744 fi
273 712 438 754 limbum,
459 713 585 758 ejusque
609 714 761 747 viciniam
785 714 1021 755 excipias.Hic
1035 712 1074 746 ad

65 754 207 797 aliquem
231 755 395 796 trac‘mm,
420 756 514 791 faciei
540 766 643 791 autem
668 767 752 790 cavae
776 768 890 799 magna
924 767 992 800 pars
1031 757 1072 789 li-

66 808 146 829 vore
180 797 383 833 inficiebatur
414 812 488 834 cum
525 800 694 835 substantia
726 801 870 842 proxima
904 801 942 833 ad
975 800 1072 833 lineas

64 839 167 880 duas;
188 841 311 885 reliqua
335 843 477 885 pallida,
501 847 533 877 ὃ(
556 843 723 877 marmoris
747 842 844 876 instar
878 845 1036 885 variegata
1058 866 1072 884 ,

62 891 134 916 tota
158 893 265 918 autem
288 885 488 920 duriuscula.
517 888 599 921 Bilis
624 889 658 919 in
682 886 813 920 vesicula
827 893 834 907 ²
846 894 911 919 erat
944 898 1040 928 pauca
1060 910 1074 927 ,

64 938 160 969 eaque
183 931 328 969 corrupti
354 929 516 973 sanguinis
537 929 671 968 similis,
693 938 748 963 aut
773 941 861 973 aquae
884 929 1020 963 turbidae
1039 930 1073 962 in

65 980 127 1011 qua
151 981 224 1004 caro
249 973 315 1005 lota
337 971 393 1005 fit.
419 972 519 1006 Nihil
544 974 686 1007 obstabat
710 984 775 1015 quo
797 975 901 1005 minus
924 974 957 1005 in
976 975 1072 1006 Duo-

61 1011 177 1047 denum
201 1014 387 1049 intestinum
411 1015 632 1056 descenderet3
654 1014 842 1050 descendisse
865 1025 969 1049 autem
981 1016 1072 1049 color

60 1055 240 1091 ostendebat
264 1069 372 1093 eorum
395 1072 465 1102 quae
490 1060 647 1094 intestinis
678 1058 924 1093 continebantur
946 1083 954 1091 .
990 1061 1072 1093 Haec

60 1111 128 1131 aere
151 1101 343 1143 turgebant,
369 1104 472 1147 iisque
494 1103 657 1137 adhaerens
681 1101 842 1144 pinguedo
866 1102 946 1136 flava
975 1112 1070 1141 erat3

62 1150 99 1176 ut
124 1155 279 1186 perpauca
302 1147 398 1179 etiam
422 1159 502 1190 aqua
527 1172 536 1187 ,
565 1159 634 1190 quae
666 1147 701 1178 in
735 1146 800 1178 ima
830 1148 949 1180 ventris
983 1147 1071 1189 pelvi

59 1186 145 1220 fuit.
173 1189 257 1227 Quae
282 1199 389 1223 autem
414 1202 483 1232 pars
507 1192 672 1224 Tenuium
695 1189 917 1223 intestinorum
948 1190 982 1223 in
1006 1189 1073 1232 pel-

59 1230 93 1262 vi
118 1240 209 1272 erat,
232 1232 287 1265 illa
311 1245 349 1266 ex
373 1233 463 1267 fusco
487 1232 677 1267 subrubebat
701 1255 714 1273 ‚
747 1240 782 1267 ut
805 1234 908 1266 vicina
944 1245 1072 1276 quoque

62 1281 227 1308 uretcrum
251 1278 381 1317 portio.
406 1279 453 1310 At
475 1276 596 1317 vesica,
619 1279 652 1310 &
676 1277 796 1310 lotium
817 1288 882 1319 quo
903 1276 1071 1310 distentam

55 1317 264 1358 invenimus,
288 1329 397 1353 utrum
422 1332 459 1354 ue
483 1320 614 1355 flavebat
638 1333 645 1352 :
671 1319 850 1362 sanguifera
886 1330 989 1353 autem
1020 1331 1072 1351 va-

61 1359 146 1393 scula
170 1365 327 1396 cervicem
348 1374 402 1396 ver
418 1375 453 1397 us
477 1365 509 1396 in
533 1363 700 1406 posteriori
735 1363 945 1405 interiorique
977 1362 1067 1396 illius

55 1413 145 1446 parte
171 1405 363 1448 turgebant.
388 1408 427 1439 In
453 1405 551 1449 hujus
574 1406 681 1439 vesica>
702 1405 877 1448 parietibus
900 1405 973 1438 illas
1004 1407 1068 1439 cel--

57 1446 164 1487 lulas,
184 1451 218 1482 δε
240 1448 326 1492 quasi
350 1450 475 1483 hernias
499 1451 589 1489 vidi,
611 1461 680 1491 quae
712 1451 864 1492 quoniam
886 1450 921 1481 in
942 1449 1068 1482 Adver-

58 1490 149 1524 sariis
171 1493 185 1531 (
207 1503 224 1525 o
246 1496 284 1532 ).,
306 1503 362 1525 nec
383 1492 447 1526 fine
470 1492 651 1535 conjectura
682 1491 719 1526 de
753 1503 859 1526 earum
888 1492 978 1525 causa
1014 1491 1069 1525 de-

56 1532 282 1577 scriptae-sunt
296 1560 306 1575 ,
329 1535 384 1569 hic
407 1537 524 1571 iterum
546 1534 764 1569 describantur
796 1547 863 1569 non
893 1543 1025 1578 oportet
1049 1559 1063 1576 ,

58 1576 242 1617 praesertim
262 1577 428 1621 postquam
454 1578 537 1621 apud
560 1580 715 1612 Amicum
737 1590 863 1622 quoque
873 1579 1058 1621 optimum,

54 1619 237 1664 Virumque
274 1622 586 1664 Experientiffimum
617 1621 799 1656 Heisterum
833 1627 843 1662 (
863 1626 923 1663 p)
960 1623 1067 1656 multo

38 1662 290 1711 'plures-videre
312 1674 403 1706 potes
427 1664 598 1699 delineatas
615 1690 622 1696 .
647 1666 715 1699 Hic
738 1677 836 1700 unum
847 1665 960 1699 addam
974 1677 1065 1699 :cum

59 1718 98 1739 ex
122 1705 217 1750 hujus
240 1708 350 1750 figuli
374 1708 574 1748 domesticis,
607 1718 704 1752 atque
736 1710 862 1743 intimis
895 1708 1068 1742 familiari-

57 1749 121 1783 bus
145 1751 353 1793 quaerendum
376 1751 551 1793 curassem,
573 1752 732 1795 numquid
755 1754 868 1787 scirent
890 1777 900 1792 ‚
931 1752 969 1786 de
1000 1753 1070 1787 ullo

5 1819 7 1822 -
45 1803 204 1840 ‘unquam
227 1792 334 1828 veficae
357 1796 567 1829 incommodo
590 1796 735 1839 questum
757 1795 814 1830 esse
826 1820 838 1837 ,
869 1795 984 1830 diserte
1017 1808 1069 1829 ne-

53 1836 156 1878 gasse,
179 1837 260 1883 sicut
288 1840 386 1871 etiam
407 1838 445 1871 de
468 1838 579 1872 hernia
605 1839 765 1872 varicosa:
790 1852 886 1883 quam
911 1839 949 1873 ad
983 1839 1069 1873 hunc

52 1881 188 1914 modum
211 1881 241 1913 se
263 1879 433 1915 habentem
457 1880 634 1925 conspexi.
660 1884 865 1926 Multiplices
887 1894 996 1924 venae,
1018 1883 1069 1916 di-

52 1924 181 1961 latatae,
204 1927 237 1957 &
271 1923 374 1958 crassae
407 1925 499 1959 fa&ae
521 1948 534 1966 ,
568 1933 678 1960 toturn
710 1927 852 1969 undique
887 1925 1069 1962 testiculum

51 1967 356 2010 amplectebantur,
381 1969 471 2012 cujus
493 1967 667 2003 substantia
692 1970 737 2003 ita
769 1979 835 2003 erat
867 1971 1035 2012 compa&a
1060 1994 1069 2008 ‚

51 2011 148 2044 utin
170 2010 389 2052 canaliculos,
421 2012 698 2055 quemadmodum
733 2014 808 2047 alias
841 2015 982 2056 proclive
1029 2014 1071 2048 est

51 2053 178 2094 facere,
201 2052 330 2088 dissolvi
351 2066 418 2089 non
441 2053 542 2097 posset
564 2081 571 2088 .
609 2057 689 2090 Erat
722 2066 874 2099 praeterea
906 2056 989 2090 infra
1019 2066 1069 2090 te-

50 2099 129 2132 stem
151 2097 373 2140 corpusculum
397 2100 551 2140 exiguum
574 2098 712 2133 osseum.
738 2101 819 2133 Haec
855 2102 964 2133 omnia
1000 2102 1069 2134 Va-

51 2141 168 2184 ginalis
192 2143 301 2176 tunica
325 2142 617 2185 comprehendebat
632 2167 641 2182 ‚
663 2142 808 2185 undique
833 2142 974 2183 adnata,
1008 2142 1066 2176 nisi

50 2184 204 2227 desuper,
230 2184 285 2218 ubi
308 2185 449 2219 vesiculae
475 2195 563 2218 erant
587 2185 658 2218 duae
683 2196 763 2228 aqua
789 2187 868 2219 flava
879 2187 1070 2228 plenae-Al-

49 2229 113 2262 teri
137 2239 266 2272 quoque
291 2227 438 2262 testiculo
460 2228 636 2271 Vaginalis
661 2229 770 2262 tunica
782 2237 849 2260 erat
860 2228 992 2266 adnata,
1018 2231 1071 2261 ni-

4 2307 10 2314 ,
51 2271 76 2304 fi
100 2283 161 2314 qua
184 2270 417 2316 epididymidis
439 2282 555 2313 corpus
580 2270 822 2309 intercedebat3
846 2271 893 2303 ibi
905 2273 990 2304 enim
1003 2281 1069 2305 erat

52 2315 215 2356 spatium,
238 2312 470 2355 ejusdemmodi
495 2325 574 2357 aqua
599 2314 751 2356 plenum.
777 2315 872 2347 Tunc
886 2314 1016 2349 deflexis
1029 2315 1068 2349 ad

51 2368 164 2400 penem
186 2358 309 2395 oculis,
334 2368 433 2400 neque
443 2358 477 2389 in
488 2356 624 2399 glande,
648 2357 792 2400 nequein
807 2358 1071 2399 praeputioquid-

52 2412 150 2442 quam
176 2399 214 2433 de
236 2401 374 2433 fraenulo
398 2399 629 2433 animadverti:
654 2400 804 2432 laeviaibi
820 2401 1014 2439 omnia3vix
1025 2402 1070 2434 al-

51 2443 166 2479 bidum
189 2443 276 2487 quasi
298 2443 489 2485 vestigium,
511 2443 566 2476 ubi
590 2443 733 2489 fraenum
750 2441 806 2476 esse
829 2443 1068 2484 debuerat,aut

55 2487 139 2522 olim
168 2486 291 2521 fuerat.
317 2487 439 2528 Aperta
462 2485 503 2518 ab
526 2486 626 2518 initio
649 2486 688 2519 ad
712 2488 809 2519 finem
832 2487 960 2520 urethra
983 2510 995 2526 ,
1018 2490 1069 2520 ni-

55 2529 106 2564 hil
130 2530 266 2573 dignum
288 2528 357 2562 vidi
379 2528 468 2571 quod
492 2529 545 2563 hic
557 2530 751 2566 adnotetur,
775 2528 832 2562 nisi
845 2533 971 2563 minuta
981 2542 1068 2572 quae-

51 2571 127 2607 dam
148 2572 233 2617 quasi
258 2571 381 2606 tabam*
402 2573 560 2614 granula,
581 2584 650 2616 quae
675 2575 826 2615 utrinque
850 2583 939 2607 erant
963 2576 1000 2606 ad
1018 2574 1065 2606 la-

52 2625 121 2650 tera
142 2616 319 2650 carunculae
344 2616 533 2657 Seminalis,
557 2619 588 2649 δε
612 2616 790 2660 carunculae
801 2628 926 2660 quoque
939 2617 998 2660 ipsi
1009 2629 1064 2659 ag-

52 2660 216 2704 glutinata
240 2658 297 2693 esse
319 2659 526 2692 videbantur.
554 2661 651 2693 Tunc
675 2661 816 2693 Prostata
839 2660 989 2703 glandula
1000 2659 1065 2693 dis-

55 2704 163 2746 fosta,
187 2705 271 2736 intra
294 2701 375 2735 hanc
398 2702 506 2736 eadem
528 2705 661 2746 granula
683 2715 757 2737 cum
779 2704 812 2736 in
824 2702 1064 2747 partefinistra,

52 2755 125 2781 tum
147 2746 321 2791 praesertim
343 2747 377 2779 in
400 2746 527 2780 dextera
550 2746 613 2781 fere
637 2756 728 2787 tota,
750 2747 988 2794 quoquoversus
1020 2746 1065 2779 se-

54 2801 182 2831 carem,
206 2787 421 2831 deprehendi.
522 2820 525 2822 .
553 2790 738 2824 Thoracem
760 2802 827 2833 Jam
850 2790 1064 2833 aggredienti-

55 2833 116 2867 bus
140 2840 345 2867 occurretunt
368 2834 510 2876 primum
532 2835 755 2877 cartilagines,
781 2845 836 2876 per
857 2846 932 2876 quas
956 2835 1066 2876 legiti-

55 2887 117 2911 mae
140 2875 231 2910 costae
255 2875 422 2910 inferiores
444 2888 516 2910 cum
528 2877 631 2910 sterno
641 2878 915 2917 committuntur,
940 2887 1065 2910 extror-

55 2920 127 2954 sum
151 2932 167 2952 a
190 2918 304 2952 dextro
325 2919 418 2953 latere
443 2921 706 2962 protuberantes,
728 2919 814 2963 quafi
836 2920 960 2963 aliquid
981 2924 1065 2954 inte-

56 2965 125 2997 rius
150 2960 279 2995 subesset
303 2963 388 3005 quod
411 2962 587 3006 impulisset
611 2963 650 2998 ad
674 2965 851 2997 exteriora.
877 2963 976 2996 Nihil
1010 2976 1064 2997 au-

56 3017 125 3039 tem
147 3003 303 3047 ejusmodi
327 3004 471 3040 suberat:
495 3009 602 3051 itaque
625 3006 768 3050 conjeci,
792 3016 957 3048 acceptum
978 3007 1010 3040 id
1021 3006 1066 3039 es-

56 3049 87 3083 se
108 3048 306 3082 referendum
328 3049 437 3084 nimiis
460 3052 493 3082 in
517 3051 634 3094 puerili
657 3060 750 3084 aetate
773 3050 908 3085 musculi
920 3051 1066 3084 Pectora-

57 3093 98 3126 lis
122 3092 243 3127 dexteri
267 3094 545 3132 contentionibus,
569 3095 779 3128 &conatibus
803 3105 883 3137 quos
906 3092 1065 3127 rudimen-

57 3144 92 3169 ta
116 3134 243 3169 fortasse
266 3134 355 3168 illius
380 3138 457 3170 artis
478 3139 638 3182 exigerent
652 3162 659 3170 .
794 3139 832 3170 In
855 3136 965 3172 reclusi
988 3137 1065 3170 tho-

61 3180 144 3212 racis
167 3191 245 3212 cavo
267 3176 402 3211 dextero
423 3181 493 3214 sana
514 3183 640 3215 omnia.
665 3182 714 3215 At
736 3183 770 3215 in
802 3179 925 3214 sinistro
959 3181 1063 3214 multa

60 3234 141 3265 aqua
165 3222 323 3256 subflava:
346 3232 413 3264 qua
431 3224 576 3258 exhausta
587 3248 600 3265 ,
623 3233 838 3267 apparuerunt
861 3235 915 3267 per
948 3224 1064 3257 faciem

59 3266 224 3342 pulmonis
245 3265 336 3299 strata
360 3265 445 3308 quafi
469 3266 563 3300 frusta
585 3267 687 3302 crassae
710 3267 872 3310 cujusdam
882 3291 896 3308 ,
919 3275 954 3300 ut
976 3267 1064 3300 vide-

87 3317 179 3349 atur,
203 3310 392 3342 membranae
416 3309 526 3348 flavae,
551 3314 583 3344 ὃς
607 3311 761 3346 facillime
785 3311 961 3344 lacerabilis
982 3323 993 3350 5
1026 3319 1062 3344 ut

12 3358 13 3361 ’
58 3354 203 3428 quamvis
224 3353 570 3395 reticulai·e⁷qu0ddam
591 3366 672 3397 opus
691 3357 724 3389 in
741 3355 939 3394 seintextum
949 3364 1063 3396 reprae-

76 3404 194 3429 entaret
204 3420 219 3437 ‚
239 3396 476 3429 concretionem
499 3396 554 3430 esse
575 3398 746 3432 censuerim
769 3398 946 3432 craffiorum
962 3399 1063 3440 parti-

63 3438 205 3473 cularum
229 3442 265 3473 in
288 3451 321 3472 ea
344 3439 425 3473 flava
449 3451 527 3482 aqua
550 3444 744 3476 natantium.
770 3444 872 3475 Erant
906 3439 1062 3484 ejusmodi

63 3482 168 3523 ampla
190 3481 284 3516 frusta
307 3493 362 3525 per
384 3482 499 3517 faciem
521 3484 693 3526 praesertim
714 3484 898 3518 inferiorem
911 3485 979 3518 lobi
990 3484 1063 3528 pul-

65 3527 171 3558 monis
195 3525 380 3565 inferioris,
402 3528 542 3570 itemque
565 3528 647 3562 inter
657 3529 788 3569 lobum,
812 3528 984 3563 &lobum.
1000 3529 1064 3560 Lo-

64 3565 122 3601 bus
145 3578 251 3603 autern
275 3571 301 3603 is
325 3567 459 3603 inferior
480 3572 575 3604 durus
598 3581 662 3605 erat
685 3571 782 3606 ferme
805 3580 892 3606 totus
902 3597 916 3613 2
940 3575 969 3606 δι
994 3583 1066 3614 gra-

151 3613 316 3656 Morgagni
327 3614 366 3650 der
375 3614 442 3647 Sed.
458 3615 498 3648 τὰ·
509 3616 530 3646 C
531 3612 594 3656 aus.
607 3614 708 3649 Morb.
723 3617 820 3649 Tom.
835 3617 861 3650 Ι.

1993 302 2044 348 51

1120 368 1186 400 vis;
1210 365 1413 409 dissectusque
1441 379 1480 402 ex
1501 366 1593 400 densa
1617 365 1761 399 inventus
1783 364 1825 398 est
1848 364 2116 401 substantiacom-

1120 410 1250 452 parisus,
1274 420 1337 441 non
1360 411 1580 451 pulmonaris,
1604 409 1654 442 sed
1677 407 1830 451 hepaticae
1853 406 1971 448 fimili3
1997 419 2033 442 ut
2066 411 2114 443 vel

1119 464 1169 486 me
1191 462 1334 491 tacente,
1357 464 1395 485 ex
1418 455 1457 487 iis
1480 465 1550 497 quae
1573 452 1730 494 superiore
1753 450 1896 492 Epistola
1926 454 1940 490 (
1962 463 1981 494 q
2002 456 2015 491 )
2049 461 2116 485 tra-

1119 495 1212 537 didi,
1236 497 1497 539 peripneumonia
1531 494 1679 530 affectum
1711 494 1870 535 intelligas
1893 517 1900 524 .
1935 496 2117 528 Videbatur

1117 548 1225 573 autem
1247 538 1459 573 inflammatio
1482 538 1608 572 transire
1632 540 1664 570 in
1689 536 1947 580 suppurationem
1969 538 2118 582 coepisse.

1118 582 1239 616 Albida
1261 583 1346 615 enim
1368 592 1433 615 erat
1457 594 1491 615 ea
1515 582 1712 620 substantia,
1735 590 1800 613 non
1824 578 1936 613 rubra:
1963 584 1994 613 δε
2026 580 2121 615 crassa

1119 626 1191 659 alba
1233 626 1367 659 materia
1413 626 1519 668 paffim
1549 638 1587 658 ex
1608 624 1797 668 quibusdam
1822 622 1956 655 orificiis
1979 646 1992 663 ,
2024 625 2120 657 bron-

1123 669 1276 703 chiorum
1291 692 1304 709 ,
1325 668 1464 710 opinor,
1487 668 1700 707 sectionibus,
1722 666 1976 711 exprimebatur.
2011 668 2118 700 Lobus

1124 722 1230 746 autem
1254 712 1397 754 superior
1420 713 1453 744 in
1477 712 1619 754 suprema
1642 709 1772 754 quidem
1794 718 1882 753 parte
1915 708 1983 742 sero
2015 712 2121 752 turgi-

1123 756 1181 789 dus
1205 754 1374 798 spumoso,
1399 754 1582 798 ibidemque
1603 756 1717 797 niger,
1740 756 1773 786 &
1806 751 1901 786 durus
1936 761 2003 785 erat
2027 764 2037 791 ;
2070 753 2122 786 sed

1123 800 1166 832 ita
1191 798 1286 833 durus
1311 820 1321 837 ‚
1354 805 1391 832 ut
1413 807 1502 832 vetus
1525 799 1633 841 potius
1664 797 1783 830 vitium
1801 818 1811 834 ‚
1848 807 1945 838 quarn
1977 806 2083 828 recens
2109 819 2124 837 ,

1123 841 1311 875 existimares
1336 855 1343 874 :
1368 851 1456 885 parte
1480 850 1585 875 autem
1609 841 1728 883 reliqua
1753 839 1851 872 ferme
1874 838 2045 879 exsuccus,
2068 850 2124 872 nec

1124 885 1262 919 multum
1282 884 1440 919 diffimilis
1462 885 1526 919 sani
1541 910 1548 917 .
1573 887 1738 918 Caeterum
1757 882 1799 916 <ad
1823 883 1964 924 pleuram
1996 894 2012 915 a
2044 883 2124 914 late-

1124 941 1179 969 re,
1203 937 1296 971 atque
1319 931 1455 962 anterius
1478 928 1663 962 neftebatur
1685 939 1740 969 per
1762 927 1865 968 plures
1889 927 1974 959 inter
1997 924 2026 958 se
2040 925 2126 957 divi-

1125 972 1174 1005 sos
1196 971 1282 1014 quasi
1305 972 1437 1005 lacertos
1462 972 1573 1005 rubros
1596 995 1605 1009 ,
1639 974 1670 1003 δε
1703 968 1816 1003 crassos
1838 994 1847 1008 ‚
1880 968 1931 1002 sed
1969 969 2126 1002 membra-

1122 1026 1216 1047 neos.
1242 1014 1411 1057 Nusquam
1434 1025 1539 1048 autem
1562 1014 1678 1048 arffius
1691 1014 1806 1055 pleurae
1821 1011 2126 1055 adliaerebat,quam

1124 1058 1161 1092 ad
1184 1057 1360 1100 supremam
1384 1058 1473 1091 illam
1499 1067 1619 1099 partem
1635 1070 1644 1088 :
1667 1065 1794 1098 eratque
1826 1056 1873 1087 ibi
1906 1056 2014 1097 pleura
2046 1055 2128 1089 cras-

1123 1101 1210 1141 fior,
1232 1103 1266 1133 &
1289 1099 1381 1133 facile
1407 1113 1422 1133 a
1446 1101 1540 1134 costis
1564 1098 1725 1133 avellenda
1753 1110 1761 1130 :
1794 1096 1828 1130 id
1859 1097 1949 1140 quod
1982 1099 2127 1139 proclive

1123 1154 1190 1178 erat
1212 1141 1315 1176 facere
1337 1145 1434 1176 etiam
1456 1156 1517 1186 qua
1540 1144 1616 1176 lobo
1638 1142 1787 1175 inferiori
1812 1139 1956 1187 suberat,
1980 1141 2036 1173 ubi
2062 1150 2129 1174 erat

1122 1187 1313 1221 craffiuscula
1326 1211 1337 1227 ,
1360 1186 1629 1220 &rubicundior.
1646 1184 1818 1218 Pericardii
1843 1185 1939 1217 iacies
1962 1185 2128 1224 exterior,

1124 1231 1242 1265 finistra
1266 1240 1413 1269 tantum,
1438 1242 1454 1263 a
1479 1230 1612 1264 vasculis
1638 1230 1782 1262 minimis
1807 1226 1955 1269 sanguine
1978 1226 2129 1271 turgidu-

1124 1275 1165 1308 lis
1188 1274 1336 1307 rubebat.
1362 1276 1454 1307 Intus
1479 1284 1574 1315 pauca
1598 1281 1665 1306 erat
1689 1284 1786 1315 aqua,
1812 1282 1908 1313 eaque
1940 1270 2023 1304 flava
2046 1296 2053 1303 .
2090 1272 2130 1303 In

1126 1318 1267 1352 auricula
1290 1317 1414 1350 dextera
1430 1340 1443 1357 ,
1464 1317 1558 1351 crassa
1579 1317 1743 1349 concretio
1767 1314 1921 1357 polyposa
1949 1326 1956 1346 :
1989 1315 2024 1347 in
2057 1314 2131 1347 Pul-

1119 1362 1245 1395 monari
1268 1362 1407 1402 arteria,
1430 1359 1557 1403 ejusque
1579 1359 1676 1393 ramis
1699 1368 1779 1392 teres
1803 1358 1922 1404 altera:
1947 1367 2027 1390 teres
2049 1369 2132 1401 quo-

1119 1417 1182 1448 que
1205 1405 1238 1436 in
1263 1406 1376 1437 arteria
1400 1405 1539 1447 Magna:
1562 1414 1618 1436 nec
1641 1403 1719 1436 talia
1741 1403 1774 1435 in
1798 1400 1929 1434 sinistris
1953 1402 2096 1434 auricula
2117 1423 2130 1440 ‚

1121 1451 1153 1481 &
1176 1448 1355 1482 ventriculo
1379 1448 1504 1490 prorsus
1526 1446 1674 1481 deerant.
1708 1447 1836 1479 Harum
1868 1445 2017 1477 omnium
2052 1454 2130 1477 con-

1118 1492 1300 1525 cretionum
1323 1490 1492 1525 substantia
1515 1489 1691 1524 secundum
1715 1486 1954 1534 longitudinem
1967 1487 2132 1528 speftata,

1119 1535 1239 1577 partim
1261 1544 1330 1567 erat
1353 1533 1495 1570 finuosa‚
1530 1536 1562 1566 δε
1585 1533 1690 1572 flava,
1711 1533 1829 1574 partim
1853 1530 1990 1570 hbrosa,
2012 1532 2045 1563 &
2061 1529 2133 1563 sub-

1120 1578 1213 1611 rubra
1228 1601 1235 1608 .
1261 1578 1359 1621 Supra
1381 1579 1510 1619 Magnae
1534 1577 1658 1609 arteriae
1683 1575 1850 1614 valvulas,
1873 1574 1931 1607 sub
1953 1573 2018 1615 ipsa
2041 1574 2134 1607 tuni-

1119 1633 1154 1654 ca
1178 1621 1314 1660 intima,
1338 1621 1472 1654 lamellae
1493 1627 1582 1653 erant
1604 1616 1716 1651 osseae:
1740 1619 1820 1661 quin
1835 1618 1934 1651 etiam
1951 1618 2134 1660 primorum

1118 1663 1350 1698 bronchiorum
1360 1688 1373 1705 ‚
1395 1675 1459 1698 non
1484 1662 1582 1697 modo
1605 1662 1712 1696 trunci
1734 1661 1869 1704 Asperae
1891 1661 2014 1694 arteriae
2037 1684 2051 1700 ‚
2088 1659 2134 1693 se-

1119 1707 1302 1741 miannulos
1326 1706 1536 1742 animadverti
1560 1706 1723 1745 anterius,
1747 1705 1782 1738 id
1805 1704 1848 1738 est
1870 1705 1904 1737 in
1941 1704 2044 1737 media
2075 1715 2134 1737 cu·

1121 1751 1230 1795 jusque
1255 1761 1366 1793 parte,
1388 1749 1488 1785 osseos
1511 1749 1638 1787 ἱεξὶοςς
1662 1758 1698 1782 ut
1722 1760 1835 1790 parum
1858 1746 1953 1782 essent
1978 1747 2099 1781 flexiles
2120 1770 2133 1788 ,

1122 1799 1178 1836 ὃς,
1199 1793 1222 1827 fi
1244 1794 1475 1838 disrumperes,
1498 1792 1623 1836 aliquid
1646 1790 1844 1826 ostenderent
1882 1792 1917 1825 in
1947 1790 2052 1825 media
2091 1791 2134 1823 il-

1123 1839 1152 1871 la
1187 1846 1275 1881 parte
1307 1838 1398 1882 quod
1431 1837 1576 1871 medullae
1611 1836 1878 1870 inchoamentum
1922 1834 2025 1868 videri
2059 1834 2138 1876 pos-

1120 1882 1166 1915 set
1188 1907 1198 1916 .
1333 1881 1385 1916 Ad
1407 1881 1540 1915 Cerebri
1571 1879 1707 1923 denique
1732 1879 1908 1912 serstionem
1931 1877 2135 1922 progressus,

1120 1927 1155 1958 in
1199 1923 1317 1960 finibus
1351 1926 1490 1959 Laterali
1523 1922 1647 1957 finistro
1668 1946 1682 1963 ,
1723 1925 1756 1957 δε
1792 1923 1922 1961 Quarto
1944 1947 1955 1964 ,
1990 1924 2136 1965 itemque

1121 1970 1157 2001 in
1181 1970 1316 2009 Primo,
1341 1972 1373 2002 δε
1397 1970 1429 2001 in
1454 1969 1541 2001 venis
1566 1967 1691 2009 aliquot
1713 1988 1723 2004 ,
1750 1977 1822 2000 cum
1854 1965 1919 1999 hoc
1950 1967 2135 1999 communi-

1120 2011 1267 2046 cantibus
1292 2011 1484 2055 polyposam
1507 2011 1746 2044 concretionem
1770 2009 1912 2043 albidam
1935 2035 1945 2050 ,
1970 2008 2097 2042 firmam
2124 2034 2135 2050 ,

1122 2056 1237 2088 exilem
1261 2055 1439 2098 conspexi.
1472 2054 1557 2089 Vasa
1588 2062 1693 2087 autem
1725 2054 1847 2096 reliqua
1870 2077 1880 2093 ‚
1915 2063 1973 2096 per
2004 2063 2133 2087 omnem

1121 2107 1248 2132 tenuem
1271 2100 1452 2141 meningen]
1476 2098 1637 2140 repentia,
1659 2098 1757 2130 etiam
1779 2108 1842 2141 qua
1853 2096 2046 2130 cerebellum
2056 2108 2136 2131 con-

1120 2140 1233 2181 vestit,
1258 2143 1336 2176 adeo
1359 2141 1509 2184 sanguine
1532 2140 1690 2182 distenta,
1713 2149 1749 2174 ut
1773 2140 1917 2175 trunculi
1940 2149 2130 2183 tingerent,

1122 2185 1250 2218 minimi
1281 2195 1388 2220 autem
1421 2185 1538 2219 ramuli
1572 2183 1667 2217 essent
1711 2184 1888 2218 luculenter
1931 2185 2136 2227 conspicui-

1122 2228 1204 2260 Haec
1227 2240 1300 2261 vero
1322 2229 1356 2261 in
1378 2227 1497 2261 sinistra
1521 2227 1687 2261 dumtaxat
1710 2236 1799 2269 parte
1822 2228 1860 2261 ad
1882 2226 1968 2261 hunc
2001 2227 2135 2262 modum

1126 2270 1155 2303 se
1178 2271 1356 2304 habebant.
1382 2270 1441 2303 Sed
1466 2283 1520 2304 nec
1542 2270 1666 2303 vascula
1690 2280 1746 2312 per
1770 2270 1976 2304 medullarem
2012 2271 2134 2305 cerebri

1119 2313 1325 2348 substantiam
1348 2313 1521 2355 tradueta,
1541 2325 1597 2347 nec
1621 2323 1655 2345 ea
1678 2324 1750 2355 quae
1773 2315 1909 2356 parietes
1933 2316 2134 2350 Lateralium

1123 2358 1377 2392 ventriculorum
1401 2367 1609 2400 pei-reptant,
1631 2365 1757 2396 turgere
1780 2357 1992 2391 videbantur.
2019 2360 2132 2393 Plexus

1123 2408 1226 2433 tamen
1248 2400 1429 2434 Choroides
1453 2412 1516 2434 non
1540 2400 1726 2440 decolores,
1746 2403 1893 2445 quamvis
1918 2402 1952 2434 in
1975 2403 2048 2445 ipsis
2072 2402 2133 2445 hy-

1119 2442 1264 2485 datides‚
1289 2449 1320 2477 &
1344 2445 1377 2476 in
1402 2444 1587 2477 ventriculis
1609 2444 1744 2475 omnino
1773 2446 1874 2478 serum
1898 2455 1962 2478 non
1981 2445 2094 2479 deesset
2119 2471 2128 2478 .

1120 2488 1266 2521 Multum
1290 2497 1397 2520 autem
1421 2488 1558 2520 exterius
1582 2486 1687 2519 fuerat
1711 2486 1744 2517 in
1767 2489 1887 2520 cerebri
1912 2488 2132 2531 anfraffibus,

1119 2530 1201 2563 unde
1226 2542 1282 2573 per
1305 2532 1452 2563 Tenuem
1486 2531 1666 2571 meningem
1700 2530 1896 2565 translucens
1917 2555 1927 2571 ‚
1955 2533 2130 2575 gelatinam

1117 2575 1349 2607 mentiebatur:
1373 2573 1426 2607 sed
1448 2573 1516 2607 haec
1539 2584 1644 2607 revera
1667 2572 1844 2616 nusquam3
1868 2575 1978 2611 fluxile
2000 2575 2128 2610 dumta-

1115 2626 1169 2650 xat
1193 2617 1295 2650 serum
1317 2614 1382 2650 suit
1399 2640 1407 2648 .

1168 2671 1214 2693 12.
1240 2661 1324 2693 Noli
1348 2661 1513 2702 expectare
1528 2687 1538 2703 ,
1562 2671 1598 2696 ut
1622 2671 1688 2695 tam
1719 2661 1823 2704 longae
1856 2664 1996 2699 historiae
2029 2666 2125 2709 longa

1118 2716 1245 2747 quoque
1269 2703 1455 2746 respondeat
1487 2706 1662 2749 explicatio
1686 2730 1693 2736 .
1739 2707 1814 2739 Alia
1858 2710 2015 2743 nimirum
2060 2711 2126 2742 alio

1121 2750 1259 2781 attinent
1281 2771 1294 2788 ‚
1326 2758 1395 2788 quae
1440 2746 1497 2781 suo
1527 2748 1677 2791 quodque
1709 2747 1783 2781 loco
1816 2752 1849 2783 in
1884 2753 1955 2786 aliis
1988 2753 2125 2785 Litteris

1117 2802 1182 2825 non
1205 2791 1426 2833 negligemus3
1451 2791 1504 2824 hic
1527 2802 1634 2825 autem
1669 2793 1784 2825 omitti
1818 2806 1884 2827 non
1915 2795 2087 2829 debuerant
2109 2819 2124 2836 ,

1117 2847 1155 2868 ne
1179 2834 1294 2868 mutila
1329 2833 1400 2867 esset
1436 2832 1566 2868 historia
1590 2858 1598 2866 .
1734 2836 2008 2880 Peripneumoniae
2029 2862 2042 2879 ,
2075 2849 2125 2872 at-

1116 2889 1176 2921 que
1201 2878 1283 2911 adeo
1305 2878 1620 2920 Pleuropneumoniae
1644 2877 1789 2912 acceffisse
1811 2880 1986 2921 delirium,
2012 2882 2121 2917 vides:

1116 2921 1205 2964 quod
1228 2924 1260 2954 1&
1283 2922 1319 2966 is!
1343 2922 1414 2953 aliis
1447 2920 1483 2953 sae
1509 2933 1524 2953 e
1548 2923 1561 2959 (
1585 2931 1601 2953 r
1621 2924 1635 2959 )
1660 2923 1834 2964 contigit‚‘
1863 2936 2000 2967 quorum
2034 2926 2122 2960 casus

1117 2966 1151 2997 in
1175 2965 1251 2997 alias
1274 2964 1385 3009 rejicio
1408 2963 1486 3004 Epis
1502 2964 1567 2997 olas
1585 2987 1592 2994 .
1617 2965 1714 2998 Hunc
1746 2977 1820 2999 vero
1852 2970 2024 3010 producere
2055 2980 2123 3003 ma-

1118 3008 1164 3041 lui
1186 3010 1219 3041 in
1243 3007 1411 3049 praesenti,
1432 3008 1585 3048 quoniam
1607 3006 1825 3044 vehementius
1848 3011 1914 3046 suit
1936 3012 2089 3047 delirium
2110 3037 2122 3053 ‚

1118 3054 1151 3084 &
1182 3049 1271 3093 quod
1303 3049 1521 3083 Phrenitidem
1556 3052 1715 3085 continuo
1756 3055 1891 3097 appelles
1914 3079 1927 3096 ,
1971 3056 2086 3090 malam
2107 3079 2122 3095 ‚

1117 3105 1154 3128 ut
1178 3095 1396 3142 Hippocrates
1432 3094 1487 3142 (s
1500 3097 1514 3133 >
1548 3093 1661 3127 docuit
1682 3118 1695 3135 ,
1726 3106 1745 3129 a
1763 3097 1923 3139 pulmonis
1945 3098 2120 3143 inflamma-

1117 3138 1200 3171 tione
1224 3162 1231 3169 .
1264 3137 1354 3176 Qn
1378 3145 1497 3169 certior
1519 3136 1622 3171 faetus
1644 3137 1713 3172 sum
1734 3161 1744 3176 ,
1775 3140 1830 3173 hic
1864 3143 1898 3174 in
1931 3140 2119 3185 quibusdam

1115 3179 1203 3223 quasi
1234 3180 1419 3222 epidemicis
1460 3180 1649 3221 pulmonum
1693 3182 2003 3218 inflammationibus
2026 3206 2037 3222 ‚
2084 3188 2117 3218 δε

1115 3225 1282 3266 speciatim
1303 3222 1418 3271 hyeme
1439 3223 1482 3255 A.
1510 3233 1601 3266 1754.
1625 3225 1862 3270 quibuscunque
1885 3227 1922 3261 ad
1946 3227 2001 3261 has
2035 3226 2118 3262 deli-

1115 3270 1200 3301 rium
1222 3269 1361 3303 accesut5
1385 3265 1530 3308 pluribus
1552 3277 1657 3301 autem
1670 3270 1810 3308 aeceffit3
1834 3282 1945 3304 eorum
1957 3272 2117 3304 neminem

1117 3308 1239 3344 evasisse
1259 3335 1267 3343 .
1303 3311 1382 3352 Qo
1413 3309 1541 3351 dignior
1571 3309 1636 3345 fuit
1671 3324 1741 3355 quae
1772 3313 1889 3347 litteris
1912 3316 2116 3349 mandaretur

1114 3354 1258 3387 foemina:
1292 3379 1301 3394 ,
1343 3361 1480 3395 utroque
1523 3356 1641 3388 morbo
1682 3355 1854 3397 implicitae
1889 3381 1899 3397 ,
1942 3357 2022 3391 felix
2067 3358 2114 3391 sa-

1113 3401 1203 3432 natio
1244 3400 1257 3436 (
1280 3405 1295 3430 t
1316 3400 1329 3436 )
1355 3421 1364 3436 ,
1408 3407 1471 3428 non
1514 3396 1601 3439 quod
1645 3397 1700 3430 alii
1743 3409 1807 3432 non
1851 3399 2009 3435 serventur
2053 3401 2116 3433 ali-

1112 3440 1262 3485 quando,
1288 3438 1337 3473 secl
1360 3437 1447 3481 quod
1469 3449 1543 3473 cum
1568 3440 1733 3474 vehemens
1756 3451 1887 3487 uterque
1907 3442 1980 3477 esset
2003 3467 2012 3482 ,
2045 3443 2112 3485 pes.

1115 3485 1259 3527 simisque
1282 3484 1377 3526 fignis
1400 3485 1587 3522 comitatus,
1616 3484 1737 3519 solutus
1761 3486 1804 3520 est
1826 3495 1929 3520 tamen
1951 3497 2007 3529 per
2028 3486 2112 3519 mul-

1115 3539 1150 3562 ta
1192 3540 1261 3571 quae
1292 3529 1375 3561 ultra
1407 3526 1611 3567 quatriduum
1655 3527 1741 3561 alvus
1784 3528 1897 3564 effudit
1939 3529 2113 3571 graviffime

1115 3573 1235 3607 olentia
1257 3594 1271 3611 ,
1300 3573 1332 3603 δε
1363 3580 1402 3602 ex
1423 3578 1493 3602 atro
1537 3569 1766 3647 rubegentia‘.
1814 3575 1917 3606 Porro
1931 3571 1949 3612 ';
1991 3582 2029 3608 ut
2074 3571 2113 3608 ad

1687 3626 1704 3646 2
1967 3618 2068 3661 Pigu-

122 3818 165 3877 ἕο
180 3816 194 3844 )
210 3819 257 3853 Ιῌ.
278 3822 363 3848 Anim.
382 3826 418 3854 36.

153 3852 164 3897 ζ
179 3847 193 3905 3
208 3850 263 3904 Χῑὲἓ-
280 3852 304 3906 ξ
320 3855 410 3883 Jacotii
428 3855 569 3879 comment.
586 3857 611 3880 in
629 3857 705 3881 Coae.
720 3856 782 3881 sest.
799 3863 821 3879 2.
837 3858 856 3881 Ι.
873 3863 896 3881 1.
912 3856 975 3885 Aph.
993 3863 1030 3880 21.

256 3901 261 3906 .
307 3890 340 3911 at.
358 3887 417 3910 Cur.
433 3886 506 3910 Tom.
524 3888 548 3911 8.
564 3887 623 3912 Obs.
639 3890 679 3916 63.

480 3825 494 3854 (
508 3830 525 3854 Ρ
540 3824 555 3853 )
571 3826 653 3852 Instit.
671 3825 783 3853 chirurg.
798 3825 862 3850 Tab.
880 3831 917 3853 3²·
933 3825 985 3855 fig.
1007 3832 1029 3849 1.
1047 3827 1069 3850 ει
1085 3833 1107 3850 2.

1824 3780 1948 3819 hs

1170 3825 1426 3857 (q)n.1².&13.

1090 3856 1105 3885 (
1118 3855 1158 3885 s)
1174 3855 1237 3882 Sest·
1253 3865 1275 3887 7.
1294 3857 1356 3887 Λεὼ.
1373 3865 1408 3882 12.
