2498 4075
435 235 438 237 ’
466 237 470 238 ’
500 221 651 293 Epist.
688 222 853 279 Anat.
885 215 1113 278 Medica
1134 214 1330 289 LXIV,
1357 216 1493 277 ‘Artg
1513 220 1646 275 621&
1683 238 1730 285 7.

116 294 234 335 statum
252 307 335 342 'mox
355 300 518 336 redierunt
540 313 550 339 3
585 299 636 334 sed
668 303 805 336 omnino
827 300 959 343 pristina
993 301 1109 335 sanitas

114 342 161 374 est
186 344 329 379 restituta
351 370 361 379 .
394 346 475 380 Haec
498 342 617 379 menses
641 345 781 387 perstitit
802 345 932 380 circiter
947 353 1109 387 quatuor,

114 385 219 421 donec
253 389 320 430 poll:
351 388 480 422 brevem
511 387 791 426 ambulationem,
822 390 854 422 &
879 387 1040 423 ¹scalarum
1075 399 1109 420 a·

115 427 255 466 scensum
280 456 290 471 ,
324 433 445 473 priores
477 430 526 470 illi
561 431 741 467 convullivi
773 430 910 466 insultus
931 452 941 468 ,
975 432 1109 475 rariores

112 478 242 512 tamen,
264 477 295 509 δι
317 475 500 514 breviores,
522 473 667 509 invadere
698 475 815 509 iterum
847 475 1012 517 coeperunt
1034 496 1048 514 ,
1078 475 1110 509 &

114 516 263 558 pulsuum
288 519 452 551 raritatem
463 517 632 552 reducere.
657 517 773 552 Mensis
787 528 856 552 tum
878 527 947 551 erat
972 519 1109 553 Decem-

115 560 190 593 ber..
215 562 246 595 A
282 572 349 603 quo
382 569 528 602 tempore
551 561 650 605 usque
673 562 711 594 ad
739 561 834 605 Junii
866 561 1001 595 initium
1035 570 1109 594 curn

115 603 246 638 morbus
270 605 356 637 vinci
386 615 450 637 non
472 601 571 645 posset
594 628 604 644 ‚
639 613 717 638 tunc
738 614 799 645 ego
821 603 1010 639 consulendi
1032 614 1108 638 cau-

116 643 145 679 sa
168 648 355 685 accersitus,
382 649 413 680 δι
444 657 478 681 ea
499 657 570 688 quae
594 647 656 679 tibi
679 647 841 689 haetenus,
862 644 1028 688 descripsi,
1053 656 1110 680 au-

112 687 204 732 divi,
227 693 258 724 &
281 700 402 732 aegrum
424 689 551 732 qualern
576 701 614 723 ex
636 699 810 725 memorata
822 689 965 732 Epistola
989 700 1106 731 cogno-

113 732 196 766 scere
231 743 342 776 potes,
363 734 493 767 inveni.
517 733 650 768 Raritas
683 734 840 775 praecipue
872 732 1019 774 pulsuum
1052 731 1108 765 illa

113 782 203 810 tanta
218 800 228 817 ,
252 785 287 810 ut
309 786 422 810 eorum
444 786 592 810 numerus
611 776 734 811 duabus
756 777 885 811 circiter
907 776 1015 811 tertiis
1037 786 1108 816 par-

113 818 202 851 tibus
225 820 332 854 minor
355 817 431 854 esset
463 830 560 860 quam
586 828 751 862 oporteret
775 844 785 859 ‚
818 828 888 853 tum
924 818 1107 852 inculcaba-

115 868 169 894 tur
190 882 201 899 ,
233 871 304 898 turn
337 873 354 894 a
397 873 447 895 me
476 873 606 905 quoque
640 863 854 904 reperiebatur
876 887 885 898 .
921 863 969 895 Ea
1001 869 1107 894 autem

113 913 263 946 perpetua
286 917 304 938 a
326 905 471 947 pluribus
493 904 557 949 jam
571 904 727 940 menfibus
750 907 883 946 raritas,
901 904 1108 951 quotiescun-

111 958 177 987 que
209 947 345 983 insultus
377 949 592 983 imminebant
616 971 628 988 ‚
665 949 715 982 vel
738 950 841 983 multo
874 958 979 989 major
1002 949 1108 990 perci,-

113 991 282 1032 piebat‘ur3
306 1000 342 1024 ut
366 1003 404 1025 ex
435 991 497 1026 hoc
513 1031 515 1033 ‚
531 991 597 1033 ejus
628 993 828 1026 incremento
861 989 1108 1034 nunquamsalss

112 1034 255 1067 letentur
289 1034 434 1072 Medici,
458 1033 479 1067 si
504 1035 677 1069 instantem
702 1035 909 1077 praedicerent
930 1033 1107 1067 insultum:

111 1087 180 1117 quo
209 1078 345 1111 durante
365 1101 378 1118 ‚
413 1077 618 1120 pulsusnon
652 1078 749 1113 modo
772 1089 810 1112 ex
832 1089 906 1112 raro
937 1076 1105 1121 frequent»,

112 1119 164 1153 sed
188 1121 234 1154 ita
259 1120 405 1163 frequens
444 1121 562 1161 fiebat,
586 1131 623 1155 ut
645 1123 678 1155 in
702 1123 794 1164 aegris
816 1120 1019 1164 frequentem
1048 1131 1107 1153 vo-

110 1174 237 1197 camus.
261 1165 341 1198 I-Iaec
372 1176 446 1198 cum
469 1164 649 1207 accepissem
668 1187 676 1202 ‚
702 1168 732 1198 δε
756 1174 868 1199 caetera
891 1164 1001 1197 om'nia
1036 1175 1106 1205 per-

113 1205 285 1247 pendissem
308 1221 317 1245 3
351 1208 524 1249 respondi,
547 1209 746 1249 implicitum
772 1208 854 1242 mihi
879 1207 981 1241 videri
1019 1216 1106 1240 mora

113 1250 191 1282 bum
206 1271 217 1290 ,
240 1252 270 1283 δι
294 1251 350 1293 qui
386 1261 553 1293 propterea
587 1262 652 1284 non
686 1252 776 1285 omni
798 1263 838 1285 ex
859 1260 949 1294 parte
972 1249 1035 1283 sine
1058 1262 1107 1283 er-

109 1293 193 1326 roris
216 1294 358 1335 periculo
379 1294 523 1336 dignosci
547 1292 667 1336 posset.
692 1295 781 1329 Hinc
805 1305 922 1328 temere
945 1293 1028 1327 nihil
1052 1304 1108 1326 au-

109 1336 250 1369 dendum
272 1359 284 1375 ,
316 1336 366 1371 sed
390 1339 428 1370 iis
451 1349 521 1380 quae
545 1338 712 1371 levaminis
745 1337 869 1380 aliquid
904 1336 1015 1371 afferre
1049 1337 1107 1369 ha-

109 1380 220 1412 ctenus
255 1379 473 1420 consuessent,
497 1382 638 1415 innoxiis
661 1380 809 1414 remediis
843 1380 1019 1414 utendum.
1043 1380 1109 1412 At-

111 1431 218 1456 tamen
249 1434 324 1456 cum
357 1427 388 1457 &
412 1433 503 1457 vetus
525 1424 582 1457 ille
606 1424 736 1466 morbus
755 1450 765 1465 ,
797 1427 828 1457 &
851 1422 1012 1466 praesentis
1034 1433 1109 1456 tau-

110 1464 163 1504 sa,
186 1466 320 1500 initium
341 1489 353 1506 ,
385 1469 417 1499 &
450 1466 667 1508 symptomata
692 1469 840 1509 pleraque
865 1477 978 1499 nervos
1002 1465 1108 1505 affici,

111 1517 166 1541 aut
199 1520 283 1543 certe
316 1511 350 1542 in
381 1510 570 1544 consensum
616 1508 735 1548 trahi,
777 1510 994 1553 fignificarent
1016 1520 1030 1548 ,·
1070 1508 1108 1543 ad

112 1553 296 1586 convulfiva
319 1552 438 1586 horum
471 1555 671 1587 irritamenta
698 1552 808 1587 saltem
833 1552 1011 1595 mitiganda
1036 1561 1108 1584 ten-

111 1596 173 1627 tari
208 1596 293 1637 posse
323 1597 392 1638 opii
429 1597 664 1642 pauxillulum,
687 1599 718 1629 &
739 1597 759 1629 fi
796 1597 879 1631 forte
904 1597 957 1630 hic
981 1595 1108 1638 aliquid

110 1639 270 1680 praestaret
293 1664 303 1680 ‚
334 1649 370 1672 ut
401 1641 434 1671 in
467 1647 539 1672 meo
569 1639 627 1672 illo
651 1638 733 1672 Cive
756 1643 770 1679 (
791 1651 813 1674 x
834 1643 869 1679 )‚
894 1650 959 1673 non
981 1641 1027 1672 ita
1051 1639 1107 1674 ab.

110 1680 269 1716 similibus
302 1681 528 1728 affeftionibus
559 1681 749 1722 laborante,
780 1683 919 1716 multum
952 1683 1108 1724 praestite-

108 1733 181 1764 rat,
202 1735 332 1759 cautum
365 1736 430 1767 ejus
453 1746 463 1762 ‚
495 1728 526 1757 ἂ
564 1735 786 1767 opportunum
810 1726 900 1759 usum
924 1735 987 1758 non
1023 1725 1108 1758 dese-

108 1768 265 1801 rendum.
291 1770 333 1801 Et
358 1767 427 1801 sane
482 1768 502 1802 1.
523 1768 666 1812 Jacobus
691 1769 896 1802 Placentinus
920 1791 930 1806 ,
965 1780 1109 1811 quocum

111 1822 179 1844 eam
215 1811 452 1844 consultatione
509 1810 706 1849 habueram,
729 1811 811 1844 mihi
848 1812 951 1852 postea
973 1811 1109 1849 retulit,

110 1854 143 1886 id
179 1865 244 1887 non
277 1853 340 1887 fine
371 1856 447 1896 aegri
479 1854 619 1887 utilitate
649 1857 689 1888 ab
723 1854 753 1887 se
783 1853 874 1888 fuisse
914 1864 1074 1889 tentatum
1099 1879 1109 1890 .

108 1897 170 1931 Sed
204 1897 337 1931 morbus
360 1906 467 1931 tamen
490 1909 524 1930 ea
555 1896 660 1931 aestate
684 1899 841 1940 perstitit.
867 1899 933 1931 Sub
955 1899 1048 1939 cujus
1071 1897 1109 1931 fi-

110 1949 184 1974 nem
209 1940 299 1974 auem
322 1940 541 1984 respirationis
565 1941 754 1975 difficultate
765 1952 838 1975 cum
863 1941 932 1975 tuffi
950 1966 959 1981 ,
981 1945 1011 1975 (st
1035 1944 1109 1983 spu-

109 1986 151 2017 tis
174 1984 326 2027 plumbeo
351 1983 459 2018 colore
491 1985 625 2024 tinstis‚
648 1984 788 2018 insultus
810 1996 941 2027 quoque
964 1985 1109 2018 crebrio-

107 2038 156 2061 res
184 2052 195 2069 ,
228 2027 393 2069 longiores
416 2051 425 2066 ,
457 2027 682 2070 gravioresque
706 2028 776 2062 sunt
799 2026 875 2061 fac'ti
899 2050 910 2065 ‚
942 2031 972 2061 ὅ(
997 2039 1106 2065 mens,

106 2080 180 2113 quae
203 2071 287 2105 inter
310 2069 384 2104 illos
413 2082 488 2104 cum
522 2072 676 2104 memoria
710 2071 841 2113 vigebat
863 2094 876 2111 ,
907 2072 946 2104 iis
970 2071 1108 2112 praesen-

107 2115 196 2147 tibus
229 2112 328 2147 abesse
362 2113 533 2146 videbatur
557 2139 565 2147 .
601 2113 712 2147 Pulsus
736 2124 842 2147 tamen
867 2114 989 2147 validos
1012 2139 1022 2154 ,
1056 2113 1108 2147 sed

108 2168 197 2191 raros
230 2157 333 2190 adhuc
366 2155 478 2196 fuisse,
502 2156 581 2190 scivi
614 2158 654 2190 ab
685 2157 723 2189 iis
755 2159 811 2200 qui
844 2157 1022 2191 inviserant
1054 2157 1108 2190 die

108 2210 181 2234 ante
206 2209 344 2233 mortem
369 2198 542 2242 vigesimo.
567 2201 650 2241 Qae
669 2200 849 2242 penultimo
872 2199 1000 2234 tandem
1023 2202 1108 2234 acci-

107 2245 157 2277 dit
188 2244 384 2285 Septembris
416 2243 467 2276 die
499 2254 583 2277 anno
605 2244 716 2277 eodem
743 2252 837 2285 1747.
860 2254 927 2285 quo
948 2242 1001 2281 die
1023 2254 1107 2281 tres,

107 2295 288 2329 quatuorve
318 2285 455 2321 insultus
487 2285 726 2328 praecesserant.
750 2288 799 2320 Ut
822 2285 962 2321 liberum
985 2287 1106 2329 semper

104 2342 192 2373 aegro
226 2328 330 2363 fuerat
352 2351 362 2367 ‚
394 2329 457 2363 five
481 2330 608 2370 supinus
631 2330 748 2370 vellet,
771 2329 833 2362 sive
855 2332 889 2362 in
914 2330 1105 2373 alterutrum

101 2374 186 2407 'latus
211 2374 346 2410 cubate3
370 2373 412 2406 sic
446 2374 480 2405 in
512 2373 595 2406 latus
617 2374 735 2407 cubans
766 2372 947 2413 sinistrum,
970 2372 1103 2408 suffoca-

101 2421 128 2450 ti
162 2415 259 2450 instar
281 2426 429 2450 mortuus
452 2416 516 2455 est,
539 2426 643 2450 exerta
668 2416 800 2458 lingua,
824 2419 855 2449 &
890 2415 969 2450 vasis
1005 2416 1103 2450 faciei

98 2462 137 2493 ad
162 2459 256 2502 hujus
289 2459 387 2501 usque
419 2459 619 2501 nigredinem
642 2459 795 2494 tumidis.
822 2463 851 2492 A
877 2462 983 2502 primo
1004 2461 1104 2493 initio

100 2504 207 2537 morbi
231 2502 269 2536 ad
291 2503 400 2544 yfinem
434 2502 553 2545 usque,
575 2503 608 2536 id
631 2502 674 2536 est
697 2503 882 2545 quindecim
917 2502 991 2545 ipsis
1015 2515 1103 2538 rnen-

101 2547 208 2585 fibus‚
233 2547 320 2580 nulla
343 2553 484 2587 uanam
516 2546 549 2579 se
570 2545 714 2588 prodidit
737 2545 834 2579 febris
859 2569 868 2582 ‚
903 2547 1009 2581 nullus
1043 2557 1104 2580 un-

106 2601 204 2633 quam
228 2589 292 2624 fuit
316 2591 431 2631 capitis
453 2588 568 2622 dolor.
700 2589 979 2623 CADAVERIS
1009 2589 1103 2625 disse·

102 2635 207 2668 citioni
222 2659 232 2675 ‚
256 2643 290 2666 ut
315 2643 445 2674 rogatus
468 2631 592 2666 fueram
617 2656 626 2672 ,
657 2632 811 2675 postridie
835 2632 970 2674 praefui.

104 2676 278 2719 Thoracis*
300 2687 416 2710 cavum
447 2676 613 2709 dexterum
637 2688 725 2719 aquae
740 2702 748 2715 ‚
772 2675 890 2709 lotium
914 2675 1078 2710 referentis
1093 2697 1103 2713 ‚

106 2721 203 2760 libras
226 2721 348 2762 plures;
373 2718 534 2752 sinistrum
559 2728 665 2752 autem
690 2721 794 2752 minus
814 2718 946 2753 habuit.
973 2720 1105 2753 Pulmo-

108 2774 163 2797 nes
193 2762 351 2805 nusquam
382 2763 420 2795 ad
452 2763 593 2803 pleuram
628 2761 843 2801 adhaerentes,
868 2762 1021 2805 nusquam
1044 2764 1105 2796 du-

107 2807 159 2846 ri,
181 2805 289 2841 colore
319 2804 372 2839 hic
405 2805 472 2838 illic
507 2816 563 2846 per
588 2807 779 2840 anteriorem
802 2805 999 2848 superficiem
1017 2808 1105 2840 cine-

107 2861 185 2889 reo,
208 2846 297 2881 incifi
321 2847 403 2881 nihil
427 2847 560 2889 usquam
583 2849 657 2880 vitii
680 2849 902 2886 ostenderunt,
926 2848 984 2882 nisi
1016 2849 1106 2892 quod

107 2894 193 2926 inter
215 2890 555 2925 diffecandumlobum
579 2891 774 2933 superiorem
798 2892 975 2930 sinistrum,
1002 2894 1105 2935 pluri-

105 2938 166 2970 bus
197 2936 231 2969 in
267 2935 347 2967 locis
380 2947 418 2968 ex
449 2935 562 2974 settis,
586 2936 726 2976 opinor,
750 2935 914 2968 bronchiis
937 2940 1104 2970 materiam

109 2980 216 3013 albam
240 2976 378 3012 fluidam
414 2975 624 3020 puriformem
656 2980 764 3021 potius
787 3003 796 3018 ‚
828 2989 925 3021 quam
956 2980 1106 3021 purulen-

108 3033 176 3056 tam
199 3023 304 3060 exire,
327 3021 582 3062 animadversum
607 3020 666 3055 est.
692 3021 847 3062 Asperam
871 3028 999 3064 quoque
1022 3032 1105 3056 arte-

106 3068 188 3101 riam
211 3075 285 3099 cum
311 3065 420 3107 aliquo
452 3076 489 3098 ex
515 3064 698 3109 'majoribus
733 3064 900 3099 broncliiis
933 3066 1103 3100 secundum

108 3108 351 3150 longitudinem
375 3108 566 3150 aperiendo,
590 3109 664 3141 vitii
696 3107 873 3151 quidquam
898 3120 961 3142 non
994 3112 1104 3151 potuit

106 3151 287 3195 conspici,
318 3161 432 3193 praeter
463 3151 604 3185 colorem
628 3162 666 3184 ex
693 3152 793 3185 rubro
817 3151 940 3185 fuscum
965 3163 1020 3194 per
1052 3154 1102 3185 in.

107 3197 260 3229 ter-iorem
295 3194 382 3227 illius
405 3196 527 3227 arteriae
551 3195 686 3229 faciem.
712 3196 800 3227 Intra
825 3195 1038 3234 pericardium
1070 3208 1102 3230 a.

106 3250 179 3282 quae
210 3235 367 3280 ejusmodi
388 3260 401 3277 ‚
434 3239 561 3278 qualern
582 3240 614 3270 in
638 3237 770 3271 thorace
789 3236 896 3274 fuisse,
919 3240 1012 3279 dixi,
1037 3250 1103 3273 me-

105 3281 227 3316 diocris
250 3282 343 3323 copia
358 3304 366 3313 .
389 3281 457 3312 Cor
480 3292 558 3314 vero
595 3282 736 3323 amplum
769 3280 859 3314 valde
882 3282 926 3314 ob
948 3281 1100 3317 dilatatos

106 3324 306 3360 ventriculos
328 3346 337 3361 ,
373 3334 436 3355 non
461 3325 505 3356 ob
528 3325 660 3365 parietes
693 3323 795 3359 factos
830 3323 1009 3357 craffiores:
1033 3338 1100 3360 am.

106 3366 255 3412 plificatae
280 3376 387 3400 tamen
409 3367 590 3408 columnae,
614 3367 700 3409 quod
724 3368 757 3400 in
770 3366 900 3400 dextero
924 3368 1101 3409 praesertim

105 3409 288 3444 ventriculo
323 3410 492 3444 adnotavi.
518 3411 679 3444 Auriculae
714 3411 833 3453 pariter
854 3433 864 3448 ,
900 3412 930 3443 ὃς
967 3412 1101 3448 valvulae

105 3464 217 3489 omnes
248 3452 473 3494 amplificatae,
496 3454 574 3486 sanae
598 3463 724 3487 tamen:
749 3456 779 3486 &
814 3453 936 3494 majora
969 3465 1099 3498 quoque

105 3507 197 3532 erant
221 3496 409 3530 arteriarum
420 3497 672 3531 Coronariarum
695 3496 838 3539 orificia.
863 3497 982 3539 Magna
996 3499 1096 3533 etiam

103 3541 220 3577 'arteria
252 3538 291 3574 ad
327 3548 507 3575 curvaturae
537 3539 634 3584 usque
678 3540 808 3578 initium
842 3551 934 3582 aequo
966 3542 1062 3577 latior
1086 3568 1094 3577 .

92 3604 93 3607 ’
109 3602 117 3625 l

104 3626 109 3639 l

1158 300 1201 333 *In
1246 297 1327 332 facie
1357 300 1422 343 ejus
1466 298 1620 333 interiore
1656 294 1876 342 paulo-‘supra
1914 295 2056 331 valvulas
2082 295 2155 329 *anr-

1163 341 1320 377 madverti
1363 354 1478 385 paucas
1522 340 1675 384 quasdam
1722 340 1978 381 protuberantias
2003 363 2012 379 ,
2044 339 2154 381 ibique

1160 385 1368 420 substantiam
1399 385 1523 421 arteriae
1554 384 1755 421 crassiorem,
1780 383 1965 422 duriorem,
1989 382 2154 424 magisque

1160 429 1265 462 albam
1288 451 1295 459 .
1333 430 1452 463 Earum
1484 440 1615 470 quoque
1635 429 1773 470 aliquam
1798 426 1865 459 vidi
1886 436 1948 467 qua
1971 426 2080 458 eadem
2104 434 2154 456 ar-

1158 472 1238 506 teria
1261 470 1434 507 secundum
1460 470 1618 505 vertebras
1642 470 1782 504 thoracis
1815 468 2047 507 descendebam
2076 467 2156 500 illue

1159 515 1244 547 enim
1268 515 1363 557 usque
1386 516 1526 557 aperiri,
1548 513 1636 556 jussi.
1664 514 1864 547 Pulmonaris
1889 522 1997 544 autem
2019 512 2156 546 arteria,

1157 560 1189 592 δι
1215 568 1286 599 pars
1308 560 1372 592 ima
1396 568 1544 593 venarum
1569 555 1709 601 ejusdem
1723 557 1863 590 nominis
1878 578 1890 595 ‚
1914 557 1943 588 &
1957 554 2048 589 Cava
2065 563 2156 587 utra-

1158 611 1220 643 que
1254 611 1354 643 prope
1388 612 1464 639 cor,
1488 601 1597 638 intus,
1631 611 1781 641 exrraque
1815 597 1986 632 secundum
2031 606 2157 631 natutae

1157 643 1291 678 modum
1310 644 1457 678 fuerunt.
1487 643 1606 684 Nigri,
1632 642 1796 684 fluidique
1819 642 1982 682 sanguinis
2005 640 2068 674 sine
2091 638 2156 673 ulla

1158 687 1207 720 vel
1232 687 1383 720 leviffima
1405 689 1609 720 concretione
1641 686 1795 728 polyposa
1821 696 1895 718 cum
1919 686 1953 718 in
1979 684 2067 717 venis
2089 683 2159 732 pah

1159 732 1227 769 vis,
1250 739 1322 764 tum
1345 730 1519 771 praesertim
1540 731 1572 762 in
1598 728 1737 764 auricula
1761 728 1915 765 dextera,
1938 730 1969 761 δε
1993 736 2157 759 ventricu-

1158 773 1192 807 lo
1215 782 1352 814 utroque
1377 774 1514 807 multum
1529 773 1615 807 vidi.
1753 772 1876 805 Ventre
1890 770 2065 811 adaperto,
2089 779 2157 802 tur.

1158 815 1266 858 gidula
1301 827 1368 848 aere
1399 816 1546 850 intestina
1568 823 1777 849 occurrerunt
1799 837 1811 854 ,
1844 813 2015 846 Tenuibus
2048 823 2155 847 omem

1157 869 1229 893 tum
1254 882 1264 896 ,
1299 858 1387 901 quod
1423 859 1461 894 ad
1492 858 1707 892 ventriculum
1733 857 1905 891 retractum
1943 865 2010 889 erat
2033 879 2043 896 ‚
2077 863 2156 903 elpe-

1157 903 1333 936 rientibus.
1356 902 1454 944 Jecur
1485 901 1706 937 duriusculum
1732 924 1741 938 ‚
1765 903 1807 933 ¹&
1841 900 1879 933 ad
1903 900 2073 933 caeruleum
2092 907 2160 931 *co-

1157 947 1259 980 lorem
1284 950 1416 987 vergens
1439 971 1447 979 .
1482 947 1561 979 Lien
1596 945 1691 989 paulo
1714 942 1837 986 major,
1860 954 1957 986 quam
1977 941 2157 991 ‘secundum

1159 999 1306 1022 naturam
1331 1012 1339 1022 .
1378 989 1588 1023 Ventriculus
1611 999 1741 1031 quoque
1765 986 1887 1027 amplus
1911 1009 1920 1023 ,
1954 986 2084 1028 ejusque
2107 996 2161 1021 mu,

1159 1034 1258 1065 terior
1289 1031 1385 1064 facies
1418 1044 1457 1066 ex
1480 1033 1580 1065 rubro
1604 1031 1711 1070 fusca,
1734 1032 1765 1062 &
1797 1030 1849 1063 hic
1884 1029 1954 1067 illjc
1988 1029 2159 1071 subnigra,

1158 1074 1281 1109 credidi
1301 1075 1341 1108 ab
1365 1076 1516 1120 sanguine
1539 1073 1705 1108 novissime
1728 1072 1912 1112 restitante5
1937 1083 2013 1107 nam
2032 1074 2063 1105 &
2088 1072 2160 1105 Te-

1157 1121 1233 1152 rfuia
1256 1117 1403 1152 intestina
1438 1120 1578 1153 exterius
1614 1117 1768 1151 subrubra
1793 1142 1801 1150 .
1834 1116 1919 1156 Qae
1944 1141 1952 1156 ‚
1984 1118 2014 1149 &
2047 1114 2160 1147 Colon

1156 1174 1230 1197 cum
1253 1162 1362 1195 omnia
1386 1163 1607 1200 contrectata,
1631 1164 1662 1196 &
1685 1160 1805 1194 versata
1829 1165 1927 1193 etiam
1942 1159 2003 1193 huc
2026 1159 2104 1191 illuc
2115 1157 2162 1195 esa,-

1158 1205 1226 1240 sent
1249 1215 1260 1243 3
1293 1204 1377 1238 nihil
1399 1204 1675 1247 morbidipotuit
1699 1203 1933 1236 animadverti.
1961 1203 2082 1235 Pariter
2105 1212 2161 1234 ne-

1157 1248 1219 1291 que
1242 1249 1275 1280 in
1308 1258 1496 1290 pancreate,
1519 1248 1679 1290 neque‘iu
1704 1245 1897 1279 mesenterio
1918 1244 2081 1283 durities,
2105 1251 2161 1282 aut

1160 1294 1278 1326 vitium
1291 1292 1377 1325 aliud
1402 1290 1485 1326 fuit.
1511 1290 1595 1326 Illud
1608 1290 1742 1332 denique
1766 1300 1830 1322 non
1856 1288 1898 1321 est
1919 1287 2164 1326 omittendum.

1159 1346 1233 1368 cum
1271 1335 1414 1376 primum
1447 1346 1543 1368 manu
1583 1334 1708 1367 dimota
1746 1331 1817 1365 sunt
1851 1332 2003 1366 intestina
2023 1350 2036 1368 -,
2072 1340 2163 1372 aquae

1158 1380 1286 1421 copiam
1330 1389 1395 1411 non
1427 1380 1563 1411 omnino
1597 1387 1729 1421 paucam
1766 1376 1822 1408 sub
1854 1375 1921 1407 illis
1952 1374 2128 1417 apparuisse
2153 1399 2165 1408 .

1285 1422 1440 1457 Cranium
1475 1432 1581 1457 autem
1613 1420 1716 1455 secare
1753 1430 1808 1454 uec
1842 1420 1955 1458 locus,
1993 1429 2051 1453 nec
2082 1417 2164 1452 hora

1162 1464 1378 1508 permiserunt
1390 1490 1399 1499 .
1874 1453 1880 1499 l

1203 1511 1234 1542 6.
1260 1510 1311 1543 De
1333 1511 1424 1551 plena
1448 1507 1526 1547 hac,
1548 1516 1587 1540 ut
1609 1505 1765 1549 promisi,
1789 1501 1885 1548 atque
1922 1504 2001 1539 adeo
2034 1503 2163 1549 prolixa

1159 1550 1314 1591 historia,
1348 1551 1466 1585 omiffis
1501 1550 1651 1584 consulto
1683 1562 1755 1592 quae
1790 1550 1897 1583 morbi
1931 1550 2061 1583 effectus
2095 1549 2165 1581 evi*

1158 1595 1268 1628 dentes
1301 1593 1449 1633 fuerunt,
1474 1596 1504 1626 δε
1528 1605 1599 1636 quae
1623 1594 1803 1635 longiorem
1827 1591 1963 1626 historia*
1985 1592 2164 1626 sermonem

1157 1640 1377 1680 requirerent,
1401 1637 1439 1671 ad
1463 1649 1496 1670 ea
1520 1636 1688 1669 dumtaxat
1713 1635 1826 1668 redibo
1849 1646 1919 1676 quae
1944 1634 2054 1668 statim
2080 1647 2095 1667 a
2114 1645 2166 1667 ca*

1159 1680 1286 1715 daveris
1307 1680 1493 1715 disseffione
1516 1679 1754 1712 Praeclariffimo
1769 1678 1977 1715 Placentino,
2002 1681 2032 1713 &
2057 1677 2163 1710 Solet-

1161 1724 1281 1757 tiffimo
1303 1725 1483 1757 profectori
1497 1723 1636 1757 Publico
1661 1722 1850 1758 Mediaviae‚
1877 1721 1989 1754 &aliis
2013 1722 2070 1763 qui
2093 1721 2166 1753 ade-

1161 1778 1255 1805 rant,
1280 1768 1371 1806 dixi,
1394 1765 1488 1800 fuisse
1508 1766 1640 1808 quidem
1664 1763 1799 1798 universi
1822 1765 1948 1803 cordis,
1975 1767 2007 1797 δε
2033 1764 2163 1806 Magne

1160 1813 1285 1845 arteriae
1319 1810 1545 1844 dilatationem
1578 1821 1594 1843 a
1619 1809 1713 1843 nobis
1732 1806 1961 1848 conspectam,
1986 1817 2056 1850 quae
2081 1816 2166 1842 certe

1162 1863 1332 1896 antequam
1358 1852 1488 1887 affectus
1511 1852 1561 1886 illi
1595 1850 1863 1895 vehementissimi
1885 1853 2035 1885 animum
2054 1850 2164 1885 homi—

1159 1899 1209 1930 nis
1233 1897 1458 1938 percellerent,
1483 1897 1570 1930 nulla
1594 1895 1720 1934 fuerat3
1744 1897 1868 1936 optime
1890 1898 1978 1928 enim
2002 1896 2126 1928 valebat
2151 1907 2161 1934 ς

1160 1941 1271 1982 itaque
1304 1953 1320 1974 a
1359 1943 1499 1974 maxime
1531 1940 1720 1981 perturbato
1753 1939 1928 1980 spirituum
1961 1949 2016 1982 per
2050 1949 2163 1972 nervos

1156 1988 1252 2017 'motu
1273 2009 1284 2024 ‚
1321 1985 1434 2026 eosque
1467 1983 1640 2026 praesertim
1673 1983 1731 2026 qui
1764 1989 1820 2014 cor
1846 1992 1977 2026 eamque
2011 1985 2163 2018 arteriam

1159 2028 1277 2061 adeunt
1292 2051 1301 2067 ,
1324 2027 1426 2061 videri
1460 2025 1525 2069 ejus
1549 2027 1753 2060 dilatationis
1775 2026 1908 2059 initium
1932 2026 2163 2069 repetendum,

1159 2072 1200 2105 ab
1219 2071 1394 2113 iisdemque
1417 2071 1554 2104 irritatis
1579 2069 1712 2104 subinde
1737 2070 1862 2106 nervis,
1890 2070 2068 2104 ventriculo
2081 2082 2164 2113 quo-

1158 2125 1220 2156 que
1244 2112 1537 2151 subservientium,
1562 2122 1635 2148 tum
1671 2113 1794 2147 sensum
1827 2113 1923 2147 illum
1956 2112 2043 2155 quasi
2075 2114 2160 2149 fumi

1158 2157 1234 2191 inde
1264 2156 1455 2192 ascendentis
1479 2180 1491 2197 ,
1527 2165 1597 2190 turn
1619 2156 1827 2192 convullivos
1851 2156 1987 2190 insultus
2009 2158 2067 2200 qui
2087 2169 2160 2193 eum

1159 2199 1282 2234 sensum
1305 2201 1602 2243 consequebantur,
1628 2212 1643 2234 a
1666 2211 1755 2236 certo
1776 2209 1883 2234 autem
1903 2200 2060 2243 quodam,
2088 2214 2163 2236 nec-

1158 2244 1236 2278 dum
1258 2254 1365 2278 tamen
1390 2245 1506 2282 αιιᾶο,
1530 2243 1790 2287 confirmatoque
1811 2243 1984 2287 spirituum
2000 2268 2012 2285 ,
2034 2248 2064 2279 δε
2088 2246 2162 2279 ner-

1158 2298 1276 2320 vorum
1302 2289 1384 2320 vitio
1408 2288 1545 2330 primam
1569 2288 1657 2322 illam
1682 2298 1746 2321 non
1769 2289 1814 2319 ita
1840 2299 1987 2331 magnam
2011 2289 2163 2330 pulsuum

1157 2332 1345 2368 tarditatem
1370 2328 1465 2364 facile
1488 2330 1704 2366 deducendam
1729 2356 1737 2364 .
1771 2331 1853 2368 Quae
1888 2333 1909 2365 li
1935 2334 2045 2367 omnia
2079 2335 2163 2378 sym-

1155 2384 1302 2416 ptomata
1335 2387 1351 2408 a
1385 2384 1516 2408 cruenta
1549 2375 1604 2407 illa
1640 2374 1821 2417 dejefflone
1851 2376 1992 2417 primum
2026 2379 2159 2420 quidem

1157 2417 1262 2451 sedata
1288 2417 1387 2457 sunt,
1412 2429 1477 2451 non
1500 2418 1631 2452 difficile
1664 2421 1703 2453 ab
1727 2419 1765 2451 iis
1789 2418 1914 2452 causam
1938 2420 2160 2462 quadantenus

1156 2460 1339 2503 conjeftum
1363 2462 1403 2493 iri
1427 2462 1485 2504 qui
1509 2461 1549 2495 ab
1572 2461 1866 2496 haemorrhoidibus
1889 2461 1970 2496 hanc
1995 2470 2160 2509 repetant',

1155 2506 1187 2537 ἃ
1212 2515 1299 2537 venae
1334 2506 1504 2538 Portarum
1529 2506 1650 2540 radices
1672 2506 1823 2545 cunetas,
1849 2505 2024 2550 praesertim
2047 2521 2119 2552 quae
2142 2525 2159 2546 a

1154 2547 1336 2581 ventriculo
1359 2549 1393 2581 in
1416 2547 1504 2582 illius
1528 2561 1615 2583 venae
1640 2559 1790 2583 truncum
1811 2548 1940 2584 demum
1962 2552 2156 2597 confluunt,

1153 2600 1221 2624 non
1243 2592 1416 2632 ignorent.
1551 2592 1623 2626 Nec
1647 2603 1755 2626 tamen
1768 2603 1934 2635 propterea
1955 2598 2156 2639 negandum,

1153 2645 1224 2667 eam
1246 2645 1345 2676 quam
1378 2635 1544 2675 diximus,
1568 2635 1696 2675 cordis,
1718 2639 1749 2669 δε
1774 2636 1903 2678 Magnae
1928 2641 2053 2673 arteriae
2078 2642 2158 2675 dilass

1154 2680 1317 2711 tationem
1333 2704 1342 2718 ,
1366 2679 1543 2721 praesertim
1567 2680 1737 2723 postquam
1763 2681 1890 2714 adaucta
1912 2679 2015 2714 fuerat
2030 2705 2039 2719 ,
2062 2685 2158 2727 quid-

1155 2731 1254 2762 quam
1287 2722 1326 2755 ad
1360 2721 1510 2764 pulsuum
1535 2725 1700 2757 raritatem
1722 2724 1912 2761 contulisse.
1938 2726 2057 2767 quippe
2080 2739 2154 2763 cum

1155 2772 1331 2808 utrumque
1347 2765 1397 2798 ”sic
1421 2767 1525 2799 minus
1536 2774 1648 2807 aptum
1670 2765 1744 2799 esset
1767 2766 1805 2799 ad
1829 2765 1858 2798 se
1884 2767 1990 2800 statim
2015 2780 2050 2802 ac
2061 2782 2160 2813 opor-

1156 2816 1238 2840 teret
1250 2807 1530 2847 contrahendum,
1553 2810 1657 2842 nervis
1680 2808 1856 2851 praesertim
1868 2810 1912 2843 ob
1934 2811 2157 2850 dilatationem

1157 2850 1260 2892 ipsam
1283 2851 1455 2885 distraffls.
1480 2852 1540 2885 Sed
1563 2863 1665 2894 neque
1701 2854 1738 2885 ad
1772 2851 1929 2895 ejusmodi
1964 2856 2068 2889 causas
2100 2862 2155 2893 aut

1157 2894 1281 2932 solum,
1307 2904 1362 2931 aut
1387 2896 1570 2937 praecipue‚
1593 2895 1742 2937 pulsuum
1767 2904 1890 2929 tantam
1912 2900 2079 2932 raritatem
2095 2901 2156 2936 esse.

1156 2935 1373 2975 referendam,
1398 2939 1447 2971 vel
1471 2937 1547 2971 hinc
1570 2939 1752 2980 intelligere
1777 2940 1921 2980 proclive
1953 2940 2042 2983 fore,
2064 2945 2154 2986 quod

1157 2981 1192 3012 in
1217 2989 1268 3013 tot
1292 2981 1363 3014 aliis
1385 2992 1525 3023 quorum
1549 2981 1677 3022 cordis,
1700 2984 1731 3015 &
1754 2984 1877 3015 arteriae
1912 2985 2024 3018 Aortae
2058 2999 2154 3022 aneu.

1156 3022 1321 3069 rysmata,
1340 3026 1444 3057 multo
1476 3026 1572 3058 etiam
1596 3024 1661 3058 istis
1686 3024 1805 3067 majora
1820 3047 1829 3063 ,
1852 3027 2116 3069 deprehendimus
2139 3055 2152 3071 ,

1157 3067 1350 3108 ejuscemodi
1388 3068 1493 3109 pulsus
1528 3079 1591 3101 non
1627 3067 1733 3109 fuere,·
1757 3078 1791 3101 ut
1814 3068 1871 3102 nisi
1909 3071 1994 3105 aliud
2021 3073 2153 3116 ‘aliquod

1154 3110 1282 3143 accedat
1307 3136 1316 3150 ,
1352 3122 1405 3144 eos
1440 3122 1504 3144 non
1541 3111 1614 3145 inde
1638 3112 1706 3145 fieri
1733 3113 1804 3144 satis
1825 3112 1968 3146 conflet.
1995 3115 2070 3148 Hoc
2094 3128 2151 3150 au-

1153 3162 1220 3187 tem
1243 3154 1331 3196 quod
1356 3154 1450 3187 debet
1473 3154 1639 3191 accedere,
1663 3154 1719 3188 nisi
1743 3164 1866 3188 certum
1899 3158 2062 3198 quoddam
2088 3159 2151 3202 spi..

1154 3198 1278 3229 rituum
1302 3200 1332 3230 &
1356 3208 1530 3230 nervorum
1554 3199 1670 3231 vitium
1695 3197 1756 3236 sit,
1781 3196 1967 3239 perdifficile
1996 3200 2042 3234 'est
2072 3214 2149 3236 con-

1154 3240 1267 3283 jicere.
1292 3241 1371 3274 Haec
1394 3238 1493 3274 ferme
1514 3240 1625 3274 dixiffe
1650 3251 1727 3275 tunc
1751 3243 1905 3282 memini,
1929 3246 2055 3285 &nunc
2080 3246 2148 3287 pla-

1154 3294 1204 3316 cet
1231 3283 1325 3316 altera
1350 3295 1420 3326 quae
1444 3284 1482 3317 ad
1508 3285 1612 3326 pulsus
1636 3286 1793 3323 attineat,
1816 3295 1884 3318 mea
1911 3285 2148 3323 Observatione

1153 3338 1219 3368 quo
1244 3327 1281 3359 ad
1305 3328 1421 3359 interea
1447 3328 1569 3367 possum
1584 3350 1593 3365 ,
1614 3326 1823 3360 confirmare.
2099 3328 2103 3332 “

1196 3380 1225 3410 7.
1253 3370 1280 3403 1³<
1295 3371 1327 3402 U
1341 3371 1405 3403 ST
1419 3373 1432 3403 Ι
1445 3371 1473 3401 C
1491 3371 1522 3402 U
1537 3372 1555 3402 S
1601 3371 1665 3412 jam
1699 3369 1930 3415 propemodum
1973 3374 2149 3419 octogena..

1153 3413 1218 3444 rius
1242 3434 1251 3448 ‚
1284 3415 1317 3445 in
1355 3413 1592 3447 Nosocomium
1627 3414 1777 3446 admissus
1810 3413 1852 3446 ob
1884 3416 2073 3453 Tertiana‘m
2099 3420 2146 3453 fe-

1152 3455 1242 3488 brem
1267 3458 1541 3494 Intermittentem
1558 3479 1571 3497 ,
1596 3458 1764 3499 postquam
1805 3457 1931 3490 sanatus
1954 3458 2017 3492 suit
2041 3484 2050 3498 ,
2081 3458 2145 3496 ibi.v

1147 3498 1220 3531 dem
1255 3509 1389 3541 propter
1432 3510 1648 3542 paupertatem
1683 3499 1796 3533 tandiu
1829 3500 1965 3540 perstitit
1984 3512 1997 3541 ·‚
2042 3504 2148 3540 donec*

1147 3540 1252 3575 mense
1285 3544 1401 3577 octavo
1423 3543 1585 3577 diarrhoea
1608 3544 1703 3577 semel
1724 3565 1734 3583 ,
1766 3544 1885 3576 iterum
1908 3568 1918 3584 ,
1950 3556 1985 3579 ac
2009 3551 2144 3585 tertium

1994 3600 2100 3626 corre-

98 3693 2141 3717 mmm

164 3776 180 3806 ζ
192 3781 208 3799 κ
224 3773 234 3805 l
249 3773 321 3802 Epist·
338 3779 362 3801 9-
380 3781 408 3803 n.
423 3777 448 3800 6.
463 3782 489 3803 7„
