2498 4075
436 249 588 317 Epist.
627 251 787 302 Anat.
825 248 1043 304 Medica
1078 249 1116 303 Ι.

71 329 104 362 in
128 339 269 370 mentem
291 353 304 372 ‚
335 331 426 375 cujus
448 329 699 372 dissecuivcaput
732 328 862 369 ineunte
880 358 882 361 .
897 341 983 367 anno
1009 340 1101 374 1717.

69 372 195 407 Affetffta
219 375 362 417 primum
393 374 531 410 Venerea
554 374 605 406 'lue
627 394 638 411 ,
669 370 746 404 hinc
780 371 866 406 febre
887 385 969 409 cum-
984 375 1104 408 atroci-

70 415 128 451 bus
150 419 268 460 capitis
291 419 461 453 doloribus
483 441 492 456 ,
529 420 561 449 δε
584 415 701 448 delirio
723 425 867 457 correpta
887 441 899 457 ,
933 430 972 450 ex
996 417 1046 450 his
1069 419 1103 450 in

71 462 279 495 Nosocomio
313 464 469 496 Patavino
503 458 670 493 decesserat
691 482 698 489 .
796 461 948 506 HUJUS
979 472 1104 503 quoque

72 504 230 540 exsect'um
253 506 398 540 cranium
421 504 540 538 alicubi
563 503 709 546 apparuit
732 513 770 537 ex
793 502 891 548 rubro
914 505 1073 547 nigricans
1095 530 1102 536 .

70 550 172 583 Durae
196 560 303 583 autem
333 550 491 590 meningis
522 558 556 579 ea
581 558 650 589 pars
673 569 685 585 ,
717 556 787 588 quae
821 548 958 589 supernae
989 546 1102 581 mediae

70 595 196 635 regioni
233 596 327 630 Sinus
351 592 507 625 Lateralis
540 590 666 623 dexteri
691 591 838 632 proxima
873 600 963 631 erat,
996 591 1103 624 multo

70 635 198 670 craffior
221 636 328 677 faeta,
351 646 426 668 cum
437 636 532 668 altera
554 635 724 675 meninge,
738 641 830 675 atque
841 633 918 667 adeo
940 645 1013 668 cum
1024 646 1105 668 cere—

67 680 119 714 bri
141 679 312 714 substantia
335 679 472 713 omnino
492 676 911 718 coalueratssrantqueohaec
936 679 998 710 tria
1012 690 1048 710 eo
1070 679 1105 711 in

69 724 145 758 loco
167 722 402 764 semiputrida,
426 720 728 763 &luridoquodam
749 718 882 760 colore,
904 732 941 754 ex
964 721 1105 755 subflavo

69 769 196 800 cinereo
210 792 220 805 ,
243 769 277 799 in
301 766 451 801 corticali
475 764 648 811 praesertim
670 763 790 796 cerebri
814 766 963 804 portione
978 765 1107 803 ,detur-

71 820 168 853 pata.
194 811 289 853 Qn
313 811 411 844 etiam
433 809 552 841 extima
576 806 708 849 subjeffiti
732 806 877 839 cerebelli
903 807 1074 841 substantia
1093 831 1106 847 ‚

70 866 254 898 quanquam
280 854 319 887 acl
330 856 488 887 minorem
509 849 720 890 tractumstd
740 849 819 883 duos
843 850 992 884 videlicet
1006 851 1107 884 trans-

72 898 176 931 versos
199 897 344 936 digitos,
370 908 444 931 cum
468 897 614 936 meninge
635 903 771 936 utraque
795 893 873 927 adeo
895 895 1107 930 coaluerat‚ut

69 953 173 975 cume
193 937 294 977 Durae
317 951 394 975 cavo
412 940 599 972 cerebellum
618 935 943 980 extraherem,hujus
964 938 1012 970 ibi
1036 937 1108 972 sub-

71 984 212 1026 stantia,
235 988 334 1019 Durae
359 984 502 1024 meningi
525 981 686 1015 adhaerens
709 980 818 1014 relicta
841 978 899 1013 sit.
935 983 1037 1014 Porro
1058 992 1108 1015 ce-

72 1028 160 1061 rebri
184 1029 253 1062 vasa
277 1039 331 1070 per
354 1028 503 1074 Teqiiem
528 1027 709 1067 meningem
731 1024 870 1065 repentia
891 1047 904 1064 ,
940 1036 1033 1067 aeqno
1056 1025 1104 1057 la-

71 1074 159 1105 tiora
192 1070 472 1113 conspiciebantur
496 1093 507 1110 ,
547 1071 709 1111 nigroque
743 1066 893 1109 sanguine
927 1066 1061 1101 distenta
1092 1090 1101 1106 ‚

74 1115 178 1159 qualis
201 1118 234 1148 &
257 1117 291 1146 in
305 1117 404 1149 Durae
429 1113 557 1147 Sinibus
580 1112 664 1146 fuit.
690 1112 747 1143 Per
770 1110 979 1144 medullarem
997 1121 1104 1145 autem

75 1160 196 1192 cerebri
222 1158 424 1192 substantiam
455 1155 615 1191 assulatim
640 1152 801 1188 disseetam
836 1153 943 1187 crebra
965 1154 1073 1196 passim
1095 1176 1105 1192 ,

76 1205 107 1235 δί
129 1202 327 1235 evidentiora
352 1213 448 1245 quam
463 1201 605 1240 soleant,
628 1195 804 1240 sanguifera
822 1197 945 1231 vascula
964 1198 992 1230 se
1003 1197 1106 1231 osten-

74 1245 211 1279 debant.
238 1246 399 1278 Laterales
423 1244 594 1279 ventriculi
627 1253 706 1283 aqua
730 1240 899 1283 pleniffimi
926 1241 1070 1275 subfusca
1093 1265 1108 1281 ‚

73 1301 139 1332 quo
162 1288 267 1322 colore
289 1292 322 1322 &
346 1299 456 1322 eorum
488 1286 585 1320 facies
610 1284 728 1333 infecta
751 1293 818 1317 erat
837 1308 844 1316 .
881 1286 1029 1327 Denique
1053 1286 1106 1317 Pi-

74 1332 174 1365 nealis
196 1331 344 1374 glandula
367 1331 492 1364 firmior
511 1354 520 1368 ‚
561 1334 593 1363 δι
615 1339 720 1371 major
740 1351 752 1368 ,
789 1330 823 1361 &
844 1325 987 1361 albidior
1009 1327 1104 1369 quos-

74 1375 147 1408 dam
167 1374 261 1419 quasi-
277 1375 401 1409 loculos
425 1376 512 1407 intus
535 1372 647 1407 habere
670 1370 735 1404 visa
759 1370 821 1404 est.
858 1370 917 1420 Sed
939 1381 996 1403 nec
1019 1370 1103 1405 illud

75 1419 305 1459 reticebimus,
338 1429 412 1451 cum
436 1429 503 1450 rara
528 1416 747 1450 observatione
771 1425 843 1457 quaa
866 1424 901 1446 in
924 1415 1102 1446 Commen-

75 1464 169 1496 tariis
189 1471 278 1495 extat
302 1462 553 1503 Petropolitanae
587 1461 704 1501 Imper.
729 1456 914 1491 Academiae
937 1459 1004 1497 (a)
1026 1468 1103 1506 con-

74 1504 295 1548 jungendum,
319 1504 405 1547 quod
429 1504 466 1536 ab
489 1513 589 1542 ortu,
610 1512 665 1535 aut
688 1510 772 1533 certe
795 1511 812 1532 a
835 1501 937 1543 prima
960 1500 1101 1534 infantia

73 1548 174 1592 hujus
194 1548 336 1581 'mulieris
359 1549 469 1580 cranio
493 1546 649 1588 peculiare
672 1543 760 1584 fuit,
790 1553 826 1577 ut
851 1544 934 1590 latus
952 1543 1104 1586 posterius

75 1591 250 1626 dexterum
273 1592 374 1633 magis
396 1598 540 1624 curvaret
564 1587 762 1627 extrorsum,
795 1598 889 1630 quam
914 1587 1070 1621 sinistrum
1096 1600 1104 1621 .·

73 1636 283 1678 quamobrem
306 1636 337 1666 &
360 1632 424 1675 ejus
448 1644 559 1666 cavum
582 1655 590 1669 ‚
625 1634 656 1664 &
688 1630 952 1673 comprehensum
985 1632 1104 1664 cerebri

74 1678 338 1721 hemisphaerium
362 1686 428 1710 erat
452 1677 498 1709 ibi
523 1675 685 1708 evidenter
709 1675 845 1717 amplius
867 1698 878 1715 ‚
901 1685 1001 1716 quam
1027 1686 1042 1706 a
1065 1673 1106 1707 sl-

75 1721 183 1756 nistris
217 1733 225 1753 .·
263 1720 296 1753 id
332 1719 421 1763 quod
443 1720 476 1752 in
501 1719 599 1752 altera
622 1719 720 1750 etiam
744 1719 878 1751 muliere
900 1716 971 1758 (b)
992 1729 1105 1751 occur-

76 1767 120 1799 rit
143 1763 226 1798 mihi
244 1787 253 1802 ‚
267 1763 430 1806 visumque
453 1762 496 1796 est
519 1774 557 1794 eo
580 1762 708 1803 dignius
721 1761 1048 1803 adnotatione‚quod
1060 1770 1110 1794 to-

77 1818 111 1842 ta
133 1809 300 1851 obliquata
323 1808 424 1840 cranii
455 1817 547 1839 cavea
572 1815 698 1847 tempus
732 1805 899 1838 dexterum
929 1805 1029 1847 magis
1054 1816 1108 1837 ex-

75 1862 225 1885 cavatum
249 1877 257 1890 ,
295 1850 419 1883 sinistro
454 1850 664 1882 contraffiori
698 1873 707 1888 ‚
742 1851 773 1881 &a
797 1848 930 1881 vicissim
954 1849 1107 1891 occipitis

74 1896 159 1929 latus
182 1895 347 1928 dexterum
370 1893 568 1926 contractius
577 1890 726 1932 ,sinistro
754 1893 857 1933 magis
881 1900 1034 1925 excavato
1057 1903 1106 1924 re-

79 1938 286 1981 spondebat.
324 1936 383 1970 Sed
417 1935 472 1969 etsi
497 1936 530 1968 in
562 1946 597 1968 ea
631 1946 756 1977 quoque
789 1934 924 1968 foemina
950 1935 1108 1968 Laterales

75 1982 198 2015 cerebri
242 1979 417 2014 ventriculi
452 1978 580 2022 prorsus
604 1978 691 2020 pleni
714 1977 844 2012 fuerunt
878 1991 966 2020 aquae
1001 1979 1109 2012 turbi-

75 2026 157 2064 dae5
191 2023 325 2059 historia
348 2032 461 2061 stamen
485 2033 548 2055 non
580 2020 642 2055 buc
677 2023 816 2065 pertinet
838 2046 851 2063 ‚
884 2021 1016 2064 ideoque
1049 2022 1109 2054 ali-

74 2069 110 2101 bi
132 2072 196 2108 (c)
219 2067 431 2109 perscribetur
445 2091 452 2098 .

131 2122 180 2154 15.
206 2112 319 2154 Neque
342 2111 429 2143 enim
453 2110 537 2146 scio,
565 2121 601 2142 an
626 2109 683 2142 illa
706 2109 844 2155 foemina·
863 2107 1028 2142 doloribus
1053 2120 1106 2141 ca-

105 2157 161 2189 itis
185 2152 256 2188 esset
286 2153 448 2193 obnoxia,
480 2162 515 2186 ut
540 2163 638 2195 neque
662 2163 700 2184 an
725 2162 760 2184 ea
790 2162 882 2193 cnjus
914 2151 1012 2185 modo
1035 2160 1105 2184 tota

76 2167 208 2234 {istoria
230 2197 386 2240 descripta
411 2196 475 2236 est,
501 2204 671 2238 antequam
694 2194 779 2227 febre
802 2194 977 2227 afficeretur
998 2207 1008 2233 3
1031 2206 1104 2228 cum

77 2241 183 2286 probe
209 2240 459 2283 alioquinssciam
474 2261 486 2278 ,
503 2236 642 2279 figuram
665 2237 782 2279 capitis
793 2237 940 2279 ‘vitiosam
961 2249 1106 2280 magnam

75 2286 120 2319 vinid
153 2284 316 2317 diuturnos
341 2281 459 2315 dolores
482 2281 656 2323 inferendos
679 2277 814 2322 conferre
837 2279 951 2321 censeri
973 2291 1106 2314 neomen-

79 2337 174 2367 tum;
203 2338 272 2368 quae
296 2326 392 2358 verba
414 2326 448 2357 in
484 2323 694 2366 Sepulchreto
727 2334 853 2365 quoque
875 2323 942 2362 (cl)
966 2322 1108 2357 referun-

78 2380 153 2409 tur,
181 2366 321 2408 omisso,
344 2367 573 2404 obincuriam‚
597 2367 751 2399 Auctoris
774 2366 925 2405 nomine,
947 2366 1105 2401 Rolsincii

78 2413 228 2446 videlicet
251 2414 329 2452 (e).
345 2411 402 2444 Sed
414 2409 452 2442 ad
464 2409 654 2451 descripta-m
677 2408 843 2442 historiam
867 2418 902 2441 ut
927 2407 1106 2449 redeain3si

77 2457 196 2491 mulier
219 2455 272 2488 illa
292 2478 305 2494 ,
340 2463 432 2495 atque
454 2453 510 2484 illa
540 2451 681 2498 itemgde
702 2463 763 2495 qua
800 2452 891 2494 supra
914 2450 995 2493 (f)
1019 2453 1105 2486 dixi-

78 2511 173 2538 mus,
208 2496 440 2531 adolescentula
462 2496 523 2527 viri
548 2495 674 2529 fuissent
698 2498 731 2528 in
766 2495 904 2537 sugendo
928 2495 1032 2529 herba„²
1056 2499 1104 2529 ni-

80 2544 217 2577 cotianae
240 2540 332 2575 furno
356 2551 432 2581 pene
454 2538 567 2573 assidue
590 2538 878 2580 occupati,fnl'cus
900 2539 968 2578 ille,
982 2549 1034 2573 aut
1056 2541 1107 2573 ni-

78 2587 205 2630 gricans
226 2586 258 2617 in
292 2582 453 2625 utriusque
477 2583 577 2615 cranii
601 2584 724 2615 interna
757 2581 838 2615 facie
871 2582 1105 2617 animadversus

78 2630 172 2663 color
191 2652 203 2669 ,
236 2626 425 2670 quibusdam
459 2624 552 2659 facile
576 2625 659 2659 visus
683 2624 755 2660 esset
789 2626 963 2668 praesertim
987 2627 1068 2659 olim
1093 2650 1104 2667 ‚

78 2674 120 2708 ab
142 2671 209 2715 ejus
233 2671 316 2704 fumi
340 2669 476 2712 fuligine
501 2669 704 2712 repetendus:
741 2680 842 2712 neque
864 2670 949 2702 enirn
974 2671 1030 2712 qui
1053 2682 1103 2702 re-

78 2724 224 2761 peterent
249 2713 374 2746 defuere
394 2736 402 2751 ,
438 2722 474 2746 ut
498 2714 531 2746 in
565 2712 782 2754 superioribus
806 2716 890 2755 (g)
914 2713 956 2746 est
978 2712 1102 2746 indica-

80 2770 173 2793 tum.
200 2759 275 2791 Nos
297 2768 370 2791 cum
393 2755 514 2790 rubedo
537 2757 642 2799 aliqua
665 2757 693 2788 ei
719 2756 818 2789 colori
843 2756 1067 2790 admisceretur
1089 2781 1103 2797 ‚

80 2804 160 2846 quin
185 2801 222 2834 ab
255 2800 414 2833 restitante
448 2799 596 2841 sanguine
620 2798 693 2833 esset
711 2822 721 2837 ,
747 2810 810 2832 non
849 2800 1067 2833 dubitavimus
1092 2826 1100 2833 .

79 2848 172 2880 Nam
196 2842 251 2877 etsi
270 2844 443 2878 mulierlue
466 2854 591 2876 venerea
612 2842 776 2876 laborabat
791 2867 802 2883 ‚
817 2842 970 2886 nusquam
995 2854 1100 2876 tamen

81 2889 145 2924 ulla
168 2887 232 2921 fuit
256 2888 290 2920 in
324 2888 432 2920 cranio
454 2889 552 2919 caries
573 2911 583 2927 ,
617 2898 712 2929 quam
736 2887 872 2929 aliquem
907 2884 1036 2920 fortasse
1059 2886 1102 2919 ob

81 2943 205 2966 atroces
227 2931 300 2963 illos
322 2929 448 2963 dolores
476 2928 611 2971 potuisse
645 2929 794 2971 suspicari
825 2952 835 2967 ‚
877 2929 952 2962 licet
975 2931 1100 2963 nullum

81 2976 144 3010 five
168 2984 295 3008 tumore
328 2996 337 3011 ‚
372 2972 432 3007 five
454 2974 560 3006 colore
582 2976 701 3009 extima
725 2974 842 3015 capitis
866 2971 961 3006 facies
985 2974 1103 3016 praebe-

81 3028 128 3052 ret
152 3018 310 3051 indicium
327 3040 341 3057 ,
374 3029 412 3049 ex
435 3018 505 3050 aliis
529 3020 561 3049 ἃ
582 3016 758 3059 praei‘ertim
791 3028 829 3049 ex
861 3016 916 3048 illa
938 3017 971 3048 in
996 3017 1102 3050 scorto

81 3061 302 3105 pulcherrimo
333 3059 549 3094 observatione
582 3060 713 3102 planum
735 3058 777 3092 est
810 3071 905 3103 quam
927 3060 967 3092 A.
1008 3070 1100 3103 1704.

82 3105 240 3139 Bononiae
264 3102 346 3136 mihi
369 3114 490 3136 narrare
512 3104 643 3137 memini
666 3101 842 3137 Novesium
857 3126 868 3142 ,
892 3104 946 3145 qui
970 3105 1002 3135 δε
1025 3105 1100 3136 scri-

82 3150 150 3192 ptis
189 3145 351 3181 mandavit
373 3146 441 3185 (h)
462 3146 562 3189 postea
579 3171 586 3178 .
621 3147 704 3179 Satis
726 3155 794 3180 tum
819 3146 856 3179 ad
888 3157 1008 3179 moram
1033 3146 1102 3180 san-

84 3191 193 3235 guinis
216 3201 271 3233 per
295 3188 468 3222 tenuissima
491 3190 595 3230 paffim
617 3190 740 3223 vascula
759 3214 771 3230 ,
805 3199 841 3224 ut
864 3189 940 3222 alibi
963 3189 1102 3224 ostende-

84 3245 162 3274 tur,
188 3245 226 3267 ex
247 3233 392 3266 calvariae
415 3233 528 3265 intima
552 3233 668 3265 lamina
690 3235 724 3266 in
748 3236 847 3268 Durae
870 3235 1027 3275 meningis
1049 3246 1103 3267 va-

85 3278 116 3312 sa
142 3277 243 3311 redire
267 3275 379 3313 soliti,
405 3283 474 3308 turn
496 3275 534 3308 ad
556 3275 680 3309 dolores
705 3276 778 3310 illos
803 3278 901 3318 probe
919 3277 1102 3319 intelligen-

84 3322 167 3362 dos,
189 3320 287 3358 satis,
310 3321 440 3362 inquam
462 3341 471 3355 ‚
503 3319 601 3352 causae
619 3319 666 3352 est
687 3321 721 3353 in
753 3320 911 3362 descripta
945 3321 1102 3359 meningis

82 3366 176 3398 illius
197 3362 416 3399 crassitudine,
440 3364 473 3395 ὃ(
494 3372 568 3395 cum
591 3363 686 3395 altera
708 3364 907 3403 coalitu,vel
933 3363 1102 3398 secundum

82 3420 121 3442 ea
143 3419 213 3451 quae
237 3407 334 3449 paulo
352 3405 498 3447 >superius
519 3404 577 3447 (i)
599 3407 759 3447 proposita
780 3406 871 3440 sunt.
1109 3414 1110 3417 ¹

131 3453 183 3484 16.
203 3451 312 3492 Atque
336 3458 370 3483 ut
380 3448 503 3491 plenius
516 3449 673 3492 intelligas
685 3461 804 3494 ,quam
829 3450 940 3493 poffint
962 3449 1100 3493 ejusmo-

1150 252 1382 311 Art-15.
1435 251 1506 303 16:
1543 262 1615 314 17.
1649 250 1704 304 &
1737 249 1810 302 18.
2073 271 2107 320 9

1155 330 1190 364 di
1213 331 1375 371 coalitus,
1396 331 1521 363 obicem
1545 328 1688 371 sanguini
1712 328 2056 371 ponendorsinducere
2079 335 2170 376 capi-

1155 377 1197 408 tis
1220 373 1370 412 dolores3
1392 373 1442 407 fac
1463 374 1586 414 cogites
1604 396 1618 413 ,
1646 384 1684 405 ex
1706 371 1784 406 vasis
1807 373 1992 417 sanguiferis
2015 386 2087 409 cum
2111 378 2172 411 alia

1155 419 1215 452 sint
1237 429 1347 457 venae,
1371 417 1429 450 alia
1455 418 1599 455 arteriae,
1614 413 1799 458 sanguinem
1822 419 1877 459 qui
1900 430 1955 461 per
1977 419 2032 452 has
2056 418 2169 460 fertur,

1155 462 1210 496 ubi
1234 461 1272 494 ad
1303 459 1500 495 obstaculum
1522 468 1651 493 ventum
1686 458 1729 493 est
1750 471 1816 503 quo
1838 459 1903 503 ejus
1935 462 2084 498 transitus
2108 474 2173 496 tar-

1156 505 1231 539 dior
1252 504 1311 543 fit‚
1334 515 1399 537 non
1422 502 1627 537 distendendo
1651 503 1753 537 solum
1764 502 1838 543 ‚sed
1862 506 2067 546 percutiendo
2088 519 2173 550 quo-

1154 560 1216 592 que
1236 571 1249 589 ‚
1279 558 1392 580 nocere
1412 571 1419 578 .
1455 548 1585 580 Scilicet
1608 557 1687 591 quot
1712 547 1782 594 sunt
1806 549 1995 582 arteriarum
2018 550 2172 591 pulsatio-

1154 604 1230 632 nes,
1254 599 1304 624 tot
1328 590 1469 630 iffibus,
1492 589 1604 633 hisque
1627 601 1665 622 eo
1687 590 1859 630 maioribus
1882 616 1891 631 ‚
1921 603 1987 634 quo
2010 593 2175 627 difficilior

1155 636 1197 669 est
1221 633 1368 668 transitus
1384 657 1397 674 ‚
1430 635 1590 677 meninges
1615 634 1759 676 percellit
1780 658 1787 665 .
1822 635 1874 666 Sic
1907 634 2088 670 Brunnerus
2110 637 2175 677 (lz)

1154 680 1309 712 immanes
1332 677 1448 719 capitis
1479 679 1637 711 cruciatus
1659 679 1693 710 in
1715 677 1787 710 viro
1816 676 1906 719 cuius
1930 680 2018 712 Dura
2049 681 2178 714 menime

1156 723 1294 756 verrucis
1318 720 1376 765 pisi
1400 721 1621 763 magnitudine
1646 720 1793 763 plurimis
1817 720 1871 754 hic
1894 721 1964 754 illic
1986 745 1998 761 ‚
2021 721 2071 755 sed
2096 735 2176 765 prae-

1157 767 1266 800 sertim
1289 767 1373 799 circa
1401 766 1584 799 arteriarum
1608 762 1849 806 ramifi'cationes
1868 788 1881 804 ,
1914 764 2133 805 obsidebatur,
2158 777 2176 799 a

1157 810 1288 852 singulis
1309 808 1531 842 arteriolarum
1553 806 1790 840 vibrationibus
1812 806 1970 848 deduxit;
1993 820 2174 853 quanquam

1157 853 1358 886 distentionis
1382 860 1508 886 tantum
1531 852 1621 890 vim,
1645 862 1710 883 non
1733 851 1833 883 etiam
1855 852 2076 895 percussionis,
2110 852 2178 896 spe-

1158 897 1277 929 ἂεινὶῑ.
1299 898 1467 929 ‘Caeterum
1489 905 1554 928 non
1578 893 1676 927 modo
1699 894 1838 928 coalitus
1857 919 1869 935 ,
1904 895 2082 938 angustiora
2106 908 2175 939 quae

1158 950 1214 981 per
1237 938 1322 981 ipsos
1344 938 1526 977 transeunt,
1549 938 1618 970 vasa
1639 936 1830 978 efficiendo,
1854 939 1904 971 sed
1929 942 1961 972 &
1984 939 2145 982 quidquid
2164 963 2177 979 ,

1157 981 1219 1014 sive
1242 981 1435 1025 pungend0‚
1459 980 1745 1022 convellendoque,
1763 979 1823 1013 five
1846 982 2090 1023 comprimendo
2101 993 2181 1026 prae-

1156 1025 1233 1059 stare
1255 1024 1339 1058 idem
1363 1025 1464 1066 potest
1482 1047 1494 1064 ,
1534 1026 1651 1066 capitis
1675 1023 1800 1056 dolores
1822 1024 1941 1057 creabit
1962 1049 1968 1055 .
2005 1023 2180 1069 Pungendo

1156 1069 1282 1101 creabat
1305 1067 1384 1101 ossea
1407 1069 1460 1100 illa
1488 1076 1578 1101 acuta
1602 1068 1754 1109 particula
1768 1092 1777 1107 ,
1798 1068 1883 1099 inter
1905 1069 2067 1110 meninges
2090 1068 2146 1102 sita
2168 1092 2182 1109 ‚

1156 1112 1195 1145 de
1217 1124 1278 1155 qua
1301 1112 1383 1154 leges
1416 1111 1683 1144 observationem
1707 1112 1771 1143 III.
1798 1111 1865 1143 An.
1902 1112 1981 1143 VII.
2009 1114 2088 1146 Dec.
2114 1114 2181 1146 III.

1156 1155 1328 1198 Ephemer.
1362 1153 1512 1187 Caesareae
1544 1156 1624 1187 Nat.
1659 1156 1737 1187 Cur.
1773 1153 1978 1187 Academiae.
2023 1157 2181 1196 Compri-

1158 1199 1275 1232 mendo
1300 1207 1404 1232 autem
1426 1221 1438 1238 ‚
1461 1198 1607 1232 exostosis
1631 1198 1733 1229 cranii
1756 1198 1891 1230 interior
1914 1206 1984 1231 tum
2007 1210 2076 1241 quae
2102 1199 2182 1232 Ob-

1157 1242 1335 1276 servatione
1357 1241 1546 1275 describitur
1569 1241 1726 1274 CCLIII.
1754 1242 1788 1272 in
1810 1242 1893 1274 Dec.
1920 1241 2029 1274 eadem
2051 1243 2115 1275 An.
2138 1243 2179 1275 X.

1157 1285 1309 1328 sanguine
1334 1295 1501 1328 propterea
1532 1295 1658 1327 quoque
1680 1285 1714 1316 in
1747 1285 1947 1328 meningibus
1972 1284 2050 1318 adeo
2076 1296 2183 1318 remo-

1156 1339 1228 1362 rato
1246 1353 1259 1369 ,
1293 1339 1329 1362 ut
1353 1328 1417 1361 fere
1444 1328 1538 1362 essent
1573 1327 1715 1369 digitum
1749 1326 1960 1361 transversum
1983 1328 2085 1362 crassae
2107 1352 2119 1368 ‚
2152 1331 2184 1361 &

1154 1373 1348 1406 luxuriantis
1375 1374 1480 1405 carnis
1515 1370 1666 1404 referrent
1690 1370 1822 1413 speciem
1845 1393 1853 1407 ‚
1887 1381 1956 1405 tum
1988 1384 2058 1414 quae
2082 1373 2179 1404 Cent-

1153 1416 1216 1449 Vl.
1231 1415 1461 1449 Observatione
1482 1416 1571 1447 XXI.
1584 1413 1774 1457 adjeetoque
1798 1414 1835 1447 ad
1860 1414 1941 1447 hanc
1966 1414 2099 1448 Scholio
2117 1426 2186 1448 non

1153 1470 1214 1492 una
1239 1460 1457 1501 proponitur,
1482 1457 1659 1500 praesertim
1683 1468 1757 1489 vero
1778 1469 1848 1500 quae
1872 1458 2108 1490 Observatione
2134 1470 2188 1491 ex-

1158 1512 1207 1535 tat
1229 1503 1348 1535 XCIX.
1375 1503 1510 1536 Volum.
1537 1503 1584 1533 ΙΙ.
1608 1502 1768 1534 Actorum
1791 1499 1931 1543 ejusdem
1955 1501 2137 1534 Academiae
2166 1513 2175 1531 .·

1158 1545 1249 1589 cujus
1281 1557 1320 1579 ex
1341 1546 1446 1579 minus
1480 1544 1620 1586 antiquis
1644 1543 1736 1576 libris
1760 1544 1849 1586 plura
1885 1544 1949 1577 tibi
1983 1545 2127 1586 exempla
2150 1541 2189 1576 de

1160 1588 1312 1623 industria
1334 1589 1457 1631 colligo
1476 1612 1485 1627 ‚
1519 1598 1591 1620 cum
1617 1587 1754 1629 plurima
1778 1586 1903 1621 videam
1926 1600 1964 1622 ex
1997 1589 2036 1622 iis
2060 1588 2152 1621 libris
2175 1610 2191 1628 ,

1159 1644 1241 1676 quos
1265 1642 1336 1665 ante
1359 1633 1489 1665 alteram
1523 1629 1726 1673 Sepulchreti
1751 1630 1929 1666 editionem
1963 1632 2150 1675 vulgaverat
2174 1654 2188 1671 ‚

1158 1677 1193 1708 in
1216 1675 1279 1710 hoc
1301 1676 1404 1717 olim,
1428 1679 1461 1709 &
1484 1675 1602 1708 merito
1623 1674 1776 1717 quidem,
1799 1674 1856 1708 esse
1880 1676 1997 1709 relata.

1219 1730 1267 1762 17.
1292 1720 1365 1752 Nec
1387 1718 1498 1754 desunt
1521 1727 1624 1757 tamen
1639 1730 1720 1764 *quae
1745 1717 1873 1752 aliunde
1906 1728 2054 1761 accepta,
2077 1718 2190 1752 eodem

1159 1762 1355 1805 adjiciantur
1380 1776 1388 1796 .·
1423 1761 1603 1805 cujusmodi
1629 1764 1700 1808 lunt
1723 1760 1788 1795 duo
1821 1773 1892 1805 quae
1916 1762 2080 1805 proferam
2104 1761 2191 1796 hand

1160 1807 1351 1848 inelegantia
1376 1829 1389 1846 ,
1424 1810 1454 1839 &
1470 1806 1518 1845 ¹ad
1542 1808 1713 1847 proposltae
1736 1805 1879 1839 mulieris
1900 1804 2119 1840 dissectionem
2144 1814 2192 1838 at-

1159 1851 1296 1883 tinentia
1319 1874 1325 1880 .
1360 1848 1540 1883 Ostendunt
1564 1850 1647 1881 enim
1670 1860 1762 1891 aequo
1772 1847 1926 1891 majorem
1951 1849 2113 1891 sanguinis
2137 1860 2193 1881 co-

1161 1895 1250 1936 piam
1275 1892 1344 1925 vasa
1366 1905 1436 1936 quae
1461 1895 1545 1926 intra
1568 1894 1713 1925 cranium
1737 1891 1830 1933 sunt,
1865 1892 2116 1933 distendentem,
2139 1905 2193 1926 ca-

1161 1938 1240 1979 pitis
1262 1935 1519 1970 doloresfacere.
1538 1935 1733 1978 Exemplum
1757 1937 1892 1970 alterum
1916 1938 2069 1979 Cowperi
2093 1936 2135 1970 est
2158 1937 2192 1969 in

1161 1982 1289 2023 anglica
1301 1981 1461 2013 Anatome
1487 1980 1617 2014 humani
1642 1980 1876 2021 corporis‚aut
1900 1979 1922 2013 fi
1947 1979 2031 2013 forte
2056 1980 2114 2013 hac
2138 1991 2193 2012 ca-

1161 2035 1233 2065 res,
1265 2024 1298 2055 in
1321 2024 1415 2057 Aeris
1440 2023 1570 2057 Erudit.
1597 2022 1685 2065 Lips-
1710 2022 1767 2063 (l)
1791 2023 1942 2058 Alterum
1966 2025 1999 2057 in
2022 2026 2194 2057 Commer-

1160 2068 1213 2100 cio
1247 2068 1424 2100 Litterario
1444 2069 1457 2105 (
1477 2078 1507 2100 m
1526 2071 1542 2107 )
1577 2067 1681 2108 leges.
1706 2068 1852 2101 Primum
1875 2069 1909 2100 in
1932 2080 1969 2101 eo
2000 2070 2056 2111 qui
2081 2069 2120 2101 ab
2144 2069 2193 2099 in-

1159 2120 1252 2143 eunte
1276 2119 1370 2143 aetate
1392 2109 1498 2143 dolori
1518 2136 1527 2149 ‚
1559 2110 1597 2144 de
1620 2122 1685 2153 quo
1710 2110 1898 2154 loquimur,
1930 2110 2110 2144 vehementi
2135 2110 2194 2143 ob·
2241 2107 2245 2111 ’

1156 2156 1273 2187 noxius
1297 2155 1418 2186 vixerat
1439 2176 1448 2192 ‚
1482 2156 1583 2188 Durae
1608 2154 1764 2196 meningis
1786 2154 1855 2187 vasa
1880 2154 1956 2188 adeo
1978 2156 2044 2188 lata
2068 2153 2159 2189 fuisse
2185 2179 2195 2194 ,

1158 2197 1309 2230 monstrat
1337 2220 1346 2236 ‚
1380 2207 1417 2230 ut
1450 2197 1565 2231 calami
1596 2207 1756 2240 aequarent
1788 2198 2024 2232 crassitudinem
2047 2225 2054 2233 .
2090 2199 2192 2238 Quod

1156 2252 1195 2273 ne
1219 2251 1330 2283 putes,
1353 2240 1487 2274 instante
1512 2240 1639 2274 demun]
1660 2241 1828 2274 novissimo
1850 2241 2030 2283 morbo‚id
2054 2242 2097 2276 est
2117 2254 2193 2284 apo—

1159 2284 1264 2326 plexia
1288 2305 1299 2323 ,
1329 2282 1386 2317 esse
1410 2283 1555 2324 saecum,
1590 2283 1638 2317 scd
1662 2293 1698 2317 ut
1731 2296 1827 2327 quam
1860 2287 2029 2329 antiquum
2054 2284 2156 2320 fuerit
2179 2309 2192 2326 ‚

1160 2326 1269 2366 scias3
1302 2327 1436 2361 illorum
1459 2326 1592 2370 vestigia
1624 2327 1771 2361 vasorum
1798 2329 1831 2360 in
1866 2330 2009 2362 calvariae
2034 2330 2190 2362 interiore

1158 2370 1263 2410 facie,
1287 2380 1351 2402 tam
1376 2369 1536 2412 profunda
1551 2394 1560 2408 ‚
1593 2378 1687 2411 atque
1711 2372 1815 2413 ampla
1838 2382 1925 2405 erant
1946 2396 1957 2412 ,
1990 2383 2025 2405 ut
2050 2375 2076 2405 ei
2100 2373 2191 2406 vaso-

1158 2426 1229 2447 rum
1251 2412 1447 2447 crassitudini
1480 2412 1704 2455 responderent
1726 2428 1735 2447 .-
1773 2416 1892 2456 poteris
1915 2426 2020 2449 autern
2044 2417 2191 2450 observa-

1157 2458 1243 2490 tioni
1268 2455 1344 2490 huic
1379 2456 1455 2489 satis
1481 2457 1615 2490 similem
1640 2455 1745 2498 Bajeri
1766 2458 2018 2492 observationem
2045 2462 2111 2501 (n)
2135 2461 2191 2494 ad-

1158 2500 1288 2543 jungere
1309 2524 1315 2531 .
1354 2501 1549 2543 Exemplum
1572 2498 1743 2533 secundum
1783 2502 1914 2535 exhibet
1937 2502 2107 2537 soeminam
2132 2527 2141 2542 ‚
2174 2518 2190 2537 a

1158 2546 1261 2587 prima
1284 2542 1492 2576 adolescentia
1518 2543 1710 2577 immanibus
1735 2546 1854 2587 pariter
1876 2548 1993 2590 capitis
2018 2547 2188 2582 doloribus

1158 2588 1371 2620 excruciatam
1396 2610 1408 2626 ,
1440 2586 1541 2630 iisque
1565 2599 1602 2619 eo
1624 2588 1847 2629 gravioribus,
1872 2602 1937 2633 quo
1967 2592 2070 2631 magis
2095 2604 2189 2633 auge-

1157 2630 1253 2663 batur
1274 2630 1433 2672 sanguinis
1457 2640 1510 2663 aut
1533 2632 1628 2672 copia
1643 2640 1717 2669 ,aut
1743 2633 1945 2666 exaestuatio.
1979 2630 2108 2669 Scilicet
2132 2631 2184 2669 i-en

1156 2673 1266 2706 dexter
1288 2685 1352 2706 non
1377 2673 1433 2706 suo
1456 2675 1530 2706 loco
1552 2672 1695 2716 pofitus,
1717 2673 1758 2707 sic
1781 2678 1926 2710 arteriam
1950 2679 2102 2721 Magnam
2118 2704 2130 2719 ,
2154 2684 2186 2713 δέ

1155 2727 1267 2749 venam
1296 2719 1415 2750 Cavam
1451 2717 1489 2751 ad
1527 2718 1608 2750 imas
1632 2717 1811 2752 lumborum
1837 2722 1994 2754 vertebras
2026 2726 2186 2763 aput-ime-

1154 2760 1208 2792 bat
1228 2783 1241 2800 ,
1272 2771 1308 2794 ut
1332 2772 1393 2803 qua
1418 2760 1484 2794 haec
1508 2772 1584 2793 vena
1608 2762 1785 2803 excipiebat
1809 2762 1991 2802 sanguinem
2015 2758 2123 2799 Iliacae
2144 2766 2186 2799 si-

1154 2803 1283 2844 nistrae,
1306 2806 1396 2836 varix
1419 2814 1509 2837 ortus
1533 2802 1630 2844 esset,
1660 2803 1749 2846 cujus
1772 2801 1926 2839 diameter
1948 2801 2048 2851 duplo
2071 2821 2184 2852 propc-

1154 2847 1289 2880 modum
1310 2849 1405 2879 Cavae
1429 2847 1619 2880 diametrum
1643 2846 1830 2889 superabat,
1847 2850 1971 2884 indicio
1995 2853 2184 2887 manifestis-

1153 2888 1232 2923 fimo
1246 2915 1254 2925 ,
1277 2899 1369 2923 tanto
1392 2891 1461 2932 plus
1483 2889 1644 2932 sanguinis
1668 2889 1704 2923 ad
1730 2890 1888 2934 superiora
1907 2918 1919 2934 ,
1941 2894 2106 2939 ipsumque
2129 2908 2183 2931 ca-

1155 2942 1212 2976 put
1237 2932 1312 2966 ferri
1336 2931 1475 2966 debuisse
1498 2958 1507 2972 ,
1538 2943 1661 2976 quanto
1694 2936 1799 2968 minus
1826 2947 1950 2973 poterat
1983 2939 2021 2972 ad
2046 2939 2183 2974 inferio-

1158 2988 1212 3010 ra.
1239 2977 1396 3019 Exempla
1430 2985 1536 3009 autem
1561 2976 1628 3010 liaec
1650 2976 1715 3010 duo
1739 2974 1836 3020 probe
1870 2982 2027 3022 intelligis
2051 2995 2088 3015 eo
2113 2984 2180 3026 spe-

1153 3020 1267 3059 etan-e,
1303 3029 1338 3065 ut
1373 3031 1389 3051 a
1416 3022 1507 3063 copia
1544 3031 1671 3063 quoque
1706 3017 1928 3067 saiiguias'ffqua
1963 3020 2087 3060 Tenuis
2111 3038 2178 3060 m*-

1152 3064 1258 3104 ningis
1281 3066 1372 3108 vasa,
1394 3065 1424 3095 ἃ
1449 3063 1564 3096 cerebri
1592 3063 1716 3097 vascula
1740 3065 1780 3098 fic
1806 3067 1939 3102 distenta
1962 3068 2051 3109 vidi,
2074 3080 2110 3103 ut
2134 3071 2178 3101 la..

1151 3107 1235 3138 tior-a
1260 3106 1353 3153 essent
1372 3129 1385 3146 ,
1417 3116 1513 3149 repeti
1538 3107 1648 3150 possint
1696 3109 1881 3145 acerbiffimi
1916 3111 2040 3145 dolores
2062 3113 2178 3155 quibus

1152 3149 1266 3182 mulier
1288 3149 1501 3184 afficiebatur.

1211 3193 1257 3225 18.
1295 3195 1418 3225 Caetera
1442 3205 1512 3235 quae
1527 3195 1560 3228 in
1584 3194 1712 3230 historia
1726 3196 1982 3240 scripsi‚partim
1995 3198 2085 3240 supra
2107 3203 2171 3241 (o)

1154 3244 1190 3269 ut
1218 3247 1287 3278 quae
1321 3236 1371 3286 ad.
1392 3247 1503 3279 aquam
1527 3239 1559 3270 in
1583 3241 1769 3274 ventriculis
1802 3243 1938 3274 attinent
1958 3265 1971 3281 ‚
2014 3242 2171 3277 declarata

1155 3278 1226 3311 sunt
1244 3290 1258 3318 ,·
1290 3289 1407 3321 partim
1429 3280 1506 3313 alibi
1529 3281 1773 3317 declarabuntur
1794 3308 1800 3315 .
1836 3283 1893 3317 Est
1915 3286 2023 3326 enim,
2048 3297 2082 3320 ut
2105 3289 2172 3320 ini-

1153 3324 1203 3354 tio
1226 3321 1322 3362 dixi,
1345 3322 1406 3354 fere
1430 3334 1503 3356 cum
1528 3326 1599 3359 aliis
1620 3327 1831 3369 complicatus
1854 3327 1948 3361 malis
1971 3330 2086 3371 capitis
2109 3330 2171 3363 do-

1152 3365 1220 3397 lor.
1257 3367 1308 3399 De
1330 3378 1396 3407 quo
1419 3365 1487 3400 haec
1511 3369 1543 3400 in
1568 3369 1730 3411 praesentia
1754 3369 1851 3404 habui
1874 3382 1944 3413 quae
1968 3372 2133 3406 scriberem
2153 3398 2167 3414 ,

1151 3409 1258 3442 eadem
1283 3411 1405 3441 ratione
1430 3412 1627 3450 perrecturus
1660 3411 1697 3445 ad
1722 3413 1782 3446 alia
1801 3436 1813 3452 ‚
1842 3413 1865 3447 si
1886 3414 1954 3448 haec
1976 3417 2078 3457 prima
2104 3428 2167 3451 non

1149 3450 1393 3496 displicuerint.
1416 3452 1517 3488 Vale.

1752 3631 1778 3664 Β
2037 3635 2129 3670 EPI-

90 3712 2172 3732 Q

147 3766 163 3795 (
177 3773 193 3790 a
207 3764 223 3795 )
239 3764 312 3788 Tum.
328 3771 353 3791 7.
371 3770 395 3792 p.
413 3770 464 3787 22².
480 3767 503 3790 ες
517 3764 563 3795 seq.

147 3796 163 3824 (
177 3795 195 3819 d
211 3801 220 3823 )
235 3793 296 3818 Se&
311 3792 364 3817 hae.
385 3801 405 3818 ι.
421 3793 470 3818 sub.
487 3794 544 3820 obs.
561 3797 600 3823 45.

147 3825 223 3884 gin)
237 3823 339 3849 Lettres.
356 3825 384 3848 1..
402 3828 426 3848 6.
489 3827 502 3855 (
520 3827 529 3848 ι·
548 3824 603 3854 )n.
621 3832 655 3850 n.

222 3852 233 3885 )
247 3856 276 3878 A.
294 3861 360 3883 ¹744·
377 3854 452 3880 Hebd.
468 3863 503 3885 43.
522 3858 543 3881 1.
605 3855 619 3885 (
633 3864 649 3879 n
665 3855 679 3884 )
694 3855 750 3881 Αὲὶ.
768 3858 803 3882 N.
821 3859 852 3882 C.
867 3858 897 3882 T.
914 3864 937 3888 3.
953 3857 1012 3882 obs.
1029 3864 1081 3883 με.

627 3765 641 3794 (
655 3762 670 3787 b
685 3763 693 3793 )
709 3764 764 3790 Vid.
781 3771 808 3791 ut
822 3766 847 3790 in
864 3766 917 3792 aliis
934 3774 1044 3797 quoque,
1059 3766 1133 3796 Epist.
1147 3770 1184 3792 62.
1201 3775 1225 3791 n.
1244 3775 1280 3798 ¹5·

661 3795 676 3824 (
691 3803 703 3819 e
717 3799 729 3823 )
744 3796 804 3821 ord.
821 3799 844 3821 a·
860 3797 939 3822 Meth.
956 3797 1064 3826 cognosc.
1082 3797 1192 3822 dolorem
1208 3800 1266 3827 cap.
1282 3799 1300 3823 l.
1318 3807 1340 3823 2-
1357 3801 1382 3824 S.
1402 3807 1425 3824 2.
1442 3805 1488 3824 art.
1508 3807 1528 3824 i.
1544 3801 1573 3823 P.
1591 3807 1611 3824 1.
1627 3806 1648 3824 c.
1664 3807 1700 3827 24.

716 3826 731 3854 (
746 3825 763 3850 12
780 3826 789 3855 )
804 3828 867 3855 Eph.
885 3829 917 3851 N.
935 3829 964 3852 C.
982 3830 1055 3851 Cent.
1074 3835 1092 3852 1.
1111 3827 1169 3852 Obs
1190 3831 1229 3857 69.

1342 3769 1356 3798 ζ
1372 3776 1383 3792 c
1399 3769 1412 3798 )
1430 3769 1503 3799 Epist,
1522 3769 1661 3794 X11.n.2.

1141 3859 1158 3889 (
1171 3867 1185 3882 ⁰
1198 3859 1214 3888 ³
1228 3866 1245 3884 n
1272 3829 1299 3888 3(
1315 3830 1326 3853 Ι
1342 3830 1351 3859 )
1368 3832 1399 3854 Α.
1418 3834 1483 3860 1699.
1499 3832 1538 3856 Μ.
1555 3829 1611 3856 Feb.
1627 3830 1657 3855 ad
1672 3829 1734 3855 Tab.
1754 3799 1870 3860 9(1.f)n⁸
1888 3809 1924 3828 η’

1987 3803 2136 3835 sam-8·
