2498 4075
439 199 612 287 Epist.
649 216 821 274 Anat.v
853 215 1073 272 Medica
1106 216 1344 273 xxxii.
1382 218 1498 272 Art.
1526 220 1571 272 5.
1597 235 1647 282 7.
1676 220 1739 273 a:
1766 220 1815 272 8.

120 305 160 333 nt
174 297 456 335 nihilexcretorum
474 300 617 343 potuerit
637 297 777 339 ‚amplius
801 297 1013 340 transmittere
1027 321 1037 336 ‚
1061 307 1125 339 qua

2055 235 2118 286 37

1176 298 1254 331 vitii
1277 308 1376 337 genus
1392 325 1400 337 ‚
1424 308 1599 332 commune
1622 295 1715 330 fuisse
1741 298 1875 340 reliquis
1898 296 2186 337 etiamintcstfnfs5

123 343 218 384 plane
233 345 358 377 ratione
369 344 578 387 conspexerat
598 339 1063 383 alias(y)‚fimiliafilamema
1075 338 1126 372 ob·
1177 336 1430 379 animadverto,
1458 352 1527 374 tum
1554 340 1635 374 illud
1660 340 1834 381 praesertim
1859 363 1868 377 ‚
1892 340 2001 374 alvum
2032 339 2070 373 ab
2094 342 2184 375 initio

113 383 259 427 struxisse
270 387 378 428 gulam
393 414 401 427 ,
426 387 662 420 acarcz'nomate
685 384 873 418 martiatum
889 411 896 417 .
923 383 985 417 Sed
1009 385 1040 416 &
1064 383 1119 416 hic
1169 384 1317 426 segnem,
1343 386 1492 427 temporis
1516 393 1619 417 autem
1642 383 1797 426 progressi:
1821 385 1986 418 admodum
2012 382 2186 423 lubricam,

121 429 219 461 Resti
233 430 375 463 intestini
386 431 524 465 coalitus
535 438 600 462 erat
613 439 677 463 non
690 439 752 461 una
764 426 802 460 de
813 428 904 461 causa
916 426 1122 466 insanabilis,

122 480 161 504 ut
171 472 308 512 perlecta
333 475 414 515 apud
427 474 588 514 Tulpium
600 473 705 515 ipsum
717 471 788 514 (z)
810 472 865 504 illa
880 471 1122 504 Observatione

121 515 295 556 cognosces
308 541 315 548 .
345 520 446 550 Porro
458 517 506 550 vel
519 514 582 549 fine
595 516 756 559 parietum
768 525 851 547 nexu
876 515 1037 547 ariftatum
1058 513 1125 546 Re-

123 558 213 590 &um
238 560 426 595 intestinum
438 568 597 603 quantum
612 559 676 592 alvi
689 558 912 594 exonerationi
935 556 1100 589 obstiterit
1115 579 1124 594 ‚

121 601 193 633 aliae
207 626 214 640 ‚
230 614 308 645 quas
321 605 358 637 ad
371 602 616 645 Sepulchretum
631 602 782 644 adjunges
795 627 804 642 ,
826 601 991 635 docebunt
1003 599 1127 633 Obser-

121 646 264 678 vationes
278 669 287 683 ‚
313 658 346 680 ut
362 646 507 680 Riedlini
521 650 532 686 <
545 647 589 688 a)
604 648 661 689 qui
675 649 707 678 in
724 654 856 678 mortuo
870 657 907 678 ex
920 645 984 677 alvi
999 643 1128 677 obstru-

119 688 228 722 ctione
251 691 377 736 massam
399 691 524 723 invenit
549 689 706 732 carnosum
726 690 872 731 partim,
892 687 1015 734 partim
1033 686 1126 729 glan-

119 731 257 774 dnlosam
269 756 278 770 ‚
289 744 400 776 pugno
414 733 567 775 majorem
579 758 587 772 ,
598 733 789 766 intestinum
801 743 901 772 prope
914 732 1049 763 vesicam
1063 731 1128 763 uri-

119 777 245 809 nariam
258 779 525 818 comprimentem
541 801 548 814 ‚
559 778 592 810 in
605 789 671 820 quo
684 777 780 810 etiam
792 774 1001 816 excrescentice
1013 784 1127 806 carncae

120 829 213 851 erant
225 821 350 860 plures.-
372 831 407 853 ut
419 820 575 865 Jannellii
592 846 601 859 ‚
626 824 655 853 ἃ
672 816 914 858 Lancifii<l1)‚
927 818 983 859 qui
995 817 1127 849 Matro-

119 863 429 905 naeinsuperabilem
455 863 774 898 alviadstrifflonem
797 862 966 895 induciam
990 861 1124 893 viderea

120 905 198 937 Coli
211 907 274 941 ima
288 907 466 948 praesertim
481 918 569 950 parte
585 909 630 940 ita
643 906 776 941 dilatata
789 927 798 942 ‚
820 909 851 939 &
863 905 975 946 gravi,
1000 913 1036 936 ut
1054 905 1123 936 Re-

119 950 208 981 &um
222 950 326 984 versus
339 962 464 994 urgeret
481 961 610 985 uterum
622 976 631 990 ,
654 950 800 994 illudque
814 951 848 982 in
862 946 1021 996 angustias
1034 947 1121 980 redi-

119 1000 209 1032 geret
222 1006 230 1024 :
243 994 381 1036 denique
393 1005 429 1029 ut
442 993 689 1030 C1.Hasenestii
711 997 796 1034 (c),
821 993 878 1035 qui
891 993 1046 1033 plurlmas
1061 990 1129 1024 adi-

119 1034 214 1076 posas
226 1040 417 1078 appendices
433 1038 469 1072 ad
487 1038 581 1072 Reffi
593 1039 693 1071 latera
717 1037 857 1070 exterius
880 1033 1051 1077 pendentes
1063 1057 1071 1071 ‚
1097 1036 1129 1067 &

119 1081 193 1120 pyri
206 1083 337 1114 minoris
349 1081 486 1124 figuram
498 1081 670 1118 referentes
682 1104 691 1118 ,
707 1092 769 1114 non
785 1080 847 1112 alvi
860 1078 990 1125 quidem
1003 1077 1129 1111 obstru-

119 1122 262 1156 ctionem
275 1146 283 1160 ‚
307 1127 429 1167 quippe
442 1125 553 1159 molles
568 1150 575 1160 .
589 1123 728 1158 attulisse
743 1146 751 1160 ‚
776 1122 829 1157 sed
843 1134 912 1168 ejus
929 1130 1038 1155 tamen
1051 1132 1130 1155 exo-

118 1169 280 1200 nerationi
304 1168 440 1203 multum
461 1166 607 1213 obfuiffie,
631 1168 883 1201 animadvertit.

166 1211 198 1244 6.
224 1211 278 1246 Est
301 1222 455 1253 praeterea
478 1212 625 1255 ejusdem
649 1209 894 1246 intestinialiud
920 1211 1064 1248 vitium,
1086 1207 1124 1243 de

119 1262 188 1293 quo
213 1254 335 1289 nullam
359 1257 393 1288 in
418 1256 567 1290 Sectione
602 1255 662 1290 hac
695 1254 896 1298 Sepulchreti
927 1254 1025 1288 video
1049 1254 1123 1287 fieri

118 1299 322 1340 mentionem
336 1322 344 1330 -
371 1300 559 1342 Ruyschius
573 1301 608 1333 in
633 1298 932 1332 Observationibus
948 1298 1124 1331 Anatomi-

119 1340 393 1385 co-Chirurgicis
418 1344 485 1383 (d)
500 1345 678 1386 ‚itemque
701 1341 949 1376 inAdversariis
975 1341 1036 1382 (e)
1068 1339 1124 1373 de-

119 1383 235 1418 scribit
260 1387 395 1420 nomine
411 1386 572 1430 scirrhosae
596 1386 734 1426 intestini
756 1385 848 1426 Rec‘ffi
869 1383 1100 1427 incrnJJchz'onis
1116 1408 1125 1423 ‚

117 1428 161 1460 (9¹
184 1430 270 1462 mim
291 1430 531 1469 σοανὲἶατὶοηὶς,
555 1431 675 1464 tunicis
700 1428 873 1469 videlicet,
897 1428 1025 1470 pollicis
1043 1427 1129 1461 cras-

120 1470 227 1505 sitiem
252 1472 352 1507 ferme
377 1473 625 1516 superantibus,
649 1477 681 1507 &
706 1472 784 1506 adeo
808 1473 986 1508 induratis,
1009 1480 1046 1505 ut
1070 1483 1130 1504 an-

120 1527 196 1559 ceps
219 1517 348 1554 haeserit
361 1539 370 1555 ,
394 1529 515 1551 carneae
527 1544 535 1557 ‚
548 1529 587 1550 an
598 1517 817 1559 cartilagineae
841 1514 938 1549 essent
962 1515 1107 1548 dicendae
1119 1538 1131 1555 ,

119 1572 199 1594 cavo
224 1570 331 1594 autem
354 1561 392 1595 ad
416 1573 485 1594 eam
508 1563 687 1604 angustiam
719 1559 871 1597 redacto,
895 1567 931 1592 ut
955 1560 1013 1592 vix
1034 1568 1132 1593 tenue

119 1603 287 1646 specillum
310 1606 447 1639 immitti
473 1614 706 1647 nonnunquam
730 1602 831 1645 posset
846 1624 855 1639 ,
879 1613 934 1636 nec
958 1601 1017 1636 nisi
1042 1602 1128 1636 sum-

119 1649 181 1681 mis
203 1648 372 1682 conatibus
408 1656 604 1681 recrementa
641 1646 791 1683 extrudi,
814 1657 914 1689 eaque
938 1655 992 1679 aut
1015 1656 1127 1689 gutta-

118 1692 204 1730 tim,
228 1701 283 1724 aut
308 1692 417 1725 culmo
440 1692 608 1734 gramineo
632 1692 691 1723 vix
714 1689 883 1723 crassiora.
908 1690 1008 1723 Hunc
1047 1690 1127 1724 affe-

121 1736 211 1768 &um
237 1745 306 1767 raro
323 1733 497 1776 obvenire,
522 1737 568 1768 ait
592 1756 601 1771 ‚
627 1745 732 1776 eoque
757 1755 766 1770 ,
795 1734 907 1776 paucis
941 1732 1128 1779 innotuiffe:

118 1789 178 1812 nec
204 1778 274 1812 sane
298 1789 427 1821 apparet
442 1801 452 1816 ,
476 1778 516 1812 ab
539 1776 694 1812 eovisum
707 1775 765 1811 esse
787 1778 819 1810 in
844 1776 1127 1821 pluribus,quam

118 1821 267 1861 duobu53
294 1832 330 1856 ut
354 1824 441 1856 inter
465 1835 498 1856 ea
524 1822 742 1855 numeraverit
766 1831 838 1863 quae
862 1833 877 1852 a
900 1820 1020 1854 Bidloo
1044 1832 1128 1855 nun-

119 1877 219 1908 quam
241 1866 414 1908 conspetsta
440 1864 648 1901 existimabat
670 1861 751 1908 (f).
775 1864 849 1906 Ego
861 1864 1051 1898 Valsalvam
1077 1877 1129 1899 ac-

119 1910 271 1943 cersitum
296 1911 485 1944 Faventiam
499 1910 655 1947 memini,
682 1919 732 1940 me
755 1910 955 1947 comitante,
982 1909 1019 1942 ad
1044 1910 1132 1944 Am-

120 1952 300 1996 pliffimum
313 1954 435 1987 Virum
453 1977 461 1993 ‚
475 1963 573 1996 quem
584 1951 696 1986 eadem
708 1951 794 1992 figna
806 1950 917 1985 eodem
927 1953 1029 1985 teneri
1044 1965 1133 1986 mor..

119 1997 184 2038 bo,
198 2006 349 2032 autcerte
371 1999 430 2040 qui
457 1999 494 2031 ad
518 1995 605 2031 hunc
629 1996 762 2038 propius
786 1995 970 2035 accederet,
990 1995 1127 2030 demon-

119 2041 283 2075 strabant.
309 2041 450 2083 Qalem
468 2045 498 2075 ἃ
512 2042 545 2073 in
558 2040 629 2074 aliis
643 2048 755 2077 antea,
781 2038 865 2073 mihi
878 2039 1008 2073 dicebat
1022 2065 1030 2079 ,
1055 2039 1126 2086 ase

118 2085 325 2119 observatum
336 2109 344 2123 ‚
357 2096 412 2129 per
422 2094 594 2119 anatomen
607 2094 752 2126 quoque,
766 2092 801 2117 ut
814 2093 895 2127 puto
906 2094 919 2123 ;
929 2094 1001 2117 nam
1014 2084 1046 2115 in
1060 2094 1125 2124 ejus

117 2129 365 2164 dissestionibus
400 2128 486 2162 nihil
520 2125 681 2170 ejusmodi
704 2128 840 2165 inveni;
866 2127 919 2160 sed
946 2128 1126 2160 rantumin

118 2173 191 2208 aliis
202 2174 324 2208 chartis
333 2172 497 2215 quidquid
511 2171 549 2204 ad
563 2180 665 2213 aegros
679 2171 798 2204 attinet
819 2169 902 2205 duos
923 2180 1007 2211 quos
1033 2170 1126 2202 annis

119 2217 249 2260 aliquot
267 2217 335 2259 post
348 2218 452 2252 vidit,
467 2224 504 2249 ut
526 2214 672 2248 Consilia
696 2224 755 2254 pro
778 2214 818 2246 iis
844 2211 963 2254 scripta
986 2211 1124 2246 demon-

117 2261 244 2296 strant.·
262 2264 301 2294 In
314 2270 455 2301 utroque
470 2269 582 2291 eorum
596 2255 821 2291 difficultatem
837 2278 850 2295 ,
874 2260 906 2290 &
920 2254 1069 2300 dolorem
1091 2256 1125 2289 in

117 2304 278 2347 egerendo
292 2304 328 2338 ad
342 2303 509 2346 glandulas
523 2298 619 2333 refert
635 2301 667 2332 in
683 2300 788 2334 Recto
801 2301 955 2334 intestino
965 2299 1128 2334 craffiores

118 2351 247 2389 saisias,
271 2351 300 2382 a&
312 2351 344 2381 in
365 2355 455 2389 parte
469 2344 665 2379 exulceratas
681 2368 688 2382 ‚
711 2355 749 2377 ex
762 2343 865 2386 iisque
880 2345 914 2378 in
928 2344 1031 2376 altero
1053 2342 1129 2377 illo-

118 2406 194 2429 rum
207 2402 368 2427 tumorem
381 2413 390 2429 ‚
417 2388 527 2423 annuli
539 2386 634 2421 instar
657 2388 869 2421 circumcirca
885 2387 1126 2430 prominentem

117 2435 405 2472 intraintestinum
418 2433 564 2475 percipi,
588 2431 723 2470 scribit,
749 2431 855 2464 tribus
878 2433 1010 2465 circiter
1035 2433 1126 2473 supra

107 2485 213 2518 imum
226 2480 372 2521 podicem
387 2477 516 2518 digitis.
532 2474 602 2516 Ipse
613 2486 743 2517 quoque
757 2474 920 2518 superiore
931 2475 1127 2508 aestatecon-

111 2527 212 2562 fultus
231 2523 298 2557 sum
314 2533 372 2565 pro
390 2520 513 2553 Nobili
530 2520 685 2553 Matrona
698 2542 706 2556 ‚
732 2520 786 2552 cui
798 2519 904 2561 plures
917 2518 983 2561 jam
1003 2518 1125 2552 menses

113 2570 178 2605 alvi
191 2567 282 2602 faeces
296 2576 359 2601 non
373 2563 431 2598 nili
444 2566 476 2596 in
488 2564 621 2597 modum
635 2562 819 2596 institarum
830 2561 1021 2604 compressas
1042 2561 1126 2604 deji-

114 2614 235 2650 cienti,
259 2614 290 2645 ἃ
314 2609 429 2646 nullo,
454 2607 514 2641 nisi
528 2605 830 2646 haemorrhoidum,
855 2608 940 2639 vitio
952 2605 1126 2639 selabora-

116 2671 151 2693 re
164 2680 173 2696 ,
197 2653 417 2691 existimanti,
443 2653 614 2685 inventum
627 2661 727 2691 nuper
739 2647 847 2684 fuerat
859 2650 1051 2683 intestinum
1066 2651 1130 2683 cir-

119 2712 194 2737 cum
213 2699 406 2741 superiorem
419 2705 542 2738 partem
564 2693 756 2737 sphineceris
769 2696 822 2727 ani
846 2694 990 2737 undique
1004 2694 1042 2727 ad
1058 2694 1130 2736 spa-

122 2749 206 2780 tiurn
221 2744 363 2777 duorum
373 2740 554 2782 digitorum
568 2747 697 2771 tumens
709 2759 718 2775 ‚
742 2738 933 2780 artiumque
967 2737 1047 2771 adeo
1059 2764 1067 2775 ,
1091 2746 1128 2770 ut

122 2789 222 2830 digiti
234 2797 313 2829 apex
324 2785 385 2818 sine
398 2785 451 2823 vi,
463 2786 494 2816 ἃς
508 2781 653 2815 molestia
667 2783 808 2814 immitti
821 2793 886 2814 non
900 2780 1001 2823 posset
1016 2806 1022 2813 .
1035 2781 1128 2813 Huic

123 2843 199 2868 curn
214 2840 359 2865 tumores
372 2837 461 2861 antea
486 2825 615 2860 fuissent
629 2825 687 2860 alii
700 2825 737 2858 ad
750 2826 922 2867 inguinum
935 2847 944 2863 ,
970 2827 1002 2858 δε
1017 2824 1130 2858 axilla-

124 2888 201 2911 rum
212 2872 379 2917 glandulas
392 2896 400 2910 ,
411 2874 442 2905 δι
456 2870 591 2913 pustulae
606 2891 616 2906 ‚
632 2878 729 2911 atque
741 2869 997 2902 exulcerationes
1008 2889 1018 2906 ‚
1039 2879 1129 2902 cum-

125 2932 189 2964 que
214 2919 312 2951 etiam
333 2925 404 2948 tum
428 2925 485 2956 pus
498 2936 508 2953 ,
531 2915 682 2956 quamvis
694 2923 758 2945 non
773 2913 914 2946 multum
931 2933 939 2949 ,
953 2921 1025 2945 ante
1038 2911 1129 2946 saeces

125 2963 318 3006 dejiceretur
333 2973 342 2997 ·‚
365 2959 452 2991 idem
463 2955 558 2991 facile
570 2956 659 2999 quod
670 2955 823 2990 Valsalva
839 2960 871 2989 in
884 2956 950 2988 illis
963 2958 1056 2998 aegris
1078 2956 1130 2990 di-

124 3010 200 3052 gito
213 3011 395 3048 perceperat
407 3026 416 3043 ‚
439 3004 471 3034 in
483 3000 542 3035 hac
553 3012 685 3044 quoque
697 2998 755 3034 esse
769 3025 777 3039 ,
797 3000 905 3034 censui
921 3025 930 3040 ,
942 3001 973 3032 &
985 3010 1129 3041 quaeren-

125 3054 216 3086 tibus
228 3045 370 3089 rescripfi
383 3068 395 3086 ‚
407 3044 586 3088 praesertim
597 3055 673 3078 curn
686 3055 735 3077 me
749 3055 827 3078 meae
843 3054 973 3090 quoque
987 3044 1129 3077 nonnul-

126 3097 166 3130 1ae
177 3092 435 3127 Observationes
450 3097 640 3122 moverent.
666 3088 817 3125 Quarum
839 3098 912 3130 quae
936 3086 1031 3121 simul
1053 3098 1129 3120 curn

125 3138 342 3175 diffeffionea
364 3145 414 3167 me
438 3132 539 3166 adhuc
561 3132 683 3173 servata
706 3132 768 3173 est,
792 3143 831 3165 eo
855 3131 1012 3164 libentius
1036 3131 1072 3164 ad
1097 3140 1129 3164 te

129 3182 313 3219 scribetur,
346 3175 435 3220 quod
459 3174 605 3210 affectum
631 3174 737 3216 hunc,
762 3184 817 3209 aut
842 3185 927 3209 certe
952 3173 1019 3216 ejus
1053 3174 1128 3208 satis

96 3218 99 3223 s
126 3226 292 3263 similem,
316 3223 400 3257 inter
425 3220 582 3260 rariores,
605 3220 717 3252 merito
752 3218 893 3253 describi
924 3218 1058 3260 quidem
1093 3219 1128 3251 in

127 3267 342 3305 Commercio
366 3265 545 3297 Litterario
567 3266 630 3305 (g)
656 3262 752 3297 video
770 3272 931 3305 quantum
956 3263 988 3295 in
999 3264 1128 3296 vivente

127 3312 295 3350 observari
330 3309 440 3352 potuit
464 3316 475 3345 3
518 3305 569 3339 sed
612 3308 691 3348 aegri
714 3332 723 3346 ,
767 3318 806 3341 ex
849 3306 988 3349 pastione
1029 3305 1128 3340 Iliaca

129 3359 208 3394 alibi
233 3354 356 3390 mortui
381 3350 468 3391 (h),
492 3350 613 3383 nullam
645 3353 862 3384 anatomicam
898 3348 1130 3392 inspectionem

1174 430 1217 461 Θ
1240 426 1324 460 cibos
1347 430 1455 462 crudos
1477 428 1535 460 vix
1558 426 1686 469 ingestos
1710 427 2187 468 inani—‘madvertenterutpluri-

1175 481 1261 504 mum
1284 480 1478 514 egerentem.
1505 471 1621 512 Itaque
1647 481 1747 502 meam
1772 471 2048 506 Observationem
2081 470 2187 513 subji-

1173 515 1255 553 cio,
1278 526 1351 553 quae
1377 516 1413 546 ad
1439 511 1526 547 burc
1552 514 1682 547 modurn
1708 512 1735 546 se
1759 512 1894 548 habuit.

1221 568 1251 599 7.
1278 557 1484 593 PtffiMrNA
1509 568 1608 589 annos
1631 566 1708 590 nata
1731 557 1801 598 plus
1834 557 2073 600 quinquaginta
2103 580 2112 596 ,
2148 568 2187 590 eie

1177 600 1373 641 affectione,
1398 611 1432 635 ut
1457 600 1522 641 ipsa
1550 599 1654 642 ajebat
1683 628 1690 639 ,
1714 599 1995 636 haemorrhoidum
2027 599 2187 634 inciderat

1178 643 1243 686 jam
1267 654 1339 678 ante
1363 646 1545 678 triennium
1568 645 1601 676 in
1627 644 1734 677 rnulto
1758 646 1888 686 gravius
1922 643 2066 677 intestini
2094 645 2188 677 [teeti

1180 688 1322 726 vitium,
1347 698 1482 731 propter
1504 687 1593 729 quod
1617 686 1756 729 denique
1779 686 1913 729 excepta
1948 687 1989 720 est
2020 688 2052 719 in
2080 689 2188 720 Bono-

1179 730 1287 764 niense
1335 731 1574 765 lncurabilium
1611 730 1851 765 Nosocomium
1877 733 1964 764 circa
1992 734 2063 762 anni
2089 729 2188 764 finem

1183 785 1275 817 1704.
1301 775 1395 808 Hanc
1419 775 1572 808 Valsalva
1597 772 1769 810 foeminam
1793 786 1867 808 cum
1892 773 2061 808 dumtaxat
2087 775 2190 806 inter-

1178 816 1339 859 rogassem
1363 830 1400 852 ne
1422 819 1530 861 digito
1542 817 1673 859 quidem
1699 817 1736 851 ad
1761 817 1996 860 explorandum
2020 816 2188 855 immisso,

1176 862 1287 895 statim
1312 862 1481 904 desperato
1518 861 1634 894 inorbo
1659 863 1760 894 teneri
1788 862 2049 907 pronuntiavit)
2084 863 2116 894 δέ
2150 859 2190 894 ad

1176 916 1227 939 me
1242 930 1251 944 ‚
1274 906 1330 947 qui
1355 906 1524 948 proximus
1548 904 1694 943 aderam,
1717 904 1909 943 conversus,
1933 904 1995 939 hoc
2008 916 2076 946 ejus
2087 904 2191 937 simile

1179 950 1258 981 vitii
1283 960 1382 990 genus
1407 952 1449 982 est
1464 972 1477 989 ,
1500 950 1634 991 inquit,
1657 950 1746 989 quod
1771 950 1931 982 mensibus
1969 947 2191 990 superioribus

1181 993 1372 1032 Faventiae,
1393 1004 1468 1026 cum
1492 1004 1619 1027 mecum
1644 992 1736 1031 esses,
1759 993 1958 1035 deprehendi
1985 991 2190 1035 (k),nempc

1180 1034 1233 1069 hic
1257 1047 1388 1078 quoque
1413 1037 1554 1069 Rectum
1578 1038 1770 1070 intestinum
1782 1037 1996 1070 circumcirca
2015 1036 2191 1073 tumorinf

1180 1088 1232 1113 tus
1254 1089 1393 1121 occupat
1416 1078 1624 1119 glandulosus
1639 1104 1647 1112 .
1671 1080 1752 1113 Haec
1764 1089 1872 1113 autern
1897 1079 2013 1113 mulier
2037 1077 2091 1111 etsi
2114 1088 2191 1111 cum

1180 1124 1254 1157 aliis
1281 1124 1388 1156 morbi
1412 1120 1509 1165 hujus
1531 1123 1688 1163 iudiciis,
1712 1123 1839 1156 nullum
1864 1122 2063 1165 percipiebat
2096 1121 2192 1154 dolo-

1179 1178 1271 1205 rem5
1295 1168 1436 1201 multum
1459 1177 1568 1200 tamen
1593 1165 1742 1207 foetidae,
1766 1169 1798 1199 δε
1821 1167 1952 1203 tenuis,
1978 1168 2009 1198 δε
2033 1164 2190 1198 crassioris

1182 1213 1325 1245 materiae
1348 1210 1519 1254 egerebat.
1544 1211 1660 1252 Itaque
1684 1209 1723 1243 ad
1747 1208 1905 1243 summam
1929 1210 2065 1242 maciem
2090 1207 2192 1241 addu-

1179 1255 1229 1288 eta
1246 1280 1258 1297 ‚
1282 1258 1367 1288 intra
1393 1266 1495 1288 unum
1508 1264 1563 1287 aut
1588 1254 1727 1287 alterum
1740 1264 1778 1286 ex
1801 1265 1869 1295 quo
1893 1253 2192 1290 advenerat,rnen·-

1177 1299 1243 1336 :sem
1267 1299 1336 1343 post
1360 1297 1465 1332 febres
1483 1323 1491 1337 ‚
1515 1308 1590 1331 cum
1602 1296 1725 1338 frigore
1739 1299 1927 1338 ingruentes
1944 1320 1952 1335 ,
1979 1305 2109 1331 mortua
2124 1293 2167 1329 est
2182 1316 2194 1326 .

1307 1341 1623 1377 INTESTINUM
1651 1341 1791 1374 Renum
1817 1340 1991 1374 secundum
2007 1339 2193 1385 longitudi-

1180 1398 1255 1421 nem
1279 1386 1420 1420 incisum
1437 1407 1447 1422 ‚
1472 1387 1503 1418 δέ
1527 1384 1724 1424 explicatum
1742 1395 1815 1418 cum
1833 1383 2106 1427 ipseinspicerem
2121 1406 2131 1422 ‚
2148 1379 2192 1415 s1c

1180 1431 1398 1473 reperiebam.
1424 1429 1485 1463 Sex
1511 1427 1672 1470 septemve
1698 1427 1790 1470 supra
1813 1440 1909 1462 anum
1933 1426 2118 1461 transversis
2140 1425 2193 1460 di-

1183 1476 1263 1517 gitis
1276 1475 1458 1516 incipiebat
1472 1471 1606 1511 durius,
1632 1471 1799 1505 &crassius
1811 1471 1882 1505 fieri
1897 1497 1906 1511 ‚
1928 1474 1960 1504 δε
1985 1471 2019 1503 in
2043 1469 2193 1504 conferta

1182 1529 1322 1561 corpora
1335 1518 1434 1560 figura
1449 1540 1460 1555 ‚
1483 1518 1513 1549 &
1529 1515 1754 1558 magnitudine
1778 1518 1992 1548 maximarum
2018 1512 2166 1547 fabarum
2180 1534 2192 1552 ‚

1182 1561 1362 1596 introrsum
1374 1561 1518 1602 undique
1531 1558 1722 1592 extuberare
1737 1584 1741 1590 .
1755 1559 1838 1591 Levi
1851 1568 1939 1592 erant
1950 1557 2074 1598 singula
2085 1557 2193 1600 super-

1184 1606 1277 1643 ficie,
1302 1605 1478 1640 substantia
1491 1612 1598 1636 autem
1621 1601 1764 1635 solida&
1788 1602 1937 1645 competa
1953 1625 1960 1633 .
1988 1601 2133 1635 Durities
2157 1610 2194 1633 ac

1184 1648 1359 1683 craffitudo
1371 1646 1517 1681 intestini
1532 1669 1545 1686 ‚
1567 1647 1597 1678 Sc
1614 1645 1714 1682 moles
1726 1656 1900 1688 corporum
1924 1656 2034 1678 eorum
2046 1656 2117 1687 quae
2142 1644 2194 1676 ni-

1183 1693 1231 1728 hil
1247 1694 1349 1735 magis
1372 1703 1471 1735 quam
1484 1690 1713 1732 conglobatas
1737 1689 1905 1731 glandulas
1929 1691 2037 1723 colore
2060 1698 2193 1730 quoque

1182 1737 1364 1772 referebant
1381 1759 1390 1775 ,
1417 1748 1457 1769 eo
1482 1735 1585 1776 magis
1609 1733 1808 1775 augebantur
1833 1746 1900 1776 quo
1935 1735 2039 1775 magis
2063 1731 2193 1766 descen.

1181 1782 1338 1816 debatur.
1366 1778 1482 1814 Infima
1507 1788 1612 1812 tamen
1639 1776 1867 1818 parsintestini
1888 1787 2008 1820 quanta
2031 1776 2193 1809 transver-

1180 1826 1217 1859 so
1238 1825 1348 1867 digito
1372 1824 1492 1866 operiri
1517 1820 1671 1865 potuisset
1695 1845 1708 1861 ,
1744 1833 1818 1856 curn
1842 1820 1915 1855 sana
1941 1821 2035 1858 esset,
2060 1820 2099 1853 ab
2122 1819 2192 1862 ipso

1179 1869 1311 1905 demum
1335 1878 1479 1901 extremo
1505 1877 1566 1900 ano
1590 1864 1771 1908 pendebant
1795 1865 2020 1901 excrescentiae
2043 1864 2133 1904 duae,
2157 1872 2192 1897 e-

1182 1922 1300 1955 ratque
1323 1914 1446 1945 circum
1469 1921 1565 1944 anum
1590 1911 1673 1943 cutis
1698 1909 1813 1943 leviter
1839 1911 2041 1944 exulcerata.

1228 1956 1258 1988 8.
1285 1955 1385 1988 Nunc
1408 1964 1442 1989 ut
1466 1954 1652 1996 intelligas,
1678 1953 1840 1989 Valsalvae
1855 1979 1863 1992 ,
1886 1955 2052 1989 &nostras
2065 1954 2192 1989 Obsers

1183 2001 1332 2033 vationes
1356 2000 1463 2033 minus
1486 2009 1584 2039 quam
1609 2011 1625 2031 a
1650 1998 1756 2041 primo
1783 1997 1913 2032 fortasse
1948 2010 2079 2042 apparet
2106 2026 2113 2040 ,
2150 1998 2190 2032 ab

1180 2043 1400 2086 Ruyschianis
1410 2039 1557 2081 differre,
1569 2041 1791 2085 comparando
1803 2043 1959 2079 invenies.
1971 2053 2093 2085 aegrum
2106 2055 2192 2086 quo-

1178 2099 1242 2128 que
1253 2085 1417 2129 Ruyschii
1433 2087 1575 2129 primum
1590 2089 1600 2125 (
1614 2087 1649 2129 l)
1662 2087 1727 2119 alvi
1742 2084 1834 2119 faeces
1847 2097 1922 2120 curn
1933 2085 2069 2128 ichorosa
2081 2088 2193 2128 &pu-

1181 2130 1304 2163 rulenm
1316 2132 1449 2164 materia
1463 2129 1636 2164 excrevisse
1650 2152 1659 2168 ,
1684 2129 1817 2164 alterius
1830 2133 2024 2170 autem(7n)
2037 2131 2190 2165 morbum

1180 2186 1197 2207 a
1210 2173 1406 2216 quibusdam
1418 2174 1558 2207 Medicis
1569 2174 1730 2208 creditum
1757 2173 1993 2208 haemorrhoides
2005 2173 2080 2218 esst:
2105 2186 2190 2216 quo-

1180 2228 1252 2251 rum
1267 2219 1491 2260 utrumquein
1506 2218 1664 2259 plerisque
1689 2219 1787 2251 etiarn
1811 2218 1929 2250 accidit
1956 2220 2191 2259 aegrotantium

1180 2259 1387 2294 nostrorum.
1414 2261 1508 2297 Quin
1531 2260 1649 2300 credo,
1675 2261 1759 2294 inter
1783 2260 1889 2294 causas
1914 2271 2066 2297 caeteras‚
2090 2273 2190 2304 quare

1179 2302 1243 2338 hoc
1259 2305 1379 2338 vitium
1395 2326 1404 2341 ‚
1429 2305 1578 2346 quamvis
1592 2303 1719 2337 fortasse
1734 2305 1856 2337 nonita
1872 2316 1977 2339 rarum
1991 2332 1997 2346 ,
2026 2306 2190 2346 pauciori-

1179 2348 1239 2381 bus
1250 2349 1431 2381 innotuerit
1445 2371 1453 2385 ,
1469 2359 1524 2381 nec
1539 2347 1605 2381 sere
1620 2349 1681 2381 nisi
1696 2346 1793 2381 serius
1807 2373 1815 2387 ‚
1840 2349 1981 2382 immisso
1996 2349 2124 2382 tandem
2139 2349 2191 2382 di-

1180 2393 1277 2435 gito,
1301 2390 1495 2433 agnoscatur
1508 2393 1706 2434 praecipuam
1731 2392 1822 2424 illam
1847 2391 1931 2432 esse,
1953 2392 2042 2434 quod
2055 2393 2131 2434 aegri
2155 2395 2188 2426 &

1179 2435 1311 2470 Medici
1327 2434 1409 2468 nihil
1425 2437 1613 2477 plerumque
1628 2435 1746 2468 subesse
1762 2436 1861 2472 mali,
1886 2436 1945 2469 nili
1971 2436 2191 2470 haemorrhoi-

1178 2478 1257 2512 dum
1278 2505 1285 2516 ‚
1308 2479 1528 2511 arbitrentur.
1555 2478 1787 2520 ltaqueinillo
1810 2479 1912 2512 altero
1928 2478 2090 2521 Ruyschii
2114 2481 2190 2514 casu

1178 2534 1229 2556 eas
1242 2521 1304 2556 esse
1316 2533 1370 2563 per
1383 2522 1555 2555 incifiones
1571 2521 1757 2555 auferendas
1771 2544 1780 2560 ,
1806 2520 1984 2556 statuerunt
1999 2546 2007 2561 ‚
2033 2523 2131 2564 idque
2144 2534 2193 2557 et-

1177 2564 1415 2599 iamincassum
1436 2592 1443 2605 ,
1469 2575 1502 2599 ut
1516 2565 1633 2599 necesse
1649 2576 1715 2599 erat
1729 2589 1737 2603 ‚
1762 2575 1923 2602 tentatum
1937 2566 1980 2600 est
1995 2593 2002 2600 .
2028 2569 2070 2610 Et
2083 2567 2152 2601 sane
2165 2566 2190 2601 fi

1182 2611 1233 2643 vel
1246 2608 1404 2651 ejusmodi
1418 2609 1492 2643 esset
1505 2609 1536 2642 id
1552 2609 1660 2651 ‚quod
1673 2609 1899 2652 descripsimus
1915 2637 1923 2652 ‚
1949 2611 2054 2645 morbi
2075 2622 2188 2654 genus,

1182 2662 1219 2686 ut
1233 2654 1395 2696 Chirurgi
1419 2653 1506 2687 ferro
1520 2654 1620 2686 adimi
1646 2653 1774 2693 posset3
1799 2653 1866 2696 ipsa
1889 2663 2020 2692 tamen.
2044 2654 2124 2689 sicut
2149 2655 2189 2688 ab

1181 2696 1363 2738 Ruyschio‚
1386 2697 1451 2732 &a
1464 2698 1557 2731 nobis
1570 2696 1743 2738 conspecta
1756 2696 1815 2735 est,
1845 2697 2084 2740 saepealtiliirna
2100 2710 2191 2732 mor·=⁸

1181 2740 1216 2773 bi
1229 2740 1312 2774 sedes
1326 2741 1451 2775 nullum
1463 2745 1490 2775 ei
1503 2741 1666 2775 curationi
1681 2741 1790 2774 locum
1803 2742 2017 2783 relinqueret.
2045 2742 2125 2774 Non
2140 2753 2191 2775 me

1181 2784 1314 2826 quidem
1328 2785 1415 2828 fugit
1427 2785 1549 2819 vetusta
1574 2784 1629 2817 illa
1653 2795 1724 2826 quae
1751 2786 1834 2818 inter
1847 2785 2062 2825 Hippocratis
2087 2785 2188 2819 libros

1179 2828 1428 2865 circumfertur,
1452 2829 1608 2862 sententia
1621 2830 1675 2870 (n)
1686 2826 1811 2867 Reffurn
1826 2827 2006 2866 intestinum
2020 2828 2188 2872 &secans

1180 2871 1224 2905 ’ὣ
1235 2872 1372 2915 resecans
1386 2895 1396 2911 ‚
1418 2873 1460 2906 ὡ·
1473 2871 1617 2912 consuens
1631 2893 1639 2907 ‚
1663 2871 1706 2903 (ff
1720 2881 1812 2903 urens
1822 2892 1831 2907 ‚
1844 2871 1887 2902 (φ
1895 2870 2123 2914 putrefaciens‚
2138 2881 2188 2907 et-

1181 2916 1269 2959 iamfi
1277 2914 1456 2958 gravissima
1471 2915 1530 2948 haec
1541 2911 1595 2956 effe
1608 2913 1796 2952 videantur,
1820 2912 1903 2946 nihil
1916 2913 2028 2956 Iaeseris
2043 2939 2048 2946 .
2061 2916 2118 2950 Sed
2132 2928 2189 2950 ne-

1181 2960 1336 3001 queillud
1349 2958 1458 3000 fugit,
1483 2957 1544 2990 hoc
1560 2957 1679 2998 dogma
1703 2967 1719 2988 a
1743 2957 1938 2999 peritiffimis
1950 2958 2125 3001 Cliirurgis
2149 2961 2189 2995 ad

1183 3014 1252 3035 eam
1266 3002 1363 3036 ferme
1380 3002 1526 3035 intestini
1541 3010 1664 3042 partem
1678 2998 1790 3033 referri
1805 3024 1814 3039 ,
1841 3012 1856 3033 a
1871 3000 1962 3042 cujus
1975 3002 2188 3044 profundiore

1182 3047 1339 3080 incisione
1352 3047 1494 3088 plerique
1507 3046 1588 3078 olim
1602 3056 1640 3077 ne
1654 3042 1867 3085 lphinsterem
1883 3050 1934 3078 ani
1950 3046 2165 3081 discinderent
2177 3071 2186 3089 ‚

1181 3089 1313 3133 ejusque
1329 3092 1361 3122 in
1378 3098 1569 3131 perpetuum
1584 3088 1736 3121 tollerent
1750 3090 1816 3122 vim
1841 3091 1871 3120 &
1883 3087 2026 3123 officium
2050 3091 2190 3125 abstine-

1181 3134 1279 3167 bant.
1306 3134 1415 3175 Qem
1428 3142 1551 3165 metum
1566 3132 1624 3165 nili
1640 3132 1781 3165 aliorum
1805 3131 2047 3166 observationes
2072 3145 2189 3176 magna

1181 3189 1219 3211 ex
1233 3188 1321 3220 parte
1335 3175 1545 3214 sustulissent3
1573 3175 1691 3218 possem
1716 3177 1780 3209 tibi
1806 3175 2017 3212 confirmare,
2046 3174 2190 3213 audivis„

1181 3222 1209 3255 se
1222 3233 1269 3255 me
1281 3220 1467 3255 valsalvarn
1480 3221 1709 3257 cumdiceret,
1736 3220 1764 3252 se
1779 3220 1922 3261 periculo
1936 3217 2023 3252 facto
2040 3221 2071 3253 in
2095 3223 2187 3255 cani-

1180 3266 1259 3302 bus,
1285 3263 1548 3307 deprehendisse,
1574 3262 1785 3306 sphineterem
1800 3263 1911 3299 illum,
1935 3272 2054 3304 quanta
2067 3275 2189 3306 quanta

1180 3318 1270 3349 erat,
1296 3307 1495 3343 crassitudine
1508 3307 1694 3341 dissectum,
1720 3309 1836 3340 iterum
1851 3306 1917 3339 suas
1931 3308 2123 3349 recuperasse
2137 3311 2187 3343 vi-

1185 3364 1256 3391 res,
1281 3352 1400 3394 suoque
1425 3362 1577 3389 munere,
1597 3352 1746 3394 quamvis
1760 3360 1822 3382 non
1848 3350 1893 3382 ita
1918 3350 2059 3384 valenter
2071 3364 2106 3385 ac
2131 3364 2188 3386 an-

127 3403 274 3446 reperio.
298 3399 342 3431 Et
364 3395 513 3439 quamvis
535 3394 601 3426 alio
622 3394 656 3426 in
680 3394 766 3428 libro
786 3394 847 3438 (i)
871 3393 975 3436 legam
997 3414 1005 3429 5
1040 3393 1135 3430 fuisse
1188 3406 1256 3435 tea.
1282 3396 1430 3429 functum
1444 3394 1525 3435 esse,
1549 3395 1699 3435 idemque
1717 3397 1748 3426 in
1763 3393 1893 3442 homine
1909 3416 1919 3432 ‚
1942 3394 2107 3440 occasione
2131 3397 2188 3430 da..

126 3449 163 3481 in
187 3444 295 3487 puello
318 3438 457 3479 intestini
481 3437 568 3476 Κεὲἳὶ
585 3447 656 3472 ,eam
679 3436 777 3471 labem
793 3461 801 3477 ,
828 3437 948 3480 qualem
960 3436 1135 3479 Ruyschius
1187 3449 1240 3477 ta,
1267 3439 1541 3472 animadvertisse.
1568 3439 1659 3478 Quin
1675 3439 1772 3469 etiam
1787 3434 1945 3469 inscheda
1957 3448 2022 3480 ejus
2036 3439 2188 3479 quadam,

127 3485 388 3535 observationum
409 3480 678 3530 Ana-temerariam
698 3480 767 3531 Qbs.
791 3492 845 3524 95.
871 3483 990 3523 &92
1014 3481 1133 3522 duplici

119 3531 289 3579 specimine
312 3525 427 3575 refert,
444 3523 570 3573 Jcclccet
592 3523 630 3556 ad
644 3522 851 3575 splnnc'serem
875 3527 1000 3558 tendens
1020 3536 1131 3575 magna

124 3573 340 3622 scjrrhofitate
361 3579 478 3604 czrcum
500 3578 582 3602 czrca
605 3565 788 3612 obrcgusJJ‘e3
812 3579 920 3603 tamen
945 3580 1020 3603 curn
1044 3570 1129 3603 idem

1190 3483 1257 3524 post
1270 3483 1301 3516 id
1322 3494 1446 3519 reci-pus
1460 3482 1575 3522 scrinia
1592 3507 1598 3517 ,
1627 3486 1643 3513 h
1655 3494 1690 3513 sc
1706 3482 1766 3516 legi
1780 3505 1786 3513 ,
1815 3480 2013 3521 persanatum
2030 3481 2067 3514 ab
2077 3484 2187 3519 coesse

1184 3527 1289 3560 virum
1306 3526 1440 3565 A.1708.
1454 3527 1506 3559 cui
1522 3523 1675 3559 abscessus
1689 3547 1696 3560 ‚
1708 3527 1737 3557 &
1750 3523 1826 3558 huic
1838 3523 2004 3556 adveniens
2015 3536 2187 3568 gangraena

1184 3581 1310 3614 partem
1323 3571 1454 3605 alterius
1465 3572 1546 3604 natis
1556 3568 1733 3603 corroserat
1757 3579 1831 3602 cum
1855 3577 1925 3601 tota
1950 3580 1981 3600 ea
1996 3567 2187 3611 sphinReris

2066 3626 2138 3646 ΟἨᾺ

280 3740 334 3765 Vid.
352 3738 402 3767 ejus
417 3736 519 3763 observ.
534 3735 626 3761 Medic.
645 3736 661 3760 l.
679 3745 700 3766 3.
716 3743 736 3760 c.
754 3743 777 3760 ι..
795 3735 820 3760 in
835 3736 879 3762 fin.

278 3771 337 3800 Epi-r.
355 3772 389 3794 N.
410 3773 439 3796 C.
463 3770 533 3793 Cent.
552 3775 588 3791 10.
606 3767 629 3790 in
647 3767 754 3797 append.
774 3775 797 3791 n.
815 3776 839 3796 4.

275 3804 333 3827 Dec.
351 3808 373 3824 2.
390 3808 413 3824 c.
435 3808 471 3823 ιο.
534 3797 573 3828 (f
585 3798 599 3826 )
617 3798 729 3827 Respons.
745 3798 774 3822 ad
791 3798 854 3823 Bidl.

225 3833 229 3837 ’
273 3832 326 3858 Ast.
342 3833 376 3858 N.
392 3833 421 3857 C.
437 3832 511 3858 Tom.
528 3837 553 3865 ²1
567 3828 626 3856 Obs.
637 3833 675 3860 65.

941 3738 956 3768 (
973 3745 990 3766 z
1007 3737 1016 3768 )
1033 3744 1052 3762 c.
1073 3737 1115 3763 cit.

903 3769 917 3797 (
932 3776 943 3793 c
962 3770 973 3796 )
990 3770 1130 3793 commem.
1148 3768 1234 3793 Litter.
1252 3770 1282 3792 A.
1302 3777 1369 3797 ¹740>
1389 3768 1465 3793 Hebri,
1485 3777 1522 3797 30·
1541 3776 1560 3791 n.
1580 3776 1597 3792 r.

915 3799 988 3830 (g)
1006 3800 1038 3825 A.
1058 3807 1122 3828 ¹742·
1141 3800 1219 3825 Hebd.
1237 3807 1273 3828 33.
1292 3799 1305 3829 §

737 3828 781 3861 (lt)
799 3829 854 3856 vid.
872 3838 900 3861 n,
916 3830 1029 3860 proximo
1046 3829 1182 3862 superiore.

1175 3737 1230 3767 (a)
1247 3737 1301 3762 vid.
1319 3738 1372 3762 A&
1391 3737 1464 3762 Erud.
1483 3737 1547 3767 Lips.
1565 3739 1602 3761 M.
1622 3736 1885 3795 Jul.(utl}i)ejgsbsC1;2ae
1896 3736 1972 3797 81:113}
1989 3738 2140 3764 referuntur.

1332 3807 1351 3828 3.
1371 3808 1392 3823 n.
1414 3808 1431 3823 ι.
1492 3800 1508 3829 ζ
1525 3799 1559 3831 h,
1577 3802 1608 3823 A.
1630 3806 1693 3827 174⁴-
1714 3798 1792 3822 Hebd.
1810 3798 1876 3828 2.··§.
1898 3806 1918 3828 3.
1937 3807 1959 3822 n.
1978 3807 2000 3823 2.

1228 3830 1268 3861 (l)
1283 3830 1342 3858 Obs.
1361 3829 1421 3857 ibid.
1438 3830 1483 3861 cit,
1500 3838 1541 3863 95,
1573 3829 1623 3861 (m)
1639 3828 1697 3856 obs.
1710 3833 1747 3859 96.
1779 3828 1838 3862 (n)
1855 3830 1871 3854 l.
1887 3830 1916 3855 de
1932 3829 2108 3859 Haemorrhoid,
2124 3836 2146 3856 n.
2158 3830 2184 3854 12

1554 3891 1569 3903 θ
