2498 4075
39 1453 41 1455 '
92 1447 174 1471 mate
186 1460 195 1468 .

16 2601 21 2604 ⁴
68 2628 86 2645 a
103 2613 209 2637 tamen
231 2601 372 2644 appreffis
395 2601 502 2635 subtus
525 2600 662 2643 digitis,
694 2610 757 2633 non
781 2623 794 2640 ,

1948 223 2046 277 4¹9
2080 204 2091 208 '

127 392 636 464 EPISTOLA
682 377 1775 454 ANATOMICO-MEDICA
1811 370 2045 439 LXIVr

628 547 724 601 Ad
755 544 1008 602 Thoracis
1042 539 1260 598 Morbos
1293 538 1544 608 pertinet.

207 705 320 738 Uanto
342 704 468 747 longius
489 699 628 742 spatium
651 701 733 734 inter
754 698 835 733 illud
857 705 980 741 tempus
1010 708 1078 741 quo

75 702 198 834 Q
219 746 256 782 de
280 747 404 782 Morbis
425 746 552 789 Capitis
574 744 689 786 primas
711 742 749 777 ad
771 751 802 775 te
824 743 962 776 Litteras
984 739 1052 774 misi
1066 763 1077 781 ‚

220 794 253 825 &
276 800 391 824 annum
412 789 497 823 hunc
521 786 688 821 interceffit
714 813 723 827 ,
756 787 789 819 δε
819 794 940 828 quanto
972 785 1077 827 plures
1126 780 1251 813 transire
1274 777 1389 822 posset.

77 835 112 868 in
134 835 275 877 Capite,
294 845 391 877 quarn
413 834 446 866 in
470 831 641 871 Thorace,
663 829 732 864 sunt
756 831 882 868 Parte55
905 837 996 862 tanto
1006 838 1082 869 pau-

78 878 181 911 ciores
202 877 240 911 de
263 875 358 919 hujus
380 875 507 910 Morbis
530 872 779 907 Observationes
811 873 904 914 potui
936 870 1081 905 institue-

79 931 134 958 re3
157 928 193 953 ut
216 919 311 954 facile
333 930 442 954 omnes
463 928 574 960 queam
598 915 656 949 hac
678 927 739 950 una
772 914 915 958 Epistola
939 924 1080 954 compre-

82 961 217 997 hendere
229 985 241 1003 ,
262 974 323 1005 qua
346 963 452 1005 primo
475 962 549 994 loco
569 970 640 1003 quae
663 960 697 992 in
720 958 929 992 Pulmonibus
950 956 1081 998 conspe-

84 1007 187 1039 xerim
205 1029 217 1047 ,
238 1005 352 1040 deinde
372 1017 443 1050 quae
466 1004 501 1036 in
523 1002 653 1043 Corde,
675 1001 864 1046 Magnisque
887 1001 954 1044 ejus
977 998 1082 1038 valis,

83 1059 261 1091 exponam.

130 1103 159 1124 2.
186 1091 376 1126 MULIER
398 1089 580 1125 consistente
600 1097 693 1123 aetate
715 1095 841 1123 mortua
862 1095 928 1121 erat
957 1087 991 1120 in
1013 1086 1088 1119 No-

83 1133 228 1168 socomio
249 1146 288 1168 ex
310 1135 469 1178 pulmonis
492 1129 941 1172 inflammationersubfinem
971 1130 1090 1175 Janua-

88 1178 129 1210 rii
153 1181 195 1212 A.
222 1187 316 1221 1755.
337 1188 412 1211 cum
433 1188 494 1219 ego
515 1178 696 1210 Anatomen
720 1177 752 1209 in
787 1173 967 1217 Gymnasio
996 1172 1092 1206 doce-

88 1231 177 1268 rem.
201 1220 301 1264 Qod
324 1230 358 1255 ut
383 1221 506 1264 plenius
529 1219 629 1253 facere
663 1228 824 1262 pergerem
847 1242 856 1257 ‚
889 1217 978 1249 illata
1013 1215 1091 1248 illuc

56 1292 63 1299 .
87 1265 162 1298 sunt
185 1274 226 1298 ex
247 1262 314 1306 ejus
338 1265 437 1297 etiam
461 1263 640 1304 cadaverej
672 1273 744 1295 nam
778 1263 810 1294 δε
833 1271 870 1293 ex
894 1260 966 1293 aliis
997 1258 1093 1292 habe-

89 1309 187 1345 bam3
221 1305 312 1341 fimul
342 1317 417 1340 cum
448 1307 491 1339 iis
523 1306 669 1339 Partibus
701 1316 771 1348 quae
803 1312 873 1337 tum
895 1304 994 1337 urinae
1020 1310 1090 1334 tum

86 1349 303 1393 generationis
325 1351 427 1392 gratia
449 1349 635 1384 mulieribus
659 1348 729 1382 sunt
753 1347 937 1387 attributae,
959 1345 1089 1379 Thora-

92 1395 161 1434 cis,
184 1393 415 1436 qualiacunque
437 1403 551 1433 erant,
573 1391 668 1435 ipsius
692 1390 804 1424 viscera
825 1401 898 1423 cum
920 1388 1090 1430 diaphrag-

374 1437 585 1470 VENTRIS
608 1435 679 1468 illas
703 1435 810 1468 Partes
832 1444 905 1467 cum
936 1433 1097 1465 examina-

90 1489 178 1519 κως
201 1479 262 1513 alia
284 1491 354 1524 quae
380 1491 396 1512 a
418 1479 563 1513 consueta
586 1486 705 1512 naturae
728 1488 836 1510 norma
859 1477 1023 1510 dumtaxat
1046 1472 1097 1507 di-

91 1523 249 1558 scederent
272 1546 284 1562 ‚
317 1524 378 1556 alia
400 1534 471 1566 quae
503 1530 616 1565 praeter
638 1531 781 1554 naturam
806 1521 939 1553 omnino
968 1517 1062 1552 essent
1087 1541 1098 1558 ,

58 1587 68 1597 ι.
93 1565 306 1610 deprehendi.
333 1567 423 1599 Inter
445 1566 548 1607 prima
572 1575 683 1607 corpus
706 1563 936 1598 subrotundum
947 1562 1010 1596 fuit
1031 1560 1101 1594 dia-

92 1619 196 1644 metro
222 1610 350 1652 pollicis
374 1607 559 1647 transversi,
582 1607 705 1642 rubello
727 1608 834 1640 colore
859 1629 871 1646 ,
904 1605 954 1639 sua
993 1606 1101 1639 tunica

57 1656 61 1658 ’
95 1653 242 1688 cinisium
262 1676 275 1693 ‚
306 1651 394 1694 quod
416 1650 472 1684 etsi
495 1652 528 1684 in
552 1650 730 1685 membrana
753 1658 820 1683 erat
856 1648 984 1691 adiposa
1017 1648 1101 1680 renis

92 1696 207 1730 sinistri
232 1718 242 1733 ,
277 1703 382 1728 tamen
405 1705 503 1736 neque
528 1705 579 1727 ren
603 1694 857 1727 Succenturiatus
879 1715 891 1733 ,
924 1692 981 1736 qui
1005 1691 1043 1724 ab
1065 1702 1104 1723 eo

65 1780 69 1782 Ἴ
100 1741 199 1773 latere
221 1738 340 1780 duplex
361 1737 457 1775 effer,
481 1748 535 1770 nec
559 1748 611 1770 ren
636 1737 714 1770 alter
737 1736 884 1779 parvulus
907 1759 917 1775 ,
939 1746 994 1769 nec
1018 1735 1103 1776 lym-

92 1781 222 1826 phatica
245 1780 392 1823 glandula
413 1788 496 1814 certe
519 1790 604 1819 erat3
628 1780 676 1814 sed
700 1782 807 1823 potius
830 1779 914 1821 splen
936 1779 1017 1811 alter
1038 1778 1106 1810 exi-

95 1837 179 1869 guus
202 1848 214 1866 ‚
251 1834 287 1858 ut
309 1823 458 1857 bifariam
482 1822 564 1857 seffl
583 1825 692 1857 natura
715 1821 851 1856 ostendit
875 1846 882 1852 .
919 1823 957 1854 In
982 1821 1104 1854 ambitu

98 1870 208 1909 enim,
229 1877 267 1900 ut
290 1866 368 1909 saepe
391 1867 424 1899 in
448 1868 530 1899 liene
553 1865 787 1906 animadverti,
808 1874 873 1898 erat
896 1865 1102 1900 coccineum,

63 1935 67 1939 ·
95 1921 208 1946 caetera
239 1922 278 1943 ex
309 1910 405 1945 rubro
437 1908 585 1948 fuscum3
623 1917 658 1942 ut
691 1910 835 1952 quamvis
857 1907 1008 1941 structura
1031 1905 1102 1941 esset

101 1953 199 1997 paulo
223 1954 325 1996 magis
351 1952 493 1988 resistens
514 1953 643 1991 cultro,
667 1963 763 1995 quam
786 1952 871 1987 lien,
906 1952 1021 1984 lienem
1054 1950 1102 1983 es.

96 1999 128 2034 se
150 2022 160 2038 ,
189 2007 299 2031 omnes
320 1997 377 2039 qui
399 1995 574 2038 aspicerent
598 2018 608 2034 ‚
642 1994 739 2030 facile
761 1994 967 2037 agnoscerent
992 2019 1001 2028 .
1033 1995 1102 2028 Ren

65 2039 190 2075 *idem
215 2039 332 2074 sinister
355 2040 482 2081 longior
506 2037 593 2079 fuit,
616 2050 710 2081 quarn
733 2038 861 2072 dexter.-
883 2049 937 2071 nec
961 2039 1104 2077 mirum,

99 2095 172 2118 cum
196 2083 340 2126 pelvibus
363 2082 553 2116 instructum
576 2080 648 2117 effet
670 2081 817 2122 duobus,
850 2081 1008 2123 superiore
1032 2105 1041 2120 ,
1070 2083 1103 2114 &

99 2126 274 2164 inferiore,
299 2125 426 2168 prorsus
448 2126 532 2158 inter
556 2125 584 2158 se
608 2123 716 2158 divisis
741 2136 803 2158 non
829 2124 931 2161 secus,
967 2135 1002 2156 ac
1033 2134 1104 2157 ure-

99 2179 182 2204 teres
204 2171 260 2214 qui
284 2169 396 2212 singuli
420 2180 458 2201 ex
477 2168 607 2211 singulis
633 2167 774 2210 pelvibus
799 2166 934 2209 profeffl
949 2188 958 2204 ,
981 2168 1014 2199 in
1025 2177 1105 2199 con.

71 2203 223 2248 ’suetam
248 2211 355 2245 veficae
380 2210 481 2245 fede-m
504 2210 679 2246 influebant
705 2209 833 2244 orificio
864 2209 926 2251 (id
960 2209 1049 2253 quod
1071 2221 1102 2242 ea

76 2255 344 2291 ⁴'xercitatiffimo
378 2254 555 2288 Profestori
587 2253 762 2288 Eustachio
794 2253 814 2296 (
828 2258 880 2293 a)
910 2253 1014 2287 videre
1036 2263 1102 2285 non

101 2301 307 2343 contigerat3
331 2297 414 2331 mihi
438 2307 545 2332 autem
568 2298 655 2331 casus
679 2307 726 2330 ter
749 2296 860 2330 saltem
882 2301 896 2337 (
918 2296 937 2330 b
959 2301 972 2337 >
1005 2295 1103 2329 obtu-

84 2337 142 2376 ⁶lit
165 2347 178 2383 )
201 2341 329 2375 orificio
344 2363 353 2379 ,
375 2342 509 2384 inquam
532 2366 541 2381 ‚
569 2340 683 2384 singuli
708 2341 864 2383 proprio,
887 2339 967 2373 alter
991 2350 1106 2382 parvu-

99 2387 135 2420 lo
158 2384 241 2419 infra
265 2385 401 2419 alterum
425 2385 593 2418 intervallo
615 2408 623 2415 .
649 2383 702 2418 Ad
725 2384 872 2416 morbum
895 2393 999 2417 autem
1021 2406 1032 2423 ‚
1069 2392 1107 2415 an

99 2429 140 2464 ad
161 2429 282 2463 instans
305 2426 431 2461 fortasse
469 2427 698 2462 menstruorum
732 2436 855 2468 tempus
888 2426 922 2460 id
957 2427 1107 2459 attineret

86 2472 188 2527 ⁴'quod
212 2473 246 2506 in
270 2482 363 2506 utero
387 2471 616 2510 animadverti,
637 2470 770 2504 dubium
792 2469 856 2504 fuit
880 2494 888 2502 .
924 2470 1011 2503 Nam
1034 2468 1108 2502 fun-

95 2517 138 2551 *di
162 2527 234 2558 pars
257 2514 397 2558 superior
420 2515 506 2549 intus
530 2514 682 2553 rubebat3
708 2513 760 2546 sed
782 2514 925 2557 quamvis
949 2510 1106 2555 sanguise-

45 2570 56 2581 'r
108 2571 143 2594 ra
165 2559 288 2593 vascula
313 2569 366 2600 per
388 2559 541 2591 intimam
562 2557 777 2591 membranam
801 2557 1068 2598 transpicerentur
1093 2567 1104 2593 ;

827 2608 863 2633 ut
897 2599 1106 2642 saepenumero

82 2655 86 2659 ⁴
107 2647 184 2680 alias
207 2644 285 2678 solet
307 2668 318 2683 ‚
344 2645 522 2688 quidquam
547 2643 707 2686 sanguinis
735 2642 883 2685 prodibat
907 2665 915 2674 .
952 2643 999 2676 At
1021 2651 1106 2675 certe

109 2689 149 2724 ad
181 2689 331 2723 morbum
363 2686 520 2721 referenda
554 2695 641 2721 erant
673 2698 743 2730 qua:
775 2687 808 2719 in
839 2694 953 2719 trunco
984 2687 1106 2719 arteriae

111 2733 241 2775 Magnae
264 2754 274 2770 ‚
304 2729 430 2774 ejusque
463 2731 570 2765 Iliacis
594 2732 689 2763 ramis
713 2728 779 2762 vidi
804 2755 810 2761 .
844 2729 970 2770 Nempe
995 2729 1029 2762 in
1052 2729 1113 2762 illo

110 2775 242 2810 maculae
265 2776 351 2807 intus
373 2784 461 2807 erant
485 2774 581 2811 albae,
603 2773 707 2807 futuri
729 2772 797 2806 offis
811 2772 1055 2809 inchoamenta3
1079 2773 1112 2804 in

113 2819 165 2853 his
200 2826 306 2851 autem
343 2818 437 2849 ramis
468 2828 523 2858 per
554 2818 711 2850 internam
735 2816 854 2858 pariter
885 2815 1000 2848 faciem
1023 2815 1114 2848 lineae

114 2859 280 2896 exstabant
314 2859 469 2902 parallelae
503 2858 673 2894 secundum
707 2857 943 2901 longitudinem
975 2858 1077 2892 duetae
1101 2879 1111 2895 ‚

115 2916 187 2950 quae
209 2925 220 2941 ‚
251 2912 420 2945 utrumque
460 2902 542 2936 latus
577 2904 610 2936 in
633 2901 755 2935 diversa
778 2900 955 2942 trahendo,
979 2903 1110 2934 minime

113 2955 261 2992 poterant
285 2946 484 2979 oblitterari.
617 2943 754 2979 Thorax
774 2957 923 2989 quoque,
953 2948 985 2978 δε
1011 2945 1115 2978 multo

115 2990 247 3035 quidem
274 2990 396 3032 magis,
419 2987 563 3022 morbosa
584 2988 730 3022 exhibuit
754 3000 763 3024 3
796 2988 846 3021 sed
876 2991 908 3021 δε
939 2988 1045 3031 aliqua
1067 2998 1115 3021 ta-

117 3045 189 3068 men
212 3045 283 3076 quae
306 3032 375 3066 sunt
410 3034 508 3074 magis
552 3041 640 3065 extra
683 3029 943 3065 consuetudinem
967 3053 976 3069 ,
1019 3043 1116 3074 quarn

120 3087 236 3121 praeter
265 3084 384 3110 naturae
421 3075 551 3108 modum
577 3099 584 3107 .
618 3073 839 3118 Diaphragma
870 3076 953 3107 enim
978 3085 1040 3107 non
1065 3086 1117 3118 per

119 3131 221 3155 unum
251 3143 263 3159 ,
306 3118 358 3152 sed
400 3129 455 3160 per
478 3119 542 3151 duo
564 3121 669 3163 (quae
704 3118 881 3160 nuperrime
923 3129 1051 3161 quoque
1074 3120 1117 3152 A.

125 3174 217 3207 1759.
242 3163 276 3195 in
299 3164 371 3195 viro
391 3159 531 3198 offendi,
556 3164 587 3195 &
611 3162 734 3204 publice
755 3160 876 3194 ostendi
901 3164 912 3199 )
946 3172 998 3203 per
1020 3161 1085 3195 duo
1107 3184 1116 3199 ‚

122 3208 277 3249 inquam,
300 3205 383 3238 inter
406 3204 435 3238 se
460 3204 604 3246 proxima
627 3203 783 3238 foramina
809 3205 854 3236 ita
876 3203 1024 3238 videlicet
1050 3230 1059 3245 ,
1081 3215 1117 3239 ut

121 3249 199 3283 alias
243 3248 290 3281 vel
337 3258 391 3289 per
435 3248 505 3280 tria
542 3248 670 3290 exposui
695 3271 707 3288 ,
761 3246 910 3281 venosum
954 3259 970 3280 e
1014 3257 1120 3282 ventre

123 3291 339 3326 ascendentem
362 3290 543 3333 sanguinem
565 3290 799 3325 transmittebat
824 3313 832 3321 .
865 3292 940 3323 Cor*
955 3301 1032 3323 vero
1053 3292 1121 3324 ori-

124 3335 236 3369 ficium
257 3335 447 3367 Coronariae
472 3344 559 3366 venae
584 3334 714 3369 habebat
737 3344 800 3368 non
823 3333 1021 3367 membranea
1052 3335 1120 3367 val-

124 3379 197 3412 vula
219 3376 410 3412 instructum
432 3399 445 3417 ,
478 3375 529 3409 sed
551 3378 695 3411 tenuibus
718 3402 731 3418 ,
761 3376 940 3419 crebrisque
965 3376 1120 3418 parallelis

125 3420 298 3455 filamentis
319 3420 359 3454 ab
385 3419 508 3454 summo
532 3419 569 3453 ad
593 3420 693 3454 imum
714 3419 973 3454 descendentibus
1007 3429 1073 3454 tam
1107 3432 1124 3455 a

124 3464 246 3500 dextris
269 3487 282 3504 ,
314 3474 408 3506 quam
433 3475 448 3495 a
474 3461 602 3496 finistris

210 3507 375 3550 Morgagni
397 3507 431 3540 de
445 3506 514 3539 Sed.
539 3505 684 3548 &Caufi
697 3506 796 3541 Morb.
823 3507 923 3540 Tom.
938 3507 985 3539 11.

626 3487 635 3503 ‚
670 3464 716 3496 ita
736 3472 881 3506 opertum
904 3485 915 3503 ,
948 3462 1130 3508 iitsanguis
1181 3465 1256 3498 dine
1286 3486 1297 3502 ,
1340 3462 1501 3508 sphaerulae
1543 3469 1650 3496 autem
1693 3458 1798 3493 forr-na

1126 701 1231 728 tamen
1253 693 1336 727 inter
1358 691 1554 725 filamentum
1567 714 1579 731 ,
1599 689 1631 722 &
1653 687 1874 725 filamentum,
1893 683 1995 726 magis
2018 688 2126 716 autem

1126 747 1180 778 per
1200 736 1317 769 orificii
1341 735 1479 769 medium
1501 756 1512 773 ‚
1534 734 1600 768 ,ubi
1624 731 1785 764 filamenta
1808 725 1933 770 prorsus
1961 725 2091 773 deerant
2114 733 2128 762 ,'

1521 778 1573 811 Ad
1596 773 1773 809 morbidam
1797 780 1902 805 autem
1923 767 2129 815 constitutio-.-r

1130 835 1201 857 nem
1237 823 1396 864 sanguinis
1427 820 1556 864 quidem
1581 843 1590 859 ‚
1628 816 1804 860 spectabant
1835 824 1908 864 quae
1930 823 1968 845 ex
1999 811 2133 851 Magnis

1129 866 1237 899 cordis
1258 865 1336 898 valis
1360 864 1479 898 eduetae
1502 864 1572 899 sunt
1607 862 1682 895 albae
1706 866 1920 894 concretiones
1943 852 2134 902 polyposaej

1131 909 1301 944 solidarum
1323 917 1430 942 autem
1455 909 1594 950 partium
1616 916 1688 938 cum
1712 914 1744 936 ea
1778 899 1939 935 tubercula
1963 920 1973 936 ,
2012 908 2029 930 a
2059 905 2134 946 qui-

1130 953 1210 993 bus,
1232 963 1267 987 ut
1292 952 1389 989 alias,
1415 961 1469 984 nec
1492 962 1583 991 raro,
1606 949 1675 982 vidi
1697 944 1870 980 crassiorem
1906 941 2028 991 salitum
2059 939 2137 972 lim--v

1141 996 1219 1030 bum
1241 995 1435 1029 valvularum
1461 995 1643 1027 Mitralium
1668 1014 1677 1031 ,
1700 999 1770 1024 tum
1794 987 1967 1031 praesertim
1989 983 2023 1018 id
2046 979 2137 1032 quod

1142 1040 1257 1073 mortis
1279 1037 1400 1071 causam
1426 1038 1535 1071 attulit
1551 1060 1562 1078 ‚
1584 1046 1654 1080 pars
1677 1043 1789 1076 magna
1812 1031 1940 1064 alterius
1973 1027 2137 1070 pulmonis

1140 1092 1288 1122 tumens,
1311 1082 1409 1119 dura,
1432 1083 1536 1124 gravis
1560 1103 1569 1118 ,
1593 1077 1747 1121 densaque
1770 1077 1870 1114 intus,
1893 1083 1928 1106 ac
1951 1070 2041 1116 firma
2064 1069 2140 1103 sub-

1140 1125 1252 1159 stantia
1276 1146 1285 1161 ‚
1317 1135 1388 1167 quae
1423 1124 1529 1157 colore
1553 1132 1618 1156 erat
1650 1132 1714 1155 non
1738 1119 1839 1153 solum
1860 1115 1969 1165 dilute
1986 1112 2141 1149 subrubro

1141 1168 1225 1212 quasi
1251 1168 1326 1201 elixi
1352 1166 1521 1209 jecinoris,
1543 1166 1667 1209 qualem
1690 1165 1724 1197 in
1747 1163 1938 1206 pulmonum
1960 1157 2143 1191 inflamma·-

1143 1212 1287 1246 tionibus
1310 1210 1421 1252 saepius
1444 1209 1592 1252 conspexi
1612 1233 1620 1247 ,
1655 1217 1765 1241 verum
1788 1206 1884 1237 etiam
1908 1199 2080 1235 albescente
2092 1209 2143 1248 ‘ex

1143 1254 1303 1294 immista,
1323 1263 1360 1287 ut
1385 1251 1479 1286 facile
1503 1263 1568 1286 erat
1592 1250 1750 1294 conjicere
1766 1272 1775 1288 ‚
1798 1246 1966 1290 purulenta
1989 1251 2145 1290 materia,

1146 1311 1241 1342 eaque
1264 1298 1353 1340 gelu,
1379 1296 1466 1340 quod
1485 1308 1538 1339 per
1557 1306 1609 1329 eos
1631 1293 1758 1336 vigebat
1782 1291 1847 1323 dies
1860 1313 1873 1330 ,
1894 1295 2061 1322 concreta.
2087 1286 2148 1318 Per

1147 1343 1276 1385 Asperae
1298 1351 1403 1374 autem
1425 1341 1545 1373 arteriae
1569 1337 1697 1372 dorsum
1721 1333 1869 1369 cellulosa
1893 1330 2073 1366 membrana
2106 1326 2150 1377 sic

1147 1396 1212 1420 erat
1236 1397 1252 1418 a
1275 1385 1416 1417 coercito
1440 1382 1573 1417 humore
1596 1381 1749 1417 distenta,
1774 1387 1811 1412 ut
1833 1375 1991 1425 glandulae
2014 1382 2091 1417 quas
2113 1382 2170 1409 in,

1147 1429 1208 1463 illo
1229 1429 1311 1461 olim
1333 1431 1347 1468 (
1369 1439 1385 1461 c
1408 1431 1419 1466 )
1444 1427 1598 1460 delineavi
1614 1450 1624 1467 ,
1645 1424 1777 1459 minime
1800 1443 1810 1459 ‚
1845 1428 1899 1454 aut
1931 1429 1987 1451 vix
2021 1425 2152 1459 appare-

1149 1483 1237 1507 rent.
2017 1502 2021 1504 ,

1190 1527 1221 1559 3-
1246 1515 1326 1549 Non
1351 1525 1445 1549 unam
1469 1512 1549 1547 hanc
1573 1525 1645 1557 quae
1668 1511 1706 1545 ad
1727 1507 1891 1544 Thoracis
1919 1501 2153 1538 inflammatio-

1149 1569 1203 1594 nes
1227 1558 1380 1601 spestaret
1394 1581 1407 1599 ,
1429 1558 1525 1591 habui
1548 1556 1767 1591 diffeetionem
1792 1563 1830 1585 ex
1852 1561 1919 1594 quo
1942 1558 1992 1581 tor
2017 1547 2088 1597 illas
2107 1544 2151 1596 *ad

1150 1613 1182 1637 te
1204 1601 1274 1636 misi
1298 1600 1439 1644 Epistola
1470 1601 1558 1633 XXI.
1593 1600 1683 1633 Alias
1714 1600 1799 1630 enim
1833 1589 2115 1641 posteaqaccepisti
2139 1611 2154 1628 ,

1152 1647 1225 1680 aliis
1250 1645 1384 1680 Litteris
1406 1644 1469 1687 (d)
1493 1642 1688 1685 descriptas,
1710 1640 1857 1674 ultimam
1871 1636 2045 1677 praesertim
2055 1642 2154 1682 quam

1153 1701 1227 1724 cum
1250 1689 1290 1721 iis
1313 1687 1515 1730 conjunxeris
1537 1685 1681 1729 Epistola
1705 1683 1784 1722 illa,
1807 1683 1839 1713 δε
1861 1680 1933 1711 ΧΧ.
1958 1680 2157 1720 prop0¹1t¹5‚

1154 1734 1189 1767 in
1213 1732 1329 1776 quibus
1352 1732 1459 1774 pleura
1483 1730 1738 1763 inflammatione
1762 1735 1825 1759 non
1847 1721 1970 1772 carebat
1993 1744 2029 1770 ,¹
2066 1730 2155 1753 uam-

1157 1778 1205 1809 vis
1237 1783 1426 1818 aegrotantes
1460 1772 1747 1816 sensupuugentis
1779 1766 1902 1816 doloris
1943 1775 2030 1797 carui
2058 1771 2111 1813 ent
2145 1786 2156 1795 .

1154 1819 1254 1862 Qod
1278 1817 1333 1851 etfi
1355 1829 1416 1861 qua
1440 1818 1560 1850 ratione
1592 1815 1730 1850 accidere
1761 1808 1912 1856 potmsset
1936 1832 1950 1849 ‚
1979 1818 2052 1842 cum
2085 1805 2157 1840 illas

1154 1862 1304 1905 proposui
1330 1885 1343 1903 ‚
1373 1859 1527 1904 conjicere
1560 1870 1624 1892 non
1648 1857 1763 1899 omifi;
1794 1865 1897 1889 tamen
1920 1862 1992 1886 cum
2017 1851 2159 1900 pleuram

1153 1917 1192 1940 ex
1215 1905 1365 1939 instituto
1387 1912 1509 1938 naturae
1535 1902 1620 1937 sensu
1644 1902 1736 1937 defici
1765 1924 1779 1941 ‚
1810 1896 1896 1943 quod
1931 1907 2026 1930 nemo
2062 1893 2158 1927 facile

1152 1958 1228 1983 tunc
1252 1946 1408 1991 probaffet
1432 1971 1442 1987 ‚
1476 1957 1558 1981 nunc
1582 1947 1657 1980 Viri
1692 1940 1960 1988 Experientiffimi
1984 1939 2125 1990 ‘doceant
2148 1947 2160 1976 3

1156 2004 1220 2026 non
1244 2004 1325 2035 aegre
1361 1989 1459 2025 feram
1482 2014 1492 2030 ‚
1525 1989 1546 2023 si
1569 1990 1625 2024 ubi
1648 1985 1860 2023 controversia
1883 1983 1939 2018 ista
1981 1995 2014 2017 in
2046 1992 2160 2017 eorum

1155 2034 1281 2069 tandem
1307 2034 1403 2070 fuerit
1428 2035 1617 2068 sententiam
1651 2029 1829 2076 composita
1851 2053 1864 2070 ‚
1896 2027 2039 2070 ipsorum
2073 2025 2160 2074 dog-

1154 2080 1233 2114 mati
1256 2078 1452 2122 conjecturas
1477 2077 1646 2120 postponas
1677 2087 1760 2110 meas
1786 2097 1798 2115 ,
1830 2073 1926 2121 longe
1958 2070 2089 2105 facilius
2120 2072 2163 2102 iic

1153 2123 1313 2165 explicans
1337 2132 1407 2156 tum
1429 2121 1521 2157 illas,
1544 2129 1614 2154 tum
1636 2121 1712 2154 alias
1736 2128 1845 2152 earum1
1863 2115 1979 2149 similes
2001 2113 2163 2147 Observa-

1154 2167 1277 2203 tiones;
1301 2169 1334 2198 in
1356 2165 1472 2208 quibus
1495 2163 1566 2198 sunt
1589 2176 1687 2207 quam
1710 2164 1773 2196 Vir
1795 2161 1848 2194 Cl.
1873 2158 1989 2194 habuit
2015 2158 2163 2201 Ignatius

1153 2210 1237 2242 Vari
1260 2213 1274 2249 (
1296 2219 1311 2242 e
1331 2209 1367 2249 )‚
1392 2211 1425 2242 δε
1448 2219 1546 2252 quam
1570 2207 1655 2241 idem
1681 2219 1695 2240 a
1722 2208 1816 2239 Petro
1839 2202 1959 2246 Crispo
1989 2202 2072 2235 olim
2106 2201 2166 2235 ha-

1152 2252 1254 2286 bitam
1277 2252 1453 2286 indicavit.
1478 2253 1573 2284 Certe
1597 2262 1703 2285 earum
1726 2259 1882 2291 utraque,
1900 2256 2091 2292 quacunque
2114 2256 2165 2278 ra-

1156 2298 1244 2337 tione
1266 2296 1421 2337 explicare
1443 2295 1521 2327 velis
1542 2318 1552 2333 ‚
1575 2293 1672 2337 digna
1695 2292 1736 2327 est
1758 2303 1829 2336 quae
1853 2293 1886 2324 in
1917 2288 2162 2333 Sepulchretum

1158 2338 1330 2374 referatur.
1458 2340 1620 2372 Caeterum
1644 2336 1733 2382 quod
1756 2336 1792 2369 ad
1825 2335 1984 2377 pectoris,
2019 2337 2051 2367 &
2085 2332 2165 2365 late-

1158 2394 1228 2418 rum
1248 2382 1373 2416 dolores
1395 2382 1533 2421 attinet,
1556 2381 1624 2415 aliae
1640 2403 1648 2419 ,
1674 2391 1728 2414 nec
1752 2381 1844 2413 unius
1866 2379 2010 2420 generis,
2033 2375 2106 2410 sunt
2129 2377 2165 2409 in

1157 2436 1294 2470 quarum
1315 2424 1566 2459 consideratione
1598 2423 1684 2458 haud
1717 2424 1880 2456 immerito
1911 2420 2040 2454 verseris
2063 2444 2073 2460 ,
2107 2418 2165 2452 illa

1158 2472 1192 2503 in
1217 2470 1328 2511 primis
1351 2480 1420 2511 quae
1443 2480 1481 2501 ex
1504 2478 1599 2502 acuto
1630 2478 1726 2510 prope
1760 2465 1853 2499 sterni
1889 2463 2047 2499 sinistrum
2081 2463 2164 2497 latus

1157 2514 1294 2553 dolore,
1316 2523 1390 2546 cum
1415 2512 1683 2554 peripneumoniae
1706 2509 1803 2552 signis
1826 2505 2074 2550 conjuneto‚ad
2108 2507 2166 2538 in-

1158 2557 1414 2591 flammationem
1448 2555 1638 2588 .anteri0ris
1692 2554 1791 2596 partis
1836 2552 2001 2595 pulmonis
2045 2547 2164 2583 sinistri

1157 2601 1315 2643 pertinere
1338 2597 1504 2632 videbatur
1528 2621 1540 2639 ‚
1572 2609 1646 2632 cum
1669 2597 1738 2640 post
1760 2596 1837 2639 aegri
1872 2603 1948 2629 tunc
1985 2592 2170 2636 inexpecta-

1158 2653 1226 2677 tam
1249 2650 1385 2676 mortem
1410 2640 1518 2675 Praecl.
1543 2640 1753 2675 Lieutaudius
1775 2637 1835 2682 (f)
1857 2636 2067 2681 deprehendit
2093 2659 2106 2676 ‚
2127 2635 2170 2669 ad

1162 2687 1450 2721 inflammationem
1475 2710 1484 2725 ,
1519 2683 1841 2728 suppurationemque
1872 2681 2061 2715 membranae
2093 2689 2169 2723 quat

1163 2732 1298 2764 interius
1323 2727 1554 2772 pericardium,
1576 2728 1713 2760 exterius
1735 2734 1840 2759 autem
1861 2736 1916 2758 cor
1939 2725 2073 2761 amicit,
2098 2730 2175 2765 per-2

1164 2772 1308 2809 tinuisse.
1333 2772 1391 2806 Sed
1416 2771 1483 2804 haec
1506 2780 1635 2813 propter
1658 2768 1736 2803 adeo
1758 2767 1960 2812 spectabilem
1984 2766 2089 2799 morbi
2110 2764 2171 2812 'se-

1163 2818 1235 2850 dem
1257 2827 1274 2848 a
1298 2826 1329 2849 te
1361 2813 1545 2857 perlegenda
1566 2812 1761 2847 Observatio
1784 2836 1793 2850 ‚
1826 2819 1857 2843 at
1890 2821 1962 2845 cum
1986 2810 2058 2843 aliis
2088 2807 2172 2851 ejus-

1165 2858 1327 2894 demmodi
1351 2856 1561 2893 conferenda,
1584 2867 1661 2900 quas
1685 2855 1740 2889 ubi
1764 2865 1882 2897 quaeras
1898 2878 1909 2894 ,
1931 2852 2015 2886 infra
2037 2853 2170 2895 (g)in-

1160 2903 1294 2942 dicabo,
1326 2901 1363 2934 acl
1396 2900 1684 2934 inflammationum
1714 2908 1818 2931 tamen
1850 2908 1946 2941 genus
1976 2896 2136 2939 speetabat
2161 2910 2178 2928 .’

1162 2947 1248 2981 Aliae
1275 2955 1382 2978 autem
1405 2943 1476 2977 sunt
1501 2943 1538 2977 ad
1561 2942 1647 2977 aliud
1670 2952 1766 2985 genus
1789 2943 1959 2982 attinentes
1980 2961 1990 2977 ‚
2023 2948 2060 2973 ut
2093 2948 2173 2982 puta

1166 3000 1262 3032 quam
1285 2987 1368 3030 apud
1391 2987 1570 3020 auditorem
1600 2984 1763 3029 quondam
1798 2996 1904 3019 meum
1925 3007 1938 3024 ,
1972 2993 2057 3017 nunc
2095 2985 2172 3016 Do-

1167 3035 1275 3072 ctum,
1297 3034 1329 3065 δι
1352 3030 1642 3064 exercitatiffimum
1666 3027 1832 3062 Medicum
1865 3028 1977 3070 legeris
2007 3027 2172 3071 Joannem

1167 3076 1305 3110 Larber.
1331 3075 1396 3107 Hic
1421 3075 1506 3106 enim
1531 3074 1564 3106 in
1589 3071 1864 3107 Adnotationibus
1887 3081 1965 3115 quas
1988 3069 2050 3104 suae
2074 3068 2175 3103 Palfi-

1167 3121 1215 3153 nii
1240 3117 1389 3151 Editioni
1412 3120 1425 3156 (
1447 3116 1502 3159 h)
1524 3115 1726 3154 interseruit,
1746 3124 1849 3148 narrat
1871 3115 1908 3149 de
1927 3114 2052 3158 Juvene
2075 3124 2172 3155 quem

1168 3164 1206 3196 ab
1227 3161 1377 3195 diuturna
1399 3159 1488 3197 ruffi,
1513 3159 1606 3201 sputo
1630 3158 1787 3202 sanguinis
1801 3181 1814 3198 ‚
1837 3161 1869 3191 &
1893 3163 2073 3189 recurrente
2094 3155 2172 3189 dex-

1168 3208 1213 3239 tri
1236 3205 1341 3238 lateris
1362 3202 1472 3236 dolore
1496 3203 1665 3236 liberatum
1689 3200 1796 3241 vidit,
1817 3211 1890 3235 cum
1914 3197 2052 3233 frustum
2062 3199 2173 3233 extus-

1169 3247 1284 3283 fiviffet
1309 3246 1440 3288 lapideae
1464 3246 1624 3283 materiae‚
1647 3245 1712 3278 albi
1735 3244 1849 3277 coralii
1881 3242 2004 3279 simile.
2028 3242 2177 3276 Ibidem-v

1171 3304 1230 3334 que
1259 3290 1396 3324 Nobilis
1429 3291 1502 3323 Viri
1533 3289 1588 3332 qui
1622 3290 1745 3330 nigrum
1776 3287 1992 3329 Hippocratis
2029 3285 2174 3321 morbum

1172 3335 1228 3369 diu
1252 3334 1442 3377 pertulerat,
1466 3336 1498 3366 δι
1521 3331 1674 3365 marasmo
1695 3328 1860 3363 confectus
1882 3330 2027 3366 obierat,
2050 3330 2179 3372 pulmo-

1174 3389 1227 3411 nes
1258 3378 1413 3410 memorat
1449 3375 1595 3417 flaccidos
1619 3398 1629 3415 ,
1661 3374 1694 3406 in
1729 3383 1867 3416 quorum
1900 3373 2041 3415 pluribus
2075 3373 2181 3414 parti-5

1180 3422 1239 3454 bus
1262 3420 1340 3454 dura
1373 3419 1560 3462 corpuscula
1592 3416 1800 3460 deprehendit
1833 3416 1977 3496 pisogirn
2016 3418 2179 3492 magnit}-

1845 3485 1856 3495 .
1942 3470 1988 3493 uae
2035 3467 2072 3493 ut
2110 3469 2145 3501 ip
2161 3469 2179 3492 e

1615 3504 1649 3539 G
1671 3513 1692 3545 g
1714 3513 1735 3545 g
1780 3513 1797 3536 2
2058 3500 2150 3544 adji->

154 3634 2153 3653 Wm———flm

186 3709 198 3741 (
216 3717 231 3733 a
245 3708 260 3738 )
276 3712 312 3734 De
328 3709 413 3735 Renib.
428 3716 448 3734 c.
468 3717 506 3739 ις.

184 3742 200 3772 ζ
214 3740 231 3763 d
247 3741 256 3770 )
273 3740 344 3768 Epist.
364 3743 403 3770 36.
420 3748 445 3764 n.
462 3746 499 3769 ως.
515 3740 538 3764 8<
554 3740 626 3768 Epist.
642 3748 682 3770 ⁷5·
700 3747 724 3765 n.
743 3742 780 3764 16.

188 3774 200 3798 t
211 3770 251 3802 f)
267 3772 348 3800 Μειῐι,
364 3773 392 3797 de
407 3770 506 3797 l’Acad.
522 3772 554 3796 R.
569 3770 611 3797 des
625 3771 663 3796 Sc.
679 3770 708 3795 A.
728 3777 794 3800 1752.
813 3772 835 3796 1.
851 3772 931 3797 Mem.

568 3710 583 3739 (
598 3708 612 3733 b
627 3709 641 3739 )
658 3708 711 3734 Vid.
729 3704 805 3738 Epist.
820 3717 844 3741 7.
860 3718 883 3735 n.
903 3718 937 3740 ¹7·
954 3710 977 3735 81
995 3709 1068 3739 Epist,
1084 3717 1121 3739 54·
1137 3717 1162 3735 n.
1180 3718 1219 3741 33.

1278 3711 1291 3739 (
1310 3718 1322 3733 c
1339 3710 1349 3739 )
1365 3707 1425 3734 adv.
1443 3707 1466 3733 1.
1482 3707 1546 3735 Τὼ.
1561 3714 1583 3733 2.
1601 3705 1657 3737 rig.
1672 3712 1699 3732 t.

840 3741 853 3770 (
870 3749 881 3764 e
896 3741 908 3770 3
924 3741 985 3771 apud
995 3740 1139 3802 ἷὲῖοξεῑτιί
1155 3740 1330 3767 suu'lnsenfih.
1344 3737 1389 3764 See.
1405 3741 1472 3765 Lat.
1487 3747 1511 3769 4.
1527 3747 1551 3763 n.
1568 3746 1608 3767 ιφ.
1836 3740 1839 3741 ’
1854 3739 1890 3743 ἡ*

1100 3788 1107 3795 .
1137 3780 1160 3800 ⁴·

1226 3771 1242 3801 t
1253 3767 1267 3796 b
1283 3771 1297 3800 )
1313 3772 1384 3795 Anat.
1399 3769 1513 3801 cunum.
1528 3771 1602 3795 ‘rom-
1622 3775 1645 3798 3·
1662 3768 1688 3792 Ρ.
1704 3768 1730 3793 6.
1744 3768 1774 3793 ω’
1789 3772 1813 3795 9.
