2498 4075
425 178 520 216 100

940 153 1096 206 Liber
1130 153 1221 206 111.
1257 152 1342 206 De
1377 152 1584 207 Morbis
1619 152 1830 206 Ventris

355 245 574 281 erumpentem
597 241 722 268 aerem,
751 229 773 264 si
799 228 939 264 secedens
962 240 978 261 a
1003 229 1154 270 sanguine
1177 232 1209 263 in
1243 230 1362 262 ventris
1401 228 1504 261 sunt.
1526 227 1606 261 Non
1630 239 1681 260 me
1704 225 1790 270 fugit
1812 227 1890 272 quid
1915 227 2079 261 noviffirne
2115 229 2300 267 dubitatum
2335 233 2374 266 iit
2398 255 2406 262 .

353 294 468 316 cavum
493 283 612 312 iri-uere
636 286 702 308 nou
725 273 849 307 desinat
874 295 883 309 ‚
917 281 988 314 tym
1016 282 1133 306 anitem
1156 274 1214 307 esse
1260 272 1360 306 fastu-

351 337 424 359 rum
442 350 450 357 .
475 325 601 356 Verum
625 316 683 353 etsi
708 320 754 352 rei
780 317 885 351 causas
907 317 986 348 intel
1003 317 1089 357 igere
1121 326 1184 350 non
1217 316 1326 349 liceret
1351 328 1360 353 ς

350 379 438 402 certe
461 378 507 400 res
529 364 596 404 ipsa
619 363 732 404 negari
760 371 824 393 non
848 357 969 401 posset.
995 359 1085 392 Nam
1107 359 1137 391 se
1161 359 1251 401 plane
1275 359 1359 392 fimi-

350 412 381 445 le
405 414 439 443 in
465 404 704 442 adolescentula
728 403 862 442 vidisse,
883 401 1053 436 confirmat
1077 429 1085 443 ,
1119 414 1154 435 ac
1187 404 1221 435 in
1255 402 1358 444 puella

349 453 519 496 conspexit
544 450 714 483 Ballonius
737 447 787 490 (e
811 449 842 485 )‚
867 444 901 478 id
934 445 978 478 est
1022 444 1234 479 tumefat‘tum
1280 457 1360 478 ven-

350 507 457 535 trem,
481 505 556 529 cum
583 493 655 537 post
677 499 817 524 mortem
842 487 979 531 denique
1001 498 1217 530 pungeretur,
1241 499 1359 530 magno

349 540 439 573 edito
464 539 560 575 sone,
585 540 697 571 totum
720 530 907 566 subsedisse.
932 532 1020 565 Idem
1043 541 1148 566 autem
1172 532 1259 571 quod
1284 532 1360 579 {531-

350 584 443 617 lonio
469 605 481 622 ,
514 582 584 614 aliis
608 589 742 622 quoque
787 573 951 613 accidisse,
974 577 1006 609 a&
1040 576 1073 609 in
1106 574 1158 609 his
1181 575 1323 608 Valleiio
1346 597 1358 614 ,

349 639 390 661 ex
413 624 628 669 Sepulchretzo
651 620 720 664 ipso
744 618 794 662 (f
815 622 829 659 )
850 616 1020 667 cognosces
1036 643 1045 657 ,
1071 621 1102 651 ἃ
1136 617 1229 652 fimul
1262 620 1319 660 qui
1346 643 1354 657 ,

347 682 422 705 cum
446 668 581 703 distenta
609 677 677 700 aere
701 661 797 697 ess'ent
823 661 967 695 intestina
1013 661 1100 704 (g)
1118 684 1133 708 ι,
1182 670 1236 694 aut
1281 672 1356 694 cum

346 725 429 757 aqua
453 710 548 746 effusa
571 708 647 742 effer
671 709 705 740 in
730 716 841 739 ventre
864 703 920 747 (b
943 707 983 743 )‚
1007 706 1040 737 in
1065 705 1162 746 hujus
1184 715 1267 737 cavo
1301 704 1356 738 of.

347 757 512 791 fenderint
535 762 665 786 aerem:
691 748 741 783 his
765 759 871 782 antem
893 757 974 789 quos
1019 747 1110 788 poffis
1155 747 1326 788 adjungere
1348 769 1358 785 ,

344 811 387 834 ex
410 799 507 842 paulo
531 804 606 829 ante
630 793 894 827 commemoratis
927 791 1164 825 recentioribus
1194 790 1358 824 Observa-

342 843 492 878 tionibus
515 838 593 873 satis
617 837 793 878 intelligis.
1126 878 1133 883 “
1192 877 1199 883 .

389 897 440 927 25.
465 885 548 921 Quae
572 893 613 915 ne
636 879 723 915 forte
746 878 820 911 ideo
832 876 1024 920 contigisse,
1049 876 1238 919 suspiceris,
1261 876 1353 920 quod

339 929 434 966 simul
479 938 555 960 cum
601 925 784 967 peritonaeo
806 920 995 955 intestinum
1031 919 1163 963 aliquod
1193 931 1349 963 compun-

340 975 435 1007 etum
479 970 519 1004 fit
544 994 554 1010 ,
597 969 718 1012 quippe
763 966 840 999 huic
884 964 927 998 ob
971 964 1212 998 distentionem-
1242 965 1349 997 omni—

341 1028 389 1051 no
434 1016 597 1056 attiguum
620 1034 631 1049 ,
676 1013 707 1044 δι
750 1019 903 1051 pertenue
923 1038 925 1041 .
946 1007 1069 1041 fastum
1111 1008 1146 1041 in
1193 1006 1250 1042 suo
1293 1019 1349 1049 pa-

342 1062 425 1095 riete
450 1070 460 1097 3
505 1055 726 1090 animadverte
749 1078 758 1092 ,
792 1053 850 1086 ubi
874 1051 967 1085 simul
993 1050 1104 1085 ascires
1124 1050 1214 1097 fuit,
1235 1062 1350 1093 aquam

338 1104 428 1138 inter
452 1102 692 1144 perimmuni,
725 1099 757 1130 &
788 1095 936 1129 intestina
983 1093 1074 1128 fuisse
1117 1095 1317 1135 interjeetam
1343 1108 1351 1130 ς

343 1148 402 1182 ubi
450 1156 530 1179 vero
562 1143 678 1176 ascites
702 1151 766 1174 non
791 1139 879 1179 fuit,
902 1137 1034 1172 difficile
1057 1136 1148 1170 faetu
1171 1136 1263 1171 fuisse
1281 1163 1288 1177 ‚
1315 1148 1352 1170 ne

338 1200 419 1226 tunc
444 1199 499 1223 aut
522 1186 628 1230 postea
650 1184 773 1218 indicia
796 1183 825 1216 se
849 1182 1017 1225 prodirent
1062 1178 1181 1223 pertusi
1228 1178 1351 1214 intesti-

339 1236 375 1268 ni
403 1259 412 1273 ,
455 1242 597 1275 quorum
641 1228 769 1261 nullum
792 1249 806 1266 ,
848 1236 924 1260 cum
959 1223 1041 1258 illud
1076 1223 1162 1256 idem
1186 1223 1267 1257 mihi
1290 1223 1350 1256 ali-

341 1275 474 1321 quando
505 1273 676 1308 observare
699 1268 887 1312 contigisset
911 1290 923 1308 ‚
954 1267 1130 1310 diligenter
1153 1266 1349 1301 attendendo

339 1321 522 1366 perspicere
560 1317 686 1359 potui.
719 1314 796 1347 Huc
830 1311 910 1345 adde
953 1312 1043 1354 quod
1087 1311 1348 1359 plures-Sepul-

338 1364 444 1399 chreti
477 1360 735 1396 Observationes
771 1354 854 1397 (i)
888 1354 1071 1390 docebunt,
1093 1357 1124 1387 ἃ
1155 1361 1241 1388 ratio
1270 1365 1348 1389 con-

339 1408 488 1442 firmabit
514 1431 522 1445 ‚
557 1405 670 1437 leviter
704 1398 872 1442 perforato
903 1398 1056 1432 intestino
1080 1420 1090 1434 ‚
1127 1408 1230 1430 aerem
1274 1399 1345 1439 qui-

339 1453 417 1486 dem
449 1448 608 1484 foramini
642 1446 830 1486 proximum
872 1452 1041 1484 erumpere
1065 1462 1077 1480 ‚
1120 1451 1195 1474 eum
1240 1450 1347 1474 autem

339 1497 400 1538 qui
425 1493 558 1536 procul,
582 1498 697 1524 caetera
722 1486 872 1520 intestina
893 1484 1072 1524 distendit,
1097 1493 1151 1516 aut
1176 1494 1240 1517 non
1274 1495 1348 1527 pro-

337 1542 429 1573 tinus
453 1535 597 1571 exsilire,
622 1542 677 1567 aut
701 1530 723 1564 fi
748 1530 872 1564 exsiliat
896 1529 990 1568 cito,
1014 1539 1077 1561 non
1102 1539 1137 1560 ea
1160 1536 1266 1561 tamen
1301 1540 1352 1565 ce.

341 1583 471 1620 irritare
495 1577 637 1617 effugere
662 1601 669 1615 ‚
699 1585 737 1609 ut
762 1575 866 1607 totius
900 1573 1023 1606 ventris
1068 1569 1262 1604 subsidentia
1312 1570 1351 1605 ad

298 1648 300 1651 >
341 1626 479 1660 eundem
504 1616 638 1656 modum
664 1618 779 1661 sequi,
816 1625 914 1657 atque
956 1616 992 1648 in
1036 1612 1178 1656 displosa
1222 1612 1320 1649 vesica
1342 1636 1352 1652 ‚

339 1682 407 1706 uno
431 1667 553 1710 punssio
577 1664 737 1704 temporis
760 1659 910 1692 videatur
934 1680 942 1694 ‚
978 1656 1250 1700 quemadmodum
1285 1669 1352 1691 ma-

339 1725 415 1755 gnis
438 1711 503 1744 illis
527 1719 608 1749 quos
634 1705 836 1740 laudavimus
862 1701 915 1744 (Ῐὶ
936 1703 969 1739 ),
994 1702 1085 1734 Viris
1119 1701 1223 1734 visum
1256 1701 1315 1735 esse
1341 1725 1351 1740 ,

339 1768 451 1791 corum
474 1754 553 1787 bene
576 1748 735 1792 perpensis
758 1745 881 1782 verbiS,
909 1743 1004 1779 facile
1028 1743 1178 1787 agnosces
1200 1769 1207 1777 .
1233 1745 1297 1785 Vel
1324 1745 1349 1778 fi

337 1801 373 1835 id
397 1810 461 1833 non
485 1795 660 1833 concedis,
684 1795 714 1825 ὅ(
739 1792 830 1834 plane
854 1789 927 1828 viS,
950 1787 1060 1821 eodem
1085 1789 1243 1830 temporis
1257 1787 1348 1821 vesti-

336 1846 397 1889 gio
419 1854 488 1885 quo
510 1840 626 1874 leviter
650 1836 782 1877 aliquod
805 1832 1040 1875 compunftum
1063 1830 1101 1863 fit
1123 1830 1313 1880 intestinum
1336 1853 1346 1869 ,

339 1901 381 1923 ex
403 1885 562 1920 intestinis
584 1880 736 1916 omnibus
760 1888 862 1911 aerem
885 1884 1117 1922 prorumpere3
1139 1874 1192 1907 dic
1216 1876 1319 1923 igit-ur
1340 1899 1349 1912 ‚

340 1928 512 1975 quomodo
536 1925 755 1959 Gullmannus
778 1924 792 1960 (
815 1920 826 1953 l
849 1922 860 1960 )
885 1931 919 1951 ea
943 1930 1020 1951 mox
1053 1917 1173 1951 viderit
1218 1916 1349 1950 flatibus

343 1973 524 2018 turgentia,
551 1970 602 2003 vel
625 1964 793 2010 quomodo
817 1961 1021 2010 Mercklinus
1042 1961 1107 2003 (m
1124 1960 1145 2002 )
1181 1961 1349 2010 postquam

340 2030 393 2052 ‘ser
416 2026 536 2058 magno
559 2024 633 2046 cum
659 2011 738 2044 sono
762 2020 801 2042 ex
824 2007 936 2040 leviter
958 2003 1060 2039 inciso
1083 2004 1254 2037 abdomine
1278 2015 1352 2036 eru-

341 2046 431 2107 {serat
445 2083 456 2100 ,
479 2063 510 2092 &
534 2057 597 2091 hoc
620 2051 776 2097 confestim
814 2057 917 2084 totum
962 2047 1137 2083 conciderat
1162 2069 1172 2085 ‚
1208 2046 1351 2094 instituto

345 2103 508 2147 extispicio
531 2097 734 2140 conspexerit
766 2091 979 2128 ventriculum
1011 2100 1071 2139 una
1105 2100 1175 2123 cum
1200 2089 1351 2138 ‘omnibus

342 2135 466 2184 omnino
488 2143 640 2184 intestinis
673 2141 806 2174 immane
837 2146 987 2178 quantum
1022 2132 1203 2183 inflatzffimz
1229 2140 1352 2166 mmu-

347 2194 372 2227 12·
396 2187 530 2227 adinstar
552 2186 733 2225 distentum.
757 2181 835 2214 Huc
868 2177 947 2212 adde
992 2176 1267 2225 Observationem
1313 2175 1352 2209 ad

346 2237 427 2271 lianc
450 2229 666 2266 dirimendam
689 2222 942 2259 controversiam
985 2220 1025 2254 ab
1071 2220 1220 2253 Heistero
1263 2221 1279 2259 (
1299 2230 1319 2251 n
1341 2222 1356 2260 )

347 2276 549 2324 propositam
574 2299 581 2305 .
615 2273 654 2305 In
679 2269 812 2303 muliere
835 2277 907 2310 quae
930 2271 1071 2304 ventrem
1094 2261 1228 2313 babebat
1261 2261 1354 2313 wilde

349 2322 535 2362 distentum,
560 2327 635 2352 cum
659 2313 769 2347 subito
789 2310 866 2345 esset
890 2316 1021 2342 mortua
1039 2329 1049 2345 ‚
1095 2306 1185 2339 idem
1232 2304 1351 2355 accidit

349 2364 439 2408 quod
464 2360 574 2395 vidisse
600 2356 845 2391 Mercklinum,
869 2352 1035 2388 diximus,
1052 2348 1185 2399 fimussac
1207 2358 1352 2398 eqczguum

346 2408 463 2443 vulnus
483 2405 682 2447 perito-rmum
702 2396 939 2441 perforaveran
965 2394 1016 2427 sed
1039 2404 1104 2425 non
1119 2392 1277 2441 ‘intestina
1312 2391 1353 2424 ab

346 2463 418 2487 aere
440 2453 651 2483 occurrerunt
674 2440 830 2484 expansa3
854 2440 922 2472 imo
946 2437 1008 2470 hoc
1030 2436 1094 2470 fuit
1116 2435 1197 2467 illud
1220 2433 1353 2468 cadaver

347 2498 384 2529 in
407 2506 475 2536 quo
499 2488 639 2530 intestina
660 2494 752 2529 prout
775 2482 855 2516 alias
881 2482 913 2514 in
930 2480 1017 2520 sanis
1039 2502 1049 2518 ‚
1088 2476 1122 2523 se
1160 2475 1320 2528 ²habebant
1342 2501 1351 2510 .

346 2539 417 2574 Hic
436 2547 502 2571 non
524 2534 630 2568 dicam
647 2554 655 2567 ,
678 2527 699 2562 fi
725 2536 816 2561 antea
840 2525 880 2558 ab
922 2521 1052 2557 inclusis
1096 2521 1229 2568 flatibus
1276 2520 1355 2570 adeo

348 2580 482 2617 fuissent
506 2576 662 2615 distenta,
685 2582 796 2605 eorum
821 2568 927 2616 aliqua
960 2566 1132 2616 indicium·
1164 2563 1258 2606 hujus
1303 2563 1355 2596 di..

347 2624 517 2661 stentionis
540 2620 704 2654 servatura
728 2612 840 2651 fuiss'e,
877 2614 939 2645 live
971 2607 1210 2643 craffitudmem
1235 2632 1244 2648 ,
1289 2606 1354 2656 five

351 2669 460 2703 sedem
481 2665 657 2708 spec'tares.
681 2659 758 2692 Hoc
781 2667 884 2690 unum
906 2654 1032 2689 dicam,
1056 2662 1131 2685 cum
1162 2660 1214 2684 tot
1246 2659 1355 2700 rogati

350 2717 385 2747 ἃ
410 2710 553 2747 Medici,
577 2709 608 2740 &
631 2701 791 2743 Chirurgi
804 2695 1117 2733 Amstelodamenses
1139 2694 1276 2745 adessent
1290 2719 1299 2733 ‚
1321 2704 1356 2727 in

350 2755 456 2798 iisque
481 2749 695 2787 Anatomicus
718 2744 854 2778 eximius
867 2740 1075 2783 Ruyschius,
1100 2736 1354 2788 prmerrpsuw,

354 2800 505 2841 juvenem
528 2793 684 2837 quidem,
707 2788 757 2822 sed
780 2786 845 2831 jam
869 2795 939 2820 tum
964 2785 1220 2833 praestantemjn
1243 2783 1355 2814 eadem

349 2842 542 2878 facultate,
564 2834 775 2870 Heisterum3
800 2841 864 2864 non
889 2826 974 2871 poss'e
997 2838 1047 2860 me
1071 2824 1205 2875 adduci,
1230 2834 1265 2874 ut
1289 2835 1358 2858 cre-

353 2885 450 2922 dam,
475 2882 497 2915 si
521 2880 689 2924 quidpiam
712 2876 795 2909 ultra
819 2874 1032 2917 peritonaeum
1054 2866 1162 2919 fui-sset
1186 2867 1353 2919 incisum)

351 2940 420 2963 non
444 2925 601 2961 continuo
624 2931 735 2955 eorum
757 2920 898 2960 aliquem
922 2913 1014 2949 fuisse
1035 2921 1223 2955 agniturum
1246 2911 1356 2962 ...Hic

355 2982 465 3006 autem
491 2980 506 3001 a
530 2977 561 3000 te
584 2964 767 3006 expeetari,
790 2972 853 2994 non
877 2969 976 3003 puto,
999 2966 1035 2992 ut
1057 2960 1091 2990 in
1114 2956 1197 2996 hac,
1221 2953 1355 3005 aliisque

351 3014 449 3058 hujus
473 3009 596 3051 generis
619 3004 878 3040 Clariffimorum
900 3004 1083 3036 Aueiorurn
1105 2998 1358 3035 Observationi-

349 3060 411 3093 bus
437 3050 577 3098 suspicio
599 3051 700 3085 altera
724 3048 879 3085 tollatur,
903 3046 939 3079 id
961 3044 1004 3079 est
1027 3055 1131 3078 aerem
1153 3055 1220 3086 quo
1253 3041 1354 3092 abdo-

347 3114 423 3138 nien
449 3108 517 3134 erat
540 3095 715 3131 distentum
732 3113 743 3130 ,
762 3090 831 3133 post
854 3099 992 3125 mortem
1015 3087 1154 3138 denique
1175 3090 1212 3138 iti
1232 3094 1353 3118 venti-is

348 3137 482 3182 caveam
505 3142 534 3176 se
558 3136 723 3174 effudisse;
748 3134 868 3167 ventris
890 3134 976 3166 enim
999 3141 1110 3166 tumor
1132 3141 1165 3164 in
1189 3139 1252 3168 iiS,
1273 3127 1351 3162 dum

331 3192 498 3222 ‚viverent
521 3208 531 3224 ‚
569 3182 636 3226 jam
669 3187 741 3214 ante
775 3176 878 3211 fuerat
903 3200 911 3215 ,
942 3175 982 3208 de
1011 3175 1130 3218 quibus
1153 3174 1350 3216 loquuntur.

348 3232 523 3266 Veliculas
557 3235 665 3260 autem
698 3222 769 3256 illas
802 3221 880 3254 aeris
915 3220 1022 3261 plenas
1053 3229 1132 3261 quas
1162 3227 1235 3250 cum
1269 3216 1354 3248 Fan-

348 3286 433 3310 tono
456 3276 471 3317 (
491 3270 543 3315 o)
566 3266 892 3304 commemoravimus
914 3284 926 3301 ,
959 3262 1007 3294 vel
1031 3263 1065 3294 in
1088 3260 1272 3295 viventibus
1287 3257 1354 3308 ‚e-s-

345 3321 376 3354 se
419 3315 504 3361 posse
528 3337 538 3353 ‚
584 3310 744 3347 flatulenti
776 3308 902 3342 externi
937 3315 1079 3338 tumores
1100 3304 1216 3355 docent
1238 3313 1295 3344 qui
1319 3312 1353 3333 in

343 3361 577 3397 reci-ommium
600 3356 729 3394 scroto,
752 3351 884 3394 aliisque
906 3349 1050 3391 partibus
1073 3360 1089 3397 a
1112 3347 1353 3398 Cliirurgorum

342 3391 500 3449 pserisque
524 3399 746 3443 agnoscuntur
761 3421 769 3435 ,
791 3398 822 3429 &
846 3407 862 3428 a
886 3394 1012 3435 Gorgia
1035 3392 1115 3425 olim
1139 3400 1223 3424 inter
1246 3389 1353 3438 umbi-

352 3450 410 3484 lici
435 3447 587 3483 hermas,
613 3450 650 3477 ut
676 3439 759 3484 apud
780 3438 911 3473 Celsum
934 3438 989 3478 (p
1012 3439 1023 3474 )
1046 3435 1130 3478 leges
1149 3458 1159 3476 ,
1193 3431 1352 3477 propositi

1412 272 1538 305 Verum
1561 282 1601 303 ex
1614 283 1714 313 pauco
1737 275 1821 306 inter
1844 273 1968 305 tunicas
1994 272 2156 315 stagnante
2179 273 2312 310 humore
2326 277 2406 308 mul-

1411 323 1482 348 turn
1526 314 1701 357 aliquando
1745 315 1894 349 rarefaeti
1941 317 2021 348 aeris
2053 316 2080 348 se
2105 317 2190 358 posse
2214 323 2370 354 extricare
2398 341 2407 354 ‚

1411 368 1476 391 non
1499 358 1637 397 dubito,
1659 359 1691 392 δέ
1714 369 1790 391 cum
1811 357 1961 391 Venetiis
2004 358 2171 400 degerem,
2196 373 2250 395 aut
2294 365 2405 396 omnia

1410 412 1476 433 non
1500 402 1598 434 modo
1622 412 1673 433 me
1696 424 1709 441 ,
1740 400 1790 434 sed
1813 400 2095 443 experientiffimos
2117 403 2300 447 Chirurgos
2320 429 2333 445 ,
2375 407 2406 438 δι

1410 443 1558 477 Medicos
1582 442 1789 481 fefellerunt,
1814 453 1868 477 aut
1891 446 1949 485 qui
1996 446 2029 476 in
2075 446 2225 480 Tonsore
2264 449 2407 490 quodam

1410 487 1467 520 sub
1490 488 1719 520 communibus
1747 487 1928 521 abdominis
1951 490 2149 530 tegumentis
2173 501 2235 523 non
2260 491 2407 533 angustus

1408 531 1559 564 circulari
1582 530 1708 564 ambitu
1732 531 1910 565 increverat
1932 540 2062 568 tumor,
2088 544 2183 574 quem
2207 535 2310 575 postea
2337 546 2408 577 per-

1408 574 1555 608 sanatum
1580 574 1671 610 vidi,
1700 573 1740 606 ab
1766 573 1892 607 incluso
1917 585 1986 607 aere
2008 574 2226 609 efficiebatur.
2260 578 2326 610 Nec
2358 576 2406 610 fa-

1406 618 1467 650 cile
1492 618 1608 654 video,
1633 619 1801 658 quomodo
1824 618 1889 650 fine
1914 629 1981 649 aere
2005 628 2147 652 tumores
2169 620 2243 653 illos
2266 620 2407 662 explica-

1407 671 1473 694 rem
1495 672 1577 703 quos
1600 660 1665 693 Vir
1688 661 1739 693 Cl.
1767 661 1883 701 Daniel
1907 659 2123 695 Hoffmannus
2148 666 2159 701 (
2182 674 2199 704 q
2222 666 2235 701 )
2259 665 2290 695 in
2315 674 2408 705 puer-

1408 715 1481 746 pera
1504 704 1671 737 adnotavit
1695 703 1835 736 interdiu
1859 703 1915 736 sub
1938 704 2004 746 ipsa
2027 704 2210 739 abdominis
2242 705 2407 749 superficie

1409 747 1496 780 varia
1521 746 1743 788 magnitudine
1765 745 2001 787 discurrentes,
2026 759 2082 781 nec
2115 747 2178 782 {ine
2209 749 2341 791 strepitu
2378 749 2407 782 se

1407 790 1603 829 dilatantes,
1629 789 1687 823 sub
1713 792 1874 832 vesperam
1899 802 2007 824 autem
2030 793 2250 826 evanescentes
2267 816 2279 832 ,
2308 794 2406 835 idque

1404 846 1458 877 per
1481 833 1696 867 hebdomadas
1720 834 1866 876 aliquot.
1889 835 1990 868 Certo
2015 843 2120 868 autem
2144 835 2233 872 scio,
2258 834 2408 869 inflatio-

1405 888 1477 910 nem
1500 888 1597 920 quam
1621 877 1654 908 in
1678 886 1822 910 extremo
1846 877 1960 919 puellae
1981 879 2098 911 morbo
2129 879 2238 920 junior
2283 880 2406 912 Verne.

1400 932 1462 963 yus
1485 922 1548 964 (r)
1572 920 1740 962 conspexit
1763 919 1910 953 undatim
1935 921 2127 954 crescentem
2149 923 2251 956 donec
2275 934 2404 956 omnem

1397 965 1543 1006 corporis
1566 972 1715 998 truncum
1737 973 1909 1005 occuparet
1923 989 1930 1002 ‚
1953 966 1984 997 δι
2015 965 2118 997 ficubi
2141 977 2313 1008 premeres,
2336 965 2407 999 sen-

1402 1007 1472 1041 sum
1497 1007 1690 1050 praebentem
1715 1009 1800 1040 velut
1826 1009 1904 1040 aeris
1928 1006 1986 1040 sub
2008 1006 2121 1049 digitis
2145 1020 2210 1042 non
2245 1010 2308 1043 sine
2339 1021 2406 1042 cre—

1403 1053 1477 1093 pitu
1499 1048 1723 1092 diffugientis,
1748 1051 1850 1087 hanc,
1876 1052 2031 1092 inquam,
2055 1061 2144 1084 certo
2168 1051 2236 1087 scio
2260 1053 2300 1085 ab
2333 1063 2404 1085 aere

1403 1093 1462 1127 sub
1484 1102 1591 1127 cutem
1616 1093 1644 1126 se
1667 1093 1862 1136 expandente
1886 1092 2045 1130 extitisse’,
2081 1103 2153 1128 cute
2185 1097 2273 1129 enim
2306 1095 2408 1129 abdo-

1402 1138 1501 1171 minis
1525 1139 1579 1169 vix
1602 1137 1723 1174 incisa,
1746 1137 1961 1170 intolerabilis
1986 1135 2089 1170 foetor
2113 1141 2219 1180 erupit
2244 1161 2253 1175 ,
2299 1138 2406 1183 sicque

1401 1190 1510 1214 tumor
1533 1180 1587 1212 ille
1612 1178 1777 1215 universus
1801 1181 1950 1213 evanuit.
1975 1181 2030 1213 Tu
2055 1192 2131 1214 vero
2154 1180 2242 1223 quod
2265 1184 2301 1215 ad
2327 1194 2405 1216 ven-

1401 1223 1488 1258 tosos
1514 1232 1657 1256 tumores
1683 1225 1821 1266 attinet,
1845 1224 1984 1266 perlegas
2009 1224 2107 1257 velim
2131 1236 2201 1267 quae
2225 1225 2263 1258 de
2287 1237 2402 1259 eorum

1399 1266 1612 1310 produbtione
1636 1267 1675 1300 ab
1698 1268 1825 1299 Littrio
1848 1266 1934 1299 edita
1959 1269 2029 1299 sunt
2053 1269 2086 1299 in
2110 1266 2259 1302 Historia
2291 1269 2403 1310 Regiae

1399 1308 1822 1356 ScientiarumJAcademi'ae
1835 1309 2011 1343 Parisienlis
2033 1310 2114 1351 (s).
2142 1312 2180 1343 In
2191 1313 2405 1345 Commenta-

1399 1355 1457 1387 riis
1481 1364 1588 1388 autem
1612 1353 1753 1395 ejusdem
1778 1354 1962 1387 Academiae
1987 1354 2037 1395 (J
2058 1356 2073 1393 >
2105 1355 2145 1386 ab
2176 1356 2289 1389 eodem
2323 1355 2408 1389 Ver-

1398 1408 1484 1440 neyo
1506 1396 1653 1440 quaedam
1680 1396 1841 1439 proposita
1866 1398 2011 1429 invenies
2046 1398 2083 1429 ad
2109 1398 2326 1441 Tympanitis
2359 1399 2407 1434 se-

1397 1441 1534 1475 cundam
1560 1440 1717 1482 speciem,
1740 1451 1815 1473 cum
1839 1440 1948 1474 Ascite
1971 1439 2133 1475 interdum
2164 1441 2370 1484 conjunecam
2393 1465 2407 1482 ‚

1401 1484 1701 1523 internoscendam,
1725 1492 1797 1517 turn
1821 1480 1859 1517 ad
1894 1483 2072 1517 cavendum
2100 1510 2109 1524 ‚
2147 1486 2315 1526 nequando
2350 1496 2405 1519 aut

1402 1537 1536 1571 propter
1579 1527 1829 1561 similitudinem
1859 1525 2088 1560 flu&uationis
2113 1530 2279 1570 aliquam,
2305 1528 2406 1562 Asci-

1401 1581 1470 1605 tem
1494 1572 1600 1614 potius
1623 1582 1721 1614 quam
1746 1573 1886 1613 primam
1910 1571 2127 1612 Tympanitis
2149 1572 2283 1613 speciem
2307 1570 2367 1605 esse
2393 1596 2402 1610 ,

1405 1616 1620 1657 pronuncies,
1644 1624 1699 1647 aut
1720 1624 1855 1654 contra,
1880 1622 2012 1656 propter
2034 1614 2158 1647 nullum
2183 1612 2405 1650 fluetuationis

1404 1658 1530 1691 sensum
1552 1658 1696 1691 Ascitem
1720 1668 1839 1699 neges:
1862 1655 1950 1699 quod
1974 1666 2011 1690 ut
2034 1669 2142 1691 caveas
2171 1659 2319 1700 quaedam
2353 1668 2406 1691 et-

1403 1703 1468 1734 iam
1493 1712 1532 1734 ex
1558 1699 1674 1734 nostris
1697 1699 1799 1733 facere
1824 1699 1927 1742 potest
1958 1700 2252 1734 observationibus
2284 1701 2374 1744 (u)
2397 1727 2405 1737 .

1400 1744 1533 1787 Qibus
1554 1743 1593 1777 de
1617 1743 1710 1777 rebus
1733 1744 1826 1777 utilia
1850 1743 1996 1785 quaedam
2020 1746 2131 1784 attigit
2155 1745 2301 1779 Medicus
2323 1756 2407 1786 quo-

1399 1800 1463 1831 que
1487 1786 1752 1822 Praestantiifimus
1777 1785 1978 1820 Werlliofius
2001 1790 2012 1826 (
2035 1796 2057 1820 x
2079 1789 2089 1825 )
2114 1789 2257 1820 indicans
2279 1811 2289 1824 ‚
2320 1799 2409 1830 quo-

1400 1830 1502 1864 modo
1526 1832 1746 1874 Tympanites
1772 1855 1780 1870 ,
1813 1829 1994 1873 praesertim
2040 1830 2096 1863 ubi
2141 1831 2369 1865 inveteraverit
2393 1855 2407 1872 ‚

1401 1874 1527 1909 sensum
1550 1875 1697 1915 ponderis
1721 1885 1786 1907 non
1810 1873 1959 1907 excludat
1984 1896 1992 1903 ·
2125 1874 2226 1917 Quod
2248 1885 2324 1908 vero
2369 1876 2409 1909 ad

1402 1919 1608 1951 curationem
1634 1919 1751 1952 attinet
1776 1940 1787 1956 ‚
1822 1928 1896 1951 cum
1921 1916 2174 1959 tympaniticam
2218 1918 2404 1952 abdominis

1400 1960 1632 2000 inflationem,
1656 1961 1731 1994 οᾶο
1754 1959 1817 2002 jam
1843 1971 1940 1992 annos
1965 1960 2177 2001 perstantem,
2203 1961 2290 2004 larga
2313 1960 2409 1995 dum-

1402 2014 1493 2037 taxat
1518 2004 1680 2046 sanguinis
1703 2016 1718 2037 e
1741 2003 1817 2046 pede
1842 2002 1986 2036 miffione
2009 2003 2166 2036 sublatam
2183 2003 2274 2047 'leges
2309 2017 2324 2037 a
2348 2005 2406 2039 Cl.

1402 2046 1588 2082 Christiano
1612 2046 1773 2082 Michaele
1794 2046 1952 2088 Adolpho
1976 2050 2029 2088 (y
2051 2048 2086 2086 )‚
2113 2046 2254 2088 fatente,
2278 2059 2296 2080 a
2313 2045 2408 2088 flati-

1401 2089 1460 2126 bus
1483 2101 1542 2123 non
1559 2089 1675 2134 fuiffi5
1699 2092 1781 2123 unde
1804 2092 1904 2132 igitur
1928 2089 2027 2123 fuerit
2043 2115 2052 2129 ,
2075 2091 2232 2132 cogitabis
2253 2117 2261 2124 .
2294 2090 2408 2125 Flatu-

1403 2135 1527 2168 lentam
1550 2145 1657 2168 autem
1680 2134 1895 2176 Tympanitis
1919 2134 2076 2167 utramvis
2100 2133 2236 2175 speciem
2259 2135 2409 2178 quamsit

1403 2177 1535 2212 difficile
1558 2189 1695 2214 curare,
1721 2176 1765 2209 nil
1790 2180 1891 2218 magis
1914 2176 2054 2210 ostendit
2078 2201 2086 2215 ,
2110 2189 2207 2218 quam
2231 2179 2409 2211 remedium

1403 2220 1494 2263 quod
1519 2220 1671 2255 Praeclari
1697 2219 1772 2253 Viri
1793 2220 1900 2254 coaeci
1924 2218 1996 2254 sunt
2022 2223 2223 2262 excogitare,
2256 2232 2410 2264 paracen-

1404 2262 1518 2297 tesim.
1544 2264 1603 2297 Sed
1625 2265 1699 2308 quis
1723 2275 1815 2297 acum
1838 2264 1916 2297 illuc
1950 2265 2130 2297 immittere
2166 2265 2307 2298 voluerit
2342 2276 2409 2306 quo

1402 2318 1469 2340 non
1493 2306 1643 2347 videret,
1664 2318 1761 2341 nemo
1784 2306 1907 2346 adhuc,
1930 2307 2018 2349 quod
2042 2306 2160 2345 sciam,
2184 2319 2223 2341 ex
2244 2309 2408 2342 cautiori.

1403 2351 1462 2384 bus
1485 2349 1660 2395 Chirurgis
1684 2353 1834 2384 inventus
1857 2349 1900 2384 est
1922 2374 1929 2382 .
1975 2350 2092 2388 Qualis
2138 2360 2223 2384 certe
2254 2353 2282 2384 is
2328 2352 2410 2384 olim

1408 2404 1474 2427 non
1497 2391 1563 2426 fuit
1586 2396 1644 2437 qui
1669 2394 1909 2437 tympanitici‚
1933 2404 1992 2435 pro
2017 2392 2151 2427 ascitico
2174 2394 2300 2431 habiti,
2333 2406 2411 2429 cum

1403 2435 1584 2478 abdomen,
1606 2437 1769 2480 speiftante
1792 2437 1989 2470 Helinontio
2000 2436 2067 2479 (z)
2091 2446 2160 2471 tum
2173 2436 2311 2479 juvene,
2336 2449 2409 2478 per-

1405 2479 1534 2513 forasset
1550 2505 1557 2519 ‚
1580 2479 1692 2514 frustra
1703 2480 1883 2523 expeetavit
1907 2490 2064 2521 aquarum
2087 2482 2235 2514 exitum.
2258 2481 2410 2514 Extrafio

1405 2525 1491 2557 enim
1512 2522 1728 2565 phlebotomo,
1761 2531 1883 2564 repente
1906 2522 1986 2564 fidit
2007 2520 2172 2561 abdomen,
2196 2524 2410 2566 &quampri-

1404 2577 1491 2600 mum
1515 2578 1597 2609 aeger
1612 2567 1734 2609 periic3
1757 2566 1860 2599 editus
1882 2574 1986 2599 autem
1994 2564 2243 2609 flatusimmensc
2251 2568 2407 2608 putidus,

1407 2611 1449 2643 (φ
1472 2610 1603 2643 cadaver
1625 2609 1728 2643 olens.
1753 2609 1820 2642 Etsi
1845 2620 1922 2641 vero
1946 2611 2196 2651 mortuicorpus
2208 2621 2273 2642 non
2285 2609 2327 2643 est
2338 2609 2406 2644 dis-

1407 2652 1550 2692 sec‘tum,·
1571 2652 1655 2687 nihil
1669 2662 1775 2686 tamen
1789 2651 1999 2686 fierifacilius
2012 2651 2137 2693 potest,
2160 2664 2256 2695 quam
2281 2663 2317 2687 ut
2347 2665 2408 2686 acu

1405 2696 1546 2736 edusta,
1569 2708 1621 2730 aer
1646 2697 1792 2739 prodiens
1815 2696 1910 2729 breve
1933 2696 2066 2738 quidem
2111 2695 2253 2730 levamen
2298 2693 2410 2729 afferat

1406 2739 1607 2782 aliquando;
1629 2738 1679 2773 sed
1704 2751 1781 2773 mox
1804 2739 1863 2772 alia
1886 2749 2016 2781 quoque
2040 2749 2150 2772 exeant
2176 2751 2247 2782 quae
2271 2740 2304 2772 in
2330 2751 2408 2774 ven-

1407 2793 1490 2817 trem
1511 2781 1708 2823 defluentia,
1733 2794 1797 2815 non
1822 2782 1927 2815 multo
1951 2781 2019 2823 post
2043 2781 2409 2817 visceribuslethiferam

1405 2825 1562 2860 invehant
1585 2824 1845 2869 labem.Quid?
1866 2824 1955 2868 quod
1978 2826 2011 2857 in
2036 2837 2104 2858 eam
2127 2826 2270 2860 intestini
2283 2837 2409 2869 partem

1406 2869 1505 2912 defigi
1529 2881 1602 2903 acus
1625 2870 1725 2912 poslet
1749 2881 1781 2902 in
1804 2880 1866 2912 qua
1890 2879 1964 2901 cum
1988 2870 2068 2901 aeris
2092 2868 2271 2911 plurimum
2294 2870 2410 2904 obim-

1406 2925 1532 2947 manem
1555 2913 1601 2946 ibi
1623 2913 1849 2947 distentionem
1872 2911 1930 2945 effe
1951 2910 2152 2953 crederetur,
2175 2924 2284 2947 revera
2311 2915 2409 2948 inini-

1405 2968 1496 2992 mum
1518 2955 1614 2998 esset,·
1637 2958 1835 2999 nequeenim
1857 2964 1894 2988 ut
1917 2956 2041 2988 Littrio
2064 2955 2129 2998 (a)
2149 2956 2318 2996 observare
2328 2969 2409 2991 con-

1409 3002 1514 3043 tigit,
1529 3001 1670 3034 multum
1693 3001 1771 3033 aeris
1793 2997 1873 3032 inest
1897 2997 2016 3040 semper
2038 3002 2329 3045 tympaniticorum
2354 3003 2408 3035 in-

1405 3044 1554 3081 testinis;
1577 3055 1692 3088 parum
1716 3053 1823 3077 autem
1848 3044 1989 3076 materiae
2005 3064 2014 3080 ,
2040 3042 2199 3086 hujusque
2222 3043 2288 3077 fere
2311 3044 2406 3078 visci-

1402 3087 1470 3122 dae.
1495 3087 1587 3122 Nam
1610 3096 1745 3127 contra,
1768 3085 1826 3120 hac
1849 3085 1940 3129 plena
1962 3096 2003 3118 ex
2024 3085 2160 3120 dimidia
2182 3088 2406 3129 parteintesti-

1402 3142 1441 3165 na
1466 3131 1643 3173 reperiebat
1669 3129 1778 3172 junior
1801 3130 1968 3171 Verneyus
1991 3126 2057 3168 (b)
2072 3141 2083 3161 .·
2105 3130 2160 3163 Cl.
2183 3140 2290 3164 autem
2323 3132 2405 3163 Leo-

1402 3174 1544 3208 nhardus
1566 3175 1729 3207 Hurterus
1751 3176 1813 3213 (c)
1837 3174 1870 3206 in
1893 3173 2114 3215 tympanitico
2138 3185 2239 3216 puero
2260 3185 2334 3208 cum
2347 3176 2405 3207 rni-

1404 3228 1529 3252 raretur
1550 3215 1659 3251 Craffa
1684 3214 2000 3258 praecipuei'ntestina
2011 3214 2146 3249 distenta
2160 3216 2258 3254 adeo,
2288 3228 2320 3251 ut
2334 3217 2403 3251 Co-

1406 3261 1461 3294 lon
1485 3261 1539 3295 sua
1564 3260 1649 3293 mole
1671 3259 1806 3301 jecinori
1830 3260 1896 3292 vim
1922 3257 2102 3299 attulisset,
2125 3262 2156 3293 δε
2189 3259 2402 3294 finistrorsum

1406 3301 1611 3346 compulisset
1623 3314 1633 3341 3
1658 3305 1823 3337 materiam
1837 3304 1924 3336 intus
1934 3304 2058 3337 invenit
2074 3311 2162 3336 tanta
2174 3305 2266 3346 eopia
2278 3313 2398 3346 quanta

1403 3347 1437 3381 id
1461 3347 1560 3381 facere
1582 3356 1750 3387 potuerat,
1773 3345 2021 3389 pultiformem‚
2055 3345 2301 3388 spumescentem
2324 3369 2337 3385 ‚
2366 3349 2399 3379 δε

1403 3402 1442 3424 ex
1465 3391 1539 3424 albo
1563 3388 1809 3424 flavescentem:
1834 3401 1905 3432 quae
1928 3400 1974 3423 res
1997 3390 2030 3422 in
2054 3391 2169 3423 morbo
2179 3402 2274 3432 quem
2287 3389 2398 3422 adstri-

1403 3434 1455 3467 &a
1468 3434 1557 3468 alvus
1569 3436 1746 3468 comitatur
1757 3442 1855 3474 ,tunc
1866 3457 1875 3473 ,
1898 3435 2016 3475 opinor
2026 3455 2039 3474 ‚
2051 3436 2188 3466 maxime
2197 3432 2397 3509 conjiciessda

2312 3488 2327 3509 C

356 3554 2399 3580 W

464 3625 472 3656 )
488 3625 527 3649 hic
541 3625 566 3649 in
582 3619 703 3650 Sepulchr.
721 3618 780 3653 ΟΜ.
798 3626 846 3652 ²32
858 3616 880 3647 §.
899 3623 924 3640 ².

466 3658 478 3683 )
495 3655 555 3679 ibid.
574 3654 626 3679 Obs
651 3658 689 3679 24.
707 3650 729 3673 81
746 3658 770 3673 in
787 3648 868 3674 Addit.
886 3645 945 3671 obs.
964 3649 992 3668 ²⁶
1039 3674 1044 3678 ἡ

474 3686 482 3715 )
501 3685 561 3708 ibid.
624 3684 638 3712 (
655 3691 667 3705 ο
685 3681 698 3709 )
715 3680 778 3705 lbld.
838 3680 852 3707 (
866 3685 882 3707 Ρ
901 3681 907 3704 )
924 3678 961 3701 ΒΕ
977 3674 1066 3699 Medic.
1084 3675 1099 3698 l.
1118 3683 1143 3705 7.
1160 3683 1181 3699 c,
1200 3681 1240 3702 14.

479 3728 481 3735 ι
498 3716 567 3738 Mem
594 3713 622 3737 de
638 3711 736 3736 l‘Aead.
754 3712 784 3734 R.
801 3709 841 3733 des
855 3710 893 3732 Sc.
912 3708 939 3730 A.
959 3713 1026 3735 ηοω.
1087 3706 1102 3734 ζ
1115 3705 1159 3734 s)
1175 3705 1206 3729 Α.
1224 3710 1292 3732 1714.

472 3740 479 3744 ”
502 3747 640 3768 Comi-nere.
656 3742 742 3765 Litter.
762 3744 789 3763 A.
808 3747 873 3768 1733.
889 3736 967 3761 Hebd.
984 3738 1020 3764 36.
1038 3743 1060 3760 n.
1076 3743 1101 3763 4.

414 3800 417 3804 ,
467 3746 575 3807 {Mem-
591 3773 618 3799 de
632 3773 649 3799 ι’
660 3771 735 3799 And.
752 3772 784 3801 R,
799 3769 840 3796 des
854 3770 894 3799 sc,
911 3770 942 3795 A·
958 3773 1028 3798 1713-
1088 3766 1102 3796 <
1117 3763 1131 3790 b
1146 3769 1157 3795 2
1173 3767 1203 3793 Δ.
1218 3770 1290 3796 170³-

986 3612 1051 3644 (Ι)
1067 3612 1130 3639 lbid.
1148 3613 1172 3645 §.
1189 3620 1210 3638 ι.
1242 3621 1254 3623 >
1272 3612 1316 3646 (g
1332 3612 1346 3641 )
1363 3612 1425 3637 lbid.
1442 3612 1501 3637 obs.
1517 3620 1556 3637 ιι,
1572 3612 1596 3642 §.
1611 3620 1634 3640 4.
1650 3614 1673 3638 ἃ
1691 3612 1716 3637 in
1731 3611 1858 3637 Additum.
1875 3611 1935 3638 ΟΜ.
1950 3620 1991 3642 75.

1066 3644 1073 3673 ί
1093 3645 1103 3668 i
1118 3644 1131 3674 )
1146 3642 1204 3669 obs.
1220 3650 1260 3673 75.
1275 3649 1317 3667 eit.
1334 3645 1356 3668 St
1372 3643 1427 3668 obs
1447 3651 1483 3667 ιι.
1500 3643 1523 3671 §.
1539 3642 1602 3677 ³2&
1616 3648 1669 3667 caet.

1300 3675 1314 3703 (
1330 3682 1345 3703 q
1361 3673 1374 3702 )
1390 3675 1525 3698 Commerc.
1544 3675 1631 3698 Littet.
1647 3676 1678 3697 A.
1697 3680 1763 3702 1737·
1780 3673 1858 3698 Hebd.
1877 3681 1915 3699 ιι.
1952 3680 1956 3683 ·

1163 3737 1176 3764 (
1190 3742 1206 3764 q
1223 3734 1236 3762 )
1252 3733 1305 3759 Aa.
1321 3705 1608 3759 u.‘‹{.'†2'r„'.⁷?.³'0ss.
1626 3740 1679 3762 ²⁴4·

1355 3766 1364 3796 ς
1377 3772 1388 3791 c
1403 3764 1418 3795 2
1432 3764 1494 3798 Eph.
1510 3765 1545 3792 N.
1559 3766 1591 3792 C.
1606 3765 1677 3792 Cont-
1693 3771 1717 3795 ι.
1733 3763 1757 3791 δε
1771 3771 1795 3791 ι.
1810 3763 1873 3792 ΟΜ.
1892 3765 1946 3794 184.

1730 3642 2002 3672 (k)n.22.adfin.
2062 3642 2124 3674 (Ι)
2152 3643 2350 3674 (m)n·eod.

1607 3705 1620 3732 (
1636 3712 1652 3726 u
1671 3706 1679 3732 J
1697 3711 1721 3727 n.
1737 3711 1787 3761 3(οὲ
1801 3733 1815 3762 )
1832 3734 1912 3762 lenot.
1929 3734 2039 3765 Hydrea.
2054 3740 2080 3759 a.
2095 3740 2136 3762 ιη.
