2498 4075
430 134 517 196 316

359 217 375 241 a
399 206 469 240 cel.
494 203 733 248 Schlichtingio
756 207 823 248 (x)
847 202 1042 248 propositam
1071 227 1081 242 ,
1111 203 1200 248 cujus
1224 204 1308 249 spem
1331 214 1367 239 ut

361 261 474 292 omnes
497 250 622 284 imitari
645 247 795 291 possunt,
819 248 860 282 fic
884 249 1011 282 utinam
1033 248 1066 280 &
1089 245 1277 283 felicitatem
1290 260 1367 282 con-

360 293 452 336 sequi
477 291 618 336 possent.

347 339 349 342 ⁴
407 347 458 379 23.
483 336 543 370 Sed
566 335 619 368 illa
643 335 676 367 in
692 334 1368 379 colloquiis.A1terumperlitterasqnaefi-

363 388 437 414 tum
459 380 503 413 est
526 380 568 411 A.
599 387 690 420 1735.
819 378 953 422 juveni·
970 377 1236 419 vigintiquatuor
1268 391 1367 412 annos

360 433 438 457 nato
460 446 471 462 ‚
503 421 652 463 bonoque
683 420 828 462 corporis
861 418 973 452 habitu
1008 418 1145 461 praedito
1168 444 1177 459 ,
1208 422 1370 456 inflietum

346 464 614 508 'quadrangulato
637 471 732 496 acuto
766 463 907 505 pugione
939 462 1053 496 vulnus
1076 462 1200 504 fuerat,
1243 466 1328 508 quod
1354 477 1369 497 a

362 509 442 541 colli
467 505 592 540 sinistro
615 507 710 539 latere
733 505 837 539 tribus
868 504 953 537 infra
986 506 1160 540 auriculam
1192 507 1370 541 transversis

359 552 494 594 digitis,
515 550 647 593 oblique
671 548 819 583 tendebat
842 549 976 582 initium
999 549 1103 583 versus
1137 551 1274 592 Spinalis
1308 563 1371 585 me-

359 593 475 627 dullae.
502 592 570 625 Etsi
595 604 611 625 e
633 593 760 627 vulnere
782 590 866 625 nihil
891 591 991 625 ferme
1015 592 1165 634 prodibat
1190 594 1373 636 sanguinis3

363 646 470 670 tamen
494 636 585 670 illico
605 637 740 681 Juvenis
761 635 903 669 concidit
920 663 927 674 ,
965 635 1138 675 movendi,
1161 638 1194 670 «Sc
1219 637 1372 672 sentiendi

363 679 518 714 facultate
543 681 576 712 in
600 679 749 713 omnibus
770 690 841 721 quae
865 678 946 712 infra
969 688 1066 719 caput
1090 679 1161 712 sunt
1185 702 1194 717 ‚
1231 681 1374 721 partibus

364 723 445 757 adeo
465 722 659 763 destitutus,
683 731 719 756 ut
743 722 877 757 domum
899 721 1044 756 ferendus
1066 721 1179 760 fuerit,
1219 727 1250 756 δι
1274 725 1308 758 in
1331 725 1376 757 le-

360 768 453 800 &ulo
476 765 703 802 collocandus,
728 766 834 807 ibique
855 776 927 799 curn
954 766 1038 798 inter
1063 776 1173 807 paucas
1195 778 1272 809 quas
1294 779 1376 811 aegre

360 809 537 851 respirans,
560 808 669 841 edebat
692 820 806 846 voces,
831 807 946 850 frigere
971 809 1000 841 se
1021 832 1035 849 ,
1056 809 1174 843 diceret
1199 832 1207 846 ,
1234 811 1375 851 igniario

357 854 442 886 'aereo
463 852 532 885 vase
555 861 670 884 temere
694 850 868 885 femoribus
891 874 900 887 ,
925 851 1015 886 tibiis
1037 873 1051 891 ‚
1084 852 1238 886 malleolis
1263 854 1373 887 admo.

356 898 400 928 ''to
425 917 433 932 ‚
456 894 667 940 exustiones,
711 906 781 937 quae
815 896 847 927 in
872 893 958 928 soeda
981 896 1086 931 ulcera
1109 894 1335 938 degenerarunt
1358 922 1370 938 ‚

355 938 551 981 >neutiquam
575 937 701 972 senserit
725 961 732 969 .
766 938 844 971 Alvi
870 940 1011 979 primum
1034 962 1046 978 ,
1081 941 1113 971 δε
1137 939 1243 973 vesicae
1267 952 1370 973 recre-

362 989 471 1015 menta
494 992 558 1015 non
581 980 756 1019 reddebat3
791 981 858 1024 post
879 981 1005 1024 aliquot
1035 991 1141 1015 autem
1163 981 1230 1016 dies
1253 984 1370 1019 lotium

361 1023 507 1065 inscius,
532 1024 647 1060 nedum
671 1025 817 1065 invitus,
839 1025 1027 1059 emittebat.
1052 1027 1139 1060 Cum
1164 1036 1180 1058 a
1206 1026 1338 1060 Medico
1361 1050 1370 1066 ‚

359 1067 590 1111 Chirurgoque
613 1067 786 1111 diligenter
815 1077 1002 1109 curaretur;
1035 1069 1086 1102 die
1109 1071 1222 1103 exacto
1244 1070 1371 1104 decimo

361 1111 503 1154 septimo
526 1113 667 1154 primum
691 1111 817 1153 aliquid
842 1113 955 1145 sentire
978 1114 1079 1153 coepit
1112 1111 1270 1146 sinistrum
1302 1125 1376 1147 cor-

364 1155 455 1197 poris
481 1155 564 1188 latus
588 1178 599 1194 ,
632 1153 787 1197 vigefimo
819 1165 925 1188 autem
960 1155 1074 1189 sinistri
1099 1156 1263 1198 utriusque
1288 1166 1375 1190 artus

351 1197 465 1240 'digiti
489 1197 641 1231 nonnihil
667 1199 813 1238 moveri,
836 1199 921 1231 inter
942 1209 1014 1231 cum
1048 1210 1123 1231 vero
1144 1222 1157 1238 ,
1188 1203 1220 1232 &
1256 1199 1378 1243 trigesi-

360 1252 453 1275 mum
476 1241 563 1274 diem
588 1240 698 1275 senfim
721 1250 852 1284 utraque
878 1242 1012 1275 facultas
1034 1243 1135 1283 magis
1157 1265 1170 1281 ,
1216 1244 1378 1286 magisque

363 1283 473 1327 augeri
499 1285 531 1317 in
556 1282 681 1318 sinistro
704 1284 835 1328 quidem
857 1284 974 1318 latere.
1000 1287 1038 1318 In
1063 1286 1229 1322 dexterum
1256 1296 1376 1325 autem,

366 1327 401 1361 id
434 1327 476 1360 est
506 1328 630 1361 vulneri
653 1327 839 1369 oppositum
863 1339 927 1361 non
952 1326 1009 1360 nisi
1045 1329 1210 1371 trigesimo
1241 1329 1378 1364 secundo

350 1371 416 1405 'die
439 1369 544 1404 redire
567 1369 669 1404 sensus
692 1372 795 1414 coepit
821 1394 830 1408 ‚
865 1380 935 1404 tum
959 1370 1074 1405 deinde
1107 1374 1138 1405 ὃ(
1162 1381 1267 1406 motus
1291 1396 1299 1410 ‚
1338 1374 1376 1407 ad

363 1413 560 1457 eundemque
582 1414 713 1448 modum
738 1415 892 1457 paulatim
916 1415 1093 1457 augescere.
1130 1416 1176 1448 Et
1197 1427 1377 1460 quanquam

359 1458 405 1491 'sic
429 1457 504 1491 satis
525 1457 578 1491 die
601 1457 839 1501 quadragesimo
863 1470 981 1501 corpus
1005 1458 1186 1492 universum
1196 1459 1321 1500 sensus,
1344 1464 1376 1493 δε

352 1499 562 1542 “motusjarn
586 1511 654 1534 erat
677 1512 810 1543 compos
826 1523 835 1538 ‚
860 1501 903 1535 fic
926 1502 1002 1535 satis
1017 1525 1027 1541 ,
1049 1503 1180 1545 inquam
1199 1514 1213 1543 ,-
1235 1504 1378 1537 nondum

359 1545 454 1577 enim
478 1543 578 1584 stare,
600 1544 716 1578 nedum
749 1544 892 1578 incedere
923 1546 1072 1584 licebat3
1106 1547 1174 1578 imo
1206 1544 1261 1579 etfi
1295 1548 1376 1581 VH.

357 1586 443 1623 Kal.
464 1589 559 1632 Junii
588 1613 596 1626 ,
630 1599 704 1622 cum
740 1588 876 1628 vulnus,
901 1589 1065 1623 inflffi'cum
1099 1587 1204 1622 fuisset
1230 1589 1379 1630 postridie

364 1626 443 1666 Kal.
467 1631 656 1671 Februarii,
674 1633 808 1678 Juvenis
832 1634 887 1665 vix
909 1644 925 1666 e
947 1631 1101 1666 cubiculo
1124 1631 1346 1675 egrediebatur
1368 1657 1378 1671 ‚

356 1677 394 1707 ²&
420 1685 512 1709 crure
535 1683 673 1717 utroque
707 1684 878 1708 extenuato
901 1700 914 1716 ,
942 1679 978 1708 ἃ
1001 1674 1088 1718 quasi
1113 1674 1255 1709 arefac‘to
1278 1700 1289 1716 ,
1313 1689 1376 1710 non

365 1716 454 1751 secus
478 1729 511 1751 ac
535 1716 641 1751 infans
662 1721 718 1759 qui
742 1717 868 1760 ingredi
890 1718 1063 1751 addisceret
1084 1743 1094 1758 ‚
1117 1720 1201 1752 lente
1226 1743 1239 1763 ,Δ
1270 1723 1300 1753 &
1325 1732 1379 1761 pe-

354 1762 525 1795 detentim
560 1760 747 1803 incedebat3
776 1771 880 1794 tamen
906 1764 939 1795 δε
962 1770 1079 1800 motu,
1113 1765 1145 1794 δ(
1171 1762 1258 1795 sensu
1291 1763 1381 1799 infir..

364 1807 467 1844 :miore
491 1806 586 1837 etiam
611 1813 682 1838 tum
705 1803 853 1839 utebatur
877 1804 1002 1839 dextera
1028 1815 1114 1846 parte
1136 1831 1144 1844 ‚
1178 1816 1274 1847 quam
1307 1806 1382 1839 sini-

353 1849 443 1882 stra,
468 1847 575 1892 Hujus
598 1849 702 1891 igitur
724 1847 920 1881 discriminis
943 1860 1015 1882 cum
1040 1860 1077 1881 ex
1100 1859 1149 1882 me
1171 1848 1260 1882 causa
1298 1862 1379 1892 quae-

364 1900 508 1931 teretur-3
534 1890 714 1934 ponendam
737 1892 839 1925 videri
861 1894 894 1926 in
919 1892 1147 1926 medullaribus
1171 1892 1236 1926 illis
1258 1891 1347 1927 fibris
1369 1916 1381 1933 ,

365 1936 529 1974 indicavi,
552 1946 622 1978 quae
651 1937 735 1968 inter
760 1935 955 1975 dexterum,
977 1933 1200 1979 sinistrumque
1224 1937 1382 1970 latusini-

368 1980 408 2012 tii
435 1978 533 2021 ipsius
570 1979 717 2013 medullae
752 1980 889 2022 Spinalis
922 1978 1078 2022 tradutflae
1111 1984 1206 2020 (v),
1242 1979 1379 2013 laefionis

367 2023 445 2057 huic
467 2023 558 2056 lateri
581 2022 629 2056 ibi
652 2022 781 2066 quidem
805 2024 905 2057 illarae
928 2021 1062 2058 effeetus
1085 2023 1199 2066 possint
1223 2022 1256 2056 in
1281 2034 1387 2066 oppo-

357 2066 464 2100 ‘situm
486 2067 634 2108 corporis
656 2066 739 2101 latus
762 2068 898 2100 omnino
932 2066 1093 2101 interdum
1115 2089 1126 2105 ,
1160 2067 1235 2100 alias
1270 2066 1386 2109 majori

367 2120 407 2143 ex
432 2119 519 2154 parte
541 2109 709 2143 transferre
733 2136 741 2143 .
778 2111 861 2152 Qae
886 2110 1060 2152 explicatio
1084 2119 1120 2145 ut
1145 2110 1228 2144 nihil
1265 2109 1382 2144 habeat

368 2154 552 2197 peculiare5
574 2155 694 2196 quippe
718 2154 855 2187 aliorum
878 2153 1011 2187 subnixa
1036 2153 1306 2196 explicationibus
1329 2153 1384 2188 he-

369 2198 535 2240 miplexiae
559 2207 576 2230 a
600 2198 686 2230 vitio
707 2195 849 2239 oppositi
883 2197 1007 2230 cerebri
1039 2196 1256 2239 hemisphaerii
1289 2198 1385 2231 indu-

368 2242 451 2282 c‘tae7·
474 2241 606 2274 historia
628 2251 734 2274 tamen
759 2239 827 2274 haec
849 2252 923 2275 cum
944 2240 1086 2274 ostendat
1100 2265 1109 2280 ‚
1141 2250 1264 2284 quanto
1287 2242 1384 2276 etiam

369 2280 506 2318 inferius
533 2282 590 2318 esse
614 2284 789 2329 aliquando
811 2284 903 2328 poffit
936 2285 1011 2318 vitii
1037 2283 1120 2319 sedes
1143 2283 1276 2318 eundem
1311 2283 1385 2317 effe-

367 2329 457 2363 &um
478 2325 656 2370 afferentis,
680 2330 814 2362 minime
837 2328 977 2371 vulgaris
1001 2327 1082 2361 mihi
1107 2327 1172 2361 visa
1197 2327 1262 2368 est,
1286 2338 1387 2372 eoque

369 2371 467 2415 digna
490 2383 561 2416 quae
585 2382 601 2404 a
625 2382 675 2405 me
701 2371 762 2406 tibi
786 2373 871 2405 inter
893 2380 1007 2406 caetera
1029 2372 1106 2405 colli
1131 2372 1259 2405 vulnera
1270 2383 1387 2414 propo-

367 2425 494 2493 πέει-στω·
511 2441 519 2449 .
537 2416 611 2462 Jam
636 2426 711 2449 vero
735 2415 773 2450 ad
798 2414 961 2450 Thoracis
984 2414 1081 2459 ipfius
1103 2415 1232 2449 vulnera
1256 2424 1388 2458 progre-

394 2470 514 2494 ramur.

415 2514 466 2545 24.
490 2503 580 2536 VIR
604 2501 643 2535 ad
667 2502 855 2536 claviculam
879 2503 1007 2536 alteram
1024 2502 1205 2536 vulneratus
1216 2510 1287 2535 ante
1298 2511 1389 2534 men-

371 2546 435 2581 sem
460 2544 693 2588 propemodum
716 2544 821 2579 fuerat
844 2570 853 2579 .
878 2548 922 2579 Et
948 2547 1085 2580 vulneris
1108 2545 1238 2589 quidem
1262 2546 1390 2578 curatio

369 2590 449 2623 bene
474 2588 641 2631 procedere
664 2588 834 2623 videbatur
857 2612 868 2628 ‚
893 2600 965 2623 cum
990 2589 1125 2631 denique
1147 2589 1263 2623 mentis
1297 2588 1390 2622 hebi-

369 2632 507 2670 tudine,
529 2635 562 2665 &
586 2632 769 2675 rigoribus,
792 2633 909 2676 quibus
933 2643 1132 2676 nequaquam
1156 2644 1210 2673 par
1232 2632 1320 2666 calor
1342 2642 1389 2663 re-

371 2676 575 2718 spondebat,
599 2677 718 2709 tentari
741 2677 863 2719 coepit.
890 2677 978 2709 Inter
1004 2675 1071 2710 haec
1106 2677 1226 2709 mortui
1258 2675 1389 2708 cadaver

372 2722 409 2754 in
431 2718 645 2762 Gymnasium
668 2720 800 2753 allatum
824 2719 869 2753 est
892 2742 907 2761 ,
938 2718 1020 2753 unde
1042 2721 1225 2752 Anatomen
1248 2742 1262 2759 ,
1285 2718 1386 2752 donec

375 2765 479 2806 magis
504 2763 611 2797 idonei
634 2764 726 2806 copia
751 2762 839 2797 fieret
864 2788 874 2804 ,
908 2760 1020 2796 docere
1044 2763 1217 2804 inciperem
1241 2771 1311 2794 ante
1329 2762 1387 2805 Ja-

373 2808 481 2841 nuarii
505 2806 601 2841 finem
623 2807 667 2839 A.
697 2817 799 2850 1732.
945 2807 1143 2840 VULNUS
1167 2807 1202 2838 in
1225 2804 1388 2840 Thoracis

373 2861 490 2885 cavum
515 2858 579 2883 non
604 2851 822 2892 perveniebat.
851 2850 938 2884 Cum
964 2861 1039 2883 vero
1060 2848 1244 2892 oppositum
1267 2849 1389 2883 vulneri

364 2895 458 2928 'latus
484 2892 548 2935 jam
563 2894 646 2926 intra
662 2894 824 2928 biduuma
847 2902 951 2926 morte
977 2894 1114 2928 exterius
1124 2894 1235 2932 virere,
1245 2892 1389 2926 animad-

378 2936 540 2970 vertissem
559 2958 568 2973 ‚
614 2948 714 2979 neque
759 2939 845 2970 intra
871 2935 1039 2970 thoracem
1060 2936 1151 2970 causa
1174 2936 1238 2971 ulla
1261 2947 1390 2977 appare·

377 2988 426 3013 ret
448 2981 566 3013 viroris
588 2980 701 3019 illius;
725 2981 760 3013 in
784 2980 960 3023 parietibus
971 2980 1176 3024 quaerendum
1199 2978 1390 3018 censui‚de-

377 3021 626 3069 prehensumque
651 3024 692 3056 est
716 3035 773 3065 pus
796 3025 882 3056 inter
906 3024 1063 3058 musculos
1094 3026 1128 3057 &
1160 3024 1293 3057 laterum
1316 3046 1328 3062 ,
1359 3026 1392 3057 δε

376 3065 483 3101 ‘dorsi-
508 3066 568 3101 Sed
594 3069 627 3101 δε
651 3065 729 3099 alibi
751 3065 898 3101 abscessus
922 3076 1008 3101 erant
1023 3093 1032 3106 ,
1053 3076 1090 3102 ut
1114 3065 1153 3100 ad
1179 3066 1392 3110 Pyramidalcs

379 3109 577 3146 Abdominis
600 3109 758 3144 musculos
784 3135 790 3142 .
822 3109 923 3143 Nihil
946 3120 1050 3145 tamen
1074 3111 1160 3152 puris
1183 3112 1269 3144 intra
1303 3111 1393 3142 Ven-

382 3164 489 3194 trem,
511 3155 649 3187 Omenti
672 3152 838 3187 dumtaxat
852 3176 863 3194 ,
887 3157 918 3187 &
941 3153 1167 3188 intestinorum
1191 3165 1262 3196 pars
1285 3154 1392 3196 aliqua

377 3197 503 3231 virebat
515 3222 521 3229 .
532 3198 634 3241 Jecur
653 3197 784 3239 quidem
798 3219 809 3236 ,
822 3197 885 3229 lien
896 3220 907 3236 ,
920 3199 1131 3237 ventriculus,
1146 3196 1285 3231 &vesica
1298 3208 1392 3239 aequo

352 3247 354 3249 '
387 3250 479 3274 erant
491 3240 612 3283 majora
626 3265 633 3272 .
659 3240 717 3275 Sed
729 3240 855 3273 nullum
871 3250 1016 3279 praeterea
1030 3243 1209 3275 vitiumaut
1234 3240 1323 3283 ipsa,
1336 3248 1391 3273 aut

353 3283 501 3317 *viscera
526 3285 587 3316 alia
608 3283 834 3318 ostendebant.
862 3284 954 3317 Sedes
977 3285 1044 3318 illae
1068 3283 1294 3319 tantummodo
1314 3294 1390 3325 quas

380 3327 468 3361 inter
489 3326 648 3361 musculos
672 3338 730 3369 pus
753 3327 960 3368 obtinuerat,
983 3329 1104 3362 vitiatae
1128 3337 1259 3369 repertae
1285 3326 1355 3361 sunt
1380 3351 1387 3359 .

429 3381 481 3413 25.
506 3371 558 3403 Ex
582 3371 639 3405 hac
662 3382 791 3414 quoque
814 3369 949 3404 historia
971 3371 1044 3404 satis
1067 3381 1224 3414 apparet,
1257 3381 1332 3413 pus.
1355 3371 1390 3403 in

383 3412 561 3457 {anguifera
584 3413 655 3447 vasa
677 3415 936 3456 exceptum,alio
957 3413 1140 3448 transferri.
1167 3417 1252 3448 Inter
1265 3413 1392 3447 muscu-

358 3472 363 3477 ··
383 3457 433 3491 los
456 3458 562 3498 enim,
585 3468 649 3491 non
673 3457 836 3491 claviculae
861 3457 911 3490 illi
936 3460 1102 3500 proximos
1117 3481 1126 3496 ‚
1146 3457 1197 3491 sed
1217 3455 1394 3499 oppositos,

386 3510 440 3534 aut
465 3501 560 3543 longe
582 3500 703 3535 diffitos
725 3500 893 3543 quomodo
916 3523 925 3538 ‚
961 3513 1025 3534 non
1049 3513 1104 3543 per
1128 3499 1302 3544 sanguifera
1325 3500 1395 3533 vasa

387 3544 596 3586 traductum,
618 3544 724 3588 ipsum
745 3553 800 3588 per
823 3543 851 3577 se
874 3543 1084 3589 perveniss‘ct?
1107 3544 1167 3579 Sed
1189 3546 1282 3587 longe
1294 3542 1397 3587 majo-

649 126 807 184 Liber
838 131 933 185 IV.
968 126 1055 185 De‘
1088 127 1296 182 Morbis
1331 124 1689 196 Chirtirgicis,
1721 129 1778 182 &
1811 125 2210 183 Universalibus

1419 205 1464 238 ris
1483 206 1638 239 momenti
1659 230 1673 248 ,
1704 206 1739 241 id
1763 206 1807 241 est
1827 206 1984 243 vulnerati
2016 204 2121 239 cordis
2154 206 2423 242 Observationem

1418 248 1617 291 proferamus
1632 273 1640 280 .

1463 295 1513 323 26.
1538 292 1933 327 MEDIOLANENSIS
1958 303 2098 335 pauper,
2132 303 2227 326 annos
2250 300 2352 328 'natus
2384 293 2424 326 ad

1416 333 1647 380 quadraginta,
1677 334 1718 368 fic
1751 336 1825 369 satis
1849 334 1999 376 toi-osus,
2033 339 2065 369 ἅ*
2101 335 2190 370 sanus
2213 359 2225 376 ,
2258 336 2314 370 nisi
2338 336 2424 380 quod

1419 376 1505 411 foeda
1530 377 1645 423 scabies
1668 388 1753 412 artus
1777 378 1832 412 hic
1854 379 1922 412 illic
1946 379 2156 421 deturpabat,
2178 378 2255 413 bene
2279 381 2425 422 pransus,

1420 423 1452 453 δε
1476 430 1592 462 potus,
1615 433 1688 455 cum
1702 423 1801 455 altero
1814 422 1873 455 suae
1897 424 1989 456 sortis
2002 423 2123 456 rixatus
2134 422 2241 455 cultro
2262 424 2427 457 inflictum

1420 464 1534 497 vulnus
1558 466 1678 507 accepit
1700 465 1825 499 duobus
1847 464 1928 499 infra
1951 465 2302 499 finistrammaminam
2325 476 2427 499 trans-

1420 505 1512 540 versis
1535 507 1670 548 digitis.
1695 510 1800 542 Pauco
1824 517 1921 546 tunc,
1946 512 1978 542 ὃς
2002 509 2104 549 postea
2115 508 2262 550 sanguine
2273 510 2428 551 prodeun-

1422 558 1452 583 te
1476 573 1488 588 ‚
1512 561 1565 593 per
1589 553 1618 586 se
1641 551 1819 593 progressus
1842 551 1883 585 est
1905 551 1943 585 ad
1968 550 2066 594 passus
2090 550 2289 594 septuaginta
2313 565 2322 584 .·
2357 562 2428 586 tum

1423 593 1566 627 consedit
1580 617 1591 634 ,
1613 596 1646 627 δε
1668 604 1740 637 quae
1764 595 1796 626 in
1821 594 1959 636 prandio
1981 593 2172 636 sumpserat,
2206 591 2358 635 vbmens,
2382 595 2430 628 ibi

1424 638 1510 669 intra
1533 636 1745 676 semihoram,
1769 646 1821 671 aut
1845 647 1925 670 certe
1949 648 2012 670 non
2036 638 2140 672 multo
2162 639 2299 679 amplius
2309 646 2436 679 tempus

1425 681 1552 713 interiit
1577 682 1639 714 VI.
1664 680 1740 714 Idus
1764 681 1877 713 Martii
1899 683 1939 713 A.
1969 691 2065 723 ¹?25-
2201 682 2434 717 CADAVER

1425 724 1460 756 in
1486 725 1629 765 Lyceum
1653 724 1805 761 illatum,
1829 733 1863 757 ut
1889 727 2051 757 Anatome
2074 724 2307 760 absolveretur,
2332 736 2432 766 quam

1426 766 1563 801 secundo
1586 767 1661 800 loco
1682 776 1760 800 tunc
1784 766 1921 800 habebat
1942 768 1994 799 Cl.
2016 769 2157 812 ‘Ioannes
2183 767 2324 809 Baptista
2347 768 2436 800 Vul-

1423 811 1518 852 pius,
1541 809 1661 843 summa
1682 810 1720 843 ab
1743 818 1879 853 utroque
1903 810 2042 844 nostrum
2066 811 2236 852 diligentia
2271 810 2437 853 perlustra-

1423 861 1493 886 tum
1518 854 1560 887 est
1577 878 1584 885 .
1610 855 1656 886 Et
1682 854 1773 895 plura
1795 854 1925 894 quidem
1949 855 2098 886 adnotata
2123 854 2193 887 sunt
2208 864 2271 886 non
2288 853 2324 887 ad
2348 853 2436 888 hune

1420 898 1530 930 locum
1553 896 1744 939 spectantia,
1770 896 1824 929 ubi
1848 895 1911 929 fere
1934 908 2003 939 quae
2028 898 2131 931 minus
2154 895 2321 930 secundum
2345 906 2438 931 natu-

1421 951 1489 974 ram
1511 939 1574 973 visa
1599 940 1668 972 sunt
1683 963 1695 980 ,
1716 951 1749 972 ea
1771 939 1937 973 dumtaxat
1949 938 2162 981 proferimus.
2186 941 2268 976 Quae
2280 949 2316 974 ut
2329 938 2430 981 prius-

1421 995 1518 1026 quam
1538 983 1576 1017 de
1598 982 1722 1017 vulnere
1747 982 1880 1016 scribam
1896 1008 1904 1018 .
1927 983 2033 1025 paucis
2057 983 2282 1026 perstringam,
2307 983 2369 1016 huc
2383 993 2436 1016 re-

1420 1028 1538 1061 deunt.
1563 1026 1603 1060 In
1626 1027 1746 1059 Ventre
1772 1026 1833 1058 lien
1849 1049 1857 1062 ‚
1880 1035 1992 1059 caetera
2016 1025 2107 1060 sanus
2124 1049 2133 1063 ‚
2158 1027 2322 1068 aliquanto
2335 1024 2440 1069 major

1426 1069 1594 1104 secundum
1615 1080 1726 1102 omnes
1749 1068 1958 1102 dimensiones
1982 1069 2046 1102 fuit
2064 1095 2072 1108 ‚
2092 1081 2186 1112 quam
2198 1069 2284 1112 justae
2302 1072 2333 1103 &
2358 1081 2439 1112 qua-

1426 1113 1526 1147 dratae
1548 1113 1671 1146 staturae
1697 1113 1862 1152 hominis,
1884 1111 2061 1155 &jecinori
2076 1113 2412 1147 videretur-convenire
2427 1137 2440 1146 .

1427 1159 1466 1190 In
1489 1156 1580 1197 cujus
1603 1155 1735 1188 vesicula
1759 1155 1844 1198 quod
1870 1166 1964 1197 pauca
1988 1156 2061 1188 esiet
2084 1155 2182 1193 bilis,
2214 1157 2345 1189 minis-ne
2369 1155 2439 1189 sum.

1428 1200 1559 1233 miratus
1580 1200 1635 1242 qui
1660 1200 1771 1233 scirem
1786 1223 1797 1238 ,
1821 1201 1853 1231 &c
1878 1201 2057 1236 vomitum,
2090 1204 2122 1235 ὅ(
2145 1199 2310 1240 copiosum
2348 1210 2441 1241 prena

1428 1243 1541 1277 dium,
1565 1241 1646 1275 unde
1668 1240 1805 1284 expressa
1830 1240 1924 1279 esset,
1948 1241 2145 1283 praeceffisse,
2178 1246 2209 1276 ἃ
2235 1243 2302 1275 sane
2328 1244 2363 1275 ad
2390 1244 2440 1275 bi-

1429 1287 1500 1320 larii
1523 1285 1637 1319 duCtus
1659 1285 1802 1319 osculum
1817 1308 1826 1322 ,
1850 1285 1882 1316 in
1907 1296 2001 1328 eaque
2024 1286 2141 1318 vicinia
2167 1285 2360 1320 Duodenum
2386 1288 2436 1319 in-

1429 1329 1576 1363 testinum
1602 1329 1679 1363 flava
1692 1329 1756 1363 bile
1768 1325 1932 1361 madidum
1946 1328 2204 1370 conspiciebatur
2214 1352 2221 1359 .
2337 1327 2442 1364 Quod

1430 1373 1466 1406 ad
1493 1375 1601 1415 Caput
1626 1373 1764 1412 atti-net,
1789 1371 1964 1413 {anguifera
1978 1372 2046 1405 vasa
2071 1383 2159 1405 erant
2172 1371 2321 1413 turgida,
2346 1372 2443 1405 facile

1429 1418 1525 1450 etiam
1547 1415 1589 1447 ob
1611 1415 1818 1449 distendentes
1843 1425 1941 1448 aereas
1952 1415 2109 1456 bullulas,
2130 1427 2267 1459 quarum
2290 1416 2443 1457 plurimas

1428 1459 1534 1503 paffim
1559 1460 1591 1491 in
1614 1459 1735 1492 cerebri
1767 1456 1866 1498 vasis,
1890 1461 1921 1492 &
1937 1459 1992 1492 sub
2005 1460 2111 1493 Tenui
2125 1459 2274 1501 meninge
2286 1459 2446 1498 vidimus,

1429 1505 1602 1537 extricatas
1626 1501 1752 1536 fortasse
1776 1514 1791 1535 a
1826 1501 1975 1543 sanguine
1996 1502 2037 1535 ob
2067 1502 2262 1544 tempestatis
2295 1512 2445 1545 teporem

1430 1548 1609 1589 praesertim
1634 1545 1701 1588 post
1725 1545 1853 1587 longam
1879 1545 1918 1578 ab
1950 1546 2085 1579 interitu
2110 1557 2257 1585 moram3
2279 1546 2316 1580 ad
2340 1546 2444 1579 cranii

1431 1592 1515 1623 enim
1529 1590 1678 1623 interiora
1692 1587 1897 1623 examinanda
1911 1600 1973 1621 non
1986 1588 2042 1622 nisi
2056 1589 2182 1623 decimo
2192 1591 2291 1622 tertio
2306 1590 2357 1624 die
2375 1600 2448 1632 per-2

1433 1635 1577 1667 venimus
1591 1645 1600 1663 .·
1624 1644 1688 1674 quo
1700 1642 1842 1674 tempore
1854 1655 1863 1669 ‚
1888 1632 2032 1666 detraeto
2045 1632 2170 1665 cerebro
2183 1656 2191 1670 2
2217 1634 2314 1665 cranii
2328 1644 2442 1666 cavum

1432 1676 1713 1710 animadvertimus
1725 1676 1829 1709 multo
1843 1677 1879 1708 ad
1897 1677 2025 1719 occiput
2039 1675 2130 1710 fuisse
2143 1678 2278 1719 amplius
2289 1677 2323 1709 in>
2333 1679 2445 1711 dexte-

1430 1732 1500 1757 rum
1526 1721 1628 1758 latus,
1650 1730 1745 1762 quam
1769 1721 1801 1753 in
1824 1718 2001 1753 finistmm.
2138 1718 2195 1755 Sed
2219 1720 2353 1754 Thorax
2376 1744 2389 1760 ,
2411 1722 2445 1754 ὃ(

1437 1765 1571 1801 vulnus,
1595 1775 1665 1806 quae
1690 1764 1803 1806 primis
1825 1763 1936 1797 diebus
1959 1763 2177 1806 inspeximus,
2203 1763 2240 1797 ad
2264 1763 2348 1800 hunc
2372 1775 2443 1796 mo-

1432 1805 1509 1843 dum
1534 1808 1562 1842 se
1586 1805 1744 1840 habuere.
1771 1807 1863 1841 Illius
1875 1806 2167 1842 cavumiinistrum
2180 1807 2318 1844 multum
2331 1806 2445 1843 habuit

1433 1849 1517 1885 effusi
1532 1851 1693 1892 sanguinis
1718 1851 1858 1884 multum
1874 1850 2085 1892 pericardium
2098 1863 2225 1894 quoque
2241 1873 2248 1887 ,
2264 1850 2445 1892 fluvidilquia.

1432 1894 1515 1931 dem,
1528 1898 1573 1932 δι’,
1586 1894 1690 1937 qualis
1701 1896 1735 1926 in
1747 1892 1809 1929 hoc
1819 1894 1964 1937 cadavere
1978 1894 2054 1927 alibi
2068 1896 2163 1927 etiam
2173 1896 2262 1927 vivus
2275 1894 2327 1933 est,
2342 1895 2442 1936 magis

1430 1949 1524 1979 :equo
1535 1937 1646 1974 soluti.
1659 1940 1690 1970 δι
1703 1936 1766 1970 fere
1777 1936 1974 1980 aquofioris,
1984 1948 2023 1970 an
2035 1937 2075 1970 ab
2086 1939 2170 1979 epoti
2183 1934 2327 1970 humoris
2339 1940 2446 1978 copia,

1431 1982 1487 2024 qui
1500 1982 1569 2014 cito
1580 1991 1633 2022 per
1644 1978 1803 2023 chylifera
1829 1981 1940 2014 vasam
1955 1980 2127 2023 sanguifera
2151 1979 2354 2014 traducitur?
2375 1981 2445 2014 An-

1437 2024 1551 2068 gustiae
1585 2032 1689 2061 tamen
1712 2047 1724 2064 ‚
1748 2027 1781 2059 &
1801 2025 1976 2066 obliquitas
2000 2025 2139 2057 vulneris
2161 2023 2353 2057 obstiterunt
2376 2047 2388 2064 ,
2411 2033 2449 2058 ue

1438 2070 1576 2109 opinor,
1601 2066 1753 2109 eiusmodi
1778 2067 1945 2110 sanguini,
1969 2078 2006 2100 ne
2030 2079 2085 2110 per
2108 2067 2246 2101 vulneris
2280 2077 2447 2102 externum

1436 2109 1599 2144 orificium
1624 2111 1816 2153 proflueret.
1841 2111 1921 2149 Quo
1944 2110 1983 2144 ab
2006 2109 2136 2145 orificio
2158 2111 2245 2143 viam
2267 2111 2448 2152 cultriper.⁷

1434 2153 1597 2197 sequentes
1619 2177 1631 2194 ,
1653 2155 1865 2197 cognovimus
1889 2180 1898 2193 ,
1921 2153 2006 2187 hunc
2029 2154 2069 2187 ab
2092 2166 2131 2187 eo
2153 2164 2248 2195 quem
2271 2154 2413 2188 diximus
2436 2178 2451 2195 ⁵,

1437 2198 1513 2230 loco
1537 2198 1619 2230 inter
1629 2197 1747 2231 costam
1763 2222 1772 2237 ,
1795 2200 1828 2231 &
1843 2199 1960 2232 costam
1970 2196 2118 2232 adactum
2134 2222 2143 2236 ‚
2165 2197 2295 2240 oblique
2307 2196 2450 2238 sursum,

1437 2244 1469 2275 &
1491 2240 1692 2276 dextrorsum
1714 2241 1751 2274 ad
1764 2240 1984 2276 mediastinum
1994 2265 2006 2281 ,
2016 2240 2228 2282 pericardium
2240 2263 2252 2280 ,
2269 2243 2300 2273 &
2313 2242 2451 2275 anterius

1438 2286 1522 2318 latus
1545 2284 1659 2318 sinistri
1670 2282 1775 2320 cordis
1800 2286 1971 2318 ventriculi
1985 2284 2241 2326 pertundendum
2256 2303 2267 2320 ²
2288 2285 2374 2319 circa
2386 2295 2451 2317 mea

1436 2327 1527 2362 dium
1551 2327 1650 2361 ferme
1672 2328 1886 2371 longitudinis
1909 2327 2050 2371 ejusdem
2075 2328 2182 2361 lateris
2202 2350 2213 2365 ‚
2248 2326 2416 2370 pervenisse
2440 2352 2450 2360 .‚

1436 2373 1518 2405 Erat
1540 2371 1672 2415 quidem
1694 2373 1728 2404 in
1750 2374 1906 2405 exteriore
1917 2372 2026 2406 cordis
2049 2370 2130 2404 facie
2144 2370 2257 2405 vulnus
2271 2368 2453 2414 angustum,

1438 2414 1490 2449 secl
1514 2426 1577 2448 non
1600 2416 1708 2449 minus
1731 2415 1886 2458 longum,
1907 2426 2004 2459 quam
2027 2414 2216 2449 transversus
2238 2423 2396 2448 extremus
2420 2426 2455 2448 aa

1438 2470 1499 2502 pex
1521 2459 1649 2492 minimi
1671 2458 1793 2503 digiti;
1815 2468 1853 2493 ut
1877 2468 1985 2502 aperto
2009 2470 2025 2491 a
2048 2469 2098 2491 me
2117 2469 2156 2491 eo
2178 2457 2455 2496 ventriculmmi.²

1439 2513 1523 2535 rarer
1546 2503 1714 2544 primum,
1735 2503 1769 2535 in
1792 2500 2140 2539 facieinterioresinem
2153 2500 2292 2534 vulneris
2315 2511 2379 2534 non
2392 2512 2448 2542 ap-

1439 2555 1547 2588 parere
1559 2544 1684 2585 ,donec
1700 2554 1788 2579 ratus
1802 2544 1890 2589 quod
1904 2554 1968 2579 erat
1978 2545 2201 2588 ‚abappofitis
2211 2555 2397 2577 carneorum
2407 2543 2454 2586 la⁴=

1439 2589 1634 2622 certulorurn
1649 2589 1793 2623 reticulis
1805 2589 1942 2622 vulneris
1952 2587 2092 2621 foramen
2102 2587 2243 2627 obduci,
2266 2586 2319 2620 his
2330 2611 2339 2625 ‚
2354 2597 2391 2620 ut
2404 2588 2451 2620 E-

1441 2631 1553 2674 pistola
1563 2633 1755 2665 Anatomica
1766 2632 1841 2665 XV.
1852 2635 1905 2675 (z)
1915 2631 2038 2666 dietum
2051 2630 2114 2666 est,
2126 2630 2296 2672 diligenter
2307 2632 2427 2663 amotis
2439 2653 2451 2669 ,

1440 2674 1645 2710 manifestum
1654 2675 1802 2708 omnibus
1816 2673 1879 2708 fuit
1892 2698 1905 2715 ,
1927 2674 2041 2708 vulnus
2055 2682 2122 2707 tota
2138 2674 2266 2715 parietis
2277 2673 2455 2707 crassitudi-

1437 2730 1475 2752 ne
1485 2742 1496 2759 ‚
1511 2719 1687 2762 intimaque
1696 2718 1875 2752 membrana
1886 2718 2025 2760 pertusa,
2035 2719 2068 2750 in
2081 2727 2194 2750 cavum
2204 2717 2371 2750 ventriculi
2384 2728 2454 2759 per-

1435 2760 1604 2797 veniss'e.1n
1617 2761 1824 2805 pulmonibus
1836 2772 1900 2794 non
1913 2760 2010 2795 modo
2021 2760 2136 2794 faciem
2148 2759 2248 2803 ipsam
2261 2761 2454 2794 anteriorem

1439 2817 1477 2839 ex
1487 2807 1583 2848 nigro
1595 2807 1786 2849 variegatam
1799 2826 1809 2842 ‚
1833 2803 1884 2838 sed
1899 2807 1931 2838 δε
1942 2804 2089 2840 ciborum
2101 2813 2223 2847 partem
2240 2802 2452 2847 deprehendiu

1438 2860 1509 2883 mus
1523 2872 1531 2887 ,
1543 2860 1639 2893 quam
1651 2872 1664 2889 ,
1685 2849 1762 2884 dum
1774 2848 1809 2882 hi
1820 2849 1948 2881 vomitu
1959 2846 2186 2890 rejicerentur,
2211 2848 2404 2889 perturbatis
2416 2848 2453 2881 in

1438 2892 1637 2928 tumultuosa
1648 2892 1701 2926 illa
1715 2893 1818 2927 totius
1830 2892 1977 2935 corporis
1989 2892 2182 2934 agitatione,
2192 2892 2224 2925 <Sc
2235 2888 2453 2925 deficientium

1438 2938 1556 2970 virium
1570 2936 1719 2979 languore
1728 2960 1742 2978 ,
1751 2934 2033 2970 instrumentorum
2043 2945 2113 2978 quae
2127 2933 2164 2968 ad
2178 2932 2282 2967 fauces
2295 2933 2378 2971 sunt,
2391 2944 2453 2976 op-

1441 2980 1589 3024 portunis
1601 2979 1742 3020 officiis,
1766 2979 2123 3021 larynxinterceperat3
2147 2985 2182 3010 ut
2197 2977 2330 3013 illorum
2340 2978 2454 3019 portio

1442 3035 1509 3057 non
1521 3024 1656 3066 exigua,
1680 3022 1975 3065 praeterillamquae
1987 3023 2021 3054 in
2033 3019 2200 3054 bronchiis
2211 3029 2299 3058 erat,
2323 3022 2357 3053 in
2380 3019 2456 3062 ipso

1442 3065 1571 3110 Asperae
1583 3067 1705 3101 arteriae
1716 3076 1832 3100 trunco
1843 3065 2037 3099 substitisset.
2054 3065 2128 3100 Qua
2141 3075 2181 3097 ex
2192 3075 2224 3096 re
2235 3075 2362 3107 quoque
2374 3063 2455 3112 cele-

1443 3111 1562 3143 riorem
1577 3109 1669 3144 fuisse
1683 3119 1821 3143 mortem
1834 3130 1844 3147 ‚
1867 3118 1932 3141 non
1944 3107 2160 3143 dubitavimus
2171 3129 2183 3146 ,
2205 3111 2239 3141 &
2260 3117 2344 3141 certe
2357 3107 2453 3140 facies

1442 3154 1489 3186 vel
1514 3154 1629 3196 primis
1658 3153 1767 3187 diebus
1789 3161 1917 3195 turgens
1940 3164 1955 3186 a
1986 3151 2064 3186 vasis
2093 3151 2242 3194 sanguine
2274 3150 2418 3184 distentis
2439 3171 2453 3189 ‚

1443 3194 1590 3230 suffocati
1616 3196 1758 3230 hominis
1781 3194 1965 3229 videbatur.

1486 3251 1536 3281 27.
1549 3240 1667 3274 Cordis
1678 3240 1806 3274 vulnera
1820 3250 1890 3282 quae
1902 3238 1939 3272 ad
1951 3237 2166 3272 ventriculum
2173 3236 2334 3272 sinistrum
2345 3242 2452 3278 perrea

1442 3283 1532 3316 niant
1545 3306 1553 3320 ‚
1564 3285 1664 3317 rarius
1679 3291 1853 3316 occurrunt
1865 3303 1876 3321 ‚
1897 3293 1995 3324 quam
2009 3293 2079 3325 quae
2092 3281 2131 3315 ad
2141 3283 2309 3316 dexterum
2323 3303 2330 3310 .
2357 3280 2406 3312 Ita
2417 3288 2450 3310 e*

1440 3328 1509 3361 nim
1518 3338 1576 3360 cor
1587 3326 1726 3368 positum
1736 3326 1791 3365 est,
1801 3335 1837 3359 ut
1848 3325 2032 3359 vulneribus
2042 3335 2181 3367 quorum
2195 3325 2340 3370 pleraque
2349 3333 2386 3355 ex
2398 3319 2452 3354 ad-

1439 3369 1529 3403 verso
1539 3369 1851 3412 infliguntur,multo
1864 3369 1969 3402 minor
1980 3379 2049 3412 pars
2059 3368 2257 3410 illius,quam
2268 3365 2455 3408 hujusffen-

1442 3412 1857 3455 triculi,obijciatur.Qod
1867 3411 1974 3446 eadem
1987 3410 2188 3453 providentia
2200 3410 2322 3444 factum
2333 3403 2453 3454 censeo,

1443 3468 1505 3497 qua
1515 3456 1672 3490 craffiores
1687 3455 1942 3498 sanguiferorum
1952 3454 2097 3489 vasorum
2108 3453 2407 3494 trunci‚ubicunque
2415 3447 2452 3482 id

1445 3500 1540 3533 licuit
1554 3522 1562 3536 ‚
1576 3509 1629 3533 aut
1642 3498 1832 3542 profundius
1842 3498 1937 3541 pofiti
1952 3498 2021 3532 sunt
2035 3507 2111 3537 ,aut
2122 3496 2160 3530 ad
2172 3498 2277 3530 minus
2290 3501 2451 3538 patentem.

1445 3541 1573 3586 injuriis
1586 3542 1688 3579 sedem
1698 3544 1837 3578 retracti.
1850 3543 1901 3576 Sic
1913 3541 2063 3575 Crurales
2074 3552 2188 3585 magna
2198 3552 2234 3573 ex
2247 3547 2395 3586 partePes
2407 3537 2454 3569 st*

2299 3590 2384 3613 mina
2397 3601 2411 3621 ,

406 3665 2451 3685 mmm-ww

421 3728 437 3757 ζ
451 3735 468 3754 ⁵·
483 3728 494 3759 l
510 3728 565 3754 Ast.
584 3729 616 3754 Ν.
633 3731 662 3756 c-
681 3732 756 3757 Tem.
774 3731 797 3756 8.
813 3731 873 3757 ΟΜ.
890 3737 928 3760 ²9-
989 3729 1033 3760 (y
1051 3728 1060 3760 )
1076 3728 1149 3760 Epist.
1165 3730 1241 3754 Anat.
1258 3734 1295 3759 13.
1312 3734 1341 3753 n.
1356 3735 1394 3753 ao.

1456 3727 1633 3759 (z2n.6a.
