2498 4075
403 122 507 161 200

342 202 440 234 aqua.
465 190 504 222 In
527 187 632 223 cordis
655 194 790 230 utroque
812 186 995 219 ventriculo
1025 194 1147 226 magnae
1170 182 1332 227 polyposae

342 234 584 272 concretiones;
607 229 657 263 sed
681 230 772 272 longe
797 229 897 272 major
919 229 953 261 in
964 226 1111 261 dextero.
1244 228 1332 261 Ven-

342 286 389 310 tre
410 290 475 319 quo
501 289 536 309 ue
559 274 708 310 dissecto,
733 275 817 305 intra
841 274 993 306 extimam
1014 270 1106 314 lienis
1119 280 1237 311 partem
1261 280 1334 302 cor·

342 332 401 363 pus
411 288 570 363 quoddam
582 319 747 350 inventum
760 316 801 349 est
810 315 926 349 osseum
936 338 947 353 ,
971 313 1069 355 figura
1078 314 1212 359 omnino
1232 312 1331 355 sphae-

341 366 426 397 rica.
559 363 723 394 Caeterum
755 361 787 391 in
812 358 906 402 hujus
930 358 1075 391 mulieris
1110 358 1186 389 valis
1210 354 1334 399 sanguis

339 418 415 450 pene
438 416 526 439 totus
549 413 713 438 concretus
737 402 821 436 fuit.
858 442 864 448 .
909 445 914 449 ῃ
1053 443 1059 449 ⁴

381 462 434 492 42.
459 447 536 482 Osse
559 449 592 480 in
616 448 695 480 liene
710 470 722 487 ,
746 448 777 478 &
801 454 916 485 majori
939 444 973 476 in
1004 443 1126 477 sinistro
1149 450 1259 475 contra
1290 451 1338 474 at-

339 504 399 535 que
423 492 559 525 inveniri
584 491 661 524 solet
683 513 696 529 ,
733 500 827 531 quam
851 489 883 520 in
907 486 1041 520 dextero
1065 487 1216 528 pulmone
1242 508 1254 524 ,
1287 486 1337 517 lo-

336 535 455 569 borum
478 545 609 569 numero
633 533 685 567 hic
708 531 822 564 omiffis
848 554 859 568 ,
891 539 1042 571 tanquam
1064 529 1127 562 alio
1151 528 1338 570 pertinenti-

337 579 420 619 bus5
445 576 503 611 nisi
529 578 612 612 forte
637 576 678 609 ob
703 573 997 607 inflammationem
1032 582 1094 605 tres
1120 571 1242 604 dexteri
1267 572 1338 612 pul-

338 624 443 655 monis
475 623 540 654 lobi
577 623 610 653 in
634 630 732 653 unum
768 614 913 650 coaluisse
945 615 1131 648 videbantur
1154 628 1162 650 ς
1184 615 1337 655 rpraeclare

339 666 497 702 intelligis
522 691 530 704 ,
546 660 633 699 'cum
657 663 713 695 illa
746 661 780 693 in
805 659 987 700 spliacelum
1010 660 1110 700 coepit
1134 657 1335 699 degenerare,

337 720 404 742 eam
427 704 551 741 doloris
575 705 783 740 remiffionem
806 702 965 740 secutam,
989 713 1057 743 quae
1081 700 1244 750 interdum
1265 702 1338 734 Me-

337 752 419 785 dicis
452 751 640 795 quibusdam
662 772 674 787 ,
705 756 815 782 caetera
849 756 912 778 non
944 743 1211 783 attendentibus,
1234 746 1338 786 turpi..

338 804 385 828 ter
416 795 571 836 imposuit
594 818 607 834 ,
637 801 674 825 ut
707 793 740 823 in
775 789 918 822 sectione
952 786 1010 820 hac
1043 785 1242 829 Sepulchreti
1273 790 1337 830 (q)

338 841 435 871 ctiam
468 837 555 872 vides
589 861 596 868 .
643 834 701 867 Sed
736 831 922 875 priusquam
956 830 993 863 ad
1031 829 1212 872 sphacelum
1247 829 1335 865 fibrae

337 882 552 925 quadantenus
587 880 768 912 laxarentur
791 898 801 914 ,
845 875 1065 907 inflammatus
1097 876 1124 906 is
1158 875 1214 916 qui
1247 875 1334 915 pleu-

336 938 376 958 rae
409 925 528 958 arffitis
562 921 734 958 adhaeserat
758 942 770 959 ,
802 919 916 961 pulmo
947 941 959 957 ,
991 917 1090 959 ipsam
1124 916 1203 950 adeo
1233 916 1336 950 divel-

335 970 418 1001 lebat
443 993 452 1008 ‚
483 979 520 1002 ut
579 975 685 1007 ropter
719 962 843 996 doloris
877 963 942 994 vim
975 971 1039 994 non
1081 959 1180 1002 posset
1221 961 1336 994 mulier

334 1012 367 1045 id
401 1012 483 1046 latus
515 979 661 1045 cubando
684 1017 846 1050 premere,
869 1003 959 1048 quod
983 1006 1112 1043 caeteri,
1135 1015 1209 1037 cum
1242 1003 1335 1037 dolo.

332 1058 376 1090 ris
399 1055 594 1089 vehementia
618 1062 680 1085 non
703 1059 791 1083 tanta
817 1049 858 1083 est
881 1072 891 1086 ‚
916 1058 1054 1090 premere
1079 1049 1264 1091 plerumque
1278 1047 1337 1096 ‘so-

332 1101 399 1133 lent
425 1095 699 1142 peripneumonici
719 1116 731 1134 ,
754 1094 840 1136 iique
864 1091 1039 1134 praesertim
1063 1092 1180 1134 quibus
1208 1100 1336 1140 ‘pariter

333 1144 369 1176 ad
396 1143 537 1184 pleuram
563 1151 699 1173 annexus
722 1136 765 1170 est
789 1137 900 1178 pulmo
925 1158 931 1165 .
968 1135 1059 1176 Qu
1083 1136 1179 1167 etiarn
1205 1134 1256 1166 illi
1279 1137 1335 1176 qui

330 1185 483 1227 vetustis,
509 1182 745 1224 recentibusque
769 1178 969 1221 temporibus
1001 1178 1131 1226 pleurae-
1150 1176 1335 1211 inflamma-

331 1232 454 1263 tionem
493 1229 554 1262 fine
580 1226 743 1270 pulmonis
767 1222 1023 1256 inflammatione
1058 1220 1218 1262 saepiffime
1250 1222 1334 1253 acci-

330 1274 404 1307 dere
429 1299 438 1313 ,
472 1284 537 1306 non
582 1268 773 1305 dubitabant
808 1292 818 1307 ,
859 1264 1038 1308 pleuriticis
1084 1263 1261 1297 decubitum
1301 1266 1334 1297 in

333 1319 418 1352 latus
440 1313 667 1357 inflammatum
684 1309 817 1353 sutilem
850 1307 905 1352 effe
926 1331 936 1348 ‚
972 1308 1148 1357 docuerunt
1164 1319 1183 1356 ,ς
1215 1308 1247 1340 in
1278 1307 1337 1350 sua

329 1363 411 1399 enim
445 1359 538 1402 ipsius
565 1358 637 1401 sede
684 1361 693 1394 (
718 1354 895 1403 pleuram)
927 1351 1070 1384 collocari
1103 1363 1113 1382 .-
1155 1361 1188 1399 fn
1219 1350 1336 1393 opposi-

329 1415 397 1443 tam
428 1415 501 1438 rei-o
531 1409 653 1444 partem
694 1396 872 1431 decubitum
905 1394 1038 1428 dolorem
1072 1402 1229 1427 concitare
1264 1408 1273 1431 ς
1308 1405 1335 1443 ,α

325 1451 456 1496 pondere
489 1447 569 1481 enim
601 1469 613 1485 ‚
655 1444 696 1477 (φ
729 1440 907 1483 phlegmone
938 1461 951 1479 ,
996 1438 1039 1486 Φ
1064 1436 1256 1479 suspensione
1301 1446 1333 1470 zn

329 1503 434 1527 omnes
470 1489 653 1524 mcmbranae
686 1484 875 1525 (pleurae)
917 1489 1079 1514 continuas
1120 1488 1226 1521 partes

328 1536 464 1569 dolorem
496 1531 672 1575 protendi.
707 1529 789 1568 Qae
827 1525 917 1558 verba
940 1548 951 1564 ‚
988 1527 1019 1556 &
1051 1524 1227 1566 explicatio
1259 1526 1331 1557 lunt

327 1580 449 1613 Aretaei
474 1582 483 1617 (
509 1588 523 1608 r
545 1580 559 1616 >
582 1601 590 1609 ,
625 1573 679 1606 Ad
702 1582 797 1615 quam
822 1569 887 1602 haec
914 1570 1010 1601 etiam
1033 1568 1094 1600 alia
1117 1567 1229 1600 addita
1264 1566 1330 1600 fuit

326 1623 503 1664 explicatio
527 1643 538 1660 ,
561 1617 650 1662 quod
673 1616 764 1649 sicuti
790 1621 912 1647 certum
944 1611 988 1645 est
1011 1636 1018 1651 ,
1048 1609 1261 1660 compressum
1295 1612 1330 1643 in

327 1665 477 1700 cubando
499 1665 582 1696 latus
606 1685 615 1699 ,
651 1659 755 1692 multo
779 1659 884 1690 minus
908 1657 993 1688 inter
1017 1654 1236 1701 respirandum
1264 1656 1332 1696 agi-

326 1711 413 1750 tari,
436 1719 532 1752 quam
556 1703 738 1747 oppositum
764 1723 773 1739 ‚
798 1702 917 1743 quippe
950 1699 1084 1731 liberum
1111 1709 1122 1736 5
1155 1697 1195 1729 {ic
1227 1699 1331 1731 minus

328 1754 443 1797 agitari
464 1778 473 1792 ,
497 1749 663 1785 extendive
689 1747 829 1788 pleuram
850 1769 857 1783 ,
890 1751 1019 1792 apparet
1039 1765 1052 1781 ,
1075 1752 1146 1784 quae
1170 1740 1332 1791 compres-

327 1799 387 1838 so,
413 1807 506 1840 quam
532 1805 601 1836 quse
627 1791 728 1824 libero
751 1787 1014 1821 adhaeretlateri.
1039 1786 1129 1821 Quas
1140 1785 1334 1835 explicatio-

326 1854 379 1875 nes
401 1849 556 1883 quatenus
580 1835 617 1869 ad
629 1835 771 1878 pleuram
795 1829 1086 1867 transferreliceat‚
1113 1826 1152 1860 ad
1174 1839 1270 1870 quam
1283 1839 1333 1860 in-

326 1885 515 1922 flammatus
541 1880 654 1923 pulmo
674 1887 812 1911 annexus
835 1873 873 1907 fit
889 1897 899 1914 ‚
921 1873 1025 1906 vides.
1051 1916 1058 1922 ι
1161 1870 1333 1921 Sedintci·.

326 1930 404 1963 dum
429 1937 533 1962 tamen
557 1924 606 1957 illi
630 1922 729 1955 iidem
753 1921 844 1952 aliter
870 1916 1008 1951 accidere
1030 1926 1114 1948 circa
1126 1913 1332 1953 decubitum,

327 1963 613 2009 animadverterunt
638 1978 653 2004 3·
683 1974 718 1998 ut
742 1972 827 2005 patet
852 1959 933 2003 apud
958 1959 1098 1994 Caelium
1121 1959 1330 1992 Aurelianum

326 2017 436 2061 (s),
460 2015 516 2049 ubi
543 2012 602 2044 alia
628 2009 755 2052 insuper
780 2006 973 2049 proponitur
995 2003 1193 2044 explicatio.
1221 2003 1331 2049 Qam

328 2072 434 2094 tamen
458 2059 479 2092 l}
504 2054 703 2091 considerem
728 2052 768 2084 iis
791 2050 957 2082 convenire
984 2071 995 2087 ,
1020 2046 1181 2088 intelliges
1203 2048 1256 2090 qui
1283 2047 1330 2078 fa-

327 2105 425 2137 cilius
450 2105 482 2135 in
508 2102 589 2133 latus
613 2095 763 2130 affeetum
785 2093 922 2133 cubant,
945 2102 1009 2126 non
1034 2089 1216 2140 quibusdam
1238 2089 1331 2130 illis,

327 2150 382 2192 qui
413 2146 509 2190 supra
537 2143 662 2185 patiens
694 2139 780 2174 latus
810 2138 914 2181 jacere
947 2133 1178 2179 prohrbcrzlum
1212 2142 1247 2166 ut
1269 2134 1329 2184 ‘vel

329 2193 406 2226 hinc
432 2196 602 2232 appareat,
627 2185 685 2218 hes
712 2184 810 2216 rarius
832 2206 842 2221 ,
867 2181 989 2224 primos
1014 2186 1118 2212 autern
1141 2176 1330 2210 creberrime

328 2245 505 2271 occurrere.
533 2231 648 2272 Neque
672 2229 757 2261 enim
781 2224 901 2258 obstare
923 2224 1037 2272 debent
1060 2233 1131 2265 quae
1155 2228 1245 2254 antea
1268 2223 1330 2260 (t)

329 2279 410 2314 antid
436 2277 577 2310 Caelium
603 2274 752 2314 leguntur
774 2281 780 2302 ε
812 2268 957 2312 sequitur
979 2275 1074 2300 ettam
1107 2275 1201 2307 aegros
1228 2265 1329 2307 supra

329 2309 364 2359 its
384 2324 469 2357 latur
494 2317 612 2359 jacendi
634 2314 799 2359 d‘fficulras
821 2336 833 2353 ,
870 2319 961 2353 atque
984 2321 1054 2343 cum
1079 2307 1113 2351 se
1130 2307 1227 2356 [upra
1260 2318 1331 2341 con-

330 2368 465 2402 trarium
489 2359 574 2396 latus
595 2358 750 2392 verterint
772 2379 780 2394 ,
816 2355 901 2388 dolor
927 2380 934 2387 .
972 2354 1060 2385 Nam
1091 2354 1147 2384 etli
1182 2352 1214 2384 ld
1246 2351 1332 2384 latus

330 2421 454 2446 nequeo
487 2417 559 2439 cum
585 2403 655 2436 aliis
687 2400 866 2440 intelligere
898 2394 985 2438 quod
1015 2395 1124 2428 sanum
1157 2392 1229 2432 est,
1263 2403 1333 2427 tum

329 2445 403 2499 quia
427 2450 547 2485 Caelius
572 2447 679 2480 sanum
712 2445 794 2476 latus
819 2451 884 2474 non
916 2441 1142 2487 memoraverat
1166 2459 1178 2475 ,
1212 2435 1262 2470 sed
1294 2448 1335 2468 ειε-

330 2510 421 2538 grum
491 2504 562 2526 tum
599 2490 696 2522 etiarn
718 2487 791 2530 quia
825 2484 866 2518 fic
891 2491 1083 2516 contrarium
1105 2504 1118 2521 ,
1148 2479 1235 2522 quod
1258 2490 1335 2513 con-

330 2538 424 2577 tinuo
446 2520 603 2571 iiiemorat
626 2556 637 2572 ,
671 2531 757 2564 lacus
782 2555 790 2570 ‚
824 2538 943 2570 aegrum
965 2524 1111 2575 deberem
1135 2531 1248 2557 contra
1273 2523 1336 2556 fre-

365 2583 563 2620 icntiffimam
598 2575 849 2609 observationem
892 2569 1108 2611 intelligere3
1142 2576 1246 2598 tamen
1281 2577 1335 2601 aut

330 2600 364 2664 {ii
400 2622 638 2662 mendoliffimis
673 2618 821 2659 alioquin
854 2613 1022 2661 codicibus
1047 2612 1093 2643 ibi
1130 2611 1247 2643 vitium
1283 2610 1334 2642 su-

331 2675 437 2709 spicor
461 2694 472 2708 ,
507 2675 542 2700 ut
577 2674 651 2706 puta
687 2660 708 2694 1}
743 2660 857 2693 ultima
886 2657 1009 2700 jacendt
1043 2654 1160 2696 syllaba
1184 2677 1198 2693 ,
1236 2654 1277 2686 ab
1300 2665 1337 2686 o-

335 2713 524 2750 scitantibus
558 2706 701 2741 librariis
737 2705 868 2745 repetita
903 2724 925 2749 ‚¹
958 2710 1016 2741 pro
1041 2697 1192 2741 facilitas
1225 2719 1236 2735 ,
1280 2707 1334 2729 aut

324 2760 469 2805 ffcqltas
503 2764 573 2787 orta
609 2748 681 2784 esset
716 2759 779 2779 vox
811 2744 1009 2789 difficultas:
1055 2751 1109 2775 aut
1142 2740 1182 2789 fi·
1205 2738 1335 2790 difficit(-

332 2787 582 2838 &sumendum
615 2792 692 2831 est;
724 2791 764 2823 lic
799 2788 925 2830 accipio
948 2811 957 2826 ,
990 2795 1026 2819 ut
1061 2783 1240 2834 molestiam
1263 2795 1334 2825 qui-

332 2848 403 2881 dem
437 2832 464 2878 :1³
483 2838 635 2875 decubitu
678 2834 725 2866 vel
763 2835 796 2866 in
838 2842 958 2874 aegrum
992 2830 1074 2862 latus
1118 2828 1297 2868 intelligam
1320 2852 1333 2868 ,

333 2891 423 2924 nullo
456 2894 560 2918 tamen
593 2878 692 2912 modo
724 2888 797 2910 cum
830 2887 868 2908 eo
903 2873 1015 2907 dolore
1055 2870 1302 2920 comparandam
1324 2895 1336 2911 ,

357 2944 427 2968 uem
450 2929 528 2963 facit
552 2922 721 2959 decubitus
745 2921 776 2952 in
799 2918 995 2951 contrarium
1022 2917 1125 2949 latus.
1152 2916 1203 2947 Sic
1238 2924 1337 2963 etiam

333 2947 366 3010 ,qn
412 2969 573 3018 proposita
614 2966 745 2998 muliere
792 2962 974 2995 Valsalvam
1018 2958 1149 3006 quidem
1189 2957 1338 3004 indicasse

333 3017 560 3062 impotentiam
592 3010 687 3043 video
719 3004 854 3039 cubandi
889 3007 923 3036 in
955 3006 1036 3037 latus
1069 3003 1217 3050 aste&urn
1242 3014 1267 3047 3-
1288 3001 1337 3049 led

335 3075 398 3097 non
424 3068 591 3103 propterea
618 3049 825 3087 crediderim,
848 3059 911 3080 non
938 3048 1042 3093 multo
1065 3056 1216 3086 majorem
1248 3046 1338 3078 fuisle

336 3107 534 3142 cruciatum.
559 3099 579 3132 si
607 3095 721 3129 mulier
746 3093 779 3124 in
804 3092 1007 3125 fanumlatus
1030 3100 1131 3132 jacere
1144 3097 1339 3138 conaretur3

336 3161 435 3184 neoue
459 3136 544 3180 enirn
569 3143 603 3175 id
627 3147 743 3181 negat:
770 3146 824 3169 aut
847 3136 870 3181 li
894 3146 957 3168 non
982 3133 1044 3167 fuit
1075 3147 1085 3172 ς
1119 3131 1281 3181 reduce-d
1306 3131 1340 3164 id

335 3176 437 3228 'conos
459 3191 543 3233 quod
569 3186 660 3228 supra
684 3186 737 3224 (u
758 3183 773 3219 )
796 3179 889 3213 fallus
914 3179 981 3211 sum
1003 3179 1112 3214 ultro,
1135 3175 1277 3224 difficilis
1289 3175 1342 3223 de-

338 3219 463 3271 cubitus
487 3231 590 3265 causas
614 3238 678 3260 non
704 3224 823 3265 semper
847 3224 879 3255 in
906 3222 1076 3267 propatulo
1098 3221 1153 3253 esle
1175 3232 1190 3269 3-
1222 3228 1257 3252 ut
1283 3220 1304 3251 li
1329 3243 1341 3260 ‚

339 3279 478 3321 exempli
502 3274 613 3313 causa,
638 3280 702 3303 non
730 3265 827 3300 modo
853 3267 980 3308 pleura,
1006 3264 1056 3297 scd
1082 3262 1340 3313 &pheriosteum,

339 3325 438 3358 colias
461 3320 600 3354 undique
623 3313 827 3353 succingens,
851 3310 895 3341 ob
918 3308 1118 3342 arctiffimum
1140 3317 1173 3355 in
1198 3306 1256 3338 hac
1268 3317 1339 3338 mu·

342 3370 414 3400 litte
438 3355 598 3408 pulmonis
624 3367 762 3394 nexum,
786 3358 817 3386 δε
840 3354 1002 3396 pulmonis
1029 3375 1037 3389 ‚
1059 3348 1339 3399 ,tum—inflamma-

342 3413 450 3444 tione,
475 3418 546 3442 tum
569 3400 704 3436 absccil'u
727 3396 854 3431 distenti
887 3420 896 3435 ‚
920 3399 965 3429 ita
990 3394 1095 3429 fuisset
1118 3391 1314 3442 distrac'tum
1330 3417 1339 3432 ,

344 3465 377 3488 ut
410 3445 508 3494 premi
531 3445 746 3482 incumbentis
779 3442 923 3484 corporis
947 3438 1080 3482 pondere
1115 3439 1177 3471 line
1218 3447 1340 3468 eximio

931 105 1087 160 Liber
1121 105 1183 159 n,
1216 106 1301 158 De
1335 103 1543 159 Morbis
1575 103 1829 157 Thoracis

1383 182 1494 216 dolore
1526 190 1591 214 non
1622 180 1792 223 potuisset.
1924 182 2112 224 Utcumque
2153 181 2187 215 id
2218 182 2261 217 est
2279 206 2293 224 ,
2326 179 2385 215 etfi

1384 224 1593 258 Albertinum
1615 226 1748 258 memini
1772 225 1873 258 dicere
1900 249 1910 264 ,
1949 225 1983 258 in
2006 226 2265 267 peripneumonia
2286 224 2388 259 decu-

1384 269 1490 301 bitum
1514 266 1613 300 modo
1635 268 1670 300 in
1695 266 1842 302 affectum
1862 293 1870 306 ‚
1903 266 2002 300 modo
2026 268 2060 300 in
2083 267 2267 310 oppositum
2299 269 2383 302 latus

1385 310 1442 344 effe
1466 310 1644 343 faciliorem
1664 322 1677 351 ·‚·
1710 322 1814 344 tamen
1837 314 1869 344 δι
1893 310 2075 343 Valsalvam
2109 313 2241 344 memini
2264 333 2275 349 ,
2306 322 2381 346 cum

1386 353 1421 387 id
1456 352 1607 386 fateretur
1630 379 1641 394 ,
1680 352 1721 386 fic
1753 352 1951 394 distinxisse,
1973 353 2115 387 utillud
2148 355 2181 387 in
2215 355 2384 397 plurimis,

1387 396 1451 430 hoc
1485 407 1558 429 vero
1588 397 1623 429 in
1656 397 1820 430 nonnullis
1853 396 2021 429 dumtaxat
2043 421 2053 436 ,
2088 396 2149 430 fibi
2187 398 2384 431 animadver-

1388 441 1456 474 sum
1487 437 1664 473 asseveraret
1689 464 1699 480 ,
1731 439 1765 473 id
1798 438 1884 483 quod
1915 439 2162 474 Observationes
2198 452 2275 484 quas
2307 441 2387 474 scri-

1388 492 1459 526 ptas
1503 484 1636 526 reliquit
1670 504 1682 521 ‚
1738 483 1823 516 inter
1866 482 1895 516 se
1926 483 2049 517 collatae
2079 506 2094 523 ,
2147 484 2223 517 satis
2265 484 2387 518 confir-

1389 536 1496 560 mant.

1431 581 1483 613 43.
1508 569 1669 603 VIRGO
1699 580 1798 602 annos
1820 577 1892 601 nata
1924 570 2043 612 viginti
2075 568 2155 604 duos
2178 569 2245 604 fixo
2278 569 2386 604 dextri

1388 616 1494 648 lateris
1518 622 1674 655 pungente
1706 611 1818 645 dolore
1849 623 1923 645 cum
1955 613 2024 647 tulii
2046 636 2060 654 ,
2092 612 2189 655 sputo
2212 635 2222 651 ‚
2257 614 2386 647 difficili

1388 658 1595 699 respiratione
1620 679 1628 694 ‚
1660 659 1692 689 δε
1725 655 1811 688 febre
1831 656 2027 697 corripitur.
2054 658 2092 689 In
2115 657 2234 691 nullam
2259 668 2384 699 partein

1387 701 1499 735 cubare
1518 722 1530 740 ,
1563 697 1620 731 nisi
1643 700 1676 731 in
1701 699 1866 732 dexterum
1890 698 1971 732 latus
1995 697 2097 741 potest
2117 723 2125 730 .
2159 700 2386 742 Progrediente

1390 743 1526 782 morbo,
1551 741 1679 784 sputum
1701 742 1853 784 sanguine
1876 742 2015 784 tingitur
2036 764 2046 780 ,
2077 743 2134 785 qui
2159 754 2225 776 uno
2246 744 2301 776 die
2323 756 2386 778 non

1390 798 1507 831 paucus
1532 784 1640 829 prodit
1665 809 1673 816 .
1706 786 1845 828 Aliquot
1869 793 1940 818 ante
1962 794 2099 819 mortem
2131 785 2198 820 dies
2220 785 2387 822 doloribus

1388 831 1426 865 ad
1450 831 1507 864 ilia
1530 837 1661 862 vexatur
1675 853 1683 861 .
1708 829 1810 862 Nono
1833 836 1937 861 autem
1958 852 1971 869 ,
1991 828 2183 863 convulfivis
2207 831 2387 864 accedenti-

1384 876 1442 908 bus
1466 872 1607 907 motibus
1629 893 1639 910 ‚
1673 874 1706 904 in
1730 870 1887 906 sinistrum
1908 871 2097 906 decumbens
2116 873 2199 907 latus
2223 896 2231 908 ‚
2264 876 2387 909 evvivis

1386 917 1531 951 excedit.
1669 916 1723 949 IN
1746 916 1958 948 VENTRIS
1969 926 2048 948 cavo
2071 915 2170 949 serum
2187 916 2387 951 animadver-

1387 961 1456 996 sum
1478 960 1520 994 est
1541 985 1549 998 ,
1574 960 1636 993 lien
1661 958 1854 1001 praegrandis
1874 981 1887 999 ,
1920 960 1952 991 &
1976 959 2141 993 Tenuium
2164 960 2387 995 intestinorum

1388 1016 1460 1047 pars
1483 1002 1585 1046 major
1607 1003 1828 1037 inflammata.
1964 1001 2114 1035 Thorace
2136 1002 2293 1045 dissec‘to,
2316 1006 2387 1047 pul-

1389 1060 1444 1081 mo
1488 1046 1596 1080 dexter
1641 1048 1753 1090 pleurae
1800 1046 1885 1079 arete
1929 1044 2090 1079 adhaerens
2131 1047 2279 1080 inventus
2310 1048 2352 1081 est
2373 1071 2388 1089 ,

1389 1100 1521 1133 totaque
1543 1088 1609 1132 ejus
1633 1089 1803 1124 substantia
1827 1088 2090 1122 inflammatione
2113 1100 2225 1132 magna
2252 1089 2389 1132 affeeta,

1390 1138 1421 1168 &
1444 1135 1546 1168 ulcere
1569 1132 1695 1176 insuper
1716 1144 1777 1175 qua
1812 1132 1951 1175 pleurzim
1976 1132 2137 1174 spectabat
2168 1143 2259 1166 certo
2281 1135 2315 1167 in
2339 1136 2390 1168 lo-

1385 1190 1446 1218 co,
1471 1179 1554 1210 inter
1576 1177 1662 1219 quod
1686 1177 1775 1209 ulcus
1794 1196 1804 1212 ‚
1842 1178 1875 1208 δε
1899 1176 2039 1217 pleuram
2071 1175 2172 1209 serosa
2197 1187 2262 1210 erat
2285 1189 2389 1212 mate-

1386 1222 1450 1254 ria.
1478 1220 1593 1255 Pulmo
1617 1228 1722 1252 autern
1744 1217 1887 1258 sinister,
1910 1229 2120 1262 praeterquam
2144 1220 2181 1253 ad
2203 1229 2309 1254 atrum
2321 1232 2391 1254 ver-

1387 1265 1480 1307 gebat
1502 1263 1644 1297 colorem
1666 1288 1674 1302 ‚
1707 1263 1808 1305 nigris
1831 1273 1959 1304 quoque
1992 1261 2046 1295 hic
2070 1263 2140 1295 illic
2174 1265 2307 1297 maculis
2338 1264 2389 1298 di-

1387 1307 1621 1350 stinguebatur.
1648 1309 1686 1339 In
1709 1304 1832 1340 sinistro
1855 1306 1972 1346 pariter
1995 1305 2138 1339 thoracis
2160 1318 2239 1340 cavo
2262 1309 2389 1351 aliquot

1386 1360 1474 1385 erant
1499 1350 1558 1386 seri
1581 1351 1700 1383 unciae.
1727 1352 1766 1383 In
1788 1348 1883 1382 corde
1904 1352 2122 1383 concretiones
2156 1349 2226 1383 duae
2250 1351 2391 1394 polypo-

1386 1395 1445 1431 sae:
1470 1405 1604 1438 quarum
1627 1395 1733 1426 minor
1756 1394 1790 1425 in
1813 1391 1937 1426 finistro
1960 1391 2075 1425 latebat
2090 1394 2293 1433 ventriculo3
2319 1406 2392 1427 ma-

1383 1438 1435 1481 jor
1458 1447 1561 1471 totam
1582 1436 1734 1474 auriculae
1756 1435 1892 1470 dexterae
1913 1459 1925 1476 ‚
1957 1436 2099 1470 multum
2122 1436 2265 1471 dilatatae
2292 1461 2305 1478 ,
2336 1449 2391 1472 ca.

1384 1492 1474 1515 veam
1497 1480 1671 1524 implebat.

1424 1537 1476 1568 44.
1503 1527 1540 1558 In
1573 1524 1688 1567 quibus
1712 1523 1836 1566 sanguis
1868 1524 1910 1558 est
1941 1522 1981 1557 ad
2012 1522 2171 1559 faciendas
2205 1524 2392 1560 inflamma-

1384 1569 1487 1601 tiones
1520 1568 1652 1601 idoneus
1675 1591 1687 1607 ,
1720 1566 1806 1601 haud
1840 1579 1912 1601 raro
1934 1566 2058 1601 accidit
2080 1591 2093 1607 ,
2123 1578 2159 1602 ut
2183 1569 2286 1610 plures
2314 1572 2391 1603 Par-

1385 1622 1431 1645 tes
1463 1620 1516 1645 aut
1548 1610 1639 1644 simul
1663 1633 1675 1650 ,
1708 1619 1762 1644 aut
1793 1621 1855 1644 una
1889 1610 1958 1653 post
1988 1612 2084 1644 aliam
2117 1610 2388 1652 inflammentur,

1385 1654 1527 1688 thoracis
1559 1653 1735 1697 praesertirn
1761 1678 1772 1692 ‚
1809 1658 1841 1687 ὰ
1873 1655 1989 1688 ventris
2014 1678 2021 1684 .
2058 1653 2160 1697 Cujus
2197 1657 2241 1688 rei
2275 1656 2411 1698 praeter'

1385 1700 1534 1740 Virginis
1570 1696 1666 1739 liujus
1703 1697 1883 1740 exemplum
1917 1698 1966 1730 vel
2001 1699 2035 1730 in
2069 1696 2121 1731 his
2154 1699 2290 1732 Litteris
2327 1701 2392 1733 alia

1383 1740 1535 1775 videntur
1567 1740 1761 1774 subindicari
1795 1751 1805 1778 3
1847 1751 1920 1773 nam
1954 1742 1988 1772 in
2022 1742 2107 1773 Viro
2139 1740 2177 1774 de
2215 1755 2282 1785 quo
2315 1754 2393 1785 pau-

1384 1786 1418 1818 lo
1442 1795 1513 1818 ante
1545 1784 1635 1826 (x)
1669 1783 1792 1817 dffitum
1823 1783 1900 1824 est,
1933 1783 2027 1816 lienis
2058 1784 2148 1817 color
2187 1785 2226 1819 acl
2258 1786 2392 1820 rubrum

1385 1829 1560 1864 inclinabat
1584 1826 1640 1860 sub
1663 1826 1871 1860 inflammato
1893 1828 2065 1869 pulmone:
2088 1828 2121 1861 in
2139 1827 2262 1872 Juvene
2285 1839 2393 1863 autem

1386 1875 1478 1914 (y)
1514 1870 1698 1914 priusquam
1740 1870 1854 1918 pulmo
1888 1868 2151 1916 inflammaretur
2185 1896 2198 1913 ,
2230 1872 2326 1906 dolor
2357 1875 2393 1906 in

1386 1915 1494 1947 ventre
1529 1913 1607 1958 quid
1642 1914 1736 1947 alicui
1771 1912 1868 1956 hujus
1899 1914 2012 1947 visceri
2044 1915 2121 1947 mali
2170 1916 2354 1950 immineret
2379 1939 2405 1956 ,s

1385 1957 1616 2001 fignificaverat
1639 1981 1647 1989 .
1780 1958 1943 1991 Caeterum
1978 1956 2053 1991 huic
2089 1959 2223 2000 Virgini
2249 1971 2392 2002 pungens
2417 1984 2422 1989 .

1382 2001 1477 2035 dolor
1498 2001 1612 2034 mitior
1634 2000 1761 2045 videtur
1785 1998 1876 2033 fuisse
1898 2023 1907 2037 ,
1941 2012 2038 2043 quam
2060 2001 2193 2035 Mulieri
2219 2003 2309 2044 cujus
2334 2014 2395 2036 no-

1383 2044 1500 2077 viffime
1523 2049 1536 2083 (
1560 2056 1584 2088 z
1605 2047 1620 2083 )
1642 2044 1771 2086 exposui
1795 2042 1962 2091 historiam
1983 2068 1991 2076 .
2025 2045 2132 2087 Virgo
2155 2047 2241 2079 enim
2259 2070 2272 2087 ,
2305 2047 2396 2089 quod

1382 2088 1505 2121 Mulier
1539 2097 1603 2119 non
1639 2094 1766 2129 poterat
1789 2109 1802 2126 ‚
1846 2087 1880 2118 in
1913 2087 2063 2121 aflectum
2094 2088 2230 2123 cubabat
2274 2089 2358 2123 latus
2378 2101 2394 2131 ‚-

1383 2142 1566 2174 quanquam
1600 2131 1633 2162 δε
1666 2131 1701 2163 in
1734 2129 1871 2162 alterum
1907 2129 2033 2163 tandem
2068 2128 2176 2171 jacuit
2221 2132 2392 2176 postquam

1381 2174 1483 2208 setosa
1514 2173 1629 2209 ulceris
1662 2173 1794 2206 materia
1827 2172 1946 2206 laxavit
1977 2174 2097 2215 pleurae
2121 2175 2213 2210 fibras
2236 2198 2245 2213 ‚
2281 2185 2318 2209 ut
2341 2176 2393 2210 di-

1381 2217 1582 2252 straffionem
1629 2216 1758 2250 facilius
1801 2214 1897 2249 ferret
1944 2215 1984 2248 ab
2028 2218 2165 2260 appenso
2208 2219 2358 2262 pulmone
2380 2244 2392 2252 .

1512 2262 1566 2295 Ab
1588 2260 1682 2302 hujus
1707 2261 1833 2301 igitur,
1857 2262 1890 2292 δε
1914 2260 2030 2306 pleurae
2055 2272 2139 2295 nexu
2161 2262 2286 2296 causam
2310 2274 2395 2306 pun-

1381 2305 1487 2350 gentis
1509 2305 1630 2339 doloris
1654 2314 1687 2337 ea
1710 2304 1833 2336 ratione
1857 2306 2028 2346 quaelupra
2051 2307 2064 2344 (
2086 2316 2105 2338 a
2126 2310 2140 2345 )
2163 2306 2303 2339 indicata
2326 2306 2395 2347 est,

1383 2359 1523 2391 repetere
1556 2348 1651 2380 licuit
1684 2347 1718 2379 in
1753 2346 1803 2379 his
1834 2345 1964 2387 quidem
2011 2348 2116 2381 tribus
2149 2350 2396 2384 Observationi-

1384 2394 1443 2426 bus
1468 2418 1476 2425 .
1520 2394 1557 2425 In
1581 2390 1718 2423 totidem
1750 2400 1826 2423 vero
1848 2400 1917 2430 quae
1950 2387 2145 2432 sequuntur,
2169 2391 2312 2427 indidem
2344 2405 2395 2428 re-

1386 2445 1492 2513 petere
1524 2459 1537 2475 ‚
1590 2433 1650 2467 nili
1695 2432 1780 2468 forte
1832 2442 1889 2477 per
1933 2431 2151 2476 conjecturam
2203 2446 2269 2469 non
2314 2437 2395 2470 lice-

1410 2488 1456 2512 it.

1429 2533 1482 2567 45.
1509 2522 1672 2556 VIRUM
1694 2521 2006 2565 quinquagenarium
2031 2521 2181 2563 postridie
2205 2524 2279 2556 Kal.
2305 2525 2395 2557 Mar.

1387 2567 1429 2600 tii
1465 2565 1663 2608 prehendunt
1696 2573 1788 2599 acuta
1823 2563 1923 2598 febris
1947 2588 1960 2605 ,
1993 2565 2156 2601 loboriosa
2189 2565 2360 2609 respiratio
2382 2592 2393 2607 ,

1386 2610 1482 2643 dolor
1519 2622 1532 2641 a
1567 2609 1670 2642 sterno
1705 2608 1801 2652 usque
1834 2607 1872 2640 ad
1907 2608 2030 2641 medios
2065 2608 2164 2643 ferme
2211 2609 2394 2645 abdominis

1389 2652 1569 2693 musculos,
1596 2652 1679 2687 tussis
1705 2650 1890 2694 permolesta
1914 2675 1923 2690 ‚
1959 2653 2079 2694 quippe
2113 2664 2265 2695 magnum
2299 2654 2395 2688 dolo-

1388 2710 1454 2730 rem
1490 2696 1606 2730 faciens
1641 2696 1679 2728 acl
1718 2696 1894 2728 mamillam
1927 2694 2082 2729 sinistram
2106 2718 2115 2733 ,
2147 2699 2179 2729 δε
2202 2695 2301 2731 costas
2336 2709 2396 2731 no-

1388 2740 1459 2774 thas
1494 2766 1501 2773 .
1546 2742 1583 2772 In
1625 2748 1773 2772 neutrum
1815 2738 1915 2781 potest
1948 2739 2028 2772 latus
2077 2739 2298 2774 decumbere:
2332 2753 2398 2775 non

1385 2784 1510 2825 exspuit
1544 2796 1550 2816 .-
1597 2783 1737 2825 ᾳυίηᾶο
1769 2783 1874 2814 morbi
1918 2780 1969 2815 die
2012 2784 2183 2816 moritur.
2320 2787 2335 2818 Ι
2359 2786 2398 2819 N

1385 2828 1463 2861 ST
1489 2828 1516 2859 E
1543 2828 1572 2861 R
1596 2827 1632 2858 N
1657 2827 1672 2858 I
1717 2825 1894 2859 exseetione
1939 2837 2075 2868 paucum
2119 2826 2221 2859 serum
2272 2824 2397 2862 fuscurr‘i

1392 2883 1407 2903 e
1441 2869 1565 2903 sinistro
1609 2868 1756 2902 thoracis
1799 2880 1875 2902 cavo
1915 2871 2104 2902 emanavit.
2156 2871 2224 2910 Qi
2265 2872 2300 2904 in
2341 2883 2399 2905 eo-

1391 2912 1463 2947 dem
1496 2925 1572 2946 cavo
1604 2923 1668 2945 erat
1705 2913 1817 2954 pulmo
1849 2911 1937 2945 valde
1970 2914 2155 2947 induruerat
2184 2939 2192 2952 ,
2224 2913 2263 2947 ad
2288 2914 2398 2948 subvi-

1391 2958 1492 2989 ridem
1536 2956 1678 2989 colorem
1714 2966 1842 2997 vergens
1865 2978 1874 2993 ,
1921 2956 2082 3000 nigrisque
2127 2957 2293 2991 distinetus
2330 2970 2398 2992 ma-

1390 3001 1471 3034 culis
1496 3014 1505 3032 .·
1535 3011 1609 3033 cuin
1634 2999 1789 3032 secaretur
1814 3023 1826 3039 ,
1860 2999 1959 3032 sei-osa
1983 3024 1993 3039 ,
2030 3012 2063 3033 ac
2088 3000 2216 3042 putrida
2238 3001 2396 3035 colluvies

1391 3056 1465 3077 cum
1489 3043 1581 3077 misto
1605 3043 1752 3085 sanguine
1775 3042 1955 3085 erumpebat
1979 3069 1986 3076 .
2020 3046 2057 3077 In
2080 3044 2188 3078 cordis
2211 3046 2398 3080 ventriculis

1393 3086 1556 3131 polyposae
1581 3087 1822 3119 concretiones.

1437 3134 1489 3173 46.
1524 3131 1599 3163 Hoc
1633 3131 1666 3161 in
1699 3128 1772 3161 casu
1805 3129 1906 3171 liquet
1939 3132 2051 3174 utique
2072 3155 2082 3170 ‚
2118 3132 2153 3164 in
2190 3141 2284 3173 quem
2331 3134 2399 3167 exi-

1397 3173 1518 3207 tiosum
1550 3173 1699 3206 morbum
1730 3172 1890 3214 pulmonis
1922 3174 2138 3208 inflammatio
2168 3173 2398 3216 degenerasset.

1397 3219 1520 3251 Verum
1559 3228 1621 3250 non
1654 3216 1763 3262 “liquet
1787 3238 1795 3252 ‚
1831 3227 1885 3248 cur
1918 3217 2084 3252 decubitus
2119 3226 2265 3251 neutrum
2299 3221 2332 3252 in
2353 3221 2399 3253 la-

1396 3271 1447 3295 tus
1480 3260 1553 3293 ferri
1591 3260 1689 3302 pollet
1714 3284 1723 3298 ,
1755 3270 1857 3300 neque
1880 3272 1937 3293 cur
1969 3262 2064 3295 dolor
2087 3274 2102 3294 a
2143 3261 2245 3294 sterno
2268 3263 2307 3297 ad
2332 3275 2401 3296 me-

1395 3305 1466 3337 dios
1511 3303 1607 3337 ferme
1651 3302 1834 3335 abdominis
1879 3304 2036 3338 musculos
2079 3306 2252 3347 pertineret
2287 3320 2298 3346 3
2339 3306 2399 3340 nifi

1394 3347 1478 3381 forte
1514 3345 1734 3389 permolestam
1772 3368 1781 3383 ‚
1821 3348 2007 3390 irritamque
2042 3347 2144 3381 tuffim
2183 3348 2304 3383 accuses
2339 3373 2348 3387 ‚
2382 3363 2400 3384 a

1393 3403 1454 3434 qua
1479 3400 1609 3432 magnus
1635 3399 1717 3421 certe
1742 3389 1797 3422 ille
1819 3388 1913 3423 dolor
1937 3392 1977 3424 ad
2000 3392 2174 3425 mamillam
2209 3390 2363 3427 sinistram
2386 3418 2399 3434 ,

1394 3438 1424 3467 ἃ
1447 3433 1545 3467 costas
1568 3434 1688 3476 spurias
1713 3431 1779 3465 fieri
1803 3434 1988 3469 credebatur
2012 3459 2019 3467 .
2054 3434 2124 3474 Qi
2148 3457 2162 3474 ,
2194 3433 2218 3467 fi
2242 3446 2277 3470 ut
2311 3437 2400 3471 vide-

2282 3488 2358 3521 tur,

344 3583 2403 3612 W

804 3677 838 3701 rb.
856 3677 927 3700 Acut.
945 3675 960 3698 1.
980 3681 997 3696 1.
1017 3680 1037 3698 c.
1057 3679 1091 3696 io.

787 3685 810 3737 g·
872 3707 1034 3735 (1)ss·36-
1097 3701 1314 3732 (z)n-41.42.

1153 3671 1167 3700 (
1180 3670 1221 3700 s)
1239 3670 1309 3692 Acut.
1328 3667 1486 3729 Mozblzljai¹
1509 3669 1583 3727 ‹23-816.
1602 3673 1625 3690 n.
1643 3667 1679 3693 98.
1696 3665 1756 3690 edit.
1774 3666 1894 3692 Almelov.

1958 3666 1972 3695 (
1989 3671 1999 3689 t
2017 3667 2026 3697 )
2042 3668 2060 3690 1.
2075 3664 2127 3690 eod.
2146 3674 2168 3690 c⁴
2190 3674 2223 3695 14.
2241 3675 2264 3691 n.
2284 3676 2321 3698 gai.
